4032 6468
473 449 580 505 975

475 573 556 617 cet
611 561 867 616 Dominus
901 559 1056 613 .lesus
1098 555 1341 610 Christus
1379 572 1390 606 :
1437 551 1618 606 Tristis
1648 559 1716 603 est
1757 547 1924 600 anima
1951 559 2059 594 mea

428 683 437 722 -_
476 669 632 720 usque
655 652 722 704 ad
747 661 956 705 mortem
984 665 1002 703 :
1028 658 1101 713 ct,
1138 645 1312 710 Pater,
1348 645 1392 698 si
1419 643 1531 713 ﬁeri
1568 649 1747 712 potest,
1787 647 2000 691 transeat
2028 650 2061 686 a

433 727 436 730 ί
475 761 554 798 me
579 744 715 797 calix
750 743 860 798 iste.
912 741 1052 795 Ecce
1101 738 1336 796 ostendit
1383 736 1667 790 humanam
1711 729 2055 783 voluntatem.

474 840 580 894 Sed
608 839 727 892 vide
755 846 956 892 rectum
990 850 1083 890 cor
1122 852 1135 888 :
1185 831 1372 885 Verum
1401 846 1500 883 non
1525 827 1658 890 quod
1682 840 1772 894 ego
1797 822 1907 875 volo
1929 861 1942 882 ,
1975 817 2061 873 scd

475 931 610 996 quod
641 941 694 982 tu
719 928 810 990 vis,
835 925 987 980 Pater
1011 923 1220 994 (Matth.
1252 917 1508 984 xxv1,'58,
1537 915 1653 985 59).
1671 913 1783 976 Hoc
1805 925 1932 979 ergo,
1959 910 2058 971 lac,

477 1023 713 1092 gaudens
739 1023 791 1075 in
819 1020 902 1073 bis
932 1033 1050 1088 qua:
1088 1016 1179 1070 tibi
1210 1012 1455 1068 accidunt
1492 1027 1506 1064 :
1549 1016 1603 1062 et
1639 1006 1682 1061 si
1719 1003 1921 1060 venerit
1948 999 2063 1055 dies

479 1114 567 1167 ille
600 1112 834 1173 ultimus,
857 1108 1048 1180 gaude.
1070 1109 1176 1161 Aut
1195 1105 1236 1159 si
1267 1100 1501 1171 subrepit
1525 1099 1767 1153 humana:
1790 1092 2061 1164 cujusdam

481 1204 768 1259 voluntatis
796 1201 1075 1272 fragilitas,
1097 1197 1203 1252 cito
1235 1195 1491 1265 dirigatur
1515 1192 1566 1246 in
1600 1191 1762 1245 Deum
1787 1204 1802 1253 ;
1831 1195 1886 1242 ut
1913 1187 1984 1243 sis
2011 1184 2062 1237 in

480 1297 561 1351 eis
585 1295 775 1366 quibus
801 1293 1012 1358 dicitur,
1041 1286 1338 1344 Gloriamini
1358 1301 1526 1340 omnes
1555 1282 1674 1338 recti
1703 1280 1870 1334 corde.

482 1410 2052 1443 __________________.______.

877 1499 959 1569 ΙΝ
1001 1494 1381 1560 PSALMUM
1422 1491 1674 1555 XXXII

1053 1615 1448 1675 ENARRATIO
1499 1616 1540 1671 Ι.

557 1739 613 1804 1.
654 1735 803 1808 [ναι.
842 1731 920 1806 1.]
963 1732 1224 1788 Exsultate
1250 1730 1382 1802 justi
1420 1729 1470 1784 in
1511 1727 1772 1799 Domino;
1809 1722 2067 1783 exsultate

485 1831 632 1902 justi,
664 1845 767 1884 non
798 1829 848 1882 in
873 1827 1042 1890 vobis,
1065 1840 1170 1880 non
1200 1823 1343 1879 enim
1364 1821 1466 1877 hoc
1495 1830 1665 1881 totum,
1688 1821 1705 1851 ¹
1737 1827 1860 1882 est;
1895 1814 1990 1870 sed
2016 1814 2072 1874 in

492 1919 740 1975 Domino.
789 1917 968 1972 Rectos
1009 1915 1146 1969 decet
1189 1913 1413 1969 laudatio
1461 1927 1480 1966 :
1519 1910 1617 1981 ipsi
1645 1907 1861 1965 laudant
1888 1904 2070 1960 Domi-

495 2027 643 2077 num,
673 2010 759 2081 qui
801 2025 858 2073 se
887 2007 1119 2066 subdunt
1145 2005 1406 2070 Domino;
1433 2003 1586 2056 aliter
1613 1999 1757 2062 enim
1787 1995 1993 2055 distorti
2019 2001 2074 2050 et

491 2101 640 2173 pravi
671 2111 816 2156 sunt.

562 2195 617 2248 2.
659 2190 805 2266 [vers
847 2190 929 2263 ἰ]
969 2188 1288 2260 Conﬁtentini
1321 2186 1535 2240 Domino
1560 2185 1613 2238 in
1639 2182 1831 2238 cithara
1860 2197 1882 2236 ε.
1909 2180 2075 2235 conﬁ-

491 2285 676 2343 temini
703 2283 948 2350 Domino,
985 2281 1298 2336 exhibentes
1317 2279 1366 2333 ei
1388 2291 1613 2346 corpora
1639 2283 1816 2332 vestra
1841 2271 2070 2336 hostiam

494 2378 666 2434 vivam
689 2377 863 2449 (Rom.
886 2391 978 2439 xu,
999 2374 1076 2444 1).
1099 2372 1166 2427 In
1187 2370 1426 2439 psalteria
1441 2368 1754 2428 decachordo
1775 2364 1976 2437 psallite
1999 2363 2044 2417 ei
2059 2379 2078 2417 :

495 2467 732 2523 serviant
757 2464 994 2521 membra
1023 2471 1198 2518 vestra
1225 2459 1498 2521 dilectioni
1537 2458 1624 2513 Dei
1660 2467 1716 2512 et
1741 2452 1999 2530 proximi,
2025 2455 2078 2506 in

498 2559 688 2629 quibus
713 2556 812 2618 tria
841 2563 895 2611 et
913 2561 1113 2624 septem
1141 2561 1399 2623 praecepta
1431 2557 1727 2607 servantur.

569 2652 623 2706 5.
665 2648 815 2724 [rem
861 2645 943 2720 5.]
977 2645 1187 2702 Cantatc
1212 2645 1254 2699 ei
1274 2643 1523 2698 canticum
1545 2655 1729 2695 novum
1755 2654 1774 2693 :
1799 2645 2008 2692 cantate
2033 2635 2082 2690 ei

501 2741 767 2795 canticum
795 2737 982 2810 gratia:
1028 2737 1169 2793 ﬁdei.
1200 2734 1338 2808 Bene
1362 2743 1558 2788 cantate
1587 2732 1630 2787 ei
1654 2732 1707 2785 in
1740 2727 2087 2802 jubilationc:

505 2833 642 2888 bene
661 2838 871 2886 cantate
892 2831 938 2885 ei
972 2831 1023 2884 in
1049 2828 1250 2886 lzelitia.

575 2925 628 2985 4.
669 2922 821 2995 [vers.
867 2920 951 2994 4.]
1003 2921 1257 2991 Quoniam
1300 2927 1466 2986 rectus
1511 2926 1587 2973 est.
1619 2931 1781 2971 sermo
1825 2912 2087 2967 Domini:

507 3015 756 3084 quoniam
782 3020 958 3067 rectus
987 3021 1070 3066 est
1113 3025 1291 3067 sermo
1332 3009 1563 3071 Domini,
1592 3007 1660 3062 ad
1691 3003 1962 3067 faciendos
1995 3016 2093 3065 vos

509 3101 650 3174 quod
675 3118 767 3174 per
787 3118 880 3157 vos
906 3101 1017 3157 ﬁeri
1046 3116 1150 3156 non
1181 3101 1421 3171 potestis.
1449 3097 1518 3152 Et
1542 3098 1710 3155 omnia
1737 3113 1892 3166 opera
1911 3097 2018 3167 ejus
2040 3095 2092 3147 in

511 3197 614 3265 ﬁde
646 3210 662 3248 :
699 3209 766 3250 ne
793 3194 1070 3265 quisquam
1116 3207 1176 3256 se
1203 3193 1404 3266 meritis
1427 3189 1651 3262 operum
1686 3188 1992 3260 pervenisse
2025 3186 2092 3241 ad

513 3286 671 3350 ﬁdem
703 3293 869 3356 putet,
908 3299 1028 3340 cum
1055 3286 1107 3339 in
1144 3285 1257 3354 ipsa
1300 3283 1405 3339 ﬁde
1442 3284 1548 3338 sint
1575 3282 1752 3353 omnia
1791 3293 1950 3350 Opera
1976 3293 2096 3349 qua:

512 3377 682 3447 diligit
709 3377 864 3432 Deus.
1959 3423 1961 3425 ,

586 3469 642 3524 5.
683 3464 833 3538 [vers.
880 3463 959 3540 5.]
998 3462 1178 3537 Diligit
1207 3464 1596 3526 misericortb'am
1625 3473 1670 3518 et
1687 3463 1939 3535 judicium
1966 3479 1985 3516 :
2012 3460 2096 3516 di-

516 3560 632 3630 ligit
655 3561 796 3616 enim
840 3559 1278 3624 misericordiam,
1323 3575 1481 3630 quam
1527 3573 1667 3613 nunc
1711 3565 2000 3627 praerogat;
2045 3561 2098 3608 et

512 3650 796 3720 judicium,
821 3665 928 3722 quo
949 3649 1002 3724 id
1031 3649 1170 3722 quod
1199 3650 1570 3720 praerogaverit
1595 3648 1777 3717 exigit.
1808 3645 2099 3709 Misericor-

519 3741 607 3795 dia
636 3739 841 3807 Domini
873 3739 1022 3809 plena
1045 3749 1117 3794 est
1142 3751 1274 3794 terra
1309 3755 1328 3793 :
1355 3724 1448 3808 per
1471 3739 1655 3794 orbem
1682 3744 1902 3806 peccata
1923 3735 2101 3800 dimit-

521 3838 704 3886 tuntur
731 3830 1038 3896 hominibus
1065 3831 1118 3885 in
1143 3830 1504 3895 misericordia
1533 3829 1760 3884 Domini.

592 3920 646 3976 6.
686 3917 836 3993 [vers.
863 3918 943 3992 6.]
989 3919 1149 3975 Verbo
1192 3919 1400 3977 Domini
1444 3920 1555 3978 cadi
1591 3919 1780 3989 ﬁrmati
1806 3927 1920 3978 sunt
1947 3935 1966 3973 :
1995 3932 2102 3972 non

521 4011 666 4066 enim
691 4026 719 4064 a
746 4010 936 4081 scipsis
960 4051 976 4078 ,
1018 4010 1112 4065 sed
1142 4009 1317 4064 Verbo
1346 4011 1553 4064 Domini
1578 4010 1708 4080 justi
1735 4009 1926 4064 ﬁrmati
1957 4017 2100 4063 sunt.

524 4098 596 4154 Et
623 4099 820 4172 Spiritu
839 4100 944 4167 oris.
965 4101 1077 4171 ejus
1098 4100 1260 4158 omnis
1283 4101 1434 4155 virtus
1457 4116 1633 4174 eorum
1658 4115 1676 4154 :
1701 4109 1756 4156 et
1783 4109 1965 4161 sancto
1989 4099 2104 4170 ejus

525 4191 725 4261 Spiritu
753 4192 928 4246 onmis
955 4190 1085 4246 ﬁdes
1112 4206 1318 4254 eorum.

598 4284 650 4337 7.
693 4281 845 4358 [vers.
871 4281 953 4356 7.]
987 4281 1307 4356 Congreng
1331 4284 1458 4339 sicut
1483 4285 1543 4340 in
1557 4295 1714 4347 utrem
1739 4301 1896 4356 aquas
1914 4287 2070 4340 maris
2087 4303 2108 4342 :

526 4382 812 4450 congregat
840 4374 1063 4444 populos
1087 4374 1266 4429 srecuti
1299 4374 1350 4430 in
1383 4373 1774 4433 confessionem
1807 4377 2106 4437 mortiﬁcati

528 4467 752 4537 peccati,
784 4481 851 4534 ne
877 4481 969 4537 per
991 4466 1293 4537 superbiam
1334 4466 1501 4523 libere
1528 4467 1782 4524 deﬂuant.
1825 4467 2030 4530 Peneus
2056 4470 2110 4524 in

531 4557 782 4627 thesauris
801 4557 1005 4630 abysso:
1034 4572 1052 4612 :
1077 4567 1128 4614 et
1156 4559 1210 4614 in
1235 4560 1256 4589 ¹
1286 4558 1362 4614 cis
1386 4560 1591 4624 occulta
1615 4572 1709 4623 sua
1734 4568 1910 4614 servat
1935 4559 2001 4614 ad
2026 4559 2111 4615 di-

531 4648 704 4704 vitias.
875 4639 878 4642 ﬁ

607 4744 661 4797 8.
703 4741 853 4814 [vers.
881 4742 966 4814 8.]
1007 4741 1200 4802 Titneat
1229 4741 1504 4812 Dominum
1543 4746 1704 4811 omnis
1734 4753 1864 4799 terra
1885 4759 1910 4799 :.
1932 4744 2116 4799 timeat

533 4832 707 4888 omnis
751 4841 1014 4903 peccator,
1051 4840 1109 4888 ut
1150 4847 1369 4902 peccare
1403 4831 1629 4905 desinat.
1679 4833 1755 4892 Ab
1801 4834 1910 4903 ipso
1949 4844 2115 4890 autent

535 4935 984 4995 commoueantur;
1022 4939 1120 4978 nec
1163 4923 1453 4981 terroribus
1497 4923 1773 4992 hominum
1813 4925 1895 4980 vel
1938 4925 2116 4994 cujus-

535 5030 696 5084 quam
724 5024 1009 5094 crcaturae,
1032 5014 1127 5071 sed
1157 5014 1224 5074 ab
1245 5015 1368 5086 ipso,
1384 5024 1820 5086 commoveantur
1843 5033 2015 5080 omnes
2031 5017 2120 5096 qui

536 5105 816 5172 inhabitant
840 5104 1026 5160 orbem.
2060 5105 2062 5108 ’

609 5198 663 5254 9.
705 5196 853 5270 [uera
885 5196 966 5270 9.]
1007 5198 1256 5264 Quoniam
1282 5199 1388 5273 ipse
1406 5199 1554 5265 dixit,
1582 5210 1630 5260 et
1656 5201 1792 5270 facta
1815 5209 1931 5255 sunt
1960 5217 1987 5256 :.
2011 5217 2123 5264 non

541 5289 685 5343 enim
730 5303 792 5347 ea
821 5304 938 5359 qua;
981 5289 1217 5353 timeant,
1267 5291 1404 5352 alius
1437 5289 1628 5360 aliquis
1666 5291 1825 5360 fecit;
1873 5291 1967 5346 sed
2006 5292 2124 5362 ipse.

540 5377 695 5445 dixit,
723 5387 777 5441 et
803 5378 938 5442 facta
964 5389 1103 5435 sunt.
1134 5379 1256 5450 Ipse
1279 5382 1552 5449 mandavit,
1581 5391 1632 5435 et
1645 5391 1811 5436 creata
1831 5390 1948 5452 sunt
1966 5398 1984 5437 :
2005 5383 2120 5452 ipse

543 5468 811 5534 mandavit
840 5469 1015 5527 Verbo
1040 5485 1158 5533 suo,
1186 5478 1240 5525 et
1264 5479 1439 5525 creata
1461 5454 1604 5526 sunt.

617 5559 702 5614 10.
747 5557 896 5630 [rem
925 5557 1044 5631 10.}
1075 5558 1333 5629 Dominus
1365 5560 1576 5628 dissipat
1615 5563 1826 5621 consilia
1851 5565 2073 5635 gentium
2101 5583 2121 5632 ξ

547 5663 652 5702 non
681 5662 796 5718 ejus
820 5663 1065 5719 regnum,
1092 5649 1189 5714 sed
1211 5664 1304 5703 sua
1335 5652 1682 5720 quaareutium
1709 5669 1889 5724 regna.
1922 5653 2120 5726 Repra-

613 5781 628 5844 ξ
654 5786 702 5828 tn
724 5779 908 5844 aliquot
925 5788 1049 5842 Mss,
1058 5782 1260 5844 justum.

611 5842 630 5871 '
647 5847 776 5903 ηδε..
800 5842 846 5893 et
862 5842 948 5905 eis,
969 5842 1153 5908 absque
1177 5846 1520 5911 propositione,
1539 5846 1605 5899 in.

1749 434 1806 490 S.
1842 423 2203 488 AL'CUS-TlNl
2247 421 2544 478 EI‘ISCCPI

3643 421 3748 478 9.76

2167 536 2247 590 bat
2274 547 2438 597 autem
2461 537 2784 607 cogitationes
2805 536 3109 611 populorum
3135 549 3152 586 :
3179 532 3556 587 beatitudinem
3583 521 3752 587 terre-

2166 642 2286 680 nam
2310 627 2818 695 concupiscentiam.
2856 625 2919 680 Et
2942 627 3173 693 reprobat
3193 622 3404 678 consilia
3425 625 3750 695 principum:

2167 716 2356 770 talibus
2379 716 2586 784 pupulis
2615 715 2881 782 dominari
2901 715 3273 784 qtucrentium.

2237 805 2324 858 1i.
2365 802 2516 878 [vers.
2573 803 2685 876 11.]
2741 801 3017 871 Consilium
3065 819 3180 857 vero
3231 801 3438 857 Domini
3484 814 3649 857 manet
3699 804 3750 857 in

2165 906 2410 957 internum
2440 909 2460 948 :
2490 894 2772 948 consilium
2803 909 2930 949 vero
2959 893 3167 948 Domini
3195 935 3210 962 ,
3256 909 3359 961 quo
3402 894 3611 948 beatqu
3644 911 3750 950 non

2165 983 2294 1039 facit
2333 984 2434 1038 nisi
2467 983 2738 1038 subditum
2769 984 2889 1048 sibi,
2935 993 3114 1038 manet
3144 985 3193 1038 in
3231 993 3510 1038 a'teruum.
3545 984 3750 1056 Cogita-

2168 1076 2326 1130 tiones
2364 1075 2531 1130 cordis
2571 1076 2682 1144 ejus
2710 1075 2761 1128 in
2788 1075 2972 1146 swcula
3001 1075 3298 1129 saeculorum
3347 1089 3366 1129 :
3405 1075 3754 1144 Cogitationes

2168 1168 2446 1237 sapientim
2488 1166 2602 1237 cjns
2636 1183 2741 1226 non
2787 1177 2911 1228 sunt
2943 1167 3244 1232 mutabiles,
3279 1167 3371 1222 sed
3401 1178 3674 1226 manentes
3702 1169 3754 1235 in

2168 1260 2417 1314 smculum
2441 1260 2639 1313 szeculi.

2241 1353 2329 1406 12.
2371 1350 2521 1423 [vers.
2556 1349 2667 1424 12]
2709 1351 2863 1406 Beata
2909 1368 3029 1422 gens
3057 1353 3204 1422 cujus
3231 1361 3304 1405 est
3339 1349 3586 1404 Dominus
3618 1349 3756 1406 Deus

2170 1457 2340 1495 eorum
2370 1458 2395 1497 τ,
2419 1456 2518 1494 una
2547 1456 2677 1511 gens
2717 1441 2868 1500 beata
2917 1452 3017 1505 est,
3064 1441 3337 1512 pertinens
3377 1441 3440 1495 ad
3480 1441 3754 1497 caelestem

2169 1535 2458 1599 civitatem,
2504 1549 2622 1604 qua:
2666 1535 2765 1589 sibi
2821 1534 3100 1588 Dominum
3147 1534 3356 1588 nonnisi
3389 1533 3553 1586 Deum
3598 1549 3758 1599 suum

2171 1624 2352 1694 elegit.
2397 1622 2626 1691 Populus
2663 1639 2807 1694 quem
2854 1622 2998 1691 elegit
3038 1621 3289 1676 Dominus
3332 1623 3383 1676 in
3413 1622 3757 1679 hwrcaitatcm

2171 1716 2266 1784 sibi
2291 1733 2310 1770 :
2337 1732 2509 1786 neque
2539 1717 2651 1770 haec
2679 1733 2707 1769 a
2734 1717 2931 1787 seipsa,
2959 1716 3054 1773 sed
3085 1717 3182 1772 Dei
3210 1732 3430 1772 munere
3451 1717 3618 1772 electa
3653 1727 3758 1781 cst,

2173 1819 2230 1864 ut
2267 1808 2760 1880 possidendoeam,
2806 1808 3055 1882 incultam
3103 1817 3157 1866 et
3192 1809 3438 1880 miseram
3488 1822 3608 1864 csse
3651 1823 3761 1877 non

2174 1899 2335 1956 sinat.

2247 1991 2335 2046 15.
2378 1987 2522 2062 [vers
2570 1986 2683 2062 15.]
2744 1987 2823 2044 De
2873 1991 2996 2044 calo
3041 1990 3260 2059 respexit
3312 1987 3583 2051 Dominus,
3639 1987 3767 2041 uidit

2176 2095 2346 2135 omnes
2375 2080 2507 2148 ﬁlios
2536 2079 2793 2134 hominum
2824 2096 2842 2134 :
2867 2079 2934 2135 de
2961 2081 3136 2135 anima
3162 2079 3303 2150 justa
3335 2078 3763 2134 misericorditer

2177 2167 2308 2222 vidit
2338 2168 2589 2223 Dominus
2613 2183 2799 2224 omnes
2823 2169 2909 2242 qui
2944 2171 2994 2223 in
3027 2185 3217 2234 novam
3245 2171 3403 2228 vitam
3429 2169 3636 2242 renasci
3668 2183 3763 2235 vo-

2181 2258 2319 2322 lunt.
2857 2253 2862 2260 ’
3065 2243 3068 2245 Δ

2253 2350 2340 2404 14.
2379 2345 2529 2420 [vers.
2556 2347 2668 2422 14.]
2708 2347 2786 2403 De
2809 2359 3095 2421 prteparato
3116 2349 3398 2405 habitacula
3419 2367 3514 2406 suo
3538 2366 3558 2406 :
3581 2350 3649 2406 de
3673 2349 3770 2410 bas

2181 2440 2414 2510 bitaculo
2437 2443 3078 2512 susceptionishumanm,
3107 2443 3248 2512 quod
3280 2443 3598 2512 prmparavit
3631 2443 3759 2497 sibi.

2186 2533 2438 2604 Respexit
2466 2550 2615 2604 super
2641 2550 2810 2588 antnes
2842 2535 2929 2604 qui
2953 2533 3236 2595 inhabitant
3257 2546 3441 2590 terram
3470 2536 3526 2589 λε
3561 2535 3773 2598 miseri-

2185 2624 2419 2681 Corditer
2439 2624 2568 2678 vidit
2591 2639 2778 2680 omnes
2798 2625 2886 2696 qui
2909 2625 3203 2682 inhabitant
3223 2641 3459 2693 carnem,
3515 2635 3572 2681 ut
3593 2627 3777 2697 pra-sit

2189 2716 2296 2772 illis
2325 2716 2376 2771 in
2402 2716 2636 2786 regendo
2661 2732 2775 2772 eos.

2270 2809 2349 2864 l5.
2392 2804 2544 2880 [item
2749 2807 2848 2875 Qui
2874 2807 3020 2877 ﬁnxit
3047 2808 3342 2880 singillatim
3366 2808 3523 2868 corda
3551 2825 3725 2863 eorum
3757 2823 3778 2862 :

2191 2898 2280 2968 qui
2300 2899 2550 2952 cordibus
2570 2913 2753 2952 eorum
2785 2898 2921 2956 dona
2952 2899 3162 2968 propria
3191 2899 3539 2968 spiritualiter
3569 2897 3776 2961 tribuit,

2196 2995 2253 3042 ut
2302 3002 2403 3056 nec
2451 2995 2624 3056 totum
2673 3003 2870 3058 corpus
2920 2989 3140 3055 oculus,
3192 3003 3291 3044 nec
3343 2999 3511 3044 totum
3567 2988 3782 3044 auditus

2197 3077 2241 3152 (l
2268 3078 2385 3135 Car.
2414 3095 2504 3143 xu,
2551 3081 2675 3152 47);
2706 3081 2799 3135 sed
2839 3081 2974 3152 alius
2995 3082 3090 3146 sic,
3124 3081 3260 3136 alius
3288 3091 3465 3136 autem
3498 3081 3577 3135 sic
3603 3081 3782 3133 incor-

2197 3179 2452 3239 poreutur
2494 3171 2728 3226 Christo.
2773 3171 2872 3238 Qui
2897 3172 3131 3243 intelligit
3166 3171 3336 3234 omnia
3362 3187 3516 3239 opera
3555 3186 3730 3232 eorum
3763 3184 3784 3243 ς

2197 3260 2336 3328 apud
2358 3260 2506 3314 illum
2531 3261 2799 3316 intellecta
2825 3271 2950 3317 sunt
2971 3263 3148 3317 omnia
3178 3277 3340 3331 opera
3367 3276 3574 3316 eorum.
3597 3294 3604 3300 ρ

2272 3353 2358 3429 16.
2401 3351 2548 3425 [vers.
2581 3351 2694 3424 16.]
2737 3351 2857 3408 Non
2900 3355 3066 3408 salvus
3101 3355 3187 3423 ﬁet
3233 3369 3325 3407 rex
3370 3354 3423 3407 in
3461 3352 3789 3406 multitudine

2199 3444 2393 3499 uirtutis
2415 3461 2433 3498 :
2463 3458 2568 3499 non
2603 3446 2781 3502 salvus
2820 3445 2911 3514 ﬁet
2937 3447 3026 3518 qui
3053 3461 3268 3519 carnem
3297 3462 3446 3501 suam
3472 3446 3627 3517 regit,
3657 3446 3701 3500 si
3732 3448 3785 3501 in

2200 3550 2295 3592 sua
2316 3537 2508 3591 virtute
2533 3537 2758 3592 multum
2790 3538 3204 3606 praesumpserit.
3253 3537 3361 3592 Nec
3387 3539 3528 3608 gigas
3559 3540 3580 3570 ³
3611 3539 3790 3604 sali-us

2201 3629 2294 3683 erit
2323 3628 2376 3682 in
2418 3627 2739 3682 multitudine
2772 3628 2970 3682 virtutis
2993 3644 3100 3683 sua
3135 3643 3155 3684 :
3193 3644 3292 3684 nec
3321 3629 3565 3699 quisquis
3593 3627 3790 3682 militat

2201 3727 2386 3784 contra
2413 3717 2848 3777 consuetudinem
2900 3720 3341 3788 concupiscentia:
3378 3734 3508 3783 sum,
3539 3718 3621 3773 vel
3656 3733 3790 3772 con-

2203 3819 2285 3864 tra
2327 3808 2594 3863 diabolum
2635 3817 2690 3864 et
2729 3808 2952 3877 angelos
2985 3808 3121 3878 ejus,
3149 3808 3325 3864 salvus
3352 3809 3474 3876 erit,
3512 3808 3557 3863 si
3585 3822 3647 3863 se
3673 3821 3790 3862 sua:

2205 3899 2496 3957 fortitudini
2525 3899 2747 3962 multum
2779 3901 3126 3960 commiserit.

2279 3992 2364 4046 17.
2405 3988 2554 4062 [vers.
2585 3989 2698 4062 17.]
2742 3989 2964 4045 Mendax
2991 4008 3144 4062 equus
3167 3992 3235 4045 ad
3261 3990 3475 4058 salutent
3506 4007 3525 4045 :
3563 3991 3788 4055 fallitur,

2205 4081 2442 4160 quisquis
2477 4089 2624 4150 putat
2659 4081 2743 4136 vel
2794 4096 2890 4150 per
2913 4081 3156 4153 homines
3187 4083 3326 4136 inter
3351 4081 3590 4136 homines
3627 4096 3792 4137 acce-

2210 4182 2352 4242 ptam
2376 4187 2435 4226 sc
2460 4172 2683 4234 salutem
2705 4172 2944 4242 adipisci,
2975 4174 3058 4228 vel
3087 4174 3284 4242 impetu
3309 4174 3658 4228 animositatis
3677 4188 3794 4228 sua:

2209 4261 2422 4326 defendi
2463 4277 2492 4316 a
2531 4261 2786 4334 pernicie.
2826 4262 2894 4318 In
2916 4262 3224 4338 abundantia
3248 4274 3413 4328 autem
3449 4265 3647 4318 virtutis
3685 4279 3798 4319 sua

2212 4372 2317 4428 non]
2341 4356 2432 4409 erit
2455 4356 2622 4410 salvus
2645 4355 2686 4410 ⁸.

2287 4445 2376 4500 18.
2420 4443 2572 4516 [verm
2603 4442 2721 4516 18.]
2763 4443 2896 4500 Ecce
2936 4444 3071 4500 oculi
3099 4443 3302 4501 Domini
3351 4461 3502 4515 super
3524 4454 3800 4500 metuentes

2215 4552 2328 4590 eum
2359 4551 2378 4590 :
2407 4536 2529 4606 quia
2568 4535 2614 4591 si
2655 4535 2880 4591 salutem
2909 4536 3128 4606 quaeris,
3169 4550 3296 4592 ecce
3332 4536 3546 4592 dilectio
3584 4537 3800 4592 Domini

2120 4649 2124 4651 Α
2216 4643 2378 4698 super
2417 4628 2664 4687 timentes
2697 4643 2844 4693 cum.
2900 4628 3176 4699 Sperantes
3213 4646 3364 4699 super
3403 4628 3804 4684 misericordiam

2218 4723 2328 4790 ejus
2356 4735 2375 4774 :
2402 4728 2458 4776 et
2484 4729 2761 4790 sperantes
2789 4734 2895 4774 non
2931 4719 2985 4774 in
3022 4720 3214 4774 virtute
3241 4734 3356 4786 sua,
3383 4719 3478 4783 sed
3509 4720 3559 4772 in
3591 4719 3806 4775 miseri-

2219 4810 2399 4867 cordia
2429 4810 2565 4880 ejus.

2293 4899 2379 4970 19.
2421 4898 2571 4972 [uers.
2599 4897 2711 4972 19.]
2753 4897 2994 4956 Uteruat.
3021 4916 3052 4954 α
3089 4907 3248 4954 morte
3283 4900 3480 4954 animos
3522 4915 3718 4965 eorum,
3759 4909 3810 4955 et

2222 4996 2328 5044 atat
2353 5007 2436 5044 eos
2459 4991 2514 5047 in
2546 4991 2680 5058 fame
2707 5007 2727 5045 :
2757 5001 2814 5046 ut
2834 4991 2924 5046 det
2947 4991 3026 5046 eis
3063 4991 3374 5052 alimentum
3404 4991 3551 5047 verbi
3579 4999 3631 5045 et
3655 5005 3808 5046 sem-

2225 5084 2446 5152 piternae
2475 5083 2734 5149 veritatis,
2769 5083 2909 5154 quod
2932 5085 3219 5138 amiserant
3245 5084 3368 5137 dum
3397 5094 3722 5152 prtesumunl
3756 5085 3812 5140 in

2223 5176 2426 5245 viribus
2456 5176 2587 5243 suis,
2617 5183 2672 5230 et
2704 5175 2824 5231 ideo
2865 5192 2963 5236 uec
3003 5176 3142 5246 ipsas
3170 5177 3308 5231 vires
3335 5176 3531 5235 habent
3556 5175 3702 5231 fames
3721 5177 3816 5246 ju-

2223 5265 2403 5333 stitiaa.
2591 5252 2594 5254 ⁷

2297 5357 2387 5412 20.
2431 5355 2580 5428 [rem
2626 5354 2743 5428 20.]
2781 5355 2963 5410 Anima
3003 5367 3174 5415 nostra
3201 5358 3396 5428 patiens
3421 5359 3513 5414 erit
3538 5358 3766 5415 Domino
3797 5377 3817 5416 :

2229 5459 2286 5503 ut
2312 5457 2488 5502 autem
2513 5455 2695 5516 postea
2718 5447 2986 5516 saginctur
3014 5448 3149 5504 escis
3177 5449 3688 5520 incorwptibilibus,
3725 5451 3812 5506 iu-

2229 5543 2382 5598 terim
2403 5539 2527 5594 dum
2553 5539 2639 5603 hic
2663 5547 2765 5606 est,
2791 5539 2965 5594 anima
2995 5551 3181 5607 nostra
3204 5543 3409 5612 patiens
3432 5540 3533 5598 erit
3561 5542 3811 5598 Domino.

2265 5671 2464 5781 ltFLovq
2489 5683 2682 5720 carnem
2702 5709 2717 5732 ,
2744 5684 2832 5732 pro
2867 5685 2985 5723 voce
3019 5678 3232 5736 terram;
3267 5674 3669 5738 dissentientibus
3704 5685 3810 5728 Mss.

2319 5745 2375 5780 r.

2231 5745 2283 5781 Cl
2301 5745 2375 5780 Εἴ.

2294 5797 2314 5868 ξ
2336 5800 2383 5868 tu
2536 5801 2818 5868 constanter
2841 5796 3081 5854 scribitur,

2295 5855 2316 5887 ³
2337 5856 2408 5913 sic
2425 5861 2498 5903 Er.
2525 5862 2575 5906 et
2595 5863 2699 5906 uss.
2726 5863 2779 5906 Al
2799 5863 2923 5919 um,
2948 5870 3037 5908 non
3057 5855 3146 5908 erit
3158 5855 3313 5914 satus.
