4032 6460
255 392 355 446 277

262 694 497 749 sistimus
533 697 864 752 adversario.

327 784 417 838 21.
461 783 613 857 [νει-ε.
639 785 754 859 2L]
797 789 926 854 Quia
951 790 1001 842 in
1039 789 1150 856 ipso
1182 789 1430 842 laetabitur
1459 805 1544 842 cor
1571 801 1792 845 nostrum
1824 805 1842 844 :

263 889 362 928 non
387 877 529 930 enim
551 878 600 930 in
632 878 801 942 nobis,
830 879 915 932 ubi
941 894 1126 948 magna
1151 879 1266 934 sine
1295 881 1385 935 illo
1407 881 1577 950 itmpia
1603 889 1719 945 est;
1747 881 1839 936 scd

1346 397 1740 458 EXARIMTIO
1778 393 1841 448 εκ
1879 393 2196 455 Ρδιωιυιι
2241 402 2448 460 xxxu.

262 513 511 575 Quoniam
555 516 760 583 adjutor
796 525 842 568 et
873 525 1116 581 pro'ector
1147 527 1310 568 uoster
1344 526 1415 567 est
1447 531 1465 569 :
1514 515 1722 582 adjutor
1753 531 1848 568 no.

260 614 364 656 ster
382 613 490 665 cst,
521 607 650 659 dum
677 622 932 660 conamur
952 607 1016 660 ad
1039 623 1190 671 einn;
1218 616 1268 661 et
1285 615 1577 675 protector,
1610 607 1732 660 dmn
1757 623 1846 662 re-

3432 440 3536 500 278

1956 521 2100 581 lem,
2133 519 2182 572 in
2221 536 2320 590 qua
2362 540 2511 613 suam
2555 529 2791 601 ﬁguravit
2830 549 2881 593 et
2924 557 3176 614 nostram,
3220 556 3338 620 quia
3373 573 3534 631 caput

1954 619 2189 662 nostrum
2221 623 2320 680 est,
2352 625 2405 669 et
2429 617 2492 671 ad
2521 635 2661 685 eum,
2694 625 2826 682 sicut
2857 635 3041 699 nostis,
3087 649 3329 710 tanquam
3361 617 3533 705 mein-

1952 695 2042 750 bra
2074 701 2252 770 utique
2283 709 2608 772 pertinemus
2637 733 2650 769 :
2685 715 2854 784 Pater,
2890 695 3090 796 inquit,
3122 734 3167 786 si
3194 695 3305 798 Ilieri
3335 753 3529 810 potest,

1949 796 2170 846 transeat
2207 812 2237 846 η
2277 814 2352 851 me
2391 802 2526 856 calix
2552 806 2657 860 is'e.
2704 809 2826 866 ll:cc
2857 813 3082 874 humana
3114 796 3355 880 voluntas
3382 796 3528 899 erat:

1951 883 2218 950 premium
2257 889 2452 957 aliquid
2495 904 2544 948 et
2587 905 2832 969 cuiquam
2877 907 3134 973 privatum
3178 919 3379 972 vo'cns.
3421 883 3526 979 Sed

264 971 310 1020 iTl
353 969 468 1036 ipso
509 969 777 1024 laetabitur
804 986 907 1026 cor,
934 983 1198 1025 nostrum.
1246 970 1312 1024 Et
1354 972 1405 1025 in
1442 973 1642 1025 nomine
1665 984 1844 1027 structo
1948 973 2073 1039 quia.
2096 989 2296 1038 rectum
2324 985 2485 1039 corde
2513 989 2677 1042 voluit
2704 1009 2821 1048 esse
2851 995 3116 1056 hominem
3146 1048 3158 1066 ,
3189 1017 3241 1060 nt
3275 1011 3526 1083 quidquid

269 1061 361 1083 -3---
406 1063 716 1083 _.___._-._'--‘A-_
755 1065 768 1083 ι
806 1081 817 1083 -
857 1072 896 1083 ,ι
945 1062 1058 1083 91--
1110 1063 1432 1083 _._s_.-_J-_-_--
1465 1073 1711 1083 _-,,_A.__ﬂ_._
1744 1079 1836 1083 _A-_
1948 1060 1997 1083 ε..
2042 1064 2120 1083 911,
2198 1071 2227 1083 Ι-

260 1061 362 1130 rjns
399 1063 719 1128 speravimus
755 1065 772 1094 ¹
804 1081 819 1117 :
849 1072 902 1118 et
945 1062 1065 1118 ideo
1107 1063 1435 1132 speravimus
1465 1073 1714 1117 venturos
1743 1079 1839 1118 nos

260 1151 318 1219 ad
353 1153 544 1216 Deum,
571 1156 693 1223 quia
723 1155 875 1209 nobis
901 1155 1207 1210 absentibus
1239 1171 1346 1225 per,
1373 1155 1527 1209 lidetn
1559 1157 1700 1209 misit
1743 1172 1838 1211 no-

260 1257 372 1295 men
400 1257 558 1296 Sllllln
569 1282 581 1294 .

319 1331 410 1385 Si.
453 1331 605 1405 [verm
632 1332 748 1405 22.]
792 1335 908 1390 Fiat
921 1336 1271 1389 misericordia
1295 1345 1402 1400 tua,
1433 1336 1664 1401 Domine,
1687 1355 1839 1407 super

256 1441 356 1487 nos,
388 1425 519 1478 sicut
539 1428 848 1494 speravimus
877 1427 936 1480 in.
954 1435 1000 1479 te
1021 1443 1040 1480 :
1069 1427 1156 1480 fiat
1187 1427 1542 1483 misericordia
1583 1438 1692 1493 tua,
1721 1429 1830 1488 Do-

255 1519 410 1580 mine,
436 1534 605 1585 super
634 1533 768 1584 nos;
803 1535 926 1589 spes
945 1521 1088 1576 enim
1115 1535 1222 1576 non
1243 1520 1537 1585 confundit,
1566 1521 1688 1592 quia
1713 1536 1836 1592 spe-

252 1609 478 1664 ravimus
505 1609 559 1663 in
583 1619 658 1664 te.
1119 1655 1148 1666 ρ

794 1720 1191 1780 ΕΝΑῐιιιλτιῡ
1234 1723 1296 1778 ll.

920 1852 1090 1893 εειικο
1124 1853 1162 1894 1.

705 1950 780 2006 De
808 1954 966 2021 prima
995 1962 1136 2024 parte
1167 1953 1386 2010 Paulini.

315 2066 360 2116 l.
403 2062 559 2136 [rem
607 2066 684 2137 1.]
723 2067 1105 2126 Psalmusism
1147 2067 1391 2123 admonet
1431 2084 1529 2123 nos
1550 2069 1832 2126 exsultare

246 2154 292 2206 in
334 2155 585 2209 Domino.
620 2156 930 2212 lnscrlbitur
966 2169 1166 2223 autem,
1205 2158 1316 2228 Ipsi
1354 2158 1538 2213 David.
1569 2160 1667 2228 Qui
1699 2177 1826 2232 ergo

243 2245 601 2310 pertinentad
624 2249 1034 2303 sacrati5sir'nnm
1059 2265 1242 2305 semen
1267 2251 1450 2316 David,
1483 2253 1702 2307 audiant
1734 2270 1828 2310 vo-

238 2353 350 2390 ceu.
380 2353 563 2402 snam,
585 2324 838 2398 etdicant
860 2356 1044 2396 vocem
1067 2359 1240 2406 suam,
1273 2354 1330 2399 et
1347 2345 1617 2401 exsultent
1644 2349 1692 2401 in
1718 2349 1824 2403 Do-

239 2431 397 2482 mino.
427 2431 520 2485 Sic
545 2441 726 2487 autem
772 2433 992 2502 incipit:
1031 2434 1294 2490 Exsultate
1322 2439 1448 2506 justi
1485 2438 1538 2492 in
1587 2438 1818 2495 Domino.

240 2524 419 2588 lttjtlsli
450 2525 722 2579 exsultent
752 2527 803 2579 in
834 2527 1062 2580 Stcculo:
1099 2528 1247 2582 ﬁnito
1273 2531 1490 2594 smcule,
1519 2531 1696 2585 finitur
1722 2548 1817 2589 ex.-

236 2615 451 2669 tnltatio
505 2615 845 2686 injustorum.
909 2619 1187 2680 Exsultent
1233 2631 1408 2674 autem
1450 2621 1575 2692 justi
1619 2623 1670 2676 in
1720 2623 1824 2677 Do-

239 2708 412 2761 mino;
439 2709 561 2777 quia
582 2717 927 2778 permanente
943 2709 1188 2778 Domino,
1209 2713 1539 2780 permanebit
1556 2713 1818 2781 jnstorum

237 2798 542 2852 exsultatio.
589 2799 870 2854 Exsultare
899 2810 1078 2858 autem
1106 2801 1159 2855 in
1191 2803 1414 2856 Domino
1442 2804 1513 2857 ita
1541 2806 1816 2871 convenit,

235 2902 283 2943 ut
309 2890 587 2945 laudemus
605 2893 754 2946 illum
771 2893 856 2962 qui
881 2894 1022 2948 solus
1050 2905 1159 2947 non
1184 2894 1342 2949 habet
1365 2896 1504 2964 quod
1521 2895 1678 2950 nobis
1705 2897 1817 2951 dis-

235 2982 460 3050 pliceat,
528 2991 584 3037 et
625 2997 786 3038 nemo
819 2992 923 3037 tam
971 2985 1132 3038 multa
1161 2983 1322 3039 habet
1361 3001 1480 3055 qum
1521 2985 1819 3042 inﬁdelibus

233 3072 534 3139 displicent.
566 3072 630 3127 Et
662 3073 822 3129 breve
853 3085 1172 3143 przeceptnm
1200 3084 1282 3130 est
1311 3093 1325 3129 :
1360 3077 1452 3132 Ille
1481 3079 1652 3146 placet
1683 3080 1813 3146 Deo,

233 3162 314 3214 cui
347 3163 514 3229 placet
550 3164 708 3218 Deus.
743 3163 852 3218 Nec
883 3164 998 3219 leve
1027 3166 1222 3234 putetis
1253 3165 1373 3232 hoc,
1405 3169 1687 3223 carissimi.
1723 3169 1817 3225 Vi-

232 3252 371 3306 detis
393 3254 537 3305 ettim
567 3269 726 3322 quam
755 3255 904 3309 mu!ti
934 3255 1206 3324 disputent
1231 3268 1414 3312 contra
1445 3259 1632 3327 Deum,
1657 3277 1814 3330 quam

234 3346 416 3398 Innltis
446 3346 767 3415 displiceant
791 3362 949 3416 opera
978 3347 1114 3417 ejus.
1143 3348 1274 3402 Cum
1300 3351 1440 3403 enim
1469 3350 1640 3406 facere
1667 3353 1817 3408 volu-

232 3440 333 3491 erit
364 3449 552 3491 contra
583 3437 906 3492 voluntatem
942 3439 1234 3507 hominum,
1265 3441 1385 3510 quia
1421 3442 1671 3498 Dominus
1695 3453 1776 3499 cst
1797 3487 1810 3510 ,

234 3541 282 3582 et
318 3529 464 3582 novit
495 3528 623 3598 quid
650 3527 828 3595 faciat,
862 3545 958 3584 nec
986 3539 1092 3584 tam
1120 3531 1342 3585 attendit
1367 3542 1602 3595 nostram
1632 3537 1816 3590 volun.

235 3631 394 3675 tatem
422 3637 581 3691 quam
613 3622 889 3676 utilitatem
914 3639 926 3684 ;
961 3623 1147 3693 illi—qui
1175 3624 1374 3678 malunt
1399 3639 1548 3678 suam
1575 3627 1817 3681 voluntae

233 3723 337 3765 tem
377 3711 586 3782 impleri
627 3727 784 3782 quam
818 3713 908 3766 Dei
931 3755 946 3774 ,
984 3713 1168 3766 volunt
1203 3714 1269 3768 ad
1310 3729 1458 3768 suam
1490 3715 1833 3774 voluntatem.

232 3805 446 3857 flectere.
475 3803 666 3865 Deum.
697 3819 800 3857 non
834 3818 981 3856 suam
1009 3805 1276 3874 corrigere
1302 3806 1365 3859 ad
1392 3807 1574 3860 Deum.
1601 3807 1815 3864 Talibus

233 3895 537 3949 hominibus
566 3894 890 3960 inﬁdelibus,
924 3897 1120 3965 impiis,
1155 3897 1368 3967 iniquis,
1400 3899 1537 3968 quod
1567 3900 1703 3970 piget
1735 3901 1818 3954 di..-

231 4005 372 4050 cere,
404 3987 498 4042 sed
531 3995 707 4043 tamen
735 3987 930 4053 dicam,
967 3989 1133 4044 nostis
1162 3990 1301 4043 enim
1330 4006 1485 4057 quam
1521 4006 1705 4047 verum
1736 3992 1825 4049 die.

231 4095 370 4140 eam.
403 4080 615 4134 facilius
639 4081 813 4150 placet
841 4080 1196 4146 pantomimus
1226 4079 1299 4152 (ιι)
1329 4098 1486 4152 quam
1518 4085 1672 4138 Deus.

297 4171 356 4224 2.
378 4171 664 4240 Propterea
676 4184 796 4225 cum
817 4170 1064 4237 dixisset,
1077 4170 1474 4243 Exsultutejusti
1494 4176 1545 4228 in
1571 4175 1782 4229 Domino
1797 4191 1831 4243 ,‘l

230 4263 350 4331 quia
382 4261 660 4317 exsultare.
697 4261 749 4315 in
798 4261 888 4316 illo
926 4261 1026 4316 nisi
1067 4261 1331 4316 laudando
1370 4279 1472 4316 non
1512 4280 1821 4333 possumus,

230 4369 352 4406 cum
375 4360 553 4405 autem
578 4350 874 4414 laudamus,
899 4352 983 4406 cui
1007 4361 1152 4406 tanto
1174 4353 1340 4422 magis
1363 4354 1631 4422 placemus
1649 4373 1820 4426 quan-

231 4451 284 4495 to
314 4443 484 4511 magis
513 4443 628 4511 ipse
659 4441 812 4504 nobis
851 4441 1141 4512 placuerit;
1184 4442 1367 4498 Recto:
1387 4484 1403 4509 ,
1436 4445 1640 4514 inquit,
1679 4447 1818 4504 decet

233 4535 480 4589 laudatio.
511 4535 612 4601 Qui
639 4544 761 4589 sunt
791 4533 968 4589 recti?
1006 4533 1106 4601 Qui
1143 4534 1380 4604 dirigunt
1406 4551 1501 4590 cor
1525 4537 1814 4592 secundum

232 4627 562 4680 voluntatem
586 4625 679 4679 Dei
699 4639 714 4690 ;
737 4633 788 4680 et
809 4625 853 4678 si
876 4639 970 4681 eos
991 4625 1266 4694 perturbat
1287 4626 1516 4680 humana
1541 4627 1816 4697 fragilitas,

233 4718 410 4772 divina
435 4718 747 4772 consolatur
767 4717 992 4786 arquitas
1016 4734 1029 4769 :
1052 4718 1294 4788 quamvis
1322 4717 1462 4773 enim
1490 4719 1652 4775 corde
1675 4736 1820 4776 mor...

234 4809 323 4863 tali
357 4807 604 4877 privatim
633 4807 832 4876 aliquid
858 4808 1062 4872 velint,
1095 4809 1236 4878 quod
1263 4824 1373 4864 sua:
1401 4811 1613 4867 interim
1641 4827 1844 4869 causa.

233 4900 312 4952 vel
357 4897 572 4968 negOtio
593 4938 609 4962 ,
640 4897 724 4952 vel
765 4898 1012 4967 prinsenti
1044 4899 1349 4954 necessitati
1379 4905 1698 4968 conveniat;
1730 4904 1818 4960 ubi

235 4989 601 5044 intellexerint
627 4996 682 5043 et
707 4987 1053 5058 cognoverint
1093 4989 1234 5043 aliud
1274 4991 1438 5046 Deum
1470 4993 1608 5048 velle
1630 5034 1646 5059 ,
1680 5010 1820 5064 pne-

234 5088 442 5151 ponunt
470 5079 796 5133 voluntatem
829 5079 1065 5134 melioris
1094 5080 1350 5137 voluntati
1380 5096 1511 5146 suae,
1545 5094 1600 5138 et
1625 5086 1818 5139 volun-

235 5181 400 5226 tatem
443 5170 826 5239 omnipotentis
863 5172 1120 5225 voluntati
1160 5171 1380 5240 infirmi,
1411 5183 1464 5228 et
1494 5176 1818 5231 voluntatem

236 5263 332 5316 Dei
364 5261 622 5316 voluntati
654 5259 908 5315 hominis.
935 5263 1198 5326 Quantum
1225 5264 1365 5318 enim
1398 5266 1540 5321 Deus
1563 5267 1724 5322 distat
1753 5270 1822 5325 ab

234 5352 458 5408 homine
484 5392 501 5418 ,
545 5359 748 5405 tantum
787 5350 1033 5406 voluntas
1073 5353 1166 5408 Dei
1203 5369 1235 5408 a
1266 5355 1536 5411 voluntate
1565 5356 1818 5412 hominis.

238 5441 394 5497 Unde
433 5456 628 5512 gerens
670 5439 940 5496 hominem
983 5441 1226 5505 Christus
1250 5484 1266 5510 ,
1304 5452 1359 5498 et
1399 5445 1637 5514 regulam
1667 5449 1821 5505 nobis

235 5537 544 5602 proponens
561 5574 575 5597 ,
608 5533 808 5588 docens
835 5547 931 5591 nos
956 5533 1136 5589 vivere
1157 5577 1172 5599 ,
1198 5547 1252 5589 et
1280 5545 1534 5605 priestans
1561 5539 1715 5594 nobis
1740 5540 1821 5594 vi-

235 5639 367 5679 vere
389 5664 405 5690 ,
436 5623 669 5678 ostendit
713 5623 942 5678 hominis
983 5624 1261 5694 quamdam
1295 5627 1550 5695 privatam
1575 5629 1821 5685 volunta-

301 5756 324 5819 ’_
345 5755 416 5819 sic
439 5761 545 5803 Mss.
576 5761 628 5819 At
649 5754 759 5802 Edd.
787 5754 875 5819 hoc
893 5763 942 5804 et
966 5758 1182 5819 proximo
1205 5756 1326 5815 loco,
1352 5757 1664 5819 sperabimus.

304 5815 379 5878 (α)
406 5813 742 5876 Pantomimos,
764 5816 872 5866 vide
890 5813 1023 5866 tam.
1054 5817 1170 5868 l‘sal.
1195 5813 1321 5880 xxx,"
1340 5813 1487 5870 serta.
1515 5823 1628 5884 5,11.
1653 5825 1724 5873 ll.

1948 1060 2000 1114 in
2042 1064 2130 1120 illo
2164 1071 2484 1137 aliquantum
2527 1095 2745 1137 curvum
2778 1098 2951 1155 esset,
2994 1093 3059 1146 ad
3093 1095 3239 1152 illum
3279 1060 3526 1175 dirigeret

1945 1155 2033 1266 qui
2060 1171 2272 1226 semper
2299 1174 2379 1217 est
2409 1178 2613 1231 rectus;
2657 1172 2836 1228 Verum
2867 1196 2966 1234 non
2989 1186 3123 1250 quod
3150 1206 3240 1258 ego
3271 1155 3410 1261 toto?
3429 1197 3522 1266 ait,

1943 1247 2294 1355 setl'qnodtu,
2333 1255 2486 1313 Pater
2506 1261 2719 1329 (illan/1.
2752 1284 2892 1333 νινε,
2927 1247 3040 1344 59).
3068 1247 3320 1352 Ξοάνηιιίἀ

1943 1339 2067 1391 mali
2095 1343 2227 1396 velle
2251 1345 2490 1402 Christus
2507 1353 2683 1420 ιρι.ίά
2709 1371 2977 1427 postremo
2998 1339 3138 1423 aliud
3167 1339 3520 1446 possetlvclle,

1941 1443 2096 1497 quam
2142 1434 2331 1490 Pater?
2357 1440 2591 1508 Quorum
2629 1463 2730 1501 una
2770 1463 2851 1506 est
2887 1454 3133 1516 divinitas
3157 1505 3172 1530 ,
3213 1481 3316 1521 non
3349 1481 3519 1538 potest

1940 1533 2002 1574 es
2019 1537 2062 1574 -c
2089 1523 2267 1593 dispar
2303 1531 2564 1590 voluntas.
2597 1537 2701 1592 Sed
2729 1555 2792 1595 ex
2824 1559 3046 1612 persona
3079 1551 3311 1611 hominis
3344 1523 3521 1617 irans-

1942 1609 2172 1719 figurans
2195 1618 2243 1670 in
2267 1634 2324 1673 se
2347 1635 2490 1690 suos,
2515 1643 2646 1696 quos
2669 1631 2720 1684 in
2743 1649 2800 1687 sc
2825 1638 3208 1702 transﬁguravit
3229 1686 3243 1708 ,
3266 1663 3385 1704 cum
3407 1653 3517 1719 ait,

1938 1698 2160 1800 βίαι-ἰοὶ,
2184 1718 2230 1760 et
2248 1710 2458 1768 dedistis
2477 1717 2601 1770 nvi/ti
2622 1722 2929 1778 manducare
2951 1730 2967 1800 (
2977 1698 3058 1782 Id.
3086 1749 3112 1786 κ
3125 1751 3146 1785 v
3161 1749 3211 1799 v,

1936 1789 1988 1898 in
2011 1806 2069 1847 se
2090 1798 2498 1871 transﬁgurat-it,
2521 1822 2640 1862 cum
2663 1809 2854 1868 furenti
2877 1827 2928 1870 et
2947 1831 3159 1877 sanctos
3178 1789 3516 1898 [insequenti

1933 1879 2094 1990 inulla
2120 1887 2371 1945 clamavit
2397 1895 2643 1966 desuper,
2672 1918 2828 1972 quem
2853 1924 3008 1964 nemo
3030 1879 3512 1990 tangdbatTSIduIe,

1935 1968 2115 2080 .jSauleI,
2138 1978 2262 2080 quid
2280 1997 2357 2034 me
2377 1968 2838 2062 persequerisidct.
2864 2012 2938 2060 ιι.
2964 2000 3060 2069 4)?
3081 1968 3308 2062 ostendit

1931 2062 2054 2118 dam
2096 2066 2325 2126 hominis
2365 2079 2631 2146 propriam
2675 2062 3042 2157 voluntatem;
3077 2062 3516 2168 ostendit

1929 2159 2164 2212 correxit
2191 2169 2261 2215 te.
2292 2163 2428 2219 Ecce
2456 2168 2608 2238 vide,
2643 2173 2848 2244 inquit,
2882 2187 2934 2234 te
2963 2181 3014 2236 in
3046 2199 3172 2251 me;
3212 2191 3332 2259 quia
3363 2159 3512 2262 potes

1930 2247 2126 2317 aliquid
2154 2256 2427 2324 proprium
2459 2262 2596 2317 velle
2615 2304 2631 2328 ,
2659 2274 2714 2318 ut
2737 2268 2878 2324 aliud
2913 2272 3051 2328 Deus
3079 2247 3206 2333 velit
3265 2247 3514 2340 con-cedi;

1931 2346 2017 2393 tur
2045 2340 2145 2398 hoc
2173 2346 2415 2403 humana:
2446 2352 2732 2423 fragilitati,
2761 2364 3070 2421 conceditur
3099 2369 3342 2429 humanm
3368 2375 3514 2433 inﬁr-

1929 2430 2134 2497 mitati;
2161 2437 2360 2507 aliquid
2387 2446 2655 2514 proprium
2680 2451 2836 2518 velle,
2864 2455 3082 2514 difﬁcile
3104 2471 3184 2516 est
3212 2471 3268 2517 ut
3291 2481 3395 2521 non

1927 2524 2239 2594 contingat:
2270 2529 2362 2584 sed
2399 2535 2577 2589 statim
2615 2541 2786 2610 cogita
2827 2546 2914 2614 qui
2942 2547 3011 2602 sit
3038 2565 3196 2620 supra
3237 2564 3321 2621 te;
3361 2557 3508 2616 illum

1926 2628 2084 2684 supra
2112 2627 2193 2683 te,
2227 2629 2278 2675 te
2304 2623 2436 2678 infra
2466 2627 2648 2696 illum;
2681 2634 2824 2689 illum
2857 2649 3154 2698 creatorem
3177 2686 3190 2710 ,
3222 2655 3278 2702 te
3297 2660 3511 2707 creatu-

1926 2721 2068 2771 ram;
2095 2709 2242 2764 illutn
2263 2712 2552 2784 dominum,
2581 2730 2630 2776 te
2651 2739 2884 2794 servom;
2899 2729 3046 2792 illum
3068 2736 3507 2807 omnipotentem,

1926 2803 1977 2850 te
1997 2839 2000 2842 .
2021 2798 2286 2856 inﬁrmum
2311 2845 2325 2870 ,
2356 2809 2628 2879 corrigens
2660 2823 2710 2868 te
2731 2857 2746 2881 ,
2783 2819 3213 2895 subjungensquc
3245 2829 3507 2888 voluntati

1924 2887 2058 2955 ejus,
2090 2905 2152 2944 ac
2174 2892 2377 2958 dicens,
2417 2897 2596 2955 Verum
2619 2919 2723 2958 non
2747 2887 3001 2980 quodego
3020 2887 3154 2975 volo:
3179 2917 3268 2970 sed
3291 2921 3428 2990 quod
3453 2933 3508 2975 tu

1923 2978 2015 3036 vis.
2055 2979 2209 3036 Pater
2230 2999 2249 3037 :
2269 2988 2536 3054 quomodo
2559 2991 2855 3062 disiunctus
2877 2978 2983 3055 es—a
3013 3003 3142 3070 Deo,
3165 3008 3252 3075 qui
3273 2978 3380 3077 jam
3406 3011 3507 3068 hoc

1924 3068 2004 3122 vis
2029 3072 2168 3139 quod
2201 3073 2381 3130 Deus?
2409 3078 2528 3136 Eris
2548 3099 2677 3153 ergo
2701 3098 2901 3153 rectus,
2929 3101 2981 3146 ct
3007 3101 3058 3148 te
3083 3068 3291 3153 decebti
3319 3099 3503 3156 lauda-

1925 3162 2029 3225 tio;
2063 3166 2313 3232 quoniam
2347 3181 2507 3226 rectos
2534 3173 2672 3229 decet
2701 3178 2947 3237 laudatio.

1993 3251 2046 3307 3.
2077 3253 2131 3309 Si
2156 3265 2330 3312 autem
2357 3276 2549 3318 curvus
2573 3264 2754 3333 fueris,
2781 3269 2963 3327 laudas
2983 3273 3150 3330 Deum
3171 3281 3386 3347 quando
3408 3283 3500 3339 tibi

1922 3339 2056 3398 bene
2095 3355 2210 3414 est,
2246 3350 2580 3421 blasphemas
2619 3359 2833 3425 quando
2875 3363 2977 3419 tibi.
3013 3367 3152 3422 male
3185 3339 3269 3424 est
3309 3390 3322 3426 :
3364 3376 3506 3442 quod

1920 3437 2133 3506 quidem
2162 3442 2300 3496 male
2329 3445 2371 3497 si
2394 3445 2596 3513 justum
2623 3459 2722 3515 est,
2757 3467 2862 3507 non
2888 3464 2971 3510 est
2994 3458 3164 3522 male;
3191 3437 3397 3530 justum
3423 3475 3505 3520 est

1919 3538 2119 3596 autem,
2151 3534 2402 3600 quoniam
2427 3536 2494 3588 ab
2521 3538 2606 3592 illo
2633 3539 2690 3595 ﬁt
2714 3543 2803 3610 qui
2831 3545 3022 3614 injuste
3049 3549 3224 3604 facere
3249 3551 3378 3607 nihil
3403 3568 3503 3622 po-

1922 3629 2025 3677 test
2048 3637 2062 3673 :
2089 3633 2144 3676 et
2167 3623 2274 3678 eris
2298 3626 2530 3682 insulsus
2556 3645 2687 3699 puer
2709 3633 2759 3686 in
2785 3632 3136 3706 domopatris
3153 3681 3168 3705 ,
3195 3655 3380 3696 amans
3407 3659 3503 3712 pa-

1920 3713 2128 3767 tremsi
2157 3713 2248 3768 tibi
2279 3717 2599 3787 blandiatur,
2633 3731 2687 3776 et
2712 3723 2834 3776 odio
2864 3725 3066 3782 habeas
3091 3731 3304 3798 quando
3331 3740 3380 3786 te
3408 3731 3505 3788 lla-

1919 3803 2109 3873 gellat;
2129 3809 2274 3874 quasi
2293 3825 2398 3864 non
2418 3821 2469 3864 et
2487 3812 2757 3872 blandiens
2774 3827 2832 3872 ot
2845 3817 3115 3888 flagellatis
3133 3823 3498 3880 hmreditatcm

1921 3905 2090 3962 paret.
2122 3896 2264 3956 Vide.
2283 3909 2455 3955 autent
2497 3907 2939 3972 quemadmodum
2966 3910 3152 3968 deccat
3180 3924 3358 3970 rectos
3387 3915 3504 3971 lau-

1920 3985 2065 4041 datio
2088 4033 2102 4056 ,
2146 3991 2279 4044 andi
2308 4008 2490 4048 vocem
2531 3998 2667 4052 recti
2705 3999 2967 4057 laudantis
3003 4019 3068 4059 ex
3107 4007 3210 4060 alio
3249 4007 3456 4076 psalmo
3487 4027 3502 4064 :

1918 4073 2220 4136 Benedicam
2252 4080 2524 4138 Dominum
2545 4086 2596 4139 in
2621 4089 3024 4162 omnitempore,
3046 4111 3240 4166 semper
3258 4097 3374 4152 (aut
3393 4099 3505 4170 ejus

1921 4165 1972 4219 in
2002 4183 2088 4220 ore
2112 4186 2220 4222 meo
2247 4173 2264 4238 (
2289 4169 2432 4230 Ptol.
2465 4191 2626 4230 nam
2649 4220 2662 4240 ,
2687 4177 2778 4248 Ξ).
2809 4181 2959 4248 Quod
2987 4193 3064 4238 est
3087 4226 3102 4250 ,
3133 4165 3184 4238 in
3215 4187 3352 4240 onmi
3374 4165 3502 4242 tent-

1923 4272 2078 4324 pora;
2104 4257 2208 4314 hoc
2229 4269 2344 4324 est,
2370 4279 2566 4334 scrupei-
2608 4282 2627 4320 :
2662 4279 2717 4321 et
2745 4269 2888 4339 quod
2917 4279 3022 4338 est,
3049 4272 3370 4341 benedicam;
3402 4277 3505 4334 hoc

1921 4358 2003 4402 est
2025 4389 2041 4412 ,
2072 4351 2186 4405 laus
2213 4353 2322 4421 ejus
2350 4353 2404 4411 in
2431 4371 2518 4408 ore
2552 4373 2684 4412 meo.
2710 4358 2864 4413 Omni
2908 4369 3149 4431 tempore
3174 4374 3227 4419 et
3253 4378 3500 4443 semper,

1921 4441 2032 4494 sive
2058 4440 2110 4496 in
2139 4444 2407 4512 prosperis
2430 4445 2544 4500 sive
2570 4446 2622 4501 in
2647 4447 2906 4504 adversis.
2929 4450 3062 4506 Nam
3083 4454 3128 4507 si
3155 4453 3207 4508 in
3231 4441 3504 4525 prosperis

1921 4539 2101 4585 etnon
2129 4532 2180 4586 in
2205 4533 2463 4601 adversis,
2491 4538 2758 4606 quomodo
2781 4540 2926 4596 muni
2953 4551 3212 4613 tempore,
3234 4545 3506 4614 quomodo

1921 4622 2173 4691 semper?
2197 4634 2252 4679 et
2281 4624 2800 4686 audivimusmultas
2823 4630 3106 4688 multorum
3138 4635 3270 4690 tales
3299 4650 3500 4692 voces:

1921 4714 2134 4787 quando
2159 4715 2262 4780 illis
2293 4719 2537 4787 provenit
2560 4720 2732 4790 aliqua
2764 4721 3007 4792 felicitas,
3040 4727 3340 4794 exsultant,
3368 4742 3502 4797 gau-

1922 4804 2083 4870 dent,
2117 4815 2329 4862 cantant
2350 4809 2486 4875 Deo,
2511 4810 2727 4867 laudant
2766 4813 2972 4878 Deum;
3002 4831 3109 4872 non
3145 4827 3270 4872 sunt
3299 4818 3503 4887 impro-

1922 4895 2105 4964 bandi,
2140 4898 2246 4953 imo
2272 4900 2606 4970 gaudendum
2636 4911 2719 4958 est
2748 4905 2867 4969 illis,
2901 4905 3020 4974 quia
3052 4906 3200 4962 multi
3229 4923 3326 4964 nec
3354 4918 3504 4966 tunc.

1921 4989 2026 5045 Sed
2061 4993 2143 5046 isti
2167 4993 2254 5063 qui
2283 4995 2390 5062 jam
2424 4995 2592 5051 Deum
2627 4997 2841 5054 laudare
2866 5013 2930 5054 ex
2962 5004 3328 5071 prosperitatis
3358 5014 3510 5074 parte

1922 5094 2217 5153 cwpcrunt,
2244 5084 2470 5141 docendi
2491 5096 2614 5141 sunt
2636 5096 2836 5158 patrem
2859 5106 3148 5161 agnoscere
3162 5093 3218 5148 'ct
3240 5094 3511 5166 ﬂagellan-

1925 5182 2030 5228 tem
2049 5216 2061 5236 ,
2086 5190 2184 5230 nec
2205 5191 2535 5240 murmurare
2553 5177 2810 5234 adversus
2829 5182 3145 5252 corrigentis
3169 5199 3415 5250 manum;
3440 5202 3510 5240 ne

1926 5281 2136 5335 semper
2169 5268 2314 5337 pravi
2349 5280 2687 5326 remanentes
2717 5271 3048 5329 cxhtcredari
3085 5285 3408 5343 mereantur,
3449 5285 3512 5329 ut

1926 5354 2050 5410 facti
2092 5357 2202 5425 jam
2225 5359 2376 5424 recti,
2405 5358 2550 5430 (quid
2575 5371 2653 5415 est
2676 5363 2842 5417 recti?
2866 5363 2932 5421 Ut
2954 5365 3080 5420 nihil
3106 5367 3207 5420 illis
3228 5365 3512 5435 displiceat

1924 5447 2062 5517 quod
2091 5447 2273 5502 fecerit
2295 5449 2478 5520 Deus.)
2501 5452 2706 5520 possint
2725 5463 2780 5509 et
2801 5455 2851 5508 in
2873 5455 3108 5510 adversis
3131 5457 3295 5509 Deum
3321 5457 3512 5510 lauda.

1924 5557 2003 5604 rc.
2031 5552 2083 5596 et
2109 5543 2286 5596 dicere
2312 5561 2325 5597 :
2353 5544 2603 5600 Dominus
2628 5547 2792 5612 dedit,
2825 5549 3078 5603 Dominus
3096 5548 3347 5612 abstulit;
3371 5549 3508 5605 sicut

1928 5633 2152 5687 Domino
2191 5633 2418 5702 placuit,
2459 5637 2527 5690 ita
2568 5636 2761 5692 factum
2799 5647 2884 5693 est
2920 5656 2933 5690 :
2971 5641 3039 5694 sit
3068 5654 3258 5693 nomen
3298 5640 3508 5695 Domini

1927 5726 2262 5780 benedictum
2297 5725 2417 5797 (Job
2473 5744 2508 5790 l,
2536 5729 2652 5798 2|).
2684 5730 2841 5786 Tales
2869 5738 3042 5785 rectos
3068 5731 3221 5785 decet
3251 5731 3508 5798 laudatio,

1934 5833 2037 5873 non
2070 5817 2238 5887 primo
2269 5818 2572 5876 laudaturos
2595 5863 2608 5889 ,
2639 5831 2690 5878 et
2714 5830 2897 5892 postea
2925 5821 3343 5892 vituperaturus.
