4032 6478
474 380 580 436 279

546 497 599 549 4.
622 491 780 561 Ergo
801 489 929 560 justi
957 483 1113 552 recti,
1137 483 1396 540 exsultante
1426 481 1476 534 in
1509 477 1734 533 Domino
1768 496 1781 531 :
1811 477 1929 549 quia
1957 489 2053 547 vos

406 568 424 623 Ῐ
474 560 629 641 decet
673 560 925 638 laudatio.
968 579 1138 635 Nemo
1179 577 1320 632 dicat
1351 594 1363 630 :
1395 574 1525 643 Quis
1569 587 1667 643 ego
1704 570 1919 642 justus,
1963 578 2055 624 aut

473 656 686 748 quando
710 692 811 748 ego
837 678 853 708 ⁸
876 674 1051 745 justus
1071 672 1096 726 ?
1118 671 1289 727 Nolite
1317 684 1412 723 vos
1435 667 1666 740 ahjicere
1689 675 1744 722 et
1767 666 2054 735 desperare

473 772 541 827 de
568 770 738 826 vobis.
769 767 1024 825 llomines
1049 766 1199 831 estis,
1223 763 1290 819 ad
1314 763 1593 833 imaginem
1619 759 1712 815 Dei
1737 758 1859 819 facti
1883 756 2048 814 estis:

474 862 562 932 qui
590 875 688 917 vos
713 859 959 916 homines
987 857 1132 925 fecit,
1161 872 1258 929 pro
1284 855 1433 911 vobis
1459 864 1508 909 et
1540 850 1894 907 tremefactus
1921 857 2005 904 est
2035 865 2050 904 :

473 963 531 1008 ttt
561 953 709 1013 multi
739 951 833 1013 ﬁlii
859 950 924 1005 ad
955 948 1321 1010 bzrreditatem
1358 944 1738 1016 sempiternam
1768 941 2053 1013 adoptare-

474 1045 625 1109 tuini,
653 1042 867 1114 sanguis
893 1040 1045 1098 Uuiei
1073 1053 1167 1109 pro
1191 1037 1341 1092 voltis
1364 1035 1561 1093 ellusus
1581 1042 1683 1090 est.
1704 1033 1760 1090 Si
1786 1048 1883 1088 vos
1904 1031 2054 1091 vobis

474 1145 683 1191 terrena
716 1131 998 1202 fragilitate
1026 1128 1285 1193 viluistis,
1317 1142 1380 1183 ex
1411 1126 1582 1196 pretio
1610 1135 1786 1180 vestro
1823 1139 1918 1177 vos
1953 1138 2052 1192 ap—

476 1226 691 1297 pendite
718 1245 732 1281 :
762 1224 886 1295 quid
914 1221 1259 1283 manducetis,
1296 1218 1420 1289 quid
1451 1218 1663 1285 bibatis,
1690 1232 1796 1288 quo
1821 1214 2055 1272 subscris

475 1318 613 1379 batis
643 1319 811 1374 Amen
852 1319 874 1350 ⁸
897 1357 914 1385 ,
946 1315 1101 1386 digne
1126 1314 1374 1385 cogitate.
1401 1311 1664 1382 Numquid
1695 1311 1795 1366 hoc
1818 1326 1913 1366 vos
1940 1324 2057 1366 mo—

475 1427 683 1476 nemus,
711 1419 768 1469 ut
788 1408 999 1480 superbi
1023 1407 1159 1473 sitis,
1181 1415 1233 1467 et
1254 1405 1404 1463 vobis
1422 1404 1651 1476 aliquam
1676 1398 2055 1473 perfectionem

367 1490 373 1496 ’
472 1502 714 1565 audeatis
751 1497 1042 1570 arrogare?
1079 1496 1183 1554 Sed
1215 1512 1320 1551 non
1364 1496 1553 1552 iterum
1582 1493 1652 1551 ab
1679 1493 1826 1553 omni
1850 1492 2055 1562 justitia

472 1609 569 1653 vos
591 1601 775 1663 putare
794 1589 1003 1649 debetis
1026 1587 1210 1659 exules
1234 1586 1368 1642 ﬁeri.
1393 1585 1529 1641 Nolo
1549 1584 1690 1641 enim
1715 1598 1809 1639 vos
1829 1583 2056 1638 interro-

474 1682 601 1764 gare
630 1686 696 1742 de
720 1684 923 1763 iustitia
953 1690 1161 1746 vestra;
1194 1678 1435 1735 fortassis
1463 1677 1605 1735 enim
1634 1692 1793 1738 nemo
1819 1684 2053 1731 vestrum

474 1778 604 1844 mihi
648 1777 843 1843 audeat
883 1772 1237 1844 respondere.
1268 1769 1450 1831 Justus
1473 1784 1591 1823 sum
1621 1785 1636 1822 :
1667 1767 1758 1824 sed
1789 1768 2058 1837 interrogo

476 1886 571 1926 vos
596 1869 662 1925 de
691 1868 793 1925 ﬁde
825 1875 1020 1925 vestra.
1047 1861 1200 1922 SLcnt
1226 1875 1385 1919 nemo
1410 1868 1643 1916 vestrum
1669 1857 1831 1917 audet
1851 1856 2053 1924 dicere,

473 1963 655 2019 Justus
680 1976 796 2017 sum
823 1977 838 2025 ;
865 1960 953 2033 sie
969 1971 1126 2014 nemo
1149 1954 1310 2032 audet
1335 1954 1532 2020 dicere,
1560 1951 1757 2008 Fidelis
1779 1965 1884 2006 non
1912 1966 2053 2007 sum.

473 2057 716 2114 Nondum
746 2067 928 2125 quzero
961 2050 1089 2122 quid
1127 2048 1274 2104 vivas
1297 2089 1313 2115 ,
1355 2045 1448 2102 sed
1477 2060 1658 2116 qurere
1688 2042 1815 2114 quid
1846 2042 2054 2098 credas.

473 2149 846 2222 Responsurus
873 2158 935 2199 es
958 2141 1178 2212 credere
1218 2149 1272 2194 te
1309 2138 1362 2193 in
1400 2135 1687 2191 Christum.
1718 2132 1831 2188 Neu
1862 2132 2064 2186 audisti

471 2240 783 2317 Apostolum
816 2256 829 2293 :
857 2235 1039 2292 Justus
1063 2249 1127 2289 ea:
1149 2232 1252 2304 ﬁde
1279 2231 1395 2286 vivit
1423 2229 1604 2302 (Rom.
1646 2243 1685 2293 ι,
1721 2227 1784 2282 l7
1805 2224 1870 2298 )?
1897 2223 2059 2280 Fides

404 2317 412 2321 ’
472 2345 583 2401 tua,
608 2330 821 2404 iustitia
843 2338 928 2391 tua
958 2347 972 2384 :
999 2327 1122 2399 quia
1152 2326 1333 2397 utique
1360 2323 1405 2378 si
1432 2320 1628 2386 credis,
1657 2334 1854 2385 caves;
1882 2318 1929 2374 si
1955 2333 2045 2372 au-

472 2439 581 2484 tem
605 2439 785 2493 caves,
810 2420 1059 2487 conaris;
1091 2428 1145 2475 et
1172 2424 1418 2474 conatum
1449 2424 1593 2471 tuum
1622 2411 1767 2467 novit
1796 2410 1933 2465 Deus
1953 2451 1968 2476 ,
2000 2416 2056 2464 et

471 2518 971 2587 voluntatemtuam
998 2509 1215 2580 inspicit
1235 2550 1250 2576 ,
1281 2515 1335 2562 et
1362 2505 1563 2562 luctum
1586 2516 1708 2559 cum
1733 2516 1895 2558 carne
1919 2515 2063 2556 con.

471 2610 692 2675 siderat,
722 2615 778 2664 et
804 2605 1049 2660 hortatur
1075 2609 1135 2657 ut
1162 2611 1365 2671 pugnes
1387 2637 1401 2660 ,
1434 2605 1488 2652 et
1516 2594 1728 2665 adjuvat
1757 2602 1815 2659 ut.
1838 2592 2051 2659 vincas,

471 2711 529 2759 et
552 2707 843 2773 certantem
867 2702 1141 2766 exspectat
1164 2693 1186 2726 ⁸
1205 2733 1222 2760 ,
1251 2701 1306 2747 et
1333 2688 1669 2746 deiicientem
1697 2687 1970 2751 subiciat,
1997 2690 2055 2743 et

472 2794 771 2849 vincentem
796 2795 1037 2846 coronat.
1068 2786 1228 2856 Ergo,
1260 2782 1528 2838 Exsultate
1543 2780 1676 2853 justi
1700 2779 1755 2834 in
1789 2777 2004 2833 Domina
2027 2790 2050 2831 ε

471 2885 572 2943 ltoc
594 2881 840 2948 dixerim,
868 2878 1141 2935 Exsultate
1187 2873 1372 2930 ﬁdeles
1394 2871 1446 2926 in
1474 2869 1719 2936 Domino,
1740 2868 1862 2939 quia
1879 2866 2053 2937 justus

470 2994 537 3043 ex
578 2976 682 3032 ﬁde
717 2974 866 3029 vivit.
912 2970 1095 3026 Rectos
1135 2967 1276 3022 decet
1319 2963 1567 3019 laudatio.
1615 2959 1813 3016 Discite
1854 2958 2053 3029 gratias

470 3082 630 3139 agerc
654 3066 764 3131 Deo
788 3072 844 3128 et
867 3061 919 3117 in
948 3054 1413 3130 prosperitatibus,
1440 3061 1497 3107 et
1522 3051 1573 3105 in
1605 3048 2051 3139 tribulationibus.

471 3138 672 3213 Discite
712 3152 909 3208 habere
945 3150 997 3204 in
1037 3145 1201 3213 corde
1236 3142 1382 3215 quod,
1406 3141 1568 3201 habet
1598 3139 1773 3199 omnis
1812 3139 1972 3194 homo
1997 3138 2070 3192 in-

470 3249 650 3319 lingna
677 3263 691 3300 :
722 3241 875 3314 Quod
906 3241 1018 3298 vult
1056 3240 1216 3298 Deus.
1254 3237 1368 3307 Ipsa
1395 3235 1573 3306 lingua
1599 3232 1865 3304 popularis
1887 3270 1902 3295 ,
1931 3230 2051 3301 ple-

410 3376 415 3381 α
470 3352 693 3411 rumque
734 3344 818 3391 est
848 3331 1090 3390 doctrina
1124 3328 1392 3384 salutaris.
1424 3325 1555 3393 Quis
1579 3339 1686 3380 non
1712 3322 1948 3395 quotidie
1971 3322 2067 3377 di-.-'

469 3432 542 3486 cit
570 3446 588 3487 ;
618 3425 773 3497 Quod
809 3425 922 3480 vult
949 3424 1091 3481 Deus
1129 3420 1233 3477 hoc
1256 3418 1419 3491 agat?
1447 3417 1518 3473 Et
1541 3427 1719 3474 rectus
1742 3416 1847 3472 erit
1866 3414 1888 3447 ⁸
1912 3415 2054 3471 inter

468 3535 568 3583 eos
591 3520 680 3590 qui
707 3515 972 3574 exsultant
995 3511 1051 3569 iu
1080 3510 1328 3575 Domino,
1356 3516 1415 3565 et
1438 3521 1574 3579 quos
1598 3506 1753 3564 decet
1778 3504 2049 3564 laudatio:

468 3612 652 3683 quales
696 3606 983 3679 alloquitur
1022 3608 1412 3673 consequenter
1452 3599 1731 3663 Psalmus,
1779 3607 1834 3654 et
1874 3597 2048 3654 dicit:

468 3700 789 3772 Conﬁtentini
814 3697 1036 3759 Domino
1056 3696 1110 3751 in
1129 3694 1325 3749 cithara
1338 3731 1355 3759 ,
1379 3692 1435 3745 in
1456 3690 1694 3762 psalterio
1715 3690 1881 3744 decem
1900 3690 2067 3745 εΙιονο·

469 3798 653 3852 dorum
679 3792 882 3866 psallite
906 3788 1113 3846 ei_."Hoc
1140 3787 1282 3841 enim
1309 3783 1472 3841 etiam
1499 3782 1658 3838 modo
1683 3782 2051 3852 cantabamus,

469 3888 575 3947 hoc
615 3901 712 3953 ore
746 3897 984 3950 consono
1023 3878 1418 3963 exprimentes,
1450 3873 1614 3932 corda
1639 3884 1815 3932 vestra
1842 3873 1866 3908 '
1891 3875 2052 3931 doce-

470 3978 788 4143 ωὲυἶιοεη.
831 4063 915 4140 3.]
953 4063 1140 4120 Nonne
1181 4062 1235 4118 id
1278 4060 1387 4131 egit
1430 4059 1693 4117 institutio
1736 4061 1793 4116 in
1842 4061 2056 4118 nomine

470 4159 666 4218 Christi
695 4156 1006 4229 Vigiliarum
1055 4153 1281 4210 istarum
1306 4150 1407 4225 (a).
1440 4158 1498 4206 ut
1520 4166 1589 4206 ex
1619 4151 1719 4206 isto
1746 4149 1866 4206 loco
1888 4150 2055 4207 citha-

471 4269 548 4312 ra:
578 4247 943 4325 pellerentur?
970 4247 1038 4305 Et
1060 4260 1190 4303 ecce
1220 4245 1350 4315 ipsa:
1380 4243 1635 4314 iubentur
1657 4256 1850 4298 sonare
1877 4260 1891 4297 :
1917 4240 2055 4299 Cou-

471 4345 702 4418 ﬁteutini,
735 4343 922 4415 inquit,
952 4338 1169 4394 Domino
1193 4336 1249 4392 in
1271 4336 1497 4401 cithara,
1530 4336 1584 4390 in
1614 4334 1856 4405 psalterio
1883 4335 2062 4390 decem

470 4438 780 4495 chordarum
822 4430 1025 4505 psallite
1050 4429 1117 4485 ei.
1158 4427 1326 4484 Nemo
1351 4433 1626 4483 convertat
1651 4440 1746 4482 cor
1767 4424 1833 4481 ad
1860 4440 2057 4496 organa

472 4529 752 4587 theatrica.
783 4524 937 4593 Quod
964 4523 1011 4579 ei
1037 4521 1253 4591 iubetur
1272 4561 1287 4586 ,
1324 4520 1376 4574 in
1435 4533 1494 4574 se
1521 4518 1719 4584 habet,
1748 4518 1886 4573 sicut
1933 4518 2057 4573 alibi

472 4623 669 4679 dicitur
697 4638 712 4675 :
741 4617 807 4673 In
835 4632 915 4670 me
941 4623 1056 4670 sunt
1086 4611 1220 4667 Deus
1247 4620 1382 4675 uota,
1409 4626 1522 4681 qua:
1545 4608 1756 4664 reddam
1778 4608 1947 4663 laudis
1968 4609 2059 4662 tibi

473 4714 646 4787 (Psal.
690 4726 793 4780 ιν,
838 4706 950 4779 l2).
990 4703 1342 4761 Mcminerunt
1379 4702 1469 4772 qui
1506 4699 1711 4771 pridem
1753 4699 2067 4765 affuerunt,

539 4873 651 4920 tua
690 4875 794 4931 uss.
836 4868 893 4925 At
930 4854 1199 4921 addaouis
1235 4867 1351 4923 ergo
1375 4853 1573 4919 justus,
1610 4859 1694 4906 aut
1743 4854 1937 4920 quando
1976 4866 2061 4908 cro.

472 4940 696 4995 Ιιιδιυδη,
852 4986 864 4995 .
963 4984 991 4995 ..
1090 4980 1153 4995 ..
1434 4978 1651 4995 -.η

537 4976 748 5051 riae,
1432 4978 1652 5031 nonnulli
1705 4991 1768 5028 ex
1805 4976 2064 5051 ξιεδηηετιρσ

474 5038 924 5114 aemilium
963 5060 982 5100 :
1022 5046 1113 5099 sed
1160 5057 1223 5103 ex
1259 5043 1320 5093 iis
1356 5055 1530 5108 magna
1568 5054 1713 5105 pars,
1751 5038 2066 5109 subscribatis

476 5131 716 5236 (turgida
733 5166 983 5238 imperant.
1000 5178 1105 5222 ttss.
1118 5181 1258 5227 vero,
1278 5171 1522 5238 exspectat
1549 5176 1567 5215 :
1588 5136 1716 5238 quod
1729 5162 2063 5213 eodemsensu

476 5226 1013 5308 μβδίὶῇἶίιᾉείευδιίιὲο
1034 5226 1681 5308 ειίὐνξιθιὲῑνιιξῗξξΒθέίίζυῐητ.
1967 5270 2065 5308 ε

539 5290 773 5367 ἱῙιιὶιιιιοι
792 5290 921 5348 ﬁssa
948 5303 1047 5347 Hoc
1058 5290 1196 5360 agni,
1228 5293 1273 5342 cl
1307 5290 1464 5352 rectus
1497 5294 1567 5340 est
1595 5299 1612 5339 :
1635 5293 1681 5338 cl
1704 5290 1795 5338 erit
1815 5290 1941 5335 inter
1962 5297 2061 5345 eos,

473 5373 571 5461 ac"
587 5422 812 5486 Plerique
850 5425 982 5486 uss.
1023 5421 1186 5469 nostra
1213 5425 1254 5486 ς.
1267 5411 1394 5464 forte
1413 5424 1534 5486 ron.
1570 5409 1917 5486 921.119-9996.
1931 5420 2063 5486 ξιιμ

476 5472 639 5539 Ιηώὲ
647 5472 927 5538 ἠγὲἰϋοτιιω
962 5472 1354 5541 inter-[iunctione
1384 5487 1397 5523 :
1423 5472 1513 5524 hoc
1526 5507 1542 5533 ,
1565 5472 1649 5522 ore
1671 5481 1870 5521 consono
1892 5472 2061 5533 expri-

475 5554 654 5601 mentes
669 5542 821 5606 corda
840 5548 1023 5604 ηοσῑναν
1044 5539 1350 5606 αὸοεριιηιω·
1439 5596 1470 5606 ..
1545 5594 1558 5606 .
1581 5594 1592 5606 .

541 5589 1142 5673 ξὲἴοὸῐιέῖιῐέῦέῶὀιίέω
1162 5600 1216 5648 δι
1232 5601 1245 5648 ι
1259 5633 1292 5673 ’.
1307 5609 1413 5673 φρ·
1510 5589 2061 5673 semesam-Isalc-

476 5654 982 5725 wiéatitiiiétéribr;
1008 5673 1170 5727 eoque
1195 5654 1403 5727 cnloco,
1424 5654 1500 5727 uti
1519 5663 1573 5708 et
1597 5668 1660 5727 e_x
1683 5654 1902 5718 proxime
1934 5654 2061 5727 sub:

1050 5712 1165 5794 his
1200 5712 1449 5797 insitas
1465 5712 2061 5797 ,ρεξεέὲξξξεξξιιηειξὲἓιξ

479 5780 710 5849 exustus
731 5791 921 5849 habitos
951 5787 1106 5840 fuisse
1135 5786 1186 5836 in
1220 5780 1428 5834 ecclesia
1465 5781 1549 5831 ubi
1583 5780 1798 5843 Cypriani
1838 5780 2063 5842 martyris

482 5868 654 5918 corpus
669 5848 875 5917 jacebat

1712 361 1769 420 s.
1812 358 2175 435 AUGUSTlNl
2213 356 2515 415 EPISCOPI

3642 354 3746 411 ἰθὺ

2163 470 2376 542 quando
2399 470 2521 542 quid
2552 470 2756 535 intersit
2783 471 2919 528 inter
2950 468 3254 541 psalterium
3280 479 3333 528 et
3353 472 3611 528 citharam
3641 472 3741 544 (α),

2162 563 2299 617 sicut
2329 564 2615 632 potuimus,
2646 578 2890 619 sermone
2915 566 3296 632 discrevimus,
3327 574 3381 619 et
3405 564 3470 619 ad
3498 564 3740 619 intellec-

2162 662 2271 708 tum
2285 654 2516 708 omnium
2532 653 2819 724 perducere
2841 654 3047 709 interim
3063 654 3237 715 conati
3255 670 3436 709 sumus
3457 672 3470 706 :
3489 663 3744 723 quantum

2159 754 2339 805 autem
2366 734 2697 804 efl’ecerimus
2720 789 2736 813 ,
2776 748 3009 808 viderint
3048 748 3135 818 qui
3174 748 3473 805 audierunt.
3507 748 3571 805 Et
3602 763 3746 802 uuuc

2161 852 2267 891 non
2295 837 2593 907 importune
2619 839 2906 908 repetimus
2930 881 2946 906 ,
2976 848 3032 893 ut
3063 839 3114 893 in
3142 839 3240 894 ista
3270 838 3578 895 diversitate
3606 838 3743 892 duo-

2159 944 2279 985 rum
2306 930 2774 987 instrumentorum
2805 933 3152 997 musicorum,
3183 932 3543 988 diversitatem
3576 930 3746 985 far-too

2160 1037 2278 1077 rum
2309 1021 2661 1087 humanorum
2692 1023 3022 1079 inveniamus
3045 1064 3061 1087 ,
3093 1022 3439 1092 signiﬁcatam
3470 1037 3564 1092 per
3584 1020 3705 1079 haec
3725 1062 3742 1084 ,

2161 1113 2482 1189 implendam
2505 1122 2680 1172 autem
2703 1128 2799 1184 per
2820 1114 2978 1169 vitam
2999 1122 3249 1168 nostram.
3269 1111 3483 1169 Cithara
3504 1112 3518 1144 ¹
3538 1110 3742 1183 lignum

2160 1204 2289 1260 illud
2328 1220 2620 1260 concavum
2650 1214 2897 1280 tauquam
2929 1213 3237 1276 tympanum
3278 1204 3546 1274 pendente
3577 1212 3744 1259 testu-

2160 1297 2306 1362 dine,
2329 1298 2413 1352 cui
2446 1297 2587 1367 ligno
2610 1297 2823 1352 chorda:
2847 1298 3167 1364 innituntur,
3196 1305 3250 1351 ut
3276 1305 3427 1353 taetzc
3449 1304 3701 1350 resonent
3725 1311 3740 1349 :

2161 1404 2269 1445 non
2298 1388 2556 1464 plectrum
2587 1388 2707 1445 dico
2733 1405 2838 1459 quo
2881 1398 3167 1460 tanguntur
3190 1431 3204 1453 ,
3248 1389 3343 1445 sed
3381 1388 3577 1459 lignum
3606 1384 3743 1443 illud

2159 1480 2267 1536 dixi
2296 1496 2586 1535 concavum
2614 1481 2698 1536 cui
2729 1480 3095 1551 superjacent,
3126 1481 3210 1536 cui
3236 1478 3631 1552 quodammodo
3656 1480 3742 1534 ἰηι-

2159 1571 2435 1638 cumhunt,
2463 1582 2520 1626 ut
2545 1587 2609 1627 ex
2641 1572 2733 1626 illo
2760 1587 2879 1627 cum
2907 1581 3194 1643 tanguntur
3220 1571 3567 1637 tremefactzc,
3596 1580 3650 1628 et
3675 1588 3743 1631 ex

2160 1664 2248 1721 illa
2288 1666 2618 1722 concavitate
2654 1681 2846 1722 sonum
2884 1666 3280 1737 eoncipientes.
3324 1668 3490 1738 magis
3531 1683 3745 1722 canora:

2160 1755 2485 1811 reddantur:
2510 1756 2611 1812 hoc
2633 1752 2761 1828 ergo
2788 1757 2987 1827 lignum
3009 1756 3209 1812 cithara
3233 1756 3285 1811 in
3314 1755 3567 1813 inferiore
3590 1767 3746 1827 parte

2160 1845 2353 1915 habet,
2394 1848 2701 1917 psalterium
2741 1849 2793 1903 iu
2833 1844 3124 1918 superiore.
3168 1849 3292 1903 llmc
3330 1859 3413 1904 est
3447 1848 3743 1904 distinctio.

2162 1937 2416 1995 lubemur
2435 1949 2609 1994 autem
2628 1939 2786 1994 modo
2799 1941 3037 1995 conﬁteri
3056 1941 3107 1995 in
3123 1938 3323 1997 cithara
3341 1983 3356 2009 ,
3376 1950 3427 1995 et
3447 1941 3668 2010 psallere
3689 1941 3742 1995 iu

2163 2030 2414 2099 psalterio
2437 2030 2621 2086 decem
2647 2030 2984 2087 chordarum.
3016 2030 3131 2088 Non
3160 2031 3294 2094 dixit
3331 2033 3381 2086 in
3411 2032 3613 2086 cithara
3643 2031 3743 2086 de-

2160 2137 2276 2176 cent
2305 2120 2647 2189 chordarum,
2681 2138 2852 2193 neque
2878 2121 2931 2177 in
2958 2123 3060 2178 hoc
3087 2123 3311 2194 psalmo,
3341 2139 3535 2194 neque,
3561 2125 3608 2180 si
3635 2140 3747 2180 non

2160 2212 2333 2280 fallor,
2365 2214 2578 2271 alicubi.
2608 2214 2830 2285 Legant,
2856 2225 2908 2271 et
2936 2215 3274 2272 considerent
3301 2217 3488 2275 melius
3517 2225 3573 2272 et
3596 2217 3740 2272 otio-

2159 2304 2271 2359 sius
2297 2303 2390 2359 tilii
2415 2305 2581 2361 nostri
2605 2305 2858 2362 Lectores
2883 2325 2897 2363 :
2923 2316 3099 2363 tamen
3122 2316 3379 2378 quantum
3402 2308 3530 2363 mihi
3557 2307 3744 2363 videor

2158 2399 2486 2467 meminisse,
2522 2400 2699 2455 multis
2728 2400 2857 2456 locis
2888 2401 3188 2456 invenimus
3211 2401 3523 2472 psalterium
3551 2402 3743 2458 decem

2157 2489 2499 2558 chordarum,
2524 2492 2780 2547 citharam
2804 2491 2988 2547 decem
3008 2492 3329 2548 chordarum
3350 2509 3609 2564 nusquam
3637 2495 3742 2548 mi-

2160 2582 2214 2637 hi
2245 2583 2440 2637 lectum
2470 2583 2724 2639 occurrit.
2755 2582 3078 2639 Mementote
3105 2584 3362 2639 citharam
3391 2600 3458 2640 ex
3489 2584 3746 2641 inferiore

2160 2683 2313 2743 parte
2341 2673 2541 2730 habere
2569 2691 2676 2745 quo
2703 2684 2877 2741 sonat,
2907 2675 3215 2746 psalterium
3244 2691 3310 2732 ex
3337 2677 3631 2747 superiore.
3661 2677 3744 2734 Ex

2157 2763 2408 2820 inferiore
2434 2765 2560 2832 vita,
2590 2765 2639 2820 id
2667 2773 2752 2821 est
2776 2750 2986 2822 torrens
3003 2809 3019 2834 ,
3049 2766 3307 2824 habemus
3334 2769 3743 2838 prosperitatcm

2157 2864 2213 2911 et
2244 2855 2651 2924 adversitatem,
2682 2857 2823 2914 unde
2854 2857 3016 2913 Deum
3045 2857 3320 2915 laudemus
3343 2860 3364 2891 ³
3390 2860 3442 2914 in
3475 2869 3701 2931 utroque
3724 2905 3740 2926 ,

2157 2956 2216 3004 ut
2238 2964 2452 3019 seraper
2479 2950 2549 3005 sit
2574 2949 2689 3004 laus
2712 2949 2829 3019 ejus
2852 2949 2903 3004 in
2924 2963 3019 3004 ore
3046 2958 3251 3016 nostro,
3278 2960 3333 3006 et
3361 2950 3744 3008 benedicatuus

2157 3041 2441 3098 Dominum
2467 3043 2517 3097 in
2542 3045 2684 3098 omni
2711 3052 2949 3113 tempore
2969 3042 3140 3115 (Psal.
3164 3061 3351 3109 xxxut,
3375 3044 3455 3117 2).
3481 3046 3574 3102 Est
3596 3048 3743 3103 enim

2155 3133 2397 3204 qumdam
2425 3144 2630 3190 terrena
2659 3135 3003 3205 prosperitas,
3026 3143 3108 3190 est
3132 3135 3373 3205 quaedam
3405 3146 3614 3192 terrena
3642 3138 3743 3192 ad-

2155 3226 2381 3280 versitas
2407 3241 2423 3281 :
2449 3241 2513 3281 ex
2545 3237 2771 3297 utroque
2801 3225 3093 3281 laudandus
3120 3237 3200 3281 est
3234 3226 3374 3285 Deus
3392 3268 3407 3293 ,
3436 3238 3490 3281 ut
3516 3228 3742 3282 cithari-

2157 3330 2358 3372 zeutus.
2386 3317 2515 3383 Quae
2540 3326 2623 3372 est
2650 3326 2857 3372 terrena
2883 3316 3243 3388 prosperitas?
3266 3316 3398 3371 Cum
3421 3318 3534 3372 sani
3556 3332 3745 3374 sumus

2156 3406 2446 3479 secundum
2474 3422 2862 3477 carnem,cum
2890 3406 3163 3462 abundant
3190 3408 3366 3462 omnia
3391 3408 3581 3479 quibus
3607 3410 3743 3463 vivi-

2156 3514 2278 3555 mus
2300 3539 2317 3568 ,
2348 3514 2469 3565 cum
2500 3497 2836 3555 incolumitas
2868 3506 3048 3557 nostra
3076 3508 3321 3554 servatur
3343 3539 3359 3563 ,
3388 3512 3508 3554 cum
3537 3497 3743 3567 frttctus

2156 3592 2302 3661 large
2332 3591 2680 3660 proveniunt,
2721 3605 2841 3645 cum
2882 3590 3049 3645 solem
3091 3604 3244 3645 suum
3270 3591 3400 3649 oriri
3430 3591 3553 3647 facit
3577 3607 3746 3663 super

2156 3681 2326 3736 bonos
2345 3691 2397 3737 et
2418 3682 2608 3745 malos,
2629 3692 2684 3735 et
2699 3680 2830 3751 pluit
2845 3679 3193 3751 superjustos
3208 3690 3259 3735 et
3279 3680 3504 3752 injustas
3522 3682 3740 3754 (Matth.

2157 3788 2210 3839 v,
2232 3770 2345 3844 45).
2371 3772 2500 3828 Haec
2516 3772 2696 3826 omnia
2717 3771 2781 3825 ad
2801 3772 2960 3826 vitam
2984 3780 3247 3827 terrenam
3271 3774 3466 3829 valent.
3487 3774 3744 3845 Quisquis

2158 3863 2281 3919 inde
2303 3878 2407 3919 non
2429 3863 2607 3918 laudat
2629 3862 2818 3929 Deum,
2841 3861 3076 3933 ingratus
3096 3872 3196 3919 est.
3217 3862 3483 3935 Numquid
3500 3867 3623 3936 quia
3642 3875 3746 3925 ter-

2158 3970 2308 4022 rena,
2332 3954 2452 4019 ideo
2482 3969 2586 4009 non
2616 3954 2710 4009 Dei
2739 3953 2900 4008 sunt?
2925 3955 3031 4009 Aut
3055 3953 3177 4010 ideo
3198 3956 3331 4010 alter
3354 3970 3418 4012 ea
3442 3956 3569 4013 dare
3593 3959 3744 4029 cogi-

2160 4046 2350 4115 tandus
2376 4055 2480 4112 es1,
2510 4045 2631 4116 quia
2660 4044 2856 4100 dantur
2882 4054 2936 4101 et
2966 4045 3160 4100 malis?
3184 4046 3459 4119 Multiplex
3486 4058 3569 4104 est
3594 4051 3745 4106 enim

2160 4137 2521 4211 misericordia
2552 4137 2667 4204 Dei,
2697 4137 2901 4208 patiens
2926 4145 3029 4204 est,
3056 4136 3393 4208 longanimis.
3422 4140 3548 4197 lude
3572 4144 3746 4213 magis

2160 4229 2424 4303 signiﬁcat
2443 4229 2568 4300 quid
2590 4238 2767 4285 servet
2787 4228 2964 4296 bonis,
2982 4242 3104 4284 cum
3119 4228 3353 4285 aStendit
3367 4240 3560 4301 quanta
3576 4230 3749 4291 donet

2160 4337 2213 4383 et
2233 4327 2406 4381 malis.
2427 4325 2791 4381 Adversitates
2805 4335 3006 4391 autem,
3026 4340 3091 4381 ex
3108 4324 3356 4382 inferiore
3372 4328 3551 4398 utique
3567 4339 3741 4398 parte,

2159 4418 2229 4474 de
2254 4418 2539 4489 fragilitate
2560 4418 2771 4489 generis
2792 4417 3026 4482 humani,
3053 4418 3106 4471 itt
3128 4417 3422 4485 doloribus,
3446 4418 3498 4474 in
3522 4419 3745 4490 languo-

2161 4510 2333 4577 ribus,
2367 4511 2418 4565 itt
2452 4509 2749 4580 pressuris.
2779 4508 2832 4567 itt
2864 4507 3324 4574 tribulationibus,
3355 4510 3406 4564 in
3437 4510 3740 4567 teutationi-

2160 4602 2279 4660 bus.
2310 4602 2520 4672 Ubique
2540 4600 2720 4656 laudet
2747 4600 2908 4659 Deum
2935 4600 3021 4669 qui
3046 4600 3342 4655 citharizut.
3367 4602 3480 4657 Non
3503 4602 3750 4659 attendat

2161 4701 2285 4771 quia
2314 4696 2566 4753 inferiora
2591 4704 2735 4762 sunt,
2765 4694 2860 4750 sed
2885 4694 3007 4765 quia
3032 4704 3085 4749 et
3112 4694 3223 4764 regi
3247 4704 3302 4749 et
3328 4694 3606 4764 gubernari
3635 4711 3747 4751 non

2163 4799 2420 4862 possunt,
2462 4787 2565 4844 nisi
2601 4786 2671 4842 ab
2707 4785 2796 4840 illa
2834 4785 3136 4854 Sapientia,
3176 4802 3296 4854 qua:
3331 4786 3543 4857 attingit
3573 4802 3603 4840 a
3640 4786 3753 4844 ﬁne

2164 4895 2332 4951 usque
2367 4878 2436 4935 ad
2474 4878 2633 4934 ﬁnem
2674 4876 2897 4943 fortiter,
2939 4886 2990 4932 et
3025 4876 3260 4945 disponit
3297 4878 3472 4932 omnia
3511 4878 3755 4935 suaviter

2166 4971 2321 5043 (Sep.
2351 4986 2441 5026 Vill
2466 5012 2481 5036 ,
2514 4968 2591 5039 l).
2628 4967 2744 5023 Non
2782 4968 2923 5022 enim
2958 4968 3195 5023 caelestia
3235 4970 3405 5037 regit,
3445 4979 3500 5023 et
3536 4978 3754 5027 terrena

2163 5063 2362 5119 deserit
2390 5081 2404 5116 :
2432 5072 2526 5119 aut
2551 5076 2656 5115 non
2688 5060 2763 5115 illi
2793 5060 3018 5125 dicitur,
3050 5061 3164 5125 Quo
3188 5060 3335 5114 abibo
3363 5078 3392 5113 α
3415 5062 3593 5130 spiritu
3616 5074 3706 5115 tuo
3742 5106 3760 5130 ,

2164 5168 2211 5213 et
2248 5174 2279 5211 a
2318 5157 2447 5227 [acie
2472 5167 2561 5209 tua
2587 5171 2687 5225 quo
2717 5154 2906 5224 fugiant
2929 5154 2954 5206 ?
2980 5153 3042 5207 Si
3066 5152 3341 5207 ascendere
3368 5155 3420 5205 in
3448 5154 3628 5208 malum
3649 5194 3666 5218 ,
3705 5165 3763 5209 tu

2166 5251 2234 5305 ibi
2262 5266 2337 5313 es;
2365 5249 2408 5302 si
2433 5245 2737 5301 descendere
2756 5245 2808 5297 in
2836 5244 3108 5314 infernum,
3136 5244 3257 5297 ades
3286 5242 3456 5312 (Paul.
3483 5259 3713 5299 cxxxvttt
3745 5288 3762 5312 ,

2167 5345 2221 5409 7,
2249 5342 2343 5415 8)?
2368 5340 2468 5396 Ubi
2493 5354 2619 5409 ergo
2641 5338 2788 5393 deest
2810 5337 3178 5407 quilnusqttain
3194 5353 3304 5391 non
3325 5336 3439 5392 est?
3459 5337 3598 5409 Ergo
3618 5353 3757 5394 eon-

2232 5526 2248 5558 ί
2276 5523 2407 5573 ωλι
2432 5519 2630 5571 cithara
2645 5525 2716 5583 ert
2750 5516 2948 5583 (ignaua.
2986 5522 3250 5582 Expunge,
3275 5523 3345 5568 est
3373 5528 3393 5568 :
3416 5530 3442 5580 ς
3451 5517 3537 5567 uia
3551 5529 3761 5573 sensum

2168 5586 2308 5642 tollit,
2335 5598 2427 5633 nec
2449 5583 2656 5631 habetur
2681 5582 2727 5632 in
2752 5582 2858 5642 Mss.

2229 5639 2397 5711 "I‘leri
2420 5649 2641 5711 tue_Mss.:
2669 5651 2743 5692 Ea:
2763 5641 2991 5711 inferiore
3022 5639 3118 5692 vita
3133 5676 3148 5698 ,
3171 5653 3237 5711 ea:
3258 5639 3350 5692 ista
3370 5645 3504 5691 terra
3526 5640 3761 5697 habemus

2168 5707 2296 5758 unde
2319 5703 2466 5767 neunt
2488 5703 2758 5761 laudemus,
2778 5703 2824 5753 et
2841 5703 2892 5755 in
2915 5711 3132 5767 utroque,
3158 5709 3207 5754 ut
3228 5715 3433 5767 semper,
3462 5711 3557 5765 etc.

2233 5768 2307 5829 (rt)
2334 5765 2546 5829 t‘salterti
2585 5773 2636 5814 et
2665 5767 2861 5829 citharae
2884 5765 3172 5829 discrimen.
3214 5764 3338 5814 \‘id.'
3362 5764 3511 5814 Euar.’
3541 5767 3591 5816 in
3633 5768 3741 5820 t‘s..l

2174 5826 2476 5894 xu't,et'sal
2527 5841 2640 5890 axx,
2666 5839 2812 5878 serta.
2845 5828 2916 5888 lt,
2943 5841 2991 5876 ιι.
3027 5827 3096 5876 ιι.
