4032 6506
195 426 289 485 281

206 542 354 597 titerc
382 536 626 592 Domino
652 533 707 590 in
735 530 956 587 cithara.
988 525 1118 583 Sive
1148 522 1242 577 tibi
1268 518 1501 575 abundet
1525 526 1795 572 terrenum

212 628 427 702 aliquid,
458 629 665 700 gratias
692 637 790 695 age
818 620 893 676 illi
919 619 1008 689 qui
1036 615 1220 678 dedit;
1250 614 1362 666 sive
1394 610 1485 665 tibi
1508 608 1647 702 desit
1670 650 1683 669 ,
1713 604 1795 660 vel

370 698 577 777 damno
603 718 698 791 tibi
724 714 1010 791 auferatur,
1039 708 1288 764 cithariza
1315 718 1553 759 securus.
1582 698 1695 791 Non
1717 706 1798 753 est
1832 762 1837 767 ,

215 814 352 869 enim
377 812 468 866 ille
496 810 591 863 tibi
618 789 823 863 ablatus
847 802 934 873 qui
964 800 1138 861 dedit,
1168 794 1408 865 quamvis
1438 792 1529 847 tibi
1558 790 1793 846 ablatum

214 900 374 960 fuerit
397 898 544 971 queri
573 898 743 954 dedit.
772 895 943 950 Etiam
969 892 1067 955 sic,
1102 889 1339 957 inquam,
1370 881 1621 938 cithariza
1647 895 1798 971 secu-

216 1010 334 1057 rus;
355 969 545 1047 certus
570 992 622 1043 in
652 990 760 1042 Deo
780 995 871 1040 tuo
890 1025 904 1046 ,
931 990 1084 1051 Lange
1109 977 1336 1061 chordas
1362 976 1414 1029 in
1436 971 1617 1037 corde,
1642 980 1694 1024 et
1714 969 1800 1023 die

216 1098 466 1155 tanquam
504 1085 558 1137 in
585 1081 790 1135 cithara
819 1084 872 1131 in
900 1074 1150 1129 interiore
1188 1076 1337 1139 parte
1364 1066 1500 1120 bene
1526 1071 1750 1155 sonante
1781 1076 1797 1114 :

218 1153 477 1235 Dmninns
505 1173 674 1236 dedit,
713 1168 966 1225 Dominus
995 1163 1209 1219 abstulit
1232 1177 1247 1224 ;
1274 1159 1410 1213 sicut
1436 1155 1659 1213 Domino
1685 1153 1799 1222 pla-

217 1271 325 1327 cuit
349 1312 363 1334 ,
399 1270 473 1323 ita
519 1267 717 1322 factum
744 1271 827 1319 est
859 1277 873 1315 :
905 1261 975 1315 sit
1001 1270 1193 1312 nomen
1226 1250 1432 1310 Domini
1463 1247 1797 1305 benedictum

218 1364 335 1436 (Job
360 1379 399 1428 ι,
426 1362 546 1432 2t).

198 1427 240 1479 “
286 1460 339 1514 ϐξ
368 1427 646 1512 εἰθιηῖετο
672 1464 793 1505 cum
822 1443 1048 1501 attevedis
1068 1440 1336 1510 superiora
1362 1436 1499 1491 dona
1530 1431 1642 1497 Dei,
1675 1427 1800 1500 quid

217 1552 307 1606 tibi
332 1546 625 1604 contulerit
667 1549 1046 1612 praeceptorum
1069 1577 1083 1601 ,
1113 1549 1213 1605 qua
1249 1531 1485 1585 doctrina
1516 1525 1717 1581 cmlesti
1749 1535 1799 1581 te

218 1641 501 1700 imbuerit,
533 1633 659 1706 quid
691 1632 783 1688 tibi
825 1630 1055 1699 desuper
1095 1641 1160 1679 ex
1205 1623 1344 1676 illius
1386 1617 1619 1673 veritatis
1659 1614 1800 1669 fonte

217 1729 576 1803 praeceperit‘
608 1769 624 1793 ,
670 1734 987 1780 convertere
1034 1725 1086 1771 ct
1132 1714 1199 1769 ad
1249 1710 1584 1803 psalterium,
1636 1706 1800 1776 psalle

218 1800 442 1879 Domino
490 1821 545 1875 in
595 1814 848 1887 psalterio
901 1811 1084 1866 decem
1136 1805 1473 1861 cbordarmn.
1530 1800 1800 1868 Prmcepta

214 1921 354 1974 enim
385 1914 524 1984 legis
573 1912 760 1966 decem
800 1913 922 1960 snnt
954 1921 968 1958 :
1001 1902 1052 1957 in
1096 1900 1279 1955 decem
1327 1890 1801 1984 przt-ceptisLegis

218 2009 379 2065 babes
409 1982 743 2075 psalterium.
773 1994 1008 2053 Perfecta
1038 2006 1124 2047 res
1143 1996 1243 2045 est.
1271 1987 1445 2042 Habes
1469 1984 1539 2039 ibi
1562 1982 1802 2037 dilectio-

216 2116 339 2156 nem
368 2097 468 2152 Dei
494 2096 547 2149 in
582 2094 779 2155 tribus,
809 2097 860 2145 et
888 2085 1220 2141 dilectionem
1252 2077 1472 2150 proximi
1497 2076 1547 2147 in
1574 2085 1798 2142 septem.

216 2193 284 2248 Et
311 2191 498 2259 utique
528 2185 665 2240 nosti
692 2225 706 2247 ,
739 2179 961 2236 Dmnino
990 2176 1199 2229 dicente
1219 2213 1233 2235 ,
1260 2162 1383 2239 quia
1420 2169 1471 2220 in
1498 2166 1575 2219 Itis
1607 2164 1803 2218 duobus

219 2282 484 2355 πορθμεῦ
503 2288 606 2333 tota
636 2275 740 2329 Lex
766 2271 945 2342 pendet
986 2277 1035 2323 et
1075 2265 1343 2355 Propheta:
1387 2260 1609 2355 Matth.
1656 2272 1798 2355 xhxn,

216 2346 342 2447 λθ).
382 2346 530 2429 ⁷ῡίεἰι
572 2369 665 2424 tibi
714 2365 855 2421 Deus
887 2362 1150 2427 desuper,
1210 2354 1330 2447 quia
1375 2351 1623 2447 Dominus
1669 2346 1804 2447 Dens

220 2439 361 2531 tatis,
394 2463 536 2518 Dens
563 2475 692 2520 unus
715 2464 788 2510 est
814 2471 833 2509 :
860 2452 1022 2507 habes
1048 2463 1204 2503 unam
1226 2443 1498 2501 chordam.
1532 2439 1651 2503 Non
1671 2439 1808 2493 acciv-

220 2562 328 2631 pias
353 2558 406 2610 in
434 2569 619 2609 ranam
654 2564 834 2604 nomen
869 2544 1069 2599 Domini
1110 2539 1206 2605 Dei
1244 2539 1318 2593 tui
1348 2552 1365 2591 :
1391 2535 1554 2631 babes
1581 2534 1802 2587 alteram

224 2624 503 2703 chordam.
535 2641 756 2697 Observa
785 2636 917 2690 diem
945 2631 1171 2695 sabbati,
1219 2642 1323 2682 non
1352 2624 1664 2685 carnaliter,
1699 2636 1807 2679 non

220 2742 447 2815 iudaicis
486 2734 725 2800 deliciis,
769 2730 859 2802 qui
901 2727 1011 2782 otio
1056 2723 1344 2778 abutuntur
1381 2719 1447 2774 ad
1494 2715 1802 2815 nequitiam.

223 2806 409 2891 hellus
434 2829 581 2886 enim
612 2826 794 2893 utique
825 2829 929 2875 tota
958 2818 1045 2872 die
1073 2815 1314 2871 luderent
1340 2854 1355 2879 ,
1391 2825 1549 2882 quam
1585 2816 1690 2863 tota
1721 2806 1808 2862 die

225 2926 506 2981 saltarent.
535 2916 641 2974 Sed
668 2923 723 2969 tu
749 2910 988 2981 cogitans
1007 2906 1248 2976 requiem
1274 2903 1326 2957 in
1354 2902 1466 2956 Deo
1491 2911 1581 2954 tuo
1608 2906 1661 2952 et
1689 2913 1810 2966 pro-

222 3026 342 3087 pter
371 3015 543 3082 ipsam
572 3004 813 3075 requiem
843 3000 1020 3057 omnia
1047 2996 1245 3050 faciens
1264 3034 1279 3058 ,
1309 2992 1517 3046 abstine
1553 2989 1619 3044 ab
1647 3002 1811 3071 opere

226 3084 431 3162 servili.
472 3098 664 3156 Omnis
711 3093 852 3148 enim
878 3089 964 3161 qui
992 3087 1119 3143 facit
1146 3092 1418 3156 peccatum
1442 3121 1458 3146 ,
1511 3092 1700 3133 servus
1728 3084 1812 3132 est

226 3191 629 3269 pecu-aliut)”.
673 3183 1031 3254 vtn,34):et
1079 3178 1276 3233 utinam
1318 3171 1582 3236 hominis,
1626 3180 1809 3269 etnon

227 3261 428 3359 peccati
452 3285 467 3338 i
500 3282 625 3338 limo
655 3278 753 3333 tria
783 3273 1049 3346 pertinent
1076 3268 1143 3323 ad
1188 3265 1525 3322 dilectionem
1560 3261 1685 3351 Dei,
1715 3275 1811 3359 eu-

226 3352 311 3451 jus
335 3377 512 3446 mgita
529 3372 805 3432 unitatem,
823 3365 1099 3420 veritatem
1116 3368 1170 3415 et
1180 3356 1547 3429 voluptatem'.
1566 3352 1813 3451 listenim

227 3444 471 3541 quaedam
502 3464 748 3531 Voluptas
794 3458 844 3511 in
874 3453 1096 3509 Domino
1116 3493 1131 3516 ,
1158 3449 1247 3505 ubi
1303 3444 1810 3541 verum—sabbatum,

230 3534 357 3619 sera
386 3556 625 3627 requies.
652 3550 807 3608 Unde
832 3546 1060 3602 dicitur:
1094 3539 1359 3595 Delectare
1394 3538 1449 3591 in
1476 3534 1725 3627 Domino,
1769 3539 1819 3627 et

231 3654 367 3715 dabit
527 3645 789 3718 petitiones
812 3638 978 3693 cordis
1005 3635 1081 3689 tui
1109 3629 1295 3704 (Paul.
1322 3644 1485 3705 xxxvi
1510 3669 1524 3692 ,
1554 3626 1584 3681 Δ
1605 3624 1647 3697 ).
1687 3624 1816 3718 Quis

230 3748 371 3802 enim
398 3745 477 3797 sic
505 3715 737 3795 delectat
756 3775 771 3800 ,
800 3745 960 3801 quam
989 3727 1078 3782 ille
1101 3724 1190 3795 qui
1221 3721 1347 3777 fecit
1373 3720 1553 3775 omnia
1582 3732 1701 3786 qum
1729 3715 1819 3769 de.

232 3835 466 3894 lectam?
494 3833 549 3888 In
582 3831 665 3885 his
707 3827 875 3881 tribus
918 3821 1149 3877 Charitas
1185 3816 1312 3881 Dei,
1354 3814 1406 3869 in
1450 3820 1653 3881 septem
1697 3808 1818 3863 aliis

230 3930 464 3985 claritas
493 3919 759 3992 proximi,
807 3930 876 3970 ne
906 3912 1065 3967 iacias
1104 3907 1193 3962 alii
1227 3903 1370 3975 quod
1417 3902 1521 3973 pati
1566 3914 1671 3955 non
1714 3900 1816 3992 vis.

235 4020 469 4076 Hortum
498 3991 696 4085 patrem
715 4018 764 4063 et
784 4015 994 4061 matrem
1016 4001 1175 4071 :quia
1192 4004 1272 4054 vis
1292 4005 1343 4052 te
1365 3993 1612 4051 honorari
1638 4007 1668 4046 a
1696 3991 1820 4046 ﬁliis

235 4115 362 4170 tuis.
396 4108 522 4165 Non
541 4101 803 4162 iniecitini;
833 4114 851 4153 :
875 4097 998 4167 quia
1028 4107 1128 4148 nec
1151 4087 1406 4147 mmcbari
1431 4099 1651 4141 uxorem
1677 4092 1818 4138 tuam

233 4214 355 4277 post
396 4210 451 4256 te
489 4200 591 4254 vis.
640 4192 763 4249 Non
814 4183 1189 4261 occidanquia
1231 4189 1286 4235 et
1335 4176 1505 4233 occidi
1553 4190 1660 4277 non
1715 4174 1818 4277 vis.

236 4262 357 4352 illo:
409 4291 633 4365 fuerit:
659 4284 784 4356 quia
837 4281 1032 4334 furtum
1084 4273 1213 4365 pati“
1243 4268 1502 4365 non-vis.
1561 4264 1682 4319 Non
1720 4262 1824 4365 (al-

233 4404 347 4444 unt
388 4354 731 4437 testimonium
777 4372 918 4427 dicas
941 4365 1101 4438 :quia
1129 4361 1287 4417 odisti
1314 4359 1595 4415 adversum
1641 4364 1694 4410 te
1725 4354 1821 4409 ial-

233 4493 353 4534 sntn
384 4468 750 4530 testimonium
777 4463 1063 4519 dicentem.
1099 4454 1220 4509 Non
1246 4451 1575 4521 concupiscas
1615 4462 1823 4501 uxorem

239 4566 456 4642 proxinti
474 4564 551 4619 tui
580 4578 601 4616 :
630 4558 755 4631 quia
779 4563 837 4611 et
861 4565 1004 4608 tuam
1036 4564 1139 4604 non
1163 4547 1242 4601 vis
1269 4544 1338 4599 ab
1362 4543 1470 4597 alio
1495 4540 1820 4642 concupisci.

241 4633 363 4717 iVon
386 4655 719 4726 concupiscas
746 4665 852 4703 rem
878 4645 1104 4715 aliquam
1134 4637 1352 4711 proximi
1380 4636 1490 4705 tui(
1517 4633 1695 4726 Exom-
1715 4648 1820 4726 χχ,

148 4726 157 4731 ί
238 4754 401 4817 to”;
435 4723 592 4803 Deut.
618 4760 651 4798 v
671 4785 687 4811 ,
719 4738 841 4796 6-2l
864 4738 883 4809 )
910 4735 1066 4807 :quia
1093 4734 1137 4787 si
1165 4730 1283 4801 quis
1310 4738 1450 4781 tuam
1476 4723 1821 4792 concupiscit,

238 4813 485 4916 displicet
516 4839 631 4894 tibi.
659 4814 923 4889 Converte
947 4838 1000 4883 et
1027 4826 1079 4879 in
1110 4833 1161 4878 te
1192 4822 1455 4916 linguam,
1484 4814 1698 4916 quando
1730 4813 1824 4916 aut

236 4903 485 5007 displicet
504 4927 597 4999 qui
614 4924 710 4980 tibi
727 4930 899 4976 nocet.
922 4916 1047 4972 llazc
1064 4912 1241 5007 onmia
1267 4916 1528 4978 praecepta
1560 4903 1822 5007 Dei-sunt,

236 4992 502 5096 sapientia
527 4992 763 5074 donante
788 5011 908 5065 data
947 5012 1104 5071 sunt,
1135 5002 1365 5069 desuper
1388 5003 1598 5096 sunanl.
1646 4992 1736 5047 Ta:
1760 5006 1826 5059 ge

238 5090 554 5192 psalterium
575 5153 591 5175 ,
619 5106 780 5177 imple
803 5104 1036 5171 Legem,
1066 5109 1223 5167 quam
1256 5090 1677 5192 Dominus-Deus
1706 5094 1827 5192 tutis

238 5176 350 5269 non
396 5208 546 5263 venit
582 5176 828 5262 solvere,
872 5192 965 5249 sed
1011 5188 1300 5257 adimplere
1333 5182 1559 5255 (Matth.
1610 5196 1663 5243 v,
1702 5176 1847 5249 17).,

239 5303 501 5375 [lusitabis
521 5298 667 5354 enim
692 5305 875 5349 amore
893 5330 908 5355 ,
938 5282 1076 5357 quod
1114 5281 1305 5375 timore
1336 5292 1441 5375 nqn
1469 5269 1828 5375 poteras.“Qui

238 5360 658 5454 timendo
692 5399 799 5438 non
830 5378 948 5435 facit
979 5373 1117 5430 male
1136 5414 1150 5433 ,
1180 5367 1363 5423 mallet
1390 5365 1596 5454 facere,
1629 5362 1671 5415 si
1700 5360 1827 5413 lice-

236 5453 346 5545 ret.
374 5488 555 5554 Itaque
580 5479 682 5535 etsi
705 5471 928 5533 facultas
956 5483 1057 5520 non
1085 5463 1261 5523 datur,
1292 5453 1576 5554 voluntas-8
1601 5458 1847 5513 tenetur,

236 5544 361 5637 Son
388 5544 547 5637 facio,
577 5566 770 5638 inquit.
799 5556 1011 5630 Quare?
1038 5553 1172 5625 Quia
1198 5551 1379 5605 timeo.
1410 5544 1654 5607 Nondum
1685 5554 1833 5595 amas

310 5716 328 5747 ⁸
351 5719 459 5778 Iss-
482 5715 601 5778 κρε-
622 5707 682 5778 si
698 5694 1005 5778 $3951.21”.
1015 5683 1204 5778 f‘Efﬁl“
1216 5679 1431 5778 3⁸3522

310 5741 331 5809 ἶ
698 5741 828 5809 notio
982 5758 1037 5801 At
1056 5747 1194 5807 Edd.,
1214 5752 1260 5796 et
1284 5741 1580 5794 tolerantem.
1604 5745 1833 5800 Moxque,

358 5836 471 5886 dm
485 5829 720 5882 uoluntas.

269 5872 720 5949 cf
744 5888 873 5941 Mss,
893 5873 1104 5927 rotantes
1125 5882 1207 5923 rea
1229 5872 1426 5920 tenetur.

1275 403 1662 465 ENAliRATiO
1701 401 1765 458 ΠΝ
1806 400 2124 460 PS.\i..\lU}l
2166 405 2375 462 XXXII.

3374 398 3480 457 282

1900 519 2194 590 justitiam,
2227 522 2398 576 adlme
2434 537 2617 579 servus
2651 539 2709 579 es
2739 544 2751 581 :
2781 533 2895 581 esto
2927 525 3081 581 filius.
3113 526 3217 584 Sed
3247 543 3312 583 ex
3338 528 3479 585 bono

1904 629 2060 669 servo
2091 614 2141 668 lit
2189 615 2359 669 bonus
2399 614 2554 671 illius.
2602 614 2814 671 interim
2848 619 3078 672 timendo
3127 620 3231 673 noli
3267 618 3476 689 facere,

1903 702 2077 760 disces
2103 714 2157 760 et
2184 705 2410 759 amando
2440 721 2543 759 non
2579 707 2767 761 facere.
2801 706 2893 761 Est
2921 710 3060 763 enim
3092 710 3333 785 quaadatn
3361 711 3481 782 ptui-

1902 793 2410 865 ein-itudojustitim.
2459 797 2615 857 Pcenzt
2648 808 2697 852 te
2738 798 3024 855 deterreat.
3071 801 3236 856 liabet
3276 801 3480 874 juStitia
3576 828 3587 840 ι

1903 885 2125 941 formam
2148 903 2296 941 suam
2313 932 2325 953 ,
2351 889 2534 944 oculos
2557 891 2772 960 qnzrrit,
2797 893 3035 948 acet-tulit
3053 905 3316 950 amatores
3332 912 3479 953 suos.

1905 976 2007 1030 i'ro
2038 977 2135 1035 hac
2160 977 2416 1054 Martyres
2455 980 2706 1039 stcculum
2752 982 3046 1049 calcantes,
3072 986 3380 1059 sanguinem
3407 988 3485 1043 [ιι-

1904 1066 2116 1121 derunt.
2145 1067 2281 1135 Quid
2320 1070 2597 1138 amabant,
2627 1073 2836 1149 quando
2861 1074 2977 1132 istis
3004 1077 3252 1131 omnibus
3279 1094 3482 1133 renuu-

1906 1157 2144 1213 tiabant?
2176 1157 2307 1216 Num
2335 1161 2476 1220 enim
2518 1161 2592 1216 illi
2622 1179 2724 1217 non
2750 1175 2900 1218 erant
2928 1170 3233 1224 amatores?
3258 1179 3349 1224 aut
3382 1150 3482 1225 hoc

1904 1249 2054 1303 vobis
2080 1250 2326 1318 dicimus,
2346 1262 2404 1306 ιιι
2431 1268 2536 1311 non
2566 1255 2797 1308 ametis?
2823 1258 2921 1323 Qui
2953 1274 3057 1311 non
3089 1269 3250 1323 amat,
3278 1260 3480 1331 friguit,

1904 1342 2152 1412 obriguit.
2199 1343 2452 1412 Ametur,
2502 1346 2594 1399 sed
2636 1347 2719 1401 illa
2766 1349 3102 1417 pulchritudo
3142 1369 3261 1420 qua:
3303 1354 3482 1409 cordis

1903 1434 2085 1486 oculos
2113 1436 2317 1503 quaerit.
2352 1437 2599 1503 Amatur,
2629 1437 2719 1492 sed
2748 1439 2831 1493 illa
2865 1440 3197 1509 pulchritudo
3228 1461 3343 1513 qua:
3367 1447 3481 1500 latt-

1902 1522 2021 1578 data
2047 1525 2245 1593 justitia
2288 1526 2522 1583 incendit
2550 1529 2776 1587 animos.
2808 1530 3063 1587 Promuut
3093 1536 3285 1602 verba,
3310 1539 3480 1597 edunt

1902 1634 2096 1680 voces,
2127 1619 2357 1688 undique
2404 1620 2619 1688 dicunt,
2664 1622 2842 1688 Bene,
2885 1624 3109 1696 Optime.
3149 1627 3284 1696 Quid
3332 1631 3479 1686 vide-

1903 1711 2067 1765 runt?
2093 1710 2355 1770 Ju~titiatn
2386 1712 2648 1776 viderunt,
2682 1715 2731 1769 in
2759 1733 2860 1786 qua
2886 1717 2901 1749 ¹
2926 1718 3147 1785 pulcher
3181 1730 3262 1774 est
3287 1737 3484 1779 curvus

1903 1816 2087 1858 senex.
2115 1803 2227 1858 Non
2250 1805 2391 1862 enim
2413 1805 2455 1860 si
2489 1807 2735 1875 procedat
2761 1824 2920 1865 senex
2944 1809 3148 1881 justus,
3176 1822 3256 1867 est
3281 1813 3480 1883 aliquid

1903 1892 1956 1949 in
1987 1893 2103 1963 ejus
2141 1909 2364 1965 corpore
2402 1896 2541 1966 quod
2586 1908 2794 1955 ametur
2817 1942 2832 1966 ,
2865 1910 2918 1956 ct
2961 1910 3134 1959 numen
3165 1914 3370 1959 amatur
3411 1905 3480 1961 ab

1903 1991 2166 2047 omnibus.
2200 1990 2272 2046 lbi
2302 2000 2529 2059 amatur,
2561 1992 2647 2046 ubi
2691 2009 2795 2047 non
2825 1994 3072 2063 videtur;
3103 1997 3208 2051 imo
3237 1999 3305 2053 ibi
3336 2014 3480 2053 ama-

1906 2091 2024 2150 tur,
2058 2083 2145 2139 ubi
2171 2084 2332 2139 corde
2363 2084 2591 2140 videtur.
2641 2086 2874 2142 Delectet
2908 2104 3002 2144 vos
3028 2107 3188 2160 ergo,
3220 2100 3273 2145 et
3301 2102 3483 2162 rogate

1906 2175 2182 2230 Dominum
2203 2183 2259 2230 ut
2275 2175 2519 2233 delectet.
2545 2176 2797 2234 Dominus
2813 2180 2950 2234 enim
2977 2179 3122 2236 dabit
3146 2183 3481 2248 suavitatem,

1906 2285 1958 2327 et
1988 2281 2127 2327 terra
2174 2283 2352 2329 nostra
2393 2273 2539 2329 dabit
2579 2274 2805 2329 fructum
2846 2291 2998 2330 suum
3041 2275 3224 2345 (Psal.
3256 2292 3482 2341 uxxzv,

1909 2361 2012 2434 i3)
2046 2380 2059 2417 :
2092 2372 2149 2416 ut
2179 2379 2274 2433 per
2297 2364 2610 2421 eltaritatem
2643 2367 2903 2435 impleatis
2931 2367 3071 2436 quod
3108 2384 3203 2438 per
3241 2368 3486 2423 timorem

1908 2453 2131 2524 implere
2168 2454 2382 2510 difﬁcile
2425 2464 2525 2511 est.
2568 2455 2704 2526 Quid
2752 2456 2872 2512 diCt)
2897 2459 2918 2489 ¹
2947 2458 3163 2512 difﬁcile
3211 2458 3334 2513 est?
3371 2458 3487 2514 Non

1910 2555 2084 2616 potest
2111 2547 2285 2604 adhuc
2308 2548 2519 2603 animus
2548 2565 2563 2603 :
2593 2550 2778 2605 mallet
2805 2566 2907 2605 non
2935 2565 3053 2605 esse
3080 2551 3218 2621 quod
3252 2538 3495 2622 prteeipio'

1912 2646 1997 2702 tur
2018 2678 2033 2701 ,
2063 2638 2109 2693 si
2137 2637 2204 2692 ad
2234 2638 2529 2701 faciendum
2560 2655 2743 2695 amore
2769 2655 2872 2694 non
2904 2640 3145 2706 ducitur,
3177 2643 3268 2695 sed
3297 2644 3490 2697 timore

1910 2736 2225 2783 coarctatur.
2247 2727 2363 2783 Noli
2392 2726 2587 2783 l‘urtum
2613 2729 2806 2795 facere,
2827 2731 2951 2785 time
2975 2731 3248 2801 gehennas
3272 2749 3285 2785 :
3310 2733 3491 2789 mallet

1913 2833 2020 2880 non
2051 2834 2169 2873 esse
2188 2818 2493 2889 gehennas,
2522 2820 2574 2875 in
2602 2832 2733 2889 quas
2760 2821 3076 2882 mitteretur.
3110 2821 3330 2888 Quando
3361 2824 3491 2875 iilt'l-

1914 2908 1991 2979 pit
2042 2923 2220 2964 amare
2254 2909 2548 2980 justitiam,
2582 2908 2683 2965 nisi
2725 2909 2937 2981 quando
2982 2910 3162 2969 mallet
3208 2911 3342 2967 furta
3385 2929 3489 2965 non

1913 3013 2035 3054 esse
2056 3041 2071 3065 ,
2096 2998 2194 3053 etsi
2225 2999 2482 3069 gehenna:
2525 3016 2629 3055 non
2656 2998 2867 3066 essent,
2897 3001 2949 3061 in
2979 3016 3110 3072 quas
3138 3000 3284 3056 fures
3321 3000 3499 3056 mitte?

1914 3102 2100 3146 rentur
2121 3091 2145 3144 ἲ
2174 3090 2285 3147 lloc
2305 3100 2387 3146 est
2404 3090 2593 3157 amare
2607 3093 2888 3162 justitiam.

1986 3184 2039 3239 7.
2084 3184 2149 3238 Et
2192 3185 2302 3253 ipsa
2347 3185 2546 3254 justitia
2576 3185 2746 3255 qualis
2771 3186 2893 3240 est?
2933 3185 3050 3258 quis
3091 3186 3233 3240 illam
3281 3187 3495 3256 pingit?

1915 3276 2187 3347 Sapientia
2220 3277 2309 3333 Dci
2336 3293 2493 3348 quam
2524 3278 2962 3347 pulchritudinem
2992 3279 3191 3334 habet?
3222 3279 3322 3333 Per
3351 3280 3495 3338 illaut

1917 3368 2134 3439 pulchra
2159 3380 2281 3422 sunt
2302 3370 2497 3432 munia,
2533 3384 2651 3439 qua:
2681 3369 2849 3424 oculis
2878 3370 3079 3438 placent
3110 3387 3122 3422 :
3154 3370 3201 3424 ei
3232 3370 3495 3437 videndze,

1917 3459 2354 3530 complectendtc,
2374 3460 2534 3514 corda
2558 3458 2853 3513 mundanda
2881 3467 3022 3513 sunt.
3054 3459 3217 3529 liujus
3235 3474 3330 3513 nos
3348 3475 3497 3515 ama-

1919 3559 2064 3608 tores
2094 3550 2402 3621 prolitemur
2432 3569 2444 3604 :
2476 3552 2586 3621 ipsa
2626 3565 2724 3605 nos
2760 3551 3058 3619 componit,
3081 3560 3137 3605 ut
3161 3552 3209 3605 ei
3250 3566 3354 3604 non
3385 3551 3497 3605 dis-

1920 3644 2229 3713 pliceamus.
2288 3643 2351 3697 Et
2380 3642 2593 3713 quando
2622 3658 2719 3697 nos
2748 3641 3145 3711 reprehendunt
3173 3642 3415 3696 homines
3444 3628 3508 3698 in.

1922 3737 2005 3791 his
2033 3736 2227 3801 rebus,
2268 3735 2540 3805 inquibus
2582 3734 2629 3790 ei
2675 3749 2832 3804 quam
2878 3733 3146 3801 diligimus
3195 3735 3497 3801 placemus,

1921 3827 2188 3900 quomodo
2211 3826 2357 3897 parvi
2382 3825 2636 3883 habemus
2657 3824 3072 3896 reprehensores
3099 3834 3331 3889 nostros,
3362 3836 3515 3894 quoa

1921 3919 2082 3975 modo
2103 3919 2222 3975 illos
2237 3917 2628 3979 contemnimus
2647 3924 2700 3970 et
2723 3916 2941 3970 omnino
2968 3915 3112 3968 nihili
3133 3914 3410 3984 pendimus
3431 3913 3453 3946 ³
3477 3915 3502 3968 ?

1922 4016 2205 4069 Amatores
2237 4010 2423 4075 lubrit-i
2469 4016 2522 4065 et
2549 4008 2879 4065 damnabiles
2910 4006 3223 4063 feminarum
3244 4049 3257 4073 ,
3289 4007 3503 4077 quando

1923 4116 2113 4161 amata:
2159 4107 2393 4175 ipsorum
2435 4112 2767 4177 componunt
2812 4101 2932 4159 illos
2980 4100 3270 4155 secundum
3320 4100 3504 4153 oculos

1925 4213 2051 4253 suos
2073 4238 2089 4260 ,
2121 4196 2166 4251 si
2199 4195 2325 4264 ipsis
2354 4194 2631 4269 placeant,
2660 4206 2763 4245 non
2792 4199 2980 4247 curant
3022 4198 3116 4243 eos
3157 4188 3348 4257 quibus
3389 4186 3504 4243 dis-

1928 4290 2159 4360 plicent,
2208 4295 2453 4356 putantes
2502 4283 2602 4339 sibi
2640 4280 2884 4343 Sufﬁcere
2927 4280 3067 4356 quod
3115 4294 3296 4333 earum
3335 4276 3521 4335 oculis

1927 4379 2240 4454 placent,ad
2260 4393 2388 4448 quas
2404 4375 2650 4431 atiectant
2678 4382 2765 4428 :et
2793 4373 3099 4447 plerumque
3118 4370 3367 4438 gravibus
3392 4369 3505 4424 dis-

1927 4477 2122 4547 plicent
2147 4513 2161 4539 ,
2192 4472 2298 4525 imo
2345 4482 2557 4535 semper
2583 4464 2833 4536 gravibus
2857 4462 3170 4531 diSplicent,
3198 4470 3251 4515 et
3280 4459 3505 4514 meliore

1922 4546 2123 4638 judicio
2148 4581 2190 4617 rt
2208 4558 2624 4631 prehenduntur.
2655 4555 2768 4612 Non
2798 4553 2933 4611 bene
2959 4561 3141 4608 tonsus
3166 4567 3246 4615 es,
3273 4550 3397 4604 dicit
3426 4546 3521 4605 vir

1927 4660 2102 4733 gravis
2128 4657 2325 4712 lascivo
2351 4651 2677 4709 adolescenti
2701 4692 2714 4713 ,
2748 4664 2854 4705 non
2893 4657 2943 4702 te
2987 4645 3140 4703 decet
3167 4658 3285 4698 eum
3316 4644 3505 4699 talibus

1928 4753 2187 4811 cincinnis
2215 4749 2479 4805 incedere.
2511 4744 2665 4801 Novit
2691 4750 2867 4796 autem
2892 4739 2981 4793 ille
3001 4737 3221 4808 Capillos
3251 4737 3372 4791 illus
3400 4735 3510 4804 pla-

1929 4862 2052 4903 cere
2078 4832 2367 4899 nescio'cui
2393 4854 2405 4892 :
2431 4837 2542 4892 odit
2563 4845 2614 4890 te
2642 4831 3118 4904 reprehendentem
3140 4843 3265 4882 vero
3284 4826 3506 4898 judicio,

1929 4947 1984 4994 et
2017 4934 2270 4995 servatiu
2301 4946 2360 4985 se
2386 4927 2525 4999 quod
2558 4926 2728 4996 placet
2756 4936 3009 4991 perveno
3050 4919 3290 4973 consilio.
3326 4917 3512 4972 inimi-

1931 5049 2050 5087 eum
2081 5039 2131 5088 te
2170 5035 2338 5099 putat,
2370 5022 2491 5094 quia
2522 5018 2899 5091 turpitudinem
2923 5014 3089 5066 demis
3111 5009 3130 5042 ⁸
3150 5051 3163 5065 .
3198 5009 3349 5081 Fugit
3380 5025 3508 5064 oeu-

1932 5125 2015 5178 los
2041 5094 2195 5184 tuos,
2221 5125 2275 5172 et
2301 5113 2519 5171 omnino
2543 5126 2644 5162 non
2675 5114 2826 5161 curat
2854 5120 2954 5175 qua
2986 5102 3163 5172 regula
3183 5102 3400 5172 justitia:
3430 5094 3533 5156 re?

1934 5211 2312 5285 prehendatur.
2336 5205 2393 5260 Si
2417 5218 2542 5272 ergo
2562 5198 2636 5254 illi
2660 5213 2765 5252 non
2785 5205 2969 5251 curant
2992 5193 3403 5265 reprelicnSores
3428 5207 3516 5245 ve-

2000 5356 2015 5386 ¹
2042 5348 2113 5401 sic
2129 5343 2350 5411 νιιῖτίίιυίὲ
2373 5333 2652 5411 “Nam?
2666 5338 2793 5411 “9i?
2807 5339 2914 5411 “55:
2935 5329 3045 5411 ὟἮῖ
3062 5324 3515 5411 τ’ῗΣῩῖΞῗάῘίίΕΕἷίξ

1935 5391 2298 5470 clamitabant
2328 5391 2570 5470 laudatur.
2606 5393 2817 5470 J'ust‘itia
2835 5391 3312 5470 incgitqizimqpijwii

1934 5451 2367 5537 Bibi'mi'pi'éiiiwgz
2392 5460 2555 5537 rerqu
2574 5455 2720 5507 edunt
2740 5451 3125 5537 t‘oce§,'undig:tc
3148 5451 3515 5537 ςίὶξξίηξηζλέξιέθν

2149 5506 2555 5596 ’δυνάὶηῆἆᾷἷιξήἷῖδ
2584 5506 2645 5568 tn
2667 5531 2759 5577 quo
2781 5506 3262 5605 pttlcltc;_es't9carvzzs
3285 5521 3431 5559 sawx
3446 5506 3472 5558 ζ)

1999 5571 2461 5653 ῗὲὲἱιὶῖλῐὶκϊᾶἷρόέ
2627 5571 2745 5631 vero
2762 5571 2914 5653 {eniti
3067 5571 3090 5623 Ρ

2001 5662 2022 5695 ³
2043 5633 2175 5709 Tibulli
2188 5633 2436 5702 ὗξίίιιῖἶιί
2457 5633 2588 5701 πω,
2606 5633 3008 5709 quomorlo'pf'm’i
3025 5633 3406 5709 Ιιίιιτρψξιξᾳριιτέ
3433 5643 3518 5709 ῖς-

1938 5696 2452 5790 pretiéizs'b'ééﬁbptos
2466 5746 2481 5768 ,
2500 5696 2738 5773 ηιιὸτὶιοαο
2759 5701 2819 5753 ab
2844 5696 2939 5750 iliis
2972 5696 3334 5779 contcnmimur,
3358 5696 3401 5744 et
3423 5705 3518 5744 οηι.

1939 5775 2050 5839 irino
2065 5778 2203 5832 nihili
2220 5775 2486 5843 pendimus.

2002 5820 2467 5901 i"diid'iis§i,"}§.wju
2507 5840 2697 5894 Bemgu
2722 5824 2893 5884 θρόει,
2913 5820 3127 5871 donatas.
