4032 6476
218 515 359 561 retur
389 501 560 563 enim,
591 496 896 555 considerat
935 494 1213 563 imaginem
1259 505 1429 553 suam,
1468 488 1801 559 fragilitatem

223 604 477 658 nostram,
524 603 768 661 errorem
813 595 1085 651 nostrum,
1124 583 1416 639 catcitatetn
1463 590 1721 653 nostram,
1751 587 1804 637 et

223 695 372 741 vocat
393 702 407 738 :
431 690 489 739 et
519 680 796 738 conversis
822 676 887 730 ad
916 691 977 731 se
1001 674 1158 741 donat
1192 683 1425 744 peccata,
1454 687 1559 726 non
1585 685 1804 726 convcr-

223 783 294 834 sis
328 793 436 833 non
476 776 663 833 donat.
692 770 991 827 Misericors
1019 777 1100 824 est
1136 758 1379 837 iniustis?
1403 762 1668 833 Numquid
1698 770 1753 818 et
1785 761 1802 795 ¹

218 870 473 943 judicium
499 865 703 939 amisit,
724 872 811 918 aut
835 876 939 917 non
960 858 1140 915 debuit
1161 857 1399 929 judicare
1426 856 1564 921 inter
1584 868 1807 910 conver—

222 979 309 1020 sos
353 971 411 1017 et
453 975 563 1014 non
609 952 936 1013 conversos?
964 954 1045 1006 An
1074 949 1224 1005 vobis
1260 948 1459 1015 justum
1491 944 1716 1009 videtur,
1751 952 1807 999 ut

223 1066 516 1110 conversus
545 1058 601 1106 et
629 1061 738 1112 non
764 1056 1050 1099 conversus
1080 1037 1355 1110 a'qualitcr
1386 1036 1715 1099 habeantur;
1748 1041 1806 1088 ut

222 1162 286 1200 eo
313 1141 479 1197 ntodo
507 1138 826 1206 suscipiatur
852 1132 1115 1189 conﬁtens
1133 1138 1188 1184 et
1211 1128 1488 1192 mentiens,
1515 1124 1727 1180 humilis
1752 1134 1807 1181 et

220 1231 522 1306 superbus?
550 1231 693 1299 Ergo
720 1225 876 1281 habet
903 1231 957 1277 et
989 1219 1244 1291 judicium
1276 1218 1327 1305 in
1358 1223 1466 1287 ipsa
1498 1216 1801 1275 misericor-

222 1328 325 1389 dia.
352 1325 562 1385 Rursus
594 1322 648 1375 in
680 1319 771 1373 illo
792 1316 993 1388 judicio
1022 1313 1239 1368 habebit
1274 1319 1328 1367 et
1363 1309 1801 1374 misericordiam,

222 1419 274 1474 in
297 1394 393 1473 eos
418 1416 604 1485 utique
635 1411 825 1483 quibus
857 1407 1094 1463 dicturus
1121 1412 1201 1460 est
1230 1420 1244 1457 :
1273 1400 1497 1468 Esurivi,
1527 1411 1573 1454 et
1597 1399 1805 1460 dedistis

222 1510 343 1581 gitti
368 1506 678 1561 manducare
703 1502 723 1574 (
750 1500 936 1559 Matth.
961 1512 1085 1569 xxv,
1112 1496 1182 1551 35
1205 1492 1245 1567 ).
1281 1493 1487 1549 Etenim
1513 1492 1708 1548 dicitur
1749 1492 1801 1547 in

220 1602 447 1673 quadam
476 1596 712 1669 Epistola
742 1587 1347 1663 apostolicazludicium
1390 1584 1521 1647 enim
1564 1584 1674 1673 sine
1714 1582 1807 1636 mi.

223 1672 495 1758 sericordia
530 1687 608 1741 illi
648 1685 734 1751 qui
772 1699 873 1737 non
915 1680 1035 1752 fecit
1074 1676 1467 1733 misericordiam
1498 1672 1718 1745 (Jacobi
1744 1689 1801 1743 tt,

224 1781 343 1851 15),
370 1778 539 1842 Beati,
572 1774 756 1849 inquit,
789 1771 1150 1837 misericordes,
1180 1767 1415 1839 quoniam
1451 1766 1673 1836 ipsorum
1703 1764 1801 1818 mi-

218 1871 462 1937 serebitur
482 1860 703 1937 (blank:
723 1880 774 1928 v,
801 1862 881 1933 Ἰ).
910 1862 1049 1932 Ergo
1074 1860 1128 1915 in
1159 1857 1250 1913 illo
1273 1855 1476 1927 judicio
1502 1855 1603 1923 erit
1628 1864 1679 1909 et
1707 1854 1806 1913 ηιῑστ

224 1958 537 2025 sericurdia,
557 1953 651 2011 sed
673 1969 779 2009 non
800 1954 913 2011 sine
928 1951 1147 2028 judicio.
1170 1947 1225 2004 Si
1248 1948 1387 2003 enim
1410 1962 1514 2001 non
1543 1946 1596 2000 in
1621 1960 1805 2015 quem-

222 2053 366 2117 libet,
409 2049 507 2104 sed
554 2047 607 2102 in
649 2060 769 2103 eum
814 2044 915 2099 erit
961 2039 1348 2105 misericordia,
1377 2038 1465 2108 qui
1493 2036 1804 2107 prmrogttvit

222 2124 684 2209 irrisericordiam;
714 2145 768 2195 et
810 2135 921 2205 ipsa
963 2129 1323 2189 misericordia
1361 2130 1502 2200 justa
1533 2128 1653 2193 erit,
1680 2127 1801 2197 quia

220 2234 440 2290 confusa
472 2245 582 2286 non
609 2229 730 2285 erit.
764 2223 1122 2289 Misericordia
1152 2232 1232 2278 est
1270 2232 1415 2276 certe
1446 2230 1501 2274 ut
1527 2219 1801 2278 dimittan-

221 2336 303 2389 tur
323 2333 569 2394 peccata,
592 2311 953 2374 misericordia
974 2324 1056 2370 est
1081 2323 1137 2369 ut
1160 2312 1419 2368 tribuatur
1438 2312 1541 2367 vita
1568 2320 1764 2367 acterna
1786 2327 1800 2365 :

219 2416 335 2475 vide
370 2414 444 2469 ibi
481 2410 761 2482 judicium,
796 2405 1062 2472 Dimittite,
1089 2415 1135 2459 et
1161 2404 1437 2459 dimittetur
1465 2402 1634 2467 t'obis;
1666 2401 1800 2467 date,

218 2513 259 2571 et
284 2500 486 2555 dabi:ur
510 2497 648 2552 uobis
677 2494 833 2569 (Luc.
854 2510 924 2561 vt,
952 2492 1043 2556 57,
1070 2490 1387 2569 58).Ccrte,
1414 2489 1616 2543 dabitur
1644 2486 1800 2552 vobis,

219 2603 269 2649 et
298 2592 584 2646 dimittetur
610 2588 767 2652 vobis,
796 2581 1157 2639 misericordia
1188 2587 1287 2636 est.
1315 2579 1370 2634 Si
1398 2578 1518 2634 inde
1547 2578 1803 2645 recessis-

218 2693 297 2740 set
342 2681 603 2753 judicium
629 2679 674 2746 ⁸,
703 2692 806 2731 non
849 2675 1091 2730 diceret:
1124 2671 1188 2726 In
1231 2688 1329 2743 qua
1371 2687 1601 2725 mensura
1644 2670 1802 2724 mensi

219 2776 436 2855 (ueritis,
461 2775 515 2826 in
544 2789 603 2826 ea
630 2770 913 2825 remetietur
934 2767 1071 2821 vobis
1092 2764 1302 2836 (Matth.
1332 2780 1424 2829 vn,
1453 2762 1531 2833 2).

288 2866 377 2923 19..
421 2864 628 2921 Audisti
668 2858 1113 2932 quemadmodum
1143 2856 1388 2912 exhibeat
1420 2856 1559 2910 Deus
1586 2854 1799 2911 miseri-

218 2958 455 3025 cordiam
500 2962 556 3009 et
598 2951 852 3021 judicium
878 2966 893 3015 ;
919 2949 1113 3005 exhibe
1138 2954 1191 3002 et
1219 2956 1271 3000 tu
1302 2944 1715 3013 misericordiam
1747 2950 1803 2998 et

215 3048 499 3120 judicium.
522 3046 603 3099 An
631 3042 771 3101 forte
800 3041 864 3101 ad
895 3040 1057 3105 Deum
1090 3039 1356 3110 pertinent
1386 3037 1507 3102 ista,
1530 3034 1597 3090 ad
1625 3034 1797 3089 humi-

219 3158 338 3207 nem
368 3154 474 3194 non
506 3135 812 3207 pertinent?
836 3134 891 3189 Si
919 3131 984 3187 ad
1019 3132 1285 3186 hominem
1316 3145 1418 3184 non
1450 3127 1798 3198 pertinerent,

220 3249 323 3293 non
364 3231 570 3287 diceret
599 3226 851 3301 Dominus
882 3222 1165 3281 Pharisa‘is
1197 3235 1209 3275 :
1241 3218 1531 3289 Reliquistis
1568 3217 1800 3288 graviora

218 3324 409 3398 Legis,
462 3317 859 3376 misericordiam
904 3324 950 3370 ct
983 3314 1237 3386 judicium
1282 3308 1418 3383 (Id.
1465 3325 1612 3375 χχιιι,
1660 3307 1796 3377 25).

220 3416 361 3488 Ergo
403 3413 675 3487 pertinent
714 3410 780 3466 ad
823 3419 873 3465 te
912 3404 1275 3464 misericordia
1321 3412 1375 3459 et
1411 3401 1687 3473 judicium.
1722 3400 1799 3456 Ne
1844 3462 1855 3467 1

220 3518 373 3583 putes
414 3505 561 3579 quod
601 3504 669 3560 ad
714 3511 766 3558 te
805 3497 1166 3557 misericordia
1220 3496 1514 3567 pertineat,
1542 3494 1796 3564 judicium

219 3609 395 3666 autem
425 3613 531 3652 non
564 3595 632 3650 ad
672 3605 723 3648 te
753 3591 1032 3664 pertineat.
1069 3586 1364 3659 Aliquando
1393 3585 1545 3640 audis
1581 3599 1795 3640 causam

219 3695 356 3749 inter
392 3691 552 3757 duos,
586 3702 808 3761 quorum
837 3685 1059 3740 duorum
1096 3696 1233 3738 unus
1271 3691 1352 3737 est
1388 3681 1555 3745 dives,
1583 3689 1637 3735 et
1664 3680 1798 3734 alius

219 3798 455 3863 pauper;
486 3791 541 3838 et
570 3778 827 3850 contingit
860 3786 918 3833 ut
956 3791 1156 3848 pauper
1198 3774 1392 3829 habeat
1432 3788 1643 3829 causam
1687 3788 1801 3828 ma-

219 3858 346 3939 lam,
376 3872 531 3927 dives
560 3880 737 3925 autem
766 3868 958 3922 bonam
990 3867 1135 3938 :jam
1167 3867 1210 3921 si
1243 3875 1295 3920 tu
1330 3881 1434 3919 non
1464 3879 1523 3919 es
1561 3864 1800 3919 eruditus

220 3964 269 4017 in
299 3975 469 4033 regno
493 3960 610 4024 Dei,
633 3958 828 4013 videris
854 3957 945 4011 tibi
977 3957 1111 4011 bene
1139 3954 1336 4021 facere,
1364 3955 1407 4009 si
1433 3953 1579 4025 quasi
1608 3969 1800 4025 paupe-

219 4068 331 4113 rem
377 4052 692 4114 miseratus,
731 4046 1027 4104 abscondas
1072 4054 1126 4104 et
1174 4055 1423 4117 conlegas
1469 4045 1797 4116 iniquitatem

220 4144 384 4215 illius,
408 4150 465 4197 et
486 4140 621 4203 velis
642 4154 763 4195 eum
781 4138 1092 4209 justiﬁeare,
1117 4148 1173 4193 ut
1196 4137 1347 4208 quasi
1369 4152 1583 4192 causam
1606 4136 1797 4191 bonam

220 4233 419 4288 habere
448 4229 692 4286 videatur
718 4248 732 4285 :
762 4239 815 4284 et
845 4230 889 4284 si
920 4228 1274 4300 reprehensus
1304 4227 1464 4283 fueris
1490 4227 1630 4300 quod
1660 4228 1799 4285 male

218 4323 490 4394 iudicasti,
527 4321 679 4393 quasi
715 4320 781 4377 de
816 4320 1176 4376 misericordia
1213 4320 1500 4391 respondes
1526 4338 1540 4376 :
1563 4319 1712 4383 Novi,
1745 4326 1800 4376 et

220 4429 320 4487 ego
346 4414 497 4477 scio;
527 4411 621 4467 sed
648 4426 847 4483 pauper
870 4421 1004 4478 erat,
1030 4411 1392 4466 misericordia
1414 4412 1461 4465 ci
1485 4410 1795 4469 debebatur.

221 4502 502 4574 Quomodo
544 4500 758 4567 tenuisti
800 4500 1239 4568 misericordiam,
1271 4510 1325 4557 et
1352 4501 1623 4571 perdidisti
1657 4500 1799 4571 judi-

220 4578 402 4661 cium?
425 4593 496 4649 Et
521 4592 810 4664 quomodo,
834 4592 1029 4663 inquis,
1050 4592 1093 4648 si
1125 4600 1362 4647 tenerem
1383 4590 1658 4662 judicium,
1692 4606 1797 4645 non

220 4689 524 4749 amitterem
577 4683 1035 4738 misericordiam?
1084 4682 1486 4738 Pronuntiarem
1544 4681 1799 4736 adversus

221 4790 535 4845 pauperem,
556 4773 643 4844 qui
667 4774 804 4827 unde
824 4773 1070 4829 redderet
1095 4789 1199 4828 non
1230 4773 1482 4837 haberet;
1511 4780 1602 4826 aut
1629 4773 1671 4826 si
1702 4773 1798 4826 ha-

218 4864 390 4927 beret,
418 4878 542 4920 cum
574 4860 889 4926 reddidisset
917 4861 1055 4925 unde
1079 4872 1265 4934 postea
1296 4864 1491 4918 viveret
1517 4877 1622 4917 non
1654 4862 1801 4918 inve-

219 4955 397 5011 niret?
423 4955 509 5009 Ait
541 4954 635 5009 tibi
659 4955 797 5009 Deus
825 4964 942 5009 tuus
967 4974 979 5009 :
1010 4954 1094 5010 Ne
1118 4957 1338 5026 accipias
1375 4973 1637 5026 personam
1673 4973 1803 5026 pau-

219 5048 353 5115 peris
382 5046 435 5099 in
458 5045 658 5116 judicio
680 5043 874 5115 (Exod.
899 5062 1047 5111 χχιιι,
1075 5048 1149 5117 5).
1173 5046 1436 5103 Czeterum
1470 5048 1618 5104 facile
1642 5058 1722 5105 cst
1746 5059 1802 5105 ut

213 5137 609 5194 admoneamur
657 5151 936 5205 personam
990 5138 1166 5192 divitis
1212 5154 1316 5199 non
1366 5140 1650 5211 accipere;
1701 5142 1800 5196 hoc

218 5229 396 5282 omnis
424 5227 588 5286 homo
618 5226 779 5291 videt,
807 5235 964 5298 atque
993 5228 1191 5284 utinam
1222 5230 1297 5285 sic
1323 5231 1497 5286 omnis
1533 5232 1692 5297 homo
1722 5233 1800 5285 fa-

218 5321 401 5374 ceret!
451 5318 582 5373 illud
628 5327 710 5373 est
751 5319 839 5372 ubi
886 5318 1101 5383 fallitur,
1132 5321 1292 5375 veluti
1321 5322 1409 5392 qui
1436 5322 1548 5376 vult
1588 5323 1797 5393 placere

222 5408 356 5474 Deo,
375 5410 417 5463 si
443 5424 730 5482 personam
758 5411 1003 5481 pauperis
1024 5410 1077 5467 in
1099 5411 1298 5481 judicio
1322 5413 1564 5484 accipiat,
1589 5424 1642 5469 et
1663 5414 1805 5469 dicat

284 5561 303 5593 ⁸
330 5558 651 5633 “erlem-.9
670 5561 891 5633 ἰφ-,ΑΨ
914 5574 1034 5633 γαν
1052 5564 1306 5633 rauciores
1319 5566 1631 5633 arteriam
1651 5576 1722 5621 est
1753 5569 1805 5623 in

218 5626 335 5693 tum
357 5621 646 5693 immugit
668 5628 751 5693 ttttl
765 5621 1026 5693 judicium.
1052 5621 1111 5676 λι
1128 5626 1261 5681 sua;
1284 5627 1557 5685 hisericors
1575 5638 1644 5684 est
1665 5642 1711 5684 ει
1725 5621 1805 5693 νίιὲ

218 5688 337 5731 stus.
364 5682 607 5746 Numquid
626 5682 788 5746 autem
798 5682 1059 5745 judicium.

219 5744 462 5864 du’pzddq
483 5744 527 5797 si
544 5744 663 5812 inde
687 5755 950 5807 regnasset
972 5762 1000 5797 a
1008 5747 1212 5811 judicio.
1236 5758 1361 5813 Mss,
1384 5753 1653 5807 recessisset
1663 5757 1807 5820 judi-

1298 369 1689 427 ΕΧᾹΠΠᾹΤΙΟ
1727 369 1792 425 IN
1832 370 2150 430 PSALMUM
2192 374 2403 431 XXXII.

3384 378 3491 438 286

1916 487 2024 544 Deo
2048 507 2060 542 :
2087 488 2215 544 Favi
2245 491 2480 560 pauperi.
2509 491 2619 547 lmo
2650 500 2857 549 teneres
2882 503 3183 567 utrumque,
3210 503 3265 552 et
3289 496 3493 554 miseri-

1907 580 2143 643 cordiam
2181 590 2235 636 et
2269 582 2551 652 judicium.
2588 583 2797 649 Primo,
2827 586 3035 652 qualem
3068 587 3486 642 miscricordiam

1908 668 2078 726 fecisti
2106 672 2157 726 in
2186 687 2327 738 eum,
2350 673 2501 744 cujus
2542 673 2801 744 iniquitati
2844 676 3052 731 favisti?
3081 676 3217 732 Ecce
3259 678 3490 733 saccello

1910 760 2216 843 pepercisti,
2236 776 2331 825 cor
2348 764 2657 834 percussisti
2677 781 2690 818 :
2710 778 2909 839 pauper
2929 765 3031 821 iste
3055 765 3266 837 iniquus
3286 782 3490 822 reman-

1908 854 2011 919 sit;
2038 865 2094 911 et
2125 865 2272 913 tanto
2303 858 2550 929 iniquior,
2582 869 2781 930 quanto
2821 868 2871 915 te
2909 860 3058 931 quasi
3100 859 3369 915 hominem
3403 860 3489 930 ju-

1907 959 2046 1005 stum
2078 949 2256 1011 favere
2283 952 2415 1007 vidit
2444 953 2706 1023 iniquitati
2738 967 2867 1013 sum.
2890 954 2934 1009 A
2964 960 3016 1013 te
3043 955 3263 1010 recessit
3297 953 3493 1024 injuste

1908 1041 2139 1110 adjutus,
2166 1043 2273 1098 Deo
2297 1044 2593 1099 remansit‘
2611 1046 2754 1114 justc
2774 1044 3126 1099 damnandus.
3145 1044 3366 1113 Qualem
3391 1045 3491 1100 mi—

1907 1132 2251 1205 scricordiam
2275 1135 2547 1203 przebuisti
2568 1136 2638 1203 ei,
2661 1150 2819 1206 quem
2844 1137 3094 1206 injustum
3119 1135 3327 1192 fecisti?
3352 1136 3492 1192 Ecce

1907 1223 2177 1279 crudelior
2221 1225 2474 1282 inveniris
2511 1242 2669 1301 quam
2715 1226 3133 1284 miscricordior.
3166 1228 3302 1298 Quid
3338 1243 3487 1299 erga,

1909 1311 2103 1382 inquis,
2133 1312 2405 1370 facerem?
2431 1313 2707 1371 Judicares
2730 1317 2901 1388 primo
2928 1316 3222 1373 secundum
3249 1332 3487 1386 causam,

1906 1418 2157 1474 argueres
2194 1422 2502 1479 pauperem,
2533 1406 2777 1465 llecteres
2802 1408 3040 1465 divitem.
3065 1410 3214 1465 Alius
3239 1419 3320 1465 est
3340 1408 3488 1478 judi-

1906 1496 2083 1562 caudi,
2112 1498 2248 1552 alius
2283 1499 2496 1570 petendi
2535 1500 2703 1559 locus.
2728 1500 2950 1568 Quando
2978 1510 3030 1557 te
3060 1501 3147 1558 ille
3172 1501 3319 1556 dives
3342 1500 3490 1557 vide-

1905 1595 1989 1640 ret
2032 1589 2265 1645 tenuissc
2304 1588 2585 1661 justitiam,
2621 1606 2726 1645 non
2763 1591 2996 1646 erexisse
3039 1592 3201 1662 iniqui
3242 1590 3488 1661 pauperis

1906 1678 2190 1744 cervicem,
2229 1680 2323 1736 sed
2369 1694 2464 1751 pro
2501 1683 2691 1737 merito
2729 1682 2929 1752 peccati
2972 1681 3052 1737 sui
3096 1680 3404 1751 obiurgasse
3435 1692 3489 1738 te

1900 1766 2067 1838 juste,
2095 1786 2273 1827 nonne
2300 1771 2603 1827 flecteretur
2629 1771 2716 1827 ille
2741 1772 2806 1833 ad
2831 1772 3246 1829 miscricordiam
3274 1780 3488 1843 petente

1907 1866 1980 1924 te,
2026 1860 2115 1930 qui
2166 1861 2319 1916 hctus
2369 1861 2609 1918 redditus
2653 1871 2767 1918 erat
2809 1862 3084 1933 judicante
3121 1863 3209 1917 te?
3236 1863 3487 1930 Quamvis

1905 1965 2055 2024 ergo,
2083 1950 2294 2018 fratres,
2323 1953 2520 2009 Psalmi
2555 1956 2703 2025 plura
2742 1963 2965 2022 restent,
2995 1953 3375 2015 consulendum
3403 1962 3487 2010 est

1908 2056 2082 2101 tamen
2112 2045 2310 2101 viribus
2353 2056 2407 2102 et
2445 2048 2636 2102 anima:
2664 2056 2716 2104 et
2743 2048 2982 2119 corporis
3019 2056 3233 2118 promer
3261 2047 3485 2103 varieta-

1907 2149 2012 2196 tem
2044 2140 2368 2200 audientium
2402 2158 2414 2194 :
2447 2142 2568 2210 quia
2618 2149 2669 2195 et
2713 2157 2833 2196 cum
2875 2141 3266 2196 relicimur’ex
3295 2139 3483 2196 eodem

1907 2232 2081 2291 tritico
2109 2233 2255 2288 velut
2281 2233 2428 2287 mulli
2459 2248 2678 2302 sapores
2707 2234 2859 2289 nobis
2889 2232 3041 2300 ﬁunt,
3069 2232 3136 2288 ad
3164 2232 3486 2305 detergenda

1906 2323 2150 2388 fastidia:
2175 2324 2288 2381 ha‘c
2318 2325 2466 2382 vobis
2492 2326 2779 2385 sufﬁciant.

2577 2455 2746 2495 δειωο
2783 2456 2840 2495 ll.

2356 2552 2437 2608 De
2464 2554 2626 2609 altera
2655 2563 2797 2625 parte
2821 2553 3034 2609 Psalmi.

1979 2662 2030 2715 1.
2073 2660 2139 2716 Et
2170 2663 2220 2717 in
2251 2662 2613 2717 annuntiando
2642 2673 2693 2717 et
2733 2663 2784 2717 in
2816 2662 3079 2718 audiendo
3105 2663 3269 2718 verbo
3290 2663 3486 2719 veritu-

1905 2754 1989 2819 tis,
2029 2754 2179 2808 labor
2215 2765 2315 2809 est.
2354 2755 2520 2822 Quem
2563 2755 2821 2820 laborem,
2866 2754 3077 2819 fratres,
3116 2770 3269 2825 :eqno
3306 2754 3486 2809 animo

1905 2844 2216 2909 toleramus,
2246 2845 2289 2899 si
2321 2846 2599 2899 sententia)
2625 2845 2906 2899 dominica:
2944 2854 2997 2900 ct
3033 2844 3351 2899 conditionis
3390 2861 3482 2898 nu-

1902 2943 2026 2989 stm
2053 2936 2469 2989 meminerimus.
2497 2936 2577 2989 Ah
2598 2936 2711 3005 ipso
2731 2936 2871 2989 enim
2901 2935 3068 2989 nostri
3100 2936 3309 3004 generis
3328 2951 3486 2990 emr-

1900 3024 1989 3080 dio
2009 3025 2207 3079 audivit
2231 3025 2410 3092 homo,
2437 3043 2539 3079 non
2563 3028 2629 3079 ab
2650 3027 2863 3081 homine
2887 3026 3089 3090 fallaee,
3108 3042 3206 3080 uec
3222 3041 3249 3079 a
3271 3027 3485 3083 diabolo

1901 3114 2202 3179 seductore,
2231 3115 2324 3170 sed
2356 3115 2423 3169 ab
2450 3117 2562 3193 ipsa
2594 3117 2815 3171 veritate
2842 3131 2905 3170 ex
2935 3131 3028 3171 ore
3062 3116 3173 3179 Dei,
3208 3114 3271 3170 In
3302 3117 3484 3170 sudare

1900 3207 2064 3263 vultus
2088 3206 2163 3260 tui
2185 3206 2299 3261 edes
2330 3223 2509 3277 panem
2537 3216 2672 3260 tuum
2702 3205 2903 3279 (Cenes.
2932 3224 3008 3273 ut,
3036 3206 3144 3275 19).
3180 3205 3407 3263 Proinde
3436 3207 3481 3263 si

1900 3296 2054 3367 panis
2097 3306 2280 3352 noster
2320 3307 2401 3352 est
2440 3298 2658 3352 verbum
2694 3298 2806 3359 Dei,
2835 3298 3087 3352 sudemus
3115 3299 3167 3353 in
3195 3299 3478 3366 audiendo,

1901 3404 1969 3442 ne
2008 3388 2296 3443 moriamur
2336 3389 2388 3444 in
2426 3388 2738 3458 jejunando.
2766 3389 2960 3443 Psahui
3003 3390 3156 3458 hujus
3194 3390 3480 3459 primarum

1898 3479 2128 3549 partium
2160 3479 2311 3548 pauci
2341 3494 2528 3536 versus
2558 3480 2869 3550 Vigiliarum
2916 3496 3084 3549 nuper
3122 3491 3356 3535 actarum
3402 3481 3479 3556 (η)

1898 3570 2233 3625 solemnitate
2262 3570 2466 3625 tractati
2498 3580 2623 3624 sunt
2651 3588 2664 3623 :
2693 3570 2833 3640 quod
2865 3579 3026 3624 restat
3050 3569 3347 3626 audiamus.

1967 3662 2023 3716 2.
2066 3660 2212 3735 [uers.
2237 3662 2291 3728 5,
2317 3659 2395 3734 6.]
2429 3662 2563 3717 llinc
2588 3672 2764 3716 autem
2795 3661 2976 3729 incipit
3002 3675 3122 3730 pars
3141 3677 3260 3731 qua:
3289 3670 3476 3729 restat,

1899 3752 2040 3825 quod
2063 3753 2221 3807 modo
2249 3753 2601 3807 cantavimus.
2628 3751 2978 3806 Misericordia
2999 3749 3205 3806 Domini
3232 3752 3381 3822 plena
3406 3761 3480 3807 est

1899 3856 2053 3899 terra.
2105 3843 2264 3900 Verbo
2313 3843 2516 3899 Domini
2563 3845 2674 3899 caeli
2718 3846 2905 3913 [innati
2947 3854 3083 3900 sunt.
3123 3844 3353 3915 ldipsum
3398 3856 3482 3901 est

1899 3938 2065 4005 enim,
2105 3937 2365 3993 Sermone
2406 3937 2615 3991 Domini
2663 3937 2783 3992 cudi
2830 3937 3039 3992 solidati
3089 3946 3233 3993 sunt.
3266 3938 3482 3995 Dixerat

1899 4030 2160 4100 superius,
2188 4027 2324 4084 Bene
2350 4028 2514 4083 canite
2537 4029 2581 4085 ei
2610 4028 2662 4081 in
2682 4027 3001 4097 jubilatione,
3032 4028 3081 4082 id
3117 4040 3218 4093 cst,
3243 4029 3482 4084 ineffabi-

1900 4119 2021 4175 liter
2066 4121 2279 4174 cauite:
2316 4117 2565 4184 Quoniam
2611 4130 2776 4174 rectus
2819 4129 2889 4174 est
2940 4137 3102 4174 sermo
3148 4120 3382 4186 Domini,
3434 4129 3481 4175 et

1899 4211 2070 4266 omnia
2097 4226 2251 4277 opera
2289 4215 2397 4282 ejus
2432 4211 2484 4264 in
2523 4210 2643 4279 ﬁde.
2673 4209 2811 4264 Nihil
2849 4212 3106 4279 promittit
3135 4219 3188 4264 et
3217 4227 3322 4265 non
3354 4211 3481 4266 red-

1900 4302 1971 4356 dit
2000 4319 2012 4354 :
2038 4300 2204 4354 ﬁdelis
2230 4299 2320 4354 ille
2345 4298 2515 4354 factus
2541 4308 2624 4355 est
2646 4300 2874 4365 debitor,
2898 4308 3011 4353 esto
3043 4308 3096 4353 tu
3148 4302 3340 4354 avarus
3390 4315 3483 4355 cx-

1898 4404 2064 4448 actor.
2092 4391 2291 4448 Deinde
2316 4407 2436 4447 cum
2468 4392 2706 4455 dixisset,
2740 4390 2923 4445 Omnia
2953 4407 3105 4460 Opera
3134 4392 3312 4461 ejnsin
3340 4392 3482 4460 fide;

1898 4484 2140 4554 adjuuxit
2190 4497 2400 4553 quare:
2434 4482 2613 4553 Diligit
2666 4483 3063 4537 miscricordiam
3113 4493 3159 4537 et
3200 4484 3476 4555 judicium.

1898 4573 1998 4643 Qui
2025 4588 2153 4644 ergo
2178 4572 2592 4628 misericordiam
2622 4571 2814 4641 diligit,
2846 4573 3144 4628 miseretur.
3173 4572 3274 4642 Qui
3301 4582 3479 4629 autem

1901 4667 2202 4731 miseretur,
2230 4672 2406 4734 potest
2430 4665 2743 4734 promittere
2769 4673 2823 4719 et
2850 4679 2952 4719 non
2978 4658 3127 4731 dare,
3149 4666 3237 4735 qui
3261 4665 3282 4696 ⁸
3304 4673 3482 4735 posset

1901 4755 2030 4811 dare
2057 4754 2264 4810 etiamsi
2306 4770 2411 4810 non
2450 4755 2826 4826 promitteret?
2854 4755 2991 4826 Ergo
3025 4757 3145 4826 quia
3176 4755 3347 4827 diligit
3383 4756 3482 4813 mi-

1901 4847 2265 4913 sericordiam,
2294 4856 2507 4917 oportet
2535 4856 2594 4900 ut
2634 4847 2880 4901 exhibeat
2916 4848 3057 4916 quod
3102 4848 3358 4918 promittit
3387 4866 3399 4901 :
3428 4857 3484 4904 et

1901 4942 2022 5012 quia
2069 4940 2238 5009 diligit
2275 4937 2555 5010 judicium,
2578 4946 2790 5009 oportet
2829 4947 2885 4991 ut
2924 4939 3101 5008 exigat
3137 4938 3277 5007 quod
3315 4938 3480 4996 dedit.

1903 5030 2055 5087 Unde
2086 5029 2197 5099 ipse
2222 5029 2476 5084 Dominus
2497 5027 2624 5082 dicit
2648 5027 2857 5082 cuidam
2894 5043 3050 5083 servo
3076 5046 3088 5083 :
3116 5028 3275 5084 Dares
3311 5038 3363 5082 tu
3398 5047 3485 5100 pe-

1902 5122 2103 5175 cuniam
2128 5136 2310 5189 meam,
2333 5129 2379 5174 ct
2407 5135 2495 5192 ego
2521 5118 2718 5172 ueniens
2736 5134 2848 5172 cum
2872 5120 3037 5174 usuris
3061 5121 3308 5192 exigerem
3329 5119 3481 5189 (Luc.

1969 5314 1988 5349 ³
2011 5312 2085 5362 sic
2106 5319 2211 5378 Uss.
2238 5312 2350 5378 end.
2377 5325 2532 5378 vero:
2573 5319 2694 5378 ται
2732 5320 2960 5366 remansit
2998 5314 3172 5378 injuste
3206 5312 3423 5375 adjutus,
3456 5326 3486 5363 a

1907 5382 2008 5424 Deo
2027 5373 2220 5423 recessit
2232 5373 2363 5435 justo
2385 5372 2705 5435 damnandus.

1967 5438 1988 5468 ⁸
2014 5437 2181 5483 Plures
2205 5432 2329 5490 Mss"
2344 5442 2548 5498 propter
2583 5434 2862 5487 varietatem
2901 5434 3151 5495 erudiendi,
3188 5449 3284 5497 qua
3319 5432 3484 5498 reﬁci-

1904 5509 2032 5559 mnr,
2052 5509 2160 5559 cum
2181 5494 2429 5559 ex_eodem
2442 5494 2625 5559 tritico,
2650 5506 2744 5549 etc.
2766 5505 3004 5549 Pra-terea
3024 5494 3299 5548 sermonem
3319 5494 3483 5549 ﬁniunt

1906 5557 2074 5626 addita
2086 5555 2325 5626 clausula,
2338 5558 2563 5626 Conversi
2581 5555 2647 5609 ad
2675 5559 2941 5626 hominum.
3195 5622 3205 5626 Α
3264 5622 3276 5626 _
3441 5614 3453 5626 ,

1971 5618 1994 5652 ³
2016 5618 2126 5667 told.
2143 5624 2216 5667 Er.
2238 5625 2290 5680 et
2313 5625 2443 5669 l.ov.:
2462 5618 2550 5679 (uti
2563 5626 2721 5671 autem
2738 5620 3007 5679 adseratur,
3021 5631 3115 5680 ron
3127 5622 3276 5680 potest
3297 5618 3482 5680 promit-

1908 5687 2009 5730 tere
2018 5685 2074 5746 _e_t
2095 5691 2188 5729 non
2211 5678 2362 5746 dare;
2384 5676 2498 5743 quia
2519 5688 2674 5746 posset
2697 5684 2817 5732 dare
2852 5676 3040 5732 etiamsi
3060 5676 3153 5730 non
3173 5676 3470 5743 promitteret

1909 5750 1999 5791 nos
2018 5741 2094 5790 hic
2110 5743 2360 5804 sequimur
2377 5741 2487 5793 llas.

1971 5822 2043 5882 (τι)
2069 5827 2116 5871 lu
2142 5821 2347 5872 ecclesia
2369 5830 2412 5873 S.
2432 5824 2667 5886 Cypriani.
