4032 6470
518 393 622 447 287

535 520 643 565 six,
677 502 793 571 25).
817 500 965 569 Quod
994 500 1112 555 ideo
1134 513 1430 559 monemus,
1460 505 1515 551 ut
1541 496 1771 552 sciamus
1793 493 1932 565 quod
1957 491 2116 546 modo

530 594 850 648 audivimus.
898 595 1012 662 Ipse
1055 593 1197 647 enim
1238 592 1363 651 dicit
1407 590 1511 644 alio
1557 590 1674 643 loco
1706 587 1758 642 in
1791 585 2113 656 Evangelia:

537 682 638 756 Ego
676 702 776 739 non
806 685 986 755 judico
1024 699 1361 755 quemquam:
1389 696 1551 734 sermo
1592 695 1735 749 quem
1769 678 1963 731 locutus
2007 690 2119 727 sum

532 780 617 841 eis,
653 780 762 847 ipse
778 777 1029 849 judicabit
1059 794 1141 830 eos
1170 778 1221 828 in
1254 775 1519 828 novissimo
1545 772 1626 824 die
1653 769 1830 842 (Joau.
1867 783 1976 830 vttt,
2016 766 2116 829 15;

534 887 627 932 xu,
654 870 762 940 48).
784 870 890 924 Nec
913 885 969 922 se
992 877 1229 927 excuset.
1252 871 1338 936 qui
1371 865 1554 919 audire
1583 880 1684 917 non
1708 863 1818 915 vult
1843 876 1911 915 ne
1934 856 2081 929 quasi
2101 858 2118 890 ⁸

535 964 603 1017 sit
631 963 771 1033 quod
797 963 862 1015 ab
885 962 970 1014 illo
992 961 1248 1029 exigatur.
1275 959 1503 1026 ldipsutn
1536 956 1675 1011 enim
1713 952 1968 1022 exigitur,
1998 948 2121 1019 quia

539 1054 708 1106 noluit
755 1053 996 1121 accipere
1046 1066 1166 1104 cum
1219 1050 1452 1102 daretur.
1501 1045 1655 1099 Aliud
1699 1052 1781 1099 est
1821 1040 1961 1096 enim
2015 1053 2119 1093 non

543 1143 707 1212 posse
728 1143 986 1214 accipere,
1018 1141 1155 1195 aliud
1189 1141 1327 1192 nolle
1357 1156 1369 1190 :
1402 1138 1506 1191 illic
1536 1135 1807 1190 excusatio
1835 1131 2120 1186 necessita-

543 1234 611 1288 tis
635 1241 734 1297 est,
764 1232 848 1286 hic
879 1242 1056 1286 reatus
1083 1231 1385 1284 voluntatis.
1412 1229 1569 1297 Ergo,
1610 1226 1779 1279 omnia
1818 1240 1972 1293 opera
2013 1223 2121 1292 ejus

540 1325 592 1377 in
624 1324 723 1392 ﬁde
748 1340 767 1377 :
796 1323 960 1393 diligit
992 1323 1382 1375 misericordia»:
1411 1330 1454 1372 et
1472 1318 1742 1390 judicium.
1767 1304 2003 1384 Accipite
2025 1312 2121 1365 tui-

540 1414 911 1482 sericordiam,
942 1424 992 1470 et
1026 1414 1204 1469 timete
1228 1411 1482 1483 judicium
1510 1424 1621 1486 ;Ane
1649 1408 1739 1461 ille
1768 1421 1887 1460 cum
1918 1402 2122 1458 venerit

539 1519 595 1563 ut
621 1510 796 1577 exigat
827 1523 941 1573 nos,
968 1508 1044 1561 sic
1070 1525 1166 1561 nos
1192 1507 1367 1575 exigat
1394 1514 1450 1558 nt
1479 1502 1661 1557 inanes
1679 1497 1928 1554 dimittat.
1951 1494 2122 1565 Exigit

538 1604 679 1656 enim
721 1603 1017 1664 rationem;
1051 1599 1254 1654 reddita
1287 1599 1511 1661 rali0ne,
1550 1597 1712 1649 donat
1745 1591 2116 1648 mtcruitatem.

540 1693 777 1761 Accipite
802 1706 930 1760 ergo
958 1687 1398 1755 miseriCordiam,
1430 1687 1639 1749 fratres,
1668 1685 1989 1755 accipiamus
2013 1697 2122 1736 om-

543 1802 659 1841 nes.
704 1786 868 1841 Nemo
915 1767 1153 1840 nostrum
1205 1785 1256 1838 in
1304 1783 1613 1853 accipiendo
1654 1782 1900 1845 dormiat,
1945 1796 2010 1835 ne
2048 1779 2117 1834 ad

540 1878 865 1933 reddendum
900 1878 1035 1932 male
1056 1877 1379 1951 ’cxcitetur.
1405 1875 1639 1944 Accipite
1667 1874 2080 1928 misericordiam
2103 1889 2115 1926 :

536 1973 615 2022 sic
656 1969 721 2022 ad
766 1984 860 2023 nos
904 1970 1097 2023 clamat
1129 1969 1299 2033 Dens,
1330 1979 1574 2034 tanquam
1617 1967 1658 2020 si
1693 1974 1931 2037 tempore
1968 1964 2121 2019 famis

537 2058 823 2121 dit-eretur,
872 2060 1109 2129 Accipite
1160 2057 1502 2113 frumentum.
1548 2056 1699 2126 Quod
1743 2072 1861 2111 cum
1908 2056 2121 2110 audires

538 2158 778 2217 tempore
801 2148 973 2211 laniis,
998 2148 1236 2223 profecto
1265 2149 1380 2219 ipso
1408 2148 1624 2203 stinmlo
1644 2146 1975 2202 necessitatis
1994 2163 2121 2201 con-

536 2241 673 2294 citus
716 2255 963 2295 curreres
982 2282 997 2305 ,
1036 2253 1256 2295 versans
1287 2248 1338 2294 te
1367 2237 1466 2293 hac
1492 2247 1650 2308 atque
1680 2237 1820 2301 illac,
1851 2250 2120 2307 qnzrrcres

536 2333 675 2384 unde
692 2332 965 2404 acciperes
980 2329 1120 2400 quod
1141 2329 1337 2384 dictum
1357 2336 1460 2394 est,
1475 2328 1731 2398 Accipite.
1750 2326 1816 2381 Et
1835 2342 1954 2382 eum
1974 2326 2121 2380 inve-

535 2423 679 2480 nires
705 2424 746 2486 ³,
770 2422 982 2493 quando
1013 2429 1064 2476 te
1103 2421 1353 2477 teneres?
1388 2436 1545 2492 quam
1575 2435 1777 2474 moram
1810 2420 2116 2488 interpone-

535 2516 654 2569 rcs?
678 2516 764 2569 Sic
791 2523 845 2569 et
871 2528 1012 2577 nunc
1037 2512 1235 2568 dictum
1261 2520 1365 2580 est,
1399 2511 1634 2580 Accipite
1675 2510 2114 2565 misericordiam.

533 2605 712 2677 Diligit
733 2606 873 2659 enim
897 2604 1290 2681 misericordiam
1316 2613 1362 2657 et
1376 2600 2113 2673 judicium.Cum.acccpcris,

532 2696 669 2752 bene
717 2706 895 2761 utere;
926 2706 977 2749 ut
1023 2694 1218 2750 bonam
1265 2695 1524 2748 rationem
1569 2691 1781 2755 reddas,
1818 2706 1938 2746 cum
1974 2691 2116 2761 judi-

531 2789 669 2841 cium
698 2786 899 2841 venerit
924 2785 1040 2856 ejus
1063 2785 1153 2856 qui
1182 2784 1273 2839 tibi
1301 2783 1458 2839 modo
1486 2778 1747 2853 prmrogat
1771 2782 1823 2836 in
1852 2778 1950 2849 ista
1968 2780 2116 2851 fame

530 2876 970 2933 misericordiam.
1369 2861 1374 2865 ’
1808 2872 1815 2879 ’

598 2970 652 3024 ‘5.
683 2968 831 3042 [vers.
864 2968 942 3042 5.]
968 2967 1102 3023 Nolo
1127 2984 1254 3040 ergo
1298 2967 1425 3022 mihi
1465 2965 1631 3029 dicas,
1666 2964 1821 3022 Unde
1860 2965 2113 3036 accipio?

529 3076 635 3129 quo
664 3060 772 3115 eo?
810 3058 1115 3114 Recordare
1161 3057 1300 3127 quod
1331 3057 1576 3122 eantasti,
1625 3055 1976 3113 Misericordia
2007 3054 2115 3109 Do-

527 3150 651 3203 mini
678 3149 830 3217 plena
852 3156 921 3202 est
952 3158 1105 3201 terra.
1132 3146 1232 3203 Ubi
1260 3146 1370 3215 jam
1397 3161 1500 3200 non
1533 3145 1874 3215 Evangelium
1916 3146 2112 3215 prmdi-

526 3241 716 3295 catur?
755 3240 840 3294 ubi
886 3254 1062 3294 sermo
1107 3238 1313 3292 Domini
1364 3236 1544 3292 tacet?
1574 3236 1664 3291 ubi
1708 3236 1853 3293 salus
1896 3238 2112 3291 cessat?

526 3330 672 3400 Opus
700 3340 781 3386 est
825 3341 881 3385 ut
922 3330 1052 3385 velis
1077 3329 1320 3399 accipere
1352 3348 1363 3382 :
1398 3329 1549 3399 plena
1576 3338 1701 3382 sunt
1730 3327 1940 3382 horrea.
1985 3328 2109 3383 ch

526 3425 638 3495 ipsa
686 3422 957 3494 plenitudo
985 3433 1039 3478 et
1064 3422 1384 3482 abundantia
1436 3437 1541 3476 non
1572 3429 1623 3475 te
1666 3421 1968 3475 venientem
2012 3436 2110 3476 ex-

524 3527 922 3587 spectaverunt.
952 3517 1047 3572 sed
1075 3517 1143 3572 ad
1167 3517 1521 3572 dormientem
1551 3515 1663 3585 ipsa
1691 3526 1969 3571 venerunt.
1994 3516 2108 3572 Non

523 3611 721 3667 dictum
752 3622 853 3674 est,
881 3610 1110 3680 Surgunt
1139 3621 1344 3680 gentes,
1373 3618 1428 3665 et
1455 3621 1575 3664 eam
1606 3609 1671 3664 ad
1702 3625 1860 3663 unum
1896 3611 2067 3667 locum
2092 3629 2105 3665 :

524 3703 617 3756 sed
649 3703 956 3756 annuntiala
984 3711 1106 3755 sunt
1134 3702 1229 3756 ista
1257 3699 1503 3772 gentibus
1535 3701 1619 3753 ubi
1648 3708 1819 3765 erant,
1851 3709 1908 3752 ut
1933 3700 2108 3753 aditu-

528 3796 763 3863 pleretur
777 3793 968 3847 exinde
991 3793 1261 3863 prophetia
1289 3792 1473 3848 dicens
1506 3809 1518 3844 :
1550 3790 1791 3846 Adombit
1818 3808 1929 3846 eum
1954 3808 2109 3851 anus-

522 3885 731 3955 quisque
769 3883 831 3938 de
861 3884 969 3937 loco
997 3900 1087 3937 suo
1118 3881 1307 3955 (Soph.
1340 3898 1397 3944 ιι,
1430 3878 1544 3951 ll).

594 3976 647 4030 4.
677 3973 824 4047 [υενε.
872 3972 952 4047 6.]
982 3972 1334 4027 Misericordia
1385 3971 1588 4024 Domini
1639 3972 1788 4040 plena
1834 3979 1905 4025 est
1948 3978 2101 4027 terra.

523 4067 657 4136 Quid
683 4065 845 4121 curii?
872 4065 1003 4119 Audi
1034 4065 1156 4135 quid
1185 4065 1324 4122 cmli.
1353 4064 1465 4119 Non
1498 4064 1636 4117 enim
1667 4062 1907 4133 indigent
1940 4064 2103 4119 misc-

525 4155 772 4220 ricordia,
803 4155 890 4209 ubi
919 4155 1056 4209 nulla
1082 4164 1165 4209 est
1211 4155 1443 4208 miseria.
1477 4151 1532 4208 ln
1567 4163 1708 4208 terra
1738 4154 1971 4209 abundat
2002 4154 2102 4213 ho-

524 4248 682 4305 minis
729 4248 962 4309 rniseria,
1011 4246 1404 4315 superabundat
1440 4245 1647 4299 Domini
1692 4243 2107 4323 misericordia;

521 4342 733 4397 miseria
765 4341 992 4396 hominis
1032 4340 1181 4410 plena
1213 4348 1289 4393 est
1320 4350 1481 4404 terra,
1511 4348 1566 4392 et
1598 4336 1959 4393 misericordia
1990 4339 2100 4394 Do-

521 4434 647 4489 mini
675 4433 822 4503 plena
850 4442 929 4488 eSt
952 4440 1113 4486 terra.
1141 4430 1437 4500 leiergo,
1468 4429 1554 4483 ubi
1584 4429 1725 4484 nulla
1754 4438 1834 4484 est
1859 4430 2105 4498 miseria,

521 4522 770 4593 auuiqnid
796 4523 917 4591 quia
945 4537 1048 4574 non
1076 4521 1310 4590 indigent
1331 4519 1712 4585 misericordia,
1731 4535 1835 4574 non
1863 4520 2102 4591 indigent

520 4611 782 4666 Domino?
806 4609 990 4666 Omnia
1015 4610 1249 4679 indigent
1269 4610 1511 4674 Domino,
1536 4620 1587 4663 et
1608 4610 1801 4663 misera
1824 4618 1874 4663 et
1898 4609 2092 4665 felicia.

515 4700 644 4755 Sine
683 4700 774 4754 illo
820 4699 983 4754 miser
1025 4714 1130 4752 non
1172 4698 1499 4762 sublevatur,
1549 4699 1663 4752 sine
1694 4700 1782 4752 illo
1825 4699 1948 4754 felix
1989 4716 2098 4756 non

445 4808 450 4813 '
514 4791 715 4860 regitur
743 4788 783 4842 ⁸.
815 4778 976 4859 Ergo,
1011 4804 1075 4843 ne
1104 4786 1239 4842 forte
1265 4787 1333 4843 de
1362 4789 1512 4845 cmlis
1533 4804 1821 4856 qtuerercs,
1853 4805 1973 4844 cuin
2004 4806 2094 4844 au-

512 4883 674 4947 dires,
712 4879 1062 4933 Misericordia
1104 4879 1308 4934 Domini
1334 4880 1485 4951 plena
1527 4888 1596 4932 est
1627 4888 1776 4943 terra,
1811 4880 1933 4935 audi
1969 4882 2092 4953 quia

510 4970 736 5026 Domino
761 4977 814 5024 et
830 4969 948 5024 οωιί
972 4969 1236 5040 indigent;
1268 4969 1513 5024 Sermone
1532 4966 1740 5026 Domini
1759 4968 1872 5025 coeli
1890 4970 2096 5027 solidati

507 5069 645 5115 sunt.
674 5057 805 5113 Nam
838 5073 941 5112 non
966 5072 996 5112 a
1036 5072 1095 5112 se
1120 5057 1217 5113 sibi
1265 5059 1669 5114 solidameutum
1714 5059 1949 5127 fuerunt,
1994 5078 2092 5119 nec

508 5149 608 5219 ipsi
639 5149 759 5204 cmli
782 5148 1084 5202 firmitatem
1108 5149 1207 5203 sibi
1232 5151 1496 5219 propriam
1517 5151 1897 5220 praestiterunt.
1935 5150 2089 5207 Verbo

513 5240 717 5295 Domini
738 5237 850 5294 ccli
873 5239 1063 5309 ﬁrmati
1086 5226 1222 5305 sunt,
1253 5252 1297 5294 et
1322 5242 1518 5313 Spiritu
1543 5243 1643 5312 oris
1666 5243 1775 5314 ejus
1803 5245 1966 5298 omnis
1991 5246 2091 5303 vir-

506 5328 586 5386 tus
612 5348 802 5387 eorum.
832 5330 947 5386 Non
976 5331 1273 5387 habuerunt
1315 5333 1512 5405 aliquid
1540 5350 1604 5389 ex
1633 5350 1711 5400 se,
1745 5345 1797 5390 et
1839 5344 2086 5404 tanquam

503 5426 928 5503 supplementum
959 5440 988 5479 a
1018 5425 1241 5481 Domino
1286 5438 1656 5499 perceperunt.
1704 5418 1905 5498 Spiritu
1944 5433 2084 5486 enim

548 5579 581 5643 αξ
608 5585 657 5627 tn
677 5577 813 5635 ωδ..
834 5590 894 5629 ne
916 5579 1057 5643 quasi
1076 5593 1171 5631 non
1198 5580 1277 5632 sit.
1305 5583 1450 5633 Abest
1466 5582 1713 5643 particula,
1740 5595 1853 5643 non,
1877 5597 1904 5632 a
1930 5593 2033 5636 Mss.

561 5639 583 5701 ξ
608 5645 757 5701 Esset
778 5646 907 5697 Lov.,
930 5639 1124 5691 nmium.
1153 5649 1211 5692 At
1230 5648 1328 5691 Am.
1359 5652 1411 5693 et
1433 5639 1559 5701 Mes,
1582 5639 1724 5692 υιιιιε.

563 5699 584 5766 ξ
606 5699 718 5748 add.
740 5714 753 5747 :
782 5707 835 5750 Et
856 5714 966 5766 cum
988 5701 1188 5752 venires.
1206 5712 1270 5766 _Al
1291 5704 1456 5766 plures
1478 5699 1603 5766 3:55.,
1630 5703 1881 5766 iurenires.

560 5760 721 5832 τινες.
750 5765 970 5832 eta'atie.
1016 5771 1143 5832 )l_ss.,
1173 5762 1274 5814 sine
1291 5760 1394 5817 ’ξιιο
1431 5764 1549 5827 felix
1593 5760 1684 5816 non
1722 5765 1942 5830 erigitur.
1990 5766 2077 5817 Alii

499 5821 710 5884 quinque
737 5823 877 5883 :_sinc
901 5822 983 5874 illo
1002 5826 1123 5887 felix
1143 5834 1263 5888 eget.

1804 382 1859 441 S.
1905 374 2269 438 AUCL’STINI
2312 379 2535 436 FPISCt'
2548 372 2611 435 Pl

3701 395 3803 453 288

2225 491 2326 544 oris
2351 507 2458 560 ejus
2490 508 2592 545 non
2627 507 2765 560 pars,
2800 493 2892 549 sed
2924 496 3086 551 mimis
3110 498 3264 552 virtus
3292 517 3484 556 eorum.

2295 582 2347 637 5.
2382 583 2542 646 Sane,
2572 586 2781 646 fratres,
2809 587 2983 643 videte
3011 591 3198 644 eadem
3229 607 3387 662 opera
3418 596 3533 652 Filii
3559 607 3615 654 et
3638 599 3806 673 Spiri-

2226 681 2309 727 tus
2336 678 2525 729 sancti.
2560 676 2671 730 Non
2699 679 2839 732 enim
2873 681 3201 750 negligenter
3227 690 3651 753 praetereundum
3683 704 3762 749 est
3787 737 3803 761 ,

2226 773 2441 833 propter
2468 762 2724 835 quosdam
2773 769 2980 840 iniquos
3022 772 3341 830 discretores
3383 787 3438 832 et
3478 783 3809 842 turbulentos

2224 856 2553 911 coufusores.
2584 858 2875 930 Utrumque
2901 865 3041 918 enim
3071 867 3207 921 male
3236 868 3311 922 lit.
3341 869 3681 930 tionfunduut
3711 878 3803 943 illi,

2226 949 2363 1001 male
2392 948 2765 1016 discernenda,
2797 964 3093 1009 creaturam
3120 973 3240 1011 cum
3280 960 3571 1028 Creatore;
3603 977 3657 1020 et
3687 984 3806 1026 rum

2225 1038 2294 1093 sit
2311 1050 2521 1095 creator
2537 1042 2763 1111 Spiritus
2786 1045 2898 1101 Dei.
2920 1047 3058 1102 inter
3071 1061 3343 1107 creaturas
3362 1070 3481 1108 cum
3504 1072 3802 1117 numerant.

2226 1128 2300 1184 Illi
2328 1130 2650 1196 discernunt,
2682 1142 2734 1188 et
2762 1136 3090 1194 confundunt
3114 1150 3131 1193 ‘:
3160 1142 3571 1210 confundantur,
3600 1161 3654 1203 ut
3675 1166 3800 1205 con-

2225 1230 2518 1275 vertantur.
2561 1224 2697 1278 Audi
2742 1227 2900 1281 modo
2944 1244 3104 1285 unum
3152 1248 3284 1302 opus
3326 1233 3442 1289 Filii
3484 1247 3536 1292 et
3577 1238 3810 1309 Spiritus

2224 1312 2416 1367 sancti.
2450 1313 2678 1369 Verbum
2708 1329 2850 1373 certe
2889 1320 2980 1374 Dei
3028 1323 3188 1378 Filius
3218 1335 3319 1391 est,
3366 1337 3420 1382 et
3443 1329 3670 1398 Spiritus
3698 1336 3811 1391 oris

2225 1405 2340 1474 ejus
2367 1405 2595 1474 Spiritus
2645 1422 2861 1465 sanctus
2888 1423 2985 1467 est.
3031 1413 3191 1469 Verbo
3219 1416 3428 1474 Domini
3440 1423 3562 1477 caeli
3602 1427 3808 1482 solidati

2223 1507 2356 1549 sunt.
2386 1498 2522 1564 Quid
2549 1512 2631 1553 est
2660 1513 2834 1556 autem
2874 1506 3126 1561 solidatos
3151 1525 3288 1576 esse,
3340 1513 3437 1568 nisi
3471 1517 3668 1574 habere
3690 1531 3806 1575 sta-

2223 1587 2382 1646 bilem
2410 1598 2464 1644 et
2503 1590 2707 1646 ﬁrmam
2736 1596 3028 1651 virtutem?
3060 1598 3124 1652 Et
3150 1599 3347 1669 Spiritu
3374 1604 3477 1658 oris
3500 1608 3611 1676 ejus
3647 1613 3811 1668 omnis

2224 1686 2383 1740 uirtus
2409 1702 2601 1743 eorum.
2632 1687 2813 1747 Posset
2844 1699 2895 1749 et
2920 1692 2999 1749 sic
3027 1691 3151 1756 dici,
3186 1694 3384 1765 Spiritu
3413 1698 3520 1753 oris
3551 1701 3666 1770 ejus
3685 1705 3809 1759 coeli

2225 1780 2435 1835 solidati
2493 1794 2631 1849 sunt,
2663 1795 2719 1842 et
2773 1787 2942 1843 Verbo
2970 1788 3172 1847 homini
3203 1791 3376 1853 omnis
3398 1792 3563 1855 virtus
3596 1817 3805 1860 eorum.

2223 1868 2373 1936 Quod
2412 1882 2495 1926 est
2541 1875 2682 1929 enim
2724 1880 2886 1933 omnis
2929 1882 3082 1937 virtus
3120 1901 3313 1952 eorum,
3357 1887 3456 1944 hoc
3482 1903 3562 1946 est
3603 1895 3810 1951 solidati

2222 1970 2356 2013 sunt.
2392 1961 2501 2018 Hoc
2527 1980 2654 2035 ergo
2683 1965 2807 2023 facit
2845 1970 3005 2027 Filius
3033 1984 3085 2029 et
3120 1976 3345 2045 Spiritus
3374 1991 3610 2039 sanctus.
3640 1986 3810 2042 Num-

2224 2051 2346 2117 quid
2377 2053 2492 2110 sine
2521 2055 2720 2111 Patre?
2747 2059 2875 2129 Quis
2901 2078 3028 2134 ergo
3056 2065 3175 2120 facit
3200 2083 3292 2137 per
3314 2061 3545 2127 Verbum
3574 2091 3728 2132 suum
3753 2102 3765 2130 ί
3788 2089 3811 2135 t

2225 2140 2480 2239 Spiritum
2509 2163 2685 2214 suum,
2717 2152 2816 2206 nisi
2847 2155 2996 2223 cujus
3028 2155 3258 2213 Verbum
3288 2170 3390 2228 est,
3427 2174 3479 2219 et
3506 2168 3655 2235 cuius
3686 2169 3810 2239 Spi—

2223 2235 2394 2290 ritus?
2417 2238 2649 2295 Trinitas
2676 2258 2801 2314 ergo
2829 2245 2941 2301 lucc
2969 2263 3104 2303 unus
3136 2250 3292 2305 Deus.
3325 2253 3474 2309 lluuc
3503 2259 3689 2316 adorat
3714 2235 3808 2333 qui

2223 2327 2369 2381 novit
2390 2328 2632 2397 adorare,
2662 2333 2799 2388 hunc
2827 2337 3020 2405 ubique
3047 2338 3208 2395 habet
3231 2344 3320 2411 qui
3344 2345 3358 2375 ¹
3384 2360 3443 2400 se
3458 2327 3806 2408 converterit.

2220 2415 2336 2470 Non
2379 2420 2520 2473 enim
2546 2424 2801 2489 qnmritnr
2826 2426 2891 2480 ab
2921 2430 3157 2497 aversis;
3195 2432 3295 2493 sed
3327 2435 3441 2504 ipse
3470 2448 3624 2494 vocat
3651 2455 3809 2497 avcr-
3862 2418 3871 2423 ”

2220 2519 2329 2569 sos,
2358 2519 2413 2563 ut
2447 2511 2660 2580 impleat
2687 2520 2995 2576 conversos.

2291 2601 2343 2657 6.
2378 2602 2537 2668 Sane,
2572 2604 2783 2673 fratres,
2830 2612 3064 2679 exceptis
3111 2613 3213 2669 illis
3250 2617 3402 2673 caelis
3441 2624 3809 2691 superioribus

2222 2696 2414 2766 ignotis
2458 2698 2609 2753 nobis
2639 2700 2690 2755 in
2722 2712 2861 2757 terra
2898 2704 3281 2775 laborantibus,
3317 2719 3372 2764 et
3415 2728 3507 2781 per
3546 2714 3809 2775 humanas

2219 2780 2553 2857 conjecturas
2619 2801 2903 2864 utcumque
2949 2796 3045 2851 ista
3108 2780 3513 2868 quaerentibus;
3562 2811 3809 2878 exceptis

2219 2896 2345 2951 ergo
2377 2883 2480 2938 illis
2503 2883 2674 2951 cmlis,
2714 2886 2801 2955 qui
2832 2889 3098 2956 qnmnodo
3128 2892 3233 2945 sint
3262 2909 3423 2963 super
3462 2896 3685 2954 invicem
3714 2902 3808 2956 vel

2218 2985 2346 3045 quot
2383 2976 2509 3039 sint,
2555 2978 2637 3033 vel
2663 2979 2853 3049 quibus
2880 2982 3048 3037 modis
3076 2982 3310 3039 distincti
3342 2988 3467 3054 sint,
3497 2991 3687 3059 quibus
3713 2993 3805 3050 in-

2217 3065 2350 3121 eolis
2376 3067 2575 3139 impleti
2597 3069 2723 3135 sint,
2747 3087 2846 3141 qua
2871 3072 3220 3141 diSpositione
3241 3091 3509 3148 regantur,
3530 3087 3805 3153 quomodo

2217 3156 2287 3212 ibi
2336 3176 2469 3215 unus
2510 3162 2721 3230 quidam
2774 3164 3001 3236 hymnus
3045 3167 3353 3223 indeliciens
3396 3175 3687 3231 eoncincns
3734 3180 3805 3235 ab

2216 3252 2461 3306 omnibus
2508 3254 2758 3322 pra'dicet
2789 3257 2950 3312 Deum
2981 3260 3024 3326 ',
3058 3263 3275 3315 multum
3304 3274 3385 3317 est
3423 3266 3488 3319 ad
3528 3283 3625 3323 nos
3653 3270 3806 3326 inve-

2217 3343 2349 3407 nire,
2384 3346 2669 3414 satagimus
2702 3358 2874 3403 tamen
2906 3350 3199 3418 pervenire.
3233 3352 3306 3406 Ibi
3337 3364 3420 3408 est
3452 3357 3591 3411 enim
3623 3362 3800 3426 patria

2214 3445 2417 3500 nostra,
2450 3451 2606 3505 quam
2637 3437 2787 3508 longa
2818 3439 3041 3495 fortasse
3073 3444 3497 3512 peregrinatione
3522 3447 3669 3503 obliti
3701 3465 3802 3506 sn-

2215 3540 2354 3581 mus.
2391 3526 2501 3581 Vox
2530 3527 2670 3582 enim
2717 3540 2892 3584 nostra
2925 3541 3005 3585 est
3036 3532 3087 3585 in
3129 3532 3221 3586 illo
3250 3535 3453 3603 psalmo
3489 3555 3502 3591 :
3546 3538 3657 3593 Ηια
3686 3560 3802 3611 me,

2212 3618 2448 3687 quoniam
2492 3620 2826 3689 peregrinatio
2868 3638 2978 3675 mea
3020 3623 3298 3694 longinqua
3343 3611 3478 3698 facta
3504 3640 3575 3683 est
3619 3629 3801 3703 (Psul.

2211 3724 2353 3771 cxu,
2387 3707 2475 3780 5)!
2521 3710 2661 3780 Ergo
2686 3710 2752 3768 de
2780 3712 2882 3766 illis
2907 3713 3057 3769 caelis
3099 3724 3153 3768 et
3181 3716 3307 3770 mihi
3348 3718 3561 3774 diffiCile
3588 3731 3667 3776 est
3687 3722 3804 3778 dis-

2213 3807 2400 3868 putare
2432 3841 2447 3865 ,
2494 3799 2537 3853 si
2581 3808 2754 3854 tamen
2797 3818 2898 3855 non
2931 3803 3281 3873 impossibile,
3323 3816 3377 3862 et
3407 3810 3553 3863 vobis
3597 3811 3803 3867 ἰηιεηί-

2209 3904 2354 3959 gere.
2386 3889 2476 3944 Cet
2494 3898 2544 3946 te
2572 3891 2661 3961 qui
2688 3908 2773 3946 me
2804 3890 2854 3946 ia
2904 3893 2985 3948 his
3012 3897 3169 3951 rebus
3199 3897 3468 3954 intellectu
3509 3905 3797 3973 praevenit,

2210 3982 2417 4038 fruatur
2460 4000 2565 4054 quo
2612 3984 2916 4057 przecessit,
2965 3998 3019 4044 et
3066 3999 3182 4045 oret
3221 4007 3321 4063 pro
3365 4008 3452 4050 me
3498 4004 3557 4050 ut
3598 4011 3802 4068 sequar

2209 4090 2327 4145 ego.
2360 4075 2573 4131 Interim
2601 4079 2836 4149 exceptis
2863 4080 2966 4135 illis
2991 4081 3162 4147 caelis,
3197 4081 3368 4140 babeo
3392 4084 3459 4141 de
3488 4089 3678 4158 quibus
3709 4091 3801 4147 hic

2208 4175 2493 4237 utcumque
2535 4168 2816 4238 disseram,
2859 4172 3012 4228 nobis
3051 4175 3319 4243 proximos
3367 4178 3534 4234 cmlos
3574 4192 3799 4240 sanctos

2207 4258 2301 4314 Dei
2331 4261 2634 4331 Apostolus,
2668 4264 3043 4332 praedicatores
3071 4258 3218 4331 verbi
3243 4269 3501 4332 veritatis,
3528 4285 3623 4340 per
3653 4288 3799 4342 quos

2204 4348 2371 4411 oculos
2408 4357 2663 4426 compluti
2691 4372 2898 4424 sumus,
2939 4368 2996 4413 ut
3024 4375 3120 4430 per
3157 4370 3322 4415 totum
3355 4363 3609 4419 mundum
3637 4382 3799 4438 seges

2205 4447 2457 4503 Ecclesia:
2500 4446 2817 4516 pullularet;
2845 4449 2943 4504 etsi
2986 4465 3106 4505 cum
3136 4451 3350 4507 zizaniis
3395 4454 3603 4509 interim
3632 4471 3793 4512 cont-

2203 4556 2416 4621 munem
2444 4540 2629 4596 bibens
2653 4538 2901 4613 pluviam,
2925 4532 3017 4597 sed
3043 4554 3215 4601 tamen
3244 4544 3494 4601 horreum
3514 4563 3617 4603 non
3646 4548 3797 4607 imbi-

2205 4639 2318 4686 tura
2345 4646 2646 4686 commune.

2273 4724 2324 4777 7.
2351 4721 2491 4792 Ergo
2503 4738 2623 4776 cum
2644 4721 2840 4777 dictum
2862 4735 3023 4791 esset,
3045 4725 3389 4783 Misericordia
3415 4730 3618 4786 Domini
3634 4732 3795 4801 plena

2200 4823 2272 4867 est
2308 4823 2438 4866 terra
2472 4828 2492 4867 :
2522 4813 2670 4883 quasi
2716 4831 3008 4885 quaereres,
3061 4816 3210 4873 Unde
3254 4818 3469 4889 impleta
3513 4833 3592 4878 est
3640 4833 3794 4880 terra

2198 4902 2561 4959 misericordia
2590 4905 2838 4960 Domini?
2868 4906 3019 4962 Prius
3050 4908 3196 4962 missi
3222 4919 3349 4965 sunt
3374 4911 3516 4975 cteli,
3548 4900 3637 4982 qui
3678 4918 3792 4969 mi-

2197 4992 2539 5050 sericordiam
2565 4993 2772 5051 Domini
2813 5006 3124 5066 spargerent
3150 5012 3311 5068 super
3340 5009 3556 5064 terram,
3596 5011 3650 5058 et
3679 5003 3793 5061 hoc

2195 5098 2358 5153 super
2406 5092 2568 5139 totam
2616 5095 2831 5140 terram.
2861 5086 2995 5142 Nam
3035 5088 3153 5143 vide
3196 5091 3319 5160 quid
3360 5091 3426 5146 de
3471 5092 3600 5163 ipsis
3628 5097 3795 5154 caelis

2193 5174 2316 5230 alibi
2342 5170 2571 5229 dicitur:
2595 5174 2720 5230 Caeli
2745 5187 2982 5231 enarrant
3020 5179 3234 5249 gloriam
3260 5180 3377 5244 Det,
3419 5192 3466 5236 et
3488 5199 3642 5254 opera
3670 5203 3792 5240 ma-

2192 5285 2350 5323 nuum
2392 5285 2502 5336 ejus
2543 5268 2810 5323 annuntiat
2854 5270 3247 5334 ﬁrmamentum.
3294 5273 3447 5343 Quod
3489 5277 3647 5342 εαξη,
3678 5277 3791 5336 hoc

2193 5361 2603 5414 ﬁrmamentum.
2636 5358 2757 5429 Dies
2796 5359 2899 5415 diei
2936 5371 3126 5415 eructat
3166 5364 3388 5429 verbum,
3430 5375 3477 5418 et
3514 5382 3616 5418 una:
3644 5371 3789 5423 nocti

2190 5462 2455 5505 annuntmt
2492 5451 2771 5505 scientiam.
2804 5450 2916 5504 Non
2960 5462 3217 5517 cessatur,
3265 5470 3370 5508 non
3401 5464 3625 5510 tacetur.
3671 5456 3785 5512 Sed

2190 5542 2277 5597 ubi
2324 5541 2763 5612 pra2di'cavertmt,
2806 5549 2865 5595 et
2901 5557 3175 5613 quousque
3221 5548 3620 5615 pervenerunt?
3653 5545 3786 5603 Non

2188 5643 2306 5688 sunt
2348 5631 2575 5704 loquelae,
2608 5648 2763 5701 neque
2790 5648 3064 5701 sermones,
3098 5651 3311 5703 quorum
3355 5652 3454 5691 non
3497 5638 3785 5694 audiantur

2252 5767 2265 5797 ¹
2387 5769 2493 5812 Mss.
2522 5770 2575 5813 At
2595 5763 2728 5819 Falli,
2757 5776 2849 5823 quo
2870 5776 2919 5815 se
2941 5765 3237 5816 converterit.

2250 5830 2270 5858 ³
2292 5832 2392 5876 Mss.
2434 5833 2547 5890 ttcg.
2578 5834 2628 5876 et
2648 5829 2811 5888 \atic.,
2836 5828 3126 5890 pra'cinctur
3154 5838 3264 5880 Deo.
