  <div class='ocr_page' id='page_1' title='image "/cluster/home/n/w/nwhite01/storage/ocr_20150623/36/hvd.32044015471469/150.png"; bbox 0 0 4032 6486; ppageno 0'>
   <div class='ocr_carea' id='block_1_1' title="bbox 194 536 1758 620">
    <p class='ocr_par' dir='ltr' id='par_1_1' title="bbox 194 536 1758 620">
     <span class='ocr_line' id='line_1_1' title="bbox 194 536 1758 620; baseline -0.013 -10"><span class='ocrx_word' id='word_1_1' title='bbox 194 573 308 610; x_wconf 71' lang='lat' dir='ltr'><strong>rores</strong></span> <span class='ocrx_word' id='word_1_2' title='bbox 330 570 526 609; x_wconf 77' lang='lat' dir='ltr'><strong>eorum.</strong></span> <span class='ocrx_word' id='word_1_3' title='bbox 560 551 670 609; x_wconf 87' lang='lat' dir='ltr'><strong>Sed</strong></span> <span class='ocrx_word' id='word_1_4' title='bbox 700 550 800 606; x_wconf 83' lang='lat' dir='ltr'><strong>hoc</strong></span> <span class='ocrx_word' id='word_1_5' title='bbox 823 550 1049 620; x_wconf 86' lang='lat' dir='ltr'><strong>pertinet</strong></span> <span class='ocrx_word' id='word_1_6' title='bbox 1075 546 1141 602; x_wconf 90' lang='lat' dir='ltr'><strong>ad</strong></span> <span class='ocrx_word' id='word_1_7' title='bbox 1170 546 1221 601; x_wconf 92' lang='lat' dir='ltr'><strong>id</strong></span> <span class='ocrx_word' id='word_1_8' title='bbox 1241 544 1361 615; x_wconf 87' lang='lat' dir='ltr'><strong>quia</strong></span> <span class='ocrx_word' id='word_1_9' title='bbox 1389 541 1625 596; x_wconf 88' lang='lat' dir='ltr'><strong>omnium</strong></span> <span class='ocrx_word' id='word_1_10' title='bbox 1658 536 1758 592; x_wconf 84' lang='lat' dir='ltr'><strong>lin-</strong></span> 
     </span>
    </p>
   </div>
   <div class='ocr_carea' id='block_1_2' title="bbox 196 630 1762 717">
    <p class='ocr_par' dir='ltr' id='par_1_2' title="bbox 196 630 1762 717">
     <span class='ocr_line' id='line_1_2' title="bbox 196 630 1762 717; baseline -0.013 -16"><span class='ocrx_word' id='word_1_11' title='bbox 196 648 290 717; x_wconf 73' lang='lat' dir='ltr'><strong>guis</strong></span> <span class='ocrx_word' id='word_1_12' title='bbox 312 645 471 699; x_wconf 83' lang='lat' dir='ltr'><strong>luenti</strong></span> <span class='ocrx_word' id='word_1_13' title='bbox 499 652 631 698; x_wconf 89' lang='lat' dir='ltr'><strong>sunt</strong></span> <span class='ocrx_word' id='word_1_14' title='bbox 658 645 709 697; x_wconf 89' lang='lat' dir='ltr'><strong>in</strong></span> <span class='ocrx_word' id='word_1_15' title='bbox 739 658 845 697; x_wconf 89' lang='lat' dir='ltr'><strong>uno</strong></span> <span class='ocrx_word' id='word_1_16' title='bbox 871 641 988 696; x_wconf 88' lang='lat' dir='ltr'><strong>loco</strong></span> <span class='ocrx_word' id='word_1_17' title='bbox 1018 639 1154 708; x_wconf 85' lang='lat' dir='ltr'><strong>(Act.</strong></span> <span class='ocrx_word' id='word_1_18' title='bbox 1190 654 1247 701; x_wconf 86' lang='grc' dir='ltr'>ιι,</span> <span class='ocrx_word' id='word_1_19' title='bbox 1274 638 1349 706; x_wconf 75' lang='grc'><strong>4).</strong></span> <span class='ocrx_word' id='word_1_20' title='bbox 1378 633 1628 690; x_wconf 82' lang='lat' dir='ltr'><strong>Omnium</strong></span> <span class='ocrx_word' id='word_1_21' title='bbox 1662 630 1762 683; x_wconf 89' lang='lat' dir='ltr'><strong>liu-</strong></span> 
     </span>
    </p>
   </div>
   <div class='ocr_carea' id='block_1_3' title="bbox 197 723 1762 809">
    <p class='ocr_par' dir='ltr' id='par_1_3' title="bbox 197 723 1762 809">
     <span class='ocr_line' id='line_1_3' title="bbox 197 723 1762 809; baseline -0.01 -21"><span class='ocrx_word' id='word_1_22' title='bbox 197 742 292 809; x_wconf 69' lang='lat' dir='ltr'><strong>guis</strong></span> <span class='ocrx_word' id='word_1_23' title='bbox 319 738 503 803; x_wconf 84' lang='lat' dir='ltr'><strong>locuti,</strong></span> <span class='ocrx_word' id='word_1_24' title='bbox 538 736 895 805; x_wconf 68' lang='lat' dir='ltr'><strong>impleverunt</strong></span> <span class='ocrx_word' id='word_1_25' title='bbox 922 732 1060 801; x_wconf 85' lang='lat' dir='ltr'><strong>quod</strong></span> <span class='ocrx_word' id='word_1_26' title='bbox 1106 731 1302 785; x_wconf 89' lang='lat' dir='ltr'><strong>dictum</strong></span> <span class='ocrx_word' id='word_1_27' title='bbox 1344 737 1445 791; x_wconf 83' lang='lat' dir='ltr'><strong>cst,</strong></span> <span class='ocrx_word' id='word_1_28' title='bbox 1501 723 1619 778; x_wconf 87' lang='lat' dir='ltr'><strong>Non</strong></span> <span class='ocrx_word' id='word_1_29' title='bbox 1647 727 1762 786; x_wconf 78' lang='lat' dir='ltr'><strong>sunt</strong></span> 
     </span>
    </p>
   </div>
   <div class='ocr_carea' id='block_1_4' title="bbox 198 817 1764 898">
    <p class='ocr_par' dir='ltr' id='par_1_4' title="bbox 198 817 1764 898">
     <span class='ocr_line' id='line_1_4' title="bbox 198 817 1764 898; baseline -0.011 -16"><span class='ocrx_word' id='word_1_30' title='bbox 198 830 385 898; x_wconf 68' lang='lat' dir='ltr'><strong>loquela</strong></span> <span class='ocrx_word' id='word_1_31' title='bbox 424 844 588 895; x_wconf 78' lang='lat' dir='ltr'><strong>neque</strong></span> <span class='ocrx_word' id='word_1_32' title='bbox 625 839 899 887; x_wconf 74' lang='lat' dir='ltr'><strong>sermones,</strong></span> <span class='ocrx_word' id='word_1_33' title='bbox 929 839 1141 893; x_wconf 80' lang='lat' dir='ltr'><strong>quorum</strong></span> <span class='ocrx_word' id='word_1_34' title='bbox 1168 836 1269 874; x_wconf 88' lang='lat' dir='ltr'><strong>non</strong></span> <span class='ocrx_word' id='word_1_35' title='bbox 1311 817 1585 871; x_wconf 83' lang='lat' dir='ltr'><strong>audiantur</strong></span> <span class='ocrx_word' id='word_1_36' title='bbox 1622 826 1764 867; x_wconf 81' lang='lat' dir='ltr'><strong>voces</strong></span> 
     </span>
    </p>
   </div>
   <div class='ocr_carea' id='block_1_5' title="bbox 198 908 1762 988">
    <p class='ocr_par' dir='ltr' id='par_1_5' title="bbox 198 908 1762 988">
     <span class='ocr_line' id='line_1_5' title="bbox 198 908 1762 988; baseline -0.012 -12"><span class='ocrx_word' id='word_1_37' title='bbox 198 937 364 975; x_wconf 74' lang='lat' dir='ltr'><strong>eorum.</strong></span> <span class='ocrx_word' id='word_1_38' title='bbox 382 919 491 975; x_wconf 86' lang='lat' dir='ltr'><strong>Sed</strong></span> <span class='ocrx_word' id='word_1_39' title='bbox 520 917 853 988; x_wconf 72' lang='lat' dir='ltr'><strong>qumro,ipsa</strong></span> <span class='ocrx_word' id='word_1_40' title='bbox 872 928 971 968; x_wconf 73' lang='lat' dir='ltr'><strong>vos</strong></span> <span class='ocrx_word' id='word_1_41' title='bbox 1000 915 1053 968; x_wconf 91' lang='lat' dir='ltr'><strong>in</strong></span> <span class='ocrx_word' id='word_1_42' title='bbox 1072 912 1317 967; x_wconf 85' lang='lat' dir='ltr'><strong>omnibus</strong></span> <span class='ocrx_word' id='word_1_43' title='bbox 1346 908 1535 979; x_wconf 72' lang='lat' dir='ltr'><strong>linguis</strong></span> <span class='ocrx_word' id='word_1_44' title='bbox 1562 920 1762 972; x_wconf 89' lang='lat' dir='ltr'><strong>quous-</strong></span> 
     </span>
    </p>
   </div>
   <div class='ocr_carea' id='block_1_6' title="bbox 199 997 1766 1083">
    <p class='ocr_par' dir='ltr' id='par_1_6' title="bbox 199 997 1766 1083">
     <span class='ocr_line' id='line_1_6' title="bbox 199 997 1766 1083; baseline -0.01 -16"><span class='ocrx_word' id='word_1_45' title='bbox 199 1030 284 1083; x_wconf 85' lang='lat' dir='ltr'><strong>que</strong></span> <span class='ocrx_word' id='word_1_46' title='bbox 303 1011 625 1083; x_wconf 58' lang='lat' dir='ltr'><strong>pervenerit,</strong></span> <span class='ocrx_word' id='word_1_47' title='bbox 645 1026 766 1081; x_wconf 72' lang='lat' dir='ltr'><strong>qua:</strong></span> <span class='ocrx_word' id='word_1_48' title='bbox 787 1007 1106 1077; x_wconf 72' lang='lat' dir='ltr'><strong>impleverit.</strong></span> <span class='ocrx_word' id='word_1_49' title='bbox 1128 1004 1261 1059; x_wconf 81' lang='lat' dir='ltr'><strong>Audi</strong></span> <span class='ocrx_word' id='word_1_50' title='bbox 1290 1016 1417 1071; x_wconf 80' lang='lat' dir='ltr'><strong>ergo</strong></span> <span class='ocrx_word' id='word_1_51' title='bbox 1436 997 1577 1070; x_wconf 89' lang='lat' dir='ltr'><strong>quod</strong></span> <span class='ocrx_word' id='word_1_52' title='bbox 1595 998 1766 1066; x_wconf 82' lang='lat' dir='ltr'><strong>sequi-</strong></span> 
     </span>
    </p>
   </div>
   <div class='ocr_carea' id='block_1_7' title="bbox 201 1088 1766 1170">
    <p class='ocr_par' dir='ltr' id='par_1_7' title="bbox 201 1088 1766 1170">
     <span class='ocr_line' id='line_1_7' title="bbox 201 1088 1766 1170; baseline -0.01 -12"><span class='ocrx_word' id='word_1_53' title='bbox 201 1113 297 1158; x_wconf 87' lang='lat' dir='ltr'><strong>tur:</strong></span> <span class='ocrx_word' id='word_1_54' title='bbox 323 1102 389 1157; x_wconf 83' lang='lat' dir='ltr'><strong>In</strong></span> <span class='ocrx_word' id='word_1_55' title='bbox 403 1118 603 1157; x_wconf 74' lang='lat' dir='ltr'><strong>omnem</strong></span> <span class='ocrx_word' id='word_1_56' title='bbox 626 1113 810 1170; x_wconf 74' lang='lat' dir='ltr'><strong>terram</strong></span> <span class='ocrx_word' id='word_1_57' title='bbox 830 1099 949 1154; x_wconf 69' lang='lat' dir='ltr'><strong>exiit</strong></span> <span class='ocrx_word' id='word_1_58' title='bbox 966 1113 1120 1152; x_wconf 80' lang='lat' dir='ltr'><strong>sonus</strong></span> <span class='ocrx_word' id='word_1_59' title='bbox 1139 1111 1331 1159; x_wconf 86' lang='lat' dir='ltr'><strong>eorum,</strong></span> <span class='ocrx_word' id='word_1_60' title='bbox 1350 1093 1463 1148; x_wconf 83' lang='lat' dir='ltr'><strong>etin</strong></span> <span class='ocrx_word' id='word_1_61' title='bbox 1488 1092 1615 1161; x_wconf 81' lang='lat' dir='ltr'><strong>ﬁnes</strong></span> <span class='ocrx_word' id='word_1_62' title='bbox 1630 1088 1766 1143; x_wconf 84' lang='lat' dir='ltr'><strong>orbis</strong></span> 
     </span>
    </p>
   </div>
   <div class='ocr_carea' id='block_1_8' title="bbox 198 1178 1768 1261">
    <p class='ocr_par' dir='ltr' id='par_1_8' title="bbox 198 1178 1768 1261">
     <span class='ocr_line' id='line_1_8' title="bbox 198 1178 1768 1261; baseline -0.011 -12"><span class='ocrx_word' id='word_1_63' title='bbox 198 1206 325 1249; x_wconf 72' lang='lat' dir='ltr'><strong>terra!</strong></span> <span class='ocrx_word' id='word_1_64' title='bbox 340 1193 491 1248; x_wconf 75' lang='lat' dir='ltr'><strong>verba</strong></span> <span class='ocrx_word' id='word_1_65' title='bbox 507 1209 679 1246; x_wconf 79' lang='lat' dir='ltr'><strong>eorum</strong></span> <span class='ocrx_word' id='word_1_66' title='bbox 699 1189 863 1261; x_wconf 80' lang='lat' dir='ltr'><strong>(Psal.</strong></span> <span class='ocrx_word' id='word_1_67' title='bbox 889 1204 1034 1251; x_wconf 73' lang='lat' dir='ltr'><strong>xt‘tu,</strong></span> <span class='ocrx_word' id='word_1_68' title='bbox 1056 1185 1198 1251; x_wconf 69' lang='grc' dir='ltr'><strong>ἳ-ὕ).</strong></span> <span class='ocrx_word' id='word_1_69' title='bbox 1214 1186 1471 1252; x_wconf 79' lang='lat' dir='ltr'><strong>Quorum,</strong></span> <span class='ocrx_word' id='word_1_70' title='bbox 1490 1180 1589 1235; x_wconf 82' lang='lat' dir='ltr'><strong>nisi</strong></span> <span class='ocrx_word' id='word_1_71' title='bbox 1604 1178 1768 1233; x_wconf 68' lang='lat' dir='ltr'><strong>catio-</strong></span> 
     </span>
    </p>
   </div>
   <div class='ocr_carea' id='block_1_9' title="bbox 199 1272 1767 1354">
    <p class='ocr_par' dir='ltr' id='par_1_9' title="bbox 199 1272 1767 1354">
     <span class='ocr_line' id='line_1_9' title="bbox 199 1272 1767 1354; baseline -0.011 -16"><span class='ocrx_word' id='word_1_72' title='bbox 199 1300 297 1339; x_wconf 81' lang='lat' dir='ltr'><strong>ruut</strong></span> <span class='ocrx_word' id='word_1_73' title='bbox 313 1284 403 1354; x_wconf 87' lang='lat' dir='ltr'><strong>qui</strong></span> <span class='ocrx_word' id='word_1_74' title='bbox 430 1292 684 1338; x_wconf 82' lang='lat' dir='ltr'><strong>enarrant</strong></span> <span class='ocrx_word' id='word_1_75' title='bbox 714 1280 936 1350; x_wconf 78' lang='lat' dir='ltr'><strong>gloriam</strong></span> <span class='ocrx_word' id='word_1_76' title='bbox 961 1275 1094 1331; x_wconf 82' lang='lat' dir='ltr'><strong>Dei?</strong></span> <span class='ocrx_word' id='word_1_77' title='bbox 1118 1276 1256 1343; x_wconf 81' lang='lat' dir='ltr'><strong>Ergo</strong></span> <span class='ocrx_word' id='word_1_78' title='bbox 1283 1274 1326 1326; x_wconf 89' lang='lat' dir='ltr'><strong>si</strong></span> <span class='ocrx_word' id='word_1_79' title='bbox 1345 1272 1395 1325; x_wconf 91' lang='lat' dir='ltr'><strong>iu</strong></span> <span class='ocrx_word' id='word_1_80' title='bbox 1418 1284 1631 1325; x_wconf 88' lang='lat' dir='ltr'><strong>onmem</strong></span> <span class='ocrx_word' id='word_1_81' title='bbox 1662 1276 1767 1322; x_wconf 68' lang='lat' dir='ltr'><strong>tero</strong></span> 
     </span>
    </p>
   </div>
   <div class='ocr_carea' id='block_1_10' title="bbox 200 1360 1766 1431">
    <p class='ocr_par' dir='ltr' id='par_1_10' title="bbox 200 1360 1766 1431">
     <span class='ocr_line' id='line_1_10' title="bbox 200 1360 1766 1431; baseline -0.012 -2"><span class='ocrx_word' id='word_1_82' title='bbox 200 1390 294 1428; x_wconf 78' lang='lat' dir='ltr'><strong>rant</strong></span> <span class='ocrx_word' id='word_1_83' title='bbox 310 1374 441 1429; x_wconf 78' lang='lat' dir='ltr'><strong>exiit</strong></span> <span class='ocrx_word' id='word_1_84' title='bbox 457 1386 625 1426; x_wconf 86' lang='lat' dir='ltr'><strong>sonus</strong></span> <span class='ocrx_word' id='word_1_85' title='bbox 641 1386 847 1431; x_wconf 90' lang='lat' dir='ltr'><strong>eorum,</strong></span> <span class='ocrx_word' id='word_1_86' title='bbox 864 1378 920 1423; x_wconf 88' lang='lat' dir='ltr'><strong>et</strong></span> <span class='ocrx_word' id='word_1_87' title='bbox 942 1368 993 1422; x_wconf 89' lang='lat' dir='ltr'><strong>in</strong></span> <span class='ocrx_word' id='word_1_88' title='bbox 1009 1367 1140 1420; x_wconf 72' lang='lat' dir='ltr'><strong>lines</strong></span> <span class='ocrx_word' id='word_1_89' title='bbox 1155 1364 1300 1419; x_wconf 86' lang='lat' dir='ltr'><strong>orbis</strong></span> <span class='ocrx_word' id='word_1_90' title='bbox 1318 1374 1472 1417; x_wconf 64' lang='lat' dir='ltr'><strong>terra:</strong></span> <span class='ocrx_word' id='word_1_91' title='bbox 1494 1360 1652 1414; x_wconf 89' lang='lat' dir='ltr'><strong>verba</strong></span> <span class='ocrx_word' id='word_1_92' title='bbox 1674 1371 1766 1412; x_wconf 88' lang='lat' dir='ltr'><strong>eo-</strong></span> 
     </span>
    </p>
   </div>
   <div class='ocr_carea' id='block_1_11' title="bbox 201 1450 1770 1534">
    <p class='ocr_par' dir='ltr' id='par_1_11' title="bbox 201 1450 1770 1534">
     <span class='ocr_line' id='line_1_11' title="bbox 201 1450 1770 1534; baseline -0.01 -13"><span class='ocrx_word' id='word_1_93' title='bbox 201 1482 318 1523; x_wconf 85' lang='lat' dir='ltr'><strong>rum.</strong></span> <span class='ocrx_word' id='word_1_94' title='bbox 341 1465 471 1534; x_wconf 84' lang='lat' dir='ltr'><strong>quid</strong></span> <span class='ocrx_word' id='word_1_95' title='bbox 501 1461 906 1533; x_wconf 67' lang='lat' dir='ltr'><strong>prmdieaveriut</strong></span> <span class='ocrx_word' id='word_1_96' title='bbox 934 1459 1110 1523; x_wconf 86' lang='lat' dir='ltr'><strong>nobis,</strong></span> <span class='ocrx_word' id='word_1_97' title='bbox 1139 1457 1334 1511; x_wconf 83' lang='lat' dir='ltr'><strong>indicet</strong></span> <span class='ocrx_word' id='word_1_98' title='bbox 1359 1453 1511 1510; x_wconf 92' lang='lat' dir='ltr'><strong>uobis</strong></span> <span class='ocrx_word' id='word_1_99' title='bbox 1536 1452 1625 1522; x_wconf 87' lang='lat' dir='ltr'><strong>qui</strong></span> <span class='ocrx_word' id='word_1_100' title='bbox 1648 1450 1770 1506; x_wconf 84' lang='lat' dir='ltr'><strong>illos</strong></span> 
     </span>
    </p>
   </div>
   <div class='ocr_carea' id='block_1_12' title="bbox 201 1544 1769 1623">
    <p class='ocr_par' dir='ltr' id='par_1_12' title="bbox 201 1544 1769 1623">
     <span class='ocr_line' id='line_1_12' title="bbox 201 1544 1769 1623; baseline -0.008 -14"><span class='ocrx_word' id='word_1_101' title='bbox 201 1557 342 1610; x_wconf 59' lang='lat' dir='ltr'><strong>inhit.</strong></span> <span class='ocrx_word' id='word_1_102' title='bbox 382 1554 589 1610; x_wconf 82' lang='lat' dir='ltr'><strong>Iudicat</strong></span> <span class='ocrx_word' id='word_1_103' title='bbox 616 1554 792 1623; x_wconf 75' lang='lat' dir='ltr'><strong>plane,</strong></span> <span class='ocrx_word' id='word_1_104' title='bbox 835 1550 1061 1603; x_wconf 88' lang='lat' dir='ltr'><strong>tideliter</strong></span> <span class='ocrx_word' id='word_1_105' title='bbox 1105 1548 1303 1602; x_wconf 87' lang='lat' dir='ltr'><strong>indicat</strong></span> <span class='ocrx_word' id='word_1_106' title='bbox 1331 1562 1344 1599; x_wconf 90' lang='lat'><strong>:</strong></span> <span class='ocrx_word' id='word_1_107' title='bbox 1372 1544 1493 1615; x_wconf 89' lang='lat' dir='ltr'><strong>quia</strong></span> <span class='ocrx_word' id='word_1_108' title='bbox 1537 1550 1592 1597; x_wconf 88' lang='lat' dir='ltr'><strong>et</strong></span> <span class='ocrx_word' id='word_1_109' title='bbox 1615 1550 1769 1596; x_wconf 86' lang='lat' dir='ltr'><strong>ante-</strong></span> 
     </span>
    </p>
   </div>
   <div class='ocr_carea' id='block_1_13' title="bbox 200 1634 1771 1717">
    <p class='ocr_par' dir='ltr' id='par_1_13' title="bbox 200 1634 1771 1717">
     <span class='ocr_line' id='line_1_13' title="bbox 200 1634 1771 1717; baseline -0.01 -18"><span class='ocrx_word' id='word_1_110' title='bbox 200 1664 335 1717; x_wconf 80' lang='lat' dir='ltr'><strong>qnam</strong></span> <span class='ocrx_word' id='word_1_111' title='bbox 369 1646 559 1702; x_wconf 75' lang='lat' dir='ltr'><strong>ﬁerent</strong></span> <span class='ocrx_word' id='word_1_112' title='bbox 591 1643 833 1714; x_wconf 68' lang='lat' dir='ltr'><strong>praedixit</strong></span> <span class='ocrx_word' id='word_1_113' title='bbox 870 1639 1065 1703; x_wconf 76' lang='lat' dir='ltr'><strong>futura,</strong></span> <span class='ocrx_word' id='word_1_114' title='bbox 1098 1639 1186 1694; x_wconf 87' lang='lat' dir='ltr'><strong>ille</strong></span> <span class='ocrx_word' id='word_1_115' title='bbox 1212 1637 1366 1706; x_wconf 86' lang='lat' dir='ltr'><strong>cujus</strong></span> <span class='ocrx_word' id='word_1_116' title='bbox 1403 1634 1577 1689; x_wconf 83' lang='lat' dir='ltr'><strong>omnia</strong></span> <span class='ocrx_word' id='word_1_117' title='bbox 1608 1646 1771 1701; x_wconf 82' lang='lat' dir='ltr'><strong>opera</strong></span> 
     </span>
    </p>
   </div>
   <div class='ocr_carea' id='block_1_14' title="bbox 202 1722 1773 1794">
    <p class='ocr_par' dir='ltr' id='par_1_14' title="bbox 202 1722 1773 1794">
     <span class='ocr_line' id='line_1_14' title="bbox 202 1722 1773 1794; baseline -0.011 0"><span class='ocrx_word' id='word_1_118' title='bbox 202 1740 249 1794; x_wconf 90' lang='lat' dir='ltr'><strong>in</strong></span> <span class='ocrx_word' id='word_1_119' title='bbox 282 1739 405 1794; x_wconf 79' lang='lat' dir='ltr'><strong>lide.</strong></span> <span class='ocrx_word' id='word_1_120' title='bbox 437 1735 756 1793; x_wconf 77' lang='lat' dir='ltr'><strong>Resurrexit</strong></span> <span class='ocrx_word' id='word_1_121' title='bbox 790 1737 934 1788; x_wconf 85' lang='lat' dir='ltr'><strong>enim</strong></span> <span class='ocrx_word' id='word_1_122' title='bbox 961 1748 991 1785; x_wconf 90' lang='lat' dir='ltr'><strong>a</strong></span> <span class='ocrx_word' id='word_1_123' title='bbox 1038 1729 1282 1794; x_wconf 89' lang='lat' dir='ltr'><strong>mortuis,</strong></span> <span class='ocrx_word' id='word_1_124' title='bbox 1328 1737 1382 1782; x_wconf 89' lang='lat' dir='ltr'><strong>et</strong></span> <span class='ocrx_word' id='word_1_125' title='bbox 1430 1722 1773 1782; x_wconf 66' lang='lat' dir='ltr'><strong>cmrtrect-tis</strong></span> 
     </span>
    </p>
   </div>
   <div class='ocr_carea' id='block_1_15' title="bbox 204 1816 1773 1899">
    <p class='ocr_par' dir='ltr' id='par_1_15' title="bbox 204 1816 1773 1899">
     <span class='ocr_line' id='line_1_15' title="bbox 204 1816 1773 1899; baseline -0.011 -14"><span class='ocrx_word' id='word_1_126' title='bbox 204 1831 443 1886; x_wconf 74' lang='lat' dir='ltr'><strong>mendiris</strong></span> <span class='ocrx_word' id='word_1_127' title='bbox 470 1830 583 1883; x_wconf 88' lang='lat' dir='ltr'><strong>suis</strong></span> <span class='ocrx_word' id='word_1_128' title='bbox 606 1828 816 1899; x_wconf 73' lang='lat' dir='ltr'><strong>agnitus</strong></span> <span class='ocrx_word' id='word_1_129' title='bbox 841 1842 869 1879; x_wconf 91' lang='lat' dir='ltr'><strong>a</strong></span> <span class='ocrx_word' id='word_1_130' title='bbox 899 1826 916 1858; x_wconf 82' lang='grc'>¹</span> <span class='ocrx_word' id='word_1_131' title='bbox 947 1822 1221 1891; x_wconf 73' lang='lat' dir='ltr'><strong>discipulis</strong></span> <span class='ocrx_word' id='word_1_132' title='bbox 1256 1820 1368 1874; x_wconf 92' lang='lat' dir='ltr'><strong>suis</strong></span> <span class='ocrx_word' id='word_1_133' title='bbox 1403 1819 1476 1872; x_wconf 91' lang='lat' dir='ltr'><strong>ait</strong></span> <span class='ocrx_word' id='word_1_134' title='bbox 1502 1835 1517 1870; x_wconf 89' lang='lat'><strong>:</strong></span> <span class='ocrx_word' id='word_1_135' title='bbox 1554 1816 1773 1885; x_wconf 81' lang='lat' dir='ltr'><strong>Oporte-</strong></span> 
     </span>
    </p>
   </div>
   <div class='ocr_carea' id='block_1_16' title="bbox 203 1907 1774 1992">
    <p class='ocr_par' dir='ltr' id='par_1_16' title="bbox 203 1907 1774 1992">
     <span class='ocr_line' id='line_1_16' title="bbox 203 1907 1774 1992; baseline -0.012 -16"><span class='ocrx_word' id='word_1_136' title='bbox 203 1924 273 1976; x_wconf 79' lang='lat' dir='ltr'><strong>bet</strong></span> <span class='ocrx_word' id='word_1_137' title='bbox 309 1923 413 1992; x_wconf 82' lang='lat' dir='ltr'><strong>poti</strong></span> <span class='ocrx_word' id='word_1_138' title='bbox 436 1920 718 1983; x_wconf 67' lang='lat' dir='ltr'><strong>Christum,</strong></span> <span class='ocrx_word' id='word_1_139' title='bbox 747 1927 792 1973; x_wconf 88' lang='lat' dir='ltr'><strong>et</strong></span> <span class='ocrx_word' id='word_1_140' title='bbox 820 1931 1080 1986; x_wconf 76' lang='lat' dir='ltr'><strong>resurgere</strong></span> <span class='ocrx_word' id='word_1_141' title='bbox 1104 1931 1137 1967; x_wconf 88' lang='lat' dir='ltr'><strong>a</strong></span> <span class='ocrx_word' id='word_1_142' title='bbox 1162 1914 1374 1965; x_wconf 82' lang='lat' dir='ltr'><strong>mortuis</strong></span> <span class='ocrx_word' id='word_1_143' title='bbox 1413 1908 1556 1962; x_wconf 80' lang='lat' dir='ltr'><strong>tertio</strong></span> <span class='ocrx_word' id='word_1_144' title='bbox 1583 1907 1682 1970; x_wconf 85' lang='lat' dir='ltr'><strong>die,</strong></span> <span class='ocrx_word' id='word_1_145' title='bbox 1706 1913 1774 1959; x_wconf 32' lang='lat' dir='ltr'><strong>ret</strong></span> 
     </span>
    </p>
   </div>
   <div class='ocr_carea' id='block_1_17' title="bbox 206 1998 1776 2083">
    <p class='ocr_par' dir='ltr' id='par_1_17' title="bbox 206 1998 1776 2083">
     <span class='ocr_line' id='line_1_17' title="bbox 206 1998 1776 2083; baseline -0.013 -15"><span class='ocrx_word' id='word_1_146' title='bbox 206 2013 458 2083; x_wconf 77' lang='lat' dir='ltr'><strong>prmlicari</strong></span> <span class='ocrx_word' id='word_1_147' title='bbox 503 2012 557 2064; x_wconf 85' lang='lat' dir='ltr'><strong>in</strong></span> <span class='ocrx_word' id='word_1_148' title='bbox 601 2009 807 2065; x_wconf 78' lang='lat' dir='ltr'><strong>nomine</strong></span> <span class='ocrx_word' id='word_1_149' title='bbox 845 2008 955 2077; x_wconf 83' lang='lat' dir='ltr'><strong><em>ejus</em></strong></span> <span class='ocrx_word' id='word_1_150' title='bbox 995 2003 1331 2076; x_wconf 64' lang='lat' dir='ltr'><strong>panitentiam</strong></span> <span class='ocrx_word' id='word_1_151' title='bbox 1360 2010 1405 2055; x_wconf 87' lang='lat' dir='ltr'><strong>et</strong></span> <span class='ocrx_word' id='word_1_152' title='bbox 1434 1998 1776 2052; x_wconf 81' lang='lat' dir='ltr'><strong>remissionem</strong></span> 
     </span>
    </p>
   </div>
   <div class='ocr_carea' id='block_1_18' title="bbox 204 2092 1774 2175">
    <p class='ocr_par' dir='ltr' id='par_1_18' title="bbox 204 2092 1774 2175">
     <span class='ocr_line' id='line_1_18' title="bbox 204 2092 1774 2175; baseline -0.013 -16"><span class='ocrx_word' id='word_1_153' title='bbox 204 2115 530 2175; x_wconf 73' lang='lat' dir='ltr'><strong>peccatorum.</strong></span> <span class='ocrx_word' id='word_1_154' title='bbox 564 2100 739 2165; x_wconf 83' lang='lat' dir='ltr'><strong>Unde,</strong></span> <span class='ocrx_word' id='word_1_155' title='bbox 783 2109 839 2155; x_wconf 89' lang='lat' dir='ltr'><strong>et</strong></span> <span class='ocrx_word' id='word_1_156' title='bbox 880 2095 1193 2168; x_wconf 80' lang='lat' dir='ltr'><strong>quousque?</strong></span> <span class='ocrx_word' id='word_1_157' title='bbox 1227 2092 1329 2146; x_wconf 86' lang='lat' dir='ltr'><strong>Per</strong></span> <span class='ocrx_word' id='word_1_158' title='bbox 1369 2107 1541 2145; x_wconf 88' lang='lat' dir='ltr'><strong>omnes</strong></span> <span class='ocrx_word' id='word_1_159' title='bbox 1566 2097 1735 2160; x_wconf 82' lang='lat' dir='ltr'><strong>gentes</strong></span> <span class='ocrx_word' id='word_1_160' title='bbox 1757 2127 1774 2154; x_wconf 91' lang='lat'><strong>,</strong></span> 
     </span>
    </p>
   </div>
   <div class='ocr_carea' id='block_1_19' title="bbox 203 2180 1775 2264">
    <p class='ocr_par' dir='ltr' id='par_1_19' title="bbox 203 2180 1775 2264">
     <span class='ocr_line' id='line_1_19' title="bbox 203 2180 1775 2264; baseline -0.011 -14"><span class='ocrx_word' id='word_1_161' title='bbox 203 2198 287 2263; x_wconf 81' lang='lat' dir='ltr'><strong>ait,</strong></span> <span class='ocrx_word' id='word_1_162' title='bbox 326 2193 686 2264; x_wconf 75' lang='lat' dir='ltr'><strong>incipientibus</strong></span> <span class='ocrx_word' id='word_1_163' title='bbox 727 2191 790 2245; x_wconf 88' lang='lat' dir='ltr'><strong>ab</strong></span> <span class='ocrx_word' id='word_1_164' title='bbox 815 2188 1097 2244; x_wconf 80' lang='lat' dir='ltr'><strong>Jerusalem</strong></span> <span class='ocrx_word' id='word_1_165' title='bbox 1143 2184 1294 2255; x_wconf 90' lang='lat' dir='ltr'><strong>(Luc.</strong></span> <span class='ocrx_word' id='word_1_166' title='bbox 1339 2198 1483 2246; x_wconf 70' lang='lat' dir='ltr'><strong>XXIV,</strong></span> <span class='ocrx_word' id='word_1_167' title='bbox 1530 2182 1620 2248; x_wconf 65' lang='lat'><strong>46,</strong></span> <span class='ocrx_word' id='word_1_168' title='bbox 1662 2180 1775 2250; x_wconf 74' lang='grc'><strong>47).</strong></span> 
     </span>
    </p>
   </div>
   <div class='ocr_carea' id='block_1_20' title="bbox 203 2272 1778 2356">
    <p class='ocr_par' dir='ltr' id='par_1_20' title="bbox 203 2272 1778 2356">
     <span class='ocr_line' id='line_1_20' title="bbox 203 2272 1778 2356; baseline -0.013 -11"><span class='ocrx_word' id='word_1_169' title='bbox 203 2291 356 2356; x_wconf 75' lang='lat' dir='ltr'><strong>Quam</strong></span> <span class='ocrx_word' id='word_1_170' title='bbox 398 2285 822 2343; x_wconf 86' lang='lat' dir='ltr'><strong>miscricordiam</strong></span> <span class='ocrx_word' id='word_1_171' title='bbox 853 2299 980 2339; x_wconf 85' lang='lat' dir='ltr'><strong>vero</strong></span> <span class='ocrx_word' id='word_1_172' title='bbox 1007 2297 1195 2337; x_wconf 81' lang='lat' dir='ltr'><strong>omnes</strong></span> <span class='ocrx_word' id='word_1_173' title='bbox 1222 2285 1590 2348; x_wconf 77' lang='lat' dir='ltr'><strong>exspectamus</strong></span> <span class='ocrx_word' id='word_1_174' title='bbox 1610 2313 1625 2337; x_wconf 94' lang='lat'><strong>,</strong></span> <span class='ocrx_word' id='word_1_175' title='bbox 1670 2272 1778 2326; x_wconf 84' lang='lat' dir='ltr'><strong>fra—</strong></span> 
     </span>
    </p>
   </div>
   <div class='ocr_carea' id='block_1_21' title="bbox 206 2372 1779 2442">
    <p class='ocr_par' dir='ltr' id='par_1_21' title="bbox 206 2372 1779 2442">
     <span class='ocr_line' id='line_1_21' title="bbox 206 2372 1779 2442; baseline -0.013 -5"><span class='ocrx_word' id='word_1_176' title='bbox 206 2392 322 2442; x_wconf 83' lang='lat' dir='ltr'><strong>tres.</strong></span> <span class='ocrx_word' id='word_1_177' title='bbox 370 2380 676 2435; x_wconf 76' lang='lat' dir='ltr'><strong>uberiorem</strong></span> <span class='ocrx_word' id='word_1_178' title='bbox 708 2394 739 2433; x_wconf 84' lang='lat' dir='ltr'><strong>a</strong></span> <span class='ocrx_word' id='word_1_179' title='bbox 773 2376 1036 2440; x_wconf 88' lang='lat' dir='ltr'><strong>Domino,</strong></span> <span class='ocrx_word' id='word_1_180' title='bbox 1086 2372 1184 2428; x_wconf 83' lang='lat' dir='ltr'><strong>nisi</strong></span> <span class='ocrx_word' id='word_1_181' title='bbox 1234 2380 1293 2425; x_wconf 90' lang='lat' dir='ltr'><strong>ut</strong></span> <span class='ocrx_word' id='word_1_182' title='bbox 1337 2379 1551 2439; x_wconf 75' lang='lat' dir='ltr'><strong>pechta</strong></span> <span class='ocrx_word' id='word_1_183' title='bbox 1597 2376 1779 2420; x_wconf 71' lang='lat' dir='ltr'><strong>nostra</strong></span> 
     </span>
    </p>
   </div>
   <div class='ocr_carea' id='block_1_22' title="bbox 205 2456 1779 2538">
    <p class='ocr_par' dir='ltr' id='par_1_22' title="bbox 205 2456 1779 2538">
     <span class='ocr_line' id='line_1_22' title="bbox 205 2456 1779 2538; baseline -0.013 -9"><span class='ocrx_word' id='word_1_184' title='bbox 205 2472 569 2530; x_wconf 81' lang='lat' dir='ltr'><strong>dimittantur?</strong></span> <span class='ocrx_word' id='word_1_185' title='bbox 597 2471 728 2526; x_wconf 89' lang='lat' dir='ltr'><strong>Cum</strong></span> <span class='ocrx_word' id='word_1_186' title='bbox 779 2484 910 2538; x_wconf 71' lang='lat' dir='ltr'><strong>ergo</strong></span> <span class='ocrx_word' id='word_1_187' title='bbox 955 2483 1016 2521; x_wconf 88' lang='lat' dir='ltr'><strong>ea</strong></span> <span class='ocrx_word' id='word_1_188' title='bbox 1064 2466 1133 2520; x_wconf 86' lang='lat' dir='ltr'><strong>sit</strong></span> <span class='ocrx_word' id='word_1_189' title='bbox 1181 2476 1369 2533; x_wconf 75' lang='lat' dir='ltr'><strong>magna</strong></span> <span class='ocrx_word' id='word_1_190' title='bbox 1418 2456 1779 2515; x_wconf 76' lang='lat' dir='ltr'><strong>misrricordia</strong></span> 
     </span>
    </p>
   </div>
   <div class='ocr_carea' id='block_1_23' title="bbox 208 2550 1779 2630">
    <p class='ocr_par' dir='ltr' id='par_1_23' title="bbox 208 2550 1779 2630">
     <span class='ocr_line' id='line_1_23' title="bbox 208 2550 1779 2630; baseline -0.013 -10"><span class='ocrx_word' id='word_1_191' title='bbox 208 2566 429 2629; x_wconf 86' lang='lat' dir='ltr'><strong>Domini,</strong></span> <span class='ocrx_word' id='word_1_192' title='bbox 482 2561 728 2619; x_wconf 80' lang='lat' dir='ltr'><strong>remissio</strong></span> <span class='ocrx_word' id='word_1_193' title='bbox 756 2568 1114 2630; x_wconf 86' lang='lat' dir='ltr'><strong>peccatorum,</strong></span> <span class='ocrx_word' id='word_1_194' title='bbox 1157 2564 1213 2610; x_wconf 91' lang='lat' dir='ltr'><strong>et</strong></span> <span class='ocrx_word' id='word_1_195' title='bbox 1242 2554 1380 2608; x_wconf 78' lang='lat' dir='ltr'><strong>lianc</strong></span> <span class='ocrx_word' id='word_1_196' title='bbox 1408 2550 1779 2606; x_wconf 83' lang='lat' dir='ltr'><strong>remissionem</strong></span> 
     </span>
    </p>
   </div>
   <div class='ocr_carea' id='block_1_24' title="bbox 155 2634 1785 2728">
    <p class='ocr_par' dir='ltr' id='par_1_24' title="bbox 155 2634 1785 2728">
     <span class='ocr_line' id='line_1_24' title="bbox 155 2634 1785 2728; baseline -0.012 -14"><span class='ocrx_word' id='word_1_197' title='bbox 155 2634 166 2653; x_wconf 38' lang='grc' dir='ltr'><em>ί</em></span> <span class='ocrx_word' id='word_1_198' title='bbox 207 2667 535 2728; x_wconf 81' lang='lat' dir='ltr'><strong>peccatorum</strong></span> <span class='ocrx_word' id='word_1_199' title='bbox 578 2652 822 2724; x_wconf 65' lang='lat' dir='ltr'><strong>prtedsxit</strong></span> <span class='ocrx_word' id='word_1_200' title='bbox 863 2650 1116 2705; x_wconf 89' lang='lat' dir='ltr'><strong>Dominus</strong></span> <span class='ocrx_word' id='word_1_201' title='bbox 1155 2645 1428 2717; x_wconf 62' lang='lat' dir='ltr'><strong>praedicari</strong></span> <span class='ocrx_word' id='word_1_202' title='bbox 1473 2658 1569 2712; x_wconf 88' lang='lat' dir='ltr'><strong>per</strong></span> <span class='ocrx_word' id='word_1_203' title='bbox 1595 2654 1785 2695; x_wconf 86' lang='lat' dir='ltr'><strong>omnes</strong></span> 
     </span>
    </p>
   </div>
   <div class='ocr_carea' id='block_1_25' title="bbox 209 2732 1783 2818">
    <p class='ocr_par' dir='ltr' id='par_1_25' title="bbox 209 2732 1783 2818">
     <span class='ocr_line' id='line_1_25' title="bbox 209 2732 1783 2818; baseline -0.012 -15"><span class='ocrx_word' id='word_1_204' title='bbox 209 2758 399 2818; x_wconf 76' lang='lat' dir='ltr'><strong>gentes,</strong></span> <span class='ocrx_word' id='word_1_205' title='bbox 422 2744 775 2800; x_wconf 76' lang='lat' dir='ltr'><strong>Misericordia</strong></span> <span class='ocrx_word' id='word_1_206' title='bbox 792 2741 994 2796; x_wconf 88' lang='lat' dir='ltr'><strong>Domini</strong></span> <span class='ocrx_word' id='word_1_207' title='bbox 1012 2738 1161 2808; x_wconf 83' lang='lat' dir='ltr'><strong>plena</strong></span> <span class='ocrx_word' id='word_1_208' title='bbox 1185 2748 1256 2791; x_wconf 85' lang='lat' dir='ltr'><strong>est</strong></span> <span class='ocrx_word' id='word_1_209' title='bbox 1277 2746 1426 2791; x_wconf 87' lang='lat' dir='ltr'><strong>terra.</strong></span> <span class='ocrx_word' id='word_1_210' title='bbox 1456 2732 1608 2790; x_wconf 88' lang='lat' dir='ltr'><strong>Unde</strong></span> <span class='ocrx_word' id='word_1_211' title='bbox 1627 2732 1783 2801; x_wconf 86' lang='lat' dir='ltr'><strong>plcua</strong></span> 
     </span>
    </p>
   </div>
   <div class='ocr_carea' id='block_1_26' title="bbox 207 2823 1786 2897">
    <p class='ocr_par' dir='ltr' id='par_1_26' title="bbox 207 2823 1786 2897">
     <span class='ocr_line' id='line_1_26' title="bbox 207 2823 1786 2897; baseline -0.011 -3"><span class='ocrx_word' id='word_1_212' title='bbox 207 2849 282 2894; x_wconf 85' lang='lat' dir='ltr'><strong>est</strong></span> <span class='ocrx_word' id='word_1_213' title='bbox 305 2837 487 2893; x_wconf 81' lang='lat' dir='ltr'><strong>terra?</strong></span> <span class='ocrx_word' id='word_1_214' title='bbox 518 2833 878 2891; x_wconf 73' lang='lat' dir='ltr'><strong>Misericordia</strong></span> <span class='ocrx_word' id='word_1_215' title='bbox 916 2830 1144 2886; x_wconf 84' lang='lat' dir='ltr'><strong>Domini.</strong></span> <span class='ocrx_word' id='word_1_216' title='bbox 1186 2826 1404 2897; x_wconf 80' lang='lat' dir='ltr'><strong>Quare?</strong></span> <span class='ocrx_word' id='word_1_217' title='bbox 1431 2824 1562 2891; x_wconf 86' lang='lat' dir='ltr'><strong>Quia</strong></span> <span class='ocrx_word' id='word_1_218' title='bbox 1590 2823 1786 2890; x_wconf 79' lang='lat' dir='ltr'><strong>ubique</strong></span> 
     </span>
    </p>
   </div>
   <div class='ocr_carea' id='block_1_27' title="bbox 209 2914 1785 2998">
    <p class='ocr_par' dir='ltr' id='par_1_27' title="bbox 209 2914 1785 2998">
     <span class='ocr_line' id='line_1_27' title="bbox 209 2914 1785 2998; baseline -0.01 -16"><span class='ocrx_word' id='word_1_219' title='bbox 209 2930 416 2983; x_wconf 84' lang='lat' dir='ltr'><strong>dimittit</strong></span> <span class='ocrx_word' id='word_1_220' title='bbox 446 2937 661 2998; x_wconf 82' lang='lat' dir='ltr'><strong>peccata</strong></span> <span class='ocrx_word' id='word_1_221' title='bbox 702 2925 864 2991; x_wconf 85' lang='lat' dir='ltr'><strong>Deus,</strong></span> <span class='ocrx_word' id='word_1_222' title='bbox 908 2923 1032 2994; x_wconf 86' lang='lat' dir='ltr'><strong>quia</strong></span> <span class='ocrx_word' id='word_1_223' title='bbox 1077 2920 1219 2976; x_wconf 90' lang='lat' dir='ltr'><strong>misit</strong></span> <span class='ocrx_word' id='word_1_224' title='bbox 1259 2917 1426 2974; x_wconf 76' lang='lat' dir='ltr'><strong>eteius</strong></span> <span class='ocrx_word' id='word_1_225' title='bbox 1453 2914 1545 2986; x_wconf 88' lang='lat' dir='ltr'><strong>qui</strong></span> <span class='ocrx_word' id='word_1_226' title='bbox 1590 2925 1785 2970; x_wconf 80' lang='lat' dir='ltr'><strong>terram</strong></span> 
     </span>
    </p>
   </div>
   <div class='ocr_carea' id='block_1_28' title="bbox 208 3022 588 3091">
    <p class='ocr_par' dir='ltr' id='par_1_28' title="bbox 208 3022 588 3091">
     <span class='ocr_line' id='line_1_28' title="bbox 208 3022 588 3091; baseline -0.011 -16"><span class='ocrx_word' id='word_1_227' title='bbox 208 3022 588 3091; x_wconf 81' lang='lat' dir='ltr'><strong>eomplucrent.</strong></span> 
     </span>
    </p>
   </div>
   <div class='ocr_carea' id='block_1_29' title="bbox 273 3096 1783 3182">
    <p class='ocr_par' dir='ltr' id='par_1_29' title="bbox 273 3096 1783 3182">
     <span class='ocr_line' id='line_1_29' title="bbox 273 3096 1783 3182; baseline -0.012 -14"><span class='ocrx_word' id='word_1_228' title='bbox 273 3114 327 3169; x_wconf 87' lang='lat'><strong>8.</strong></span> <span class='ocrx_word' id='word_1_229' title='bbox 359 3114 423 3168; x_wconf 79' lang='lat' dir='ltr'><strong>Et</strong></span> <span class='ocrx_word' id='word_1_230' title='bbox 451 3110 720 3182; x_wconf 88' lang='lat' dir='ltr'><strong>quomodo</strong></span> <span class='ocrx_word' id='word_1_231' title='bbox 745 3106 859 3163; x_wconf 82' lang='lat' dir='ltr'><strong>ausi</strong></span> <span class='ocrx_word' id='word_1_232' title='bbox 888 3113 1011 3161; x_wconf 87' lang='lat' dir='ltr'><strong>sunt</strong></span> <span class='ocrx_word' id='word_1_233' title='bbox 1039 3102 1140 3173; x_wconf 89' lang='lat' dir='ltr'><strong>ipsi</strong></span> <span class='ocrx_word' id='word_1_234' title='bbox 1164 3102 1283 3159; x_wconf 65' lang='lat' dir='ltr'><strong>caeli</strong></span> <span class='ocrx_word' id='word_1_235' title='bbox 1310 3100 1388 3157; x_wconf 89' lang='lat' dir='ltr'><strong>ire</strong></span> <span class='ocrx_word' id='word_1_236' title='bbox 1414 3114 1535 3155; x_wconf 92' lang='lat' dir='ltr'><strong>cum</strong></span> <span class='ocrx_word' id='word_1_237' title='bbox 1573 3096 1783 3164; x_wconf 81' lang='lat' dir='ltr'><strong>ﬁducia,</strong></span> 
     </span>
    </p>
   </div>
   <div class='ocr_carea' id='block_1_30' title="bbox 211 3188 1789 3263">
    <p class='ocr_par' dir='ltr' id='par_1_30' title="bbox 211 3188 1789 3263">
     <span class='ocr_line' id='line_1_30' title="bbox 211 3188 1789 3263; baseline -0.011 -3"><span class='ocrx_word' id='word_1_238' title='bbox 211 3221 271 3260; x_wconf 78' lang='lat' dir='ltr'><strong>cs</strong></span> <span class='ocrx_word' id='word_1_239' title='bbox 294 3204 597 3259; x_wconf 84' lang='lat' dir='ltr'><strong>hominibus</strong></span> <span class='ocrx_word' id='word_1_240' title='bbox 627 3199 851 3256; x_wconf 74' lang='lat' dir='ltr'><strong>inﬁrmis</strong></span> <span class='ocrx_word' id='word_1_241' title='bbox 877 3198 997 3253; x_wconf 63' lang='grc' dir='ltr'><strong>ωειὶ</strong></span> <span class='ocrx_word' id='word_1_242' title='bbox 1026 3195 1162 3261; x_wconf 80' lang='lat' dir='ltr'><strong>ﬁeri,</strong></span> <span class='ocrx_word' id='word_1_243' title='bbox 1189 3195 1289 3249; x_wconf 81' lang='lat' dir='ltr'><strong>nisi</strong></span> <span class='ocrx_word' id='word_1_244' title='bbox 1318 3194 1442 3263; x_wconf 86' lang='lat' dir='ltr'><strong>quia</strong></span> <span class='ocrx_word' id='word_1_245' title='bbox 1483 3190 1639 3245; x_wconf 86' lang='lat' dir='ltr'><strong>Verbo</strong></span> <span class='ocrx_word' id='word_1_246' title='bbox 1676 3188 1789 3244; x_wconf 86' lang='lat' dir='ltr'><strong>Do-</strong></span> 
     </span>
    </p>
   </div>
   <div class='ocr_carea' id='block_1_31' title="bbox 210 3285 1788 3349">
    <p class='ocr_par' dir='ltr' id='par_1_31' title="bbox 210 3285 1788 3349">
     <span class='ocr_line' id='line_1_31' title="bbox 210 3285 1788 3349; baseline -0.008 1"><span class='ocrx_word' id='word_1_247' title='bbox 210 3296 326 3349; x_wconf 70' lang='lat' dir='ltr'><strong>mini</strong></span> <span class='ocrx_word' id='word_1_248' title='bbox 353 3296 467 3349; x_wconf 71' lang='lat' dir='ltr'><strong>ccli</strong></span> <span class='ocrx_word' id='word_1_249' title='bbox 505 3292 711 3348; x_wconf 77' lang='lat' dir='ltr'><strong>solidati</strong></span> <span class='ocrx_word' id='word_1_250' title='bbox 747 3300 864 3346; x_wconf 87' lang='lat' dir='ltr'><strong>sunt</strong></span> <span class='ocrx_word' id='word_1_251' title='bbox 883 3289 910 3344; x_wconf 73' lang='grc'><em>2</em></span> <span class='ocrx_word' id='word_1_252' title='bbox 939 3288 1091 3345; x_wconf 89' lang='lat' dir='ltr'><strong>Unde</strong></span> <span class='ocrx_word' id='word_1_253' title='bbox 1119 3287 1261 3340; x_wconf 85' lang='lat' dir='ltr'><strong>enim</strong></span> <span class='ocrx_word' id='word_1_254' title='bbox 1306 3285 1558 3339; x_wconf 81' lang='lat' dir='ltr'><strong>haberent</strong></span> <span class='ocrx_word' id='word_1_255' title='bbox 1589 3291 1788 3337; x_wconf 70' lang='lat' dir='ltr'><strong>tantum</strong></span> 
     </span>
    </p>
   </div>
   <div class='ocr_carea' id='block_1_32' title="bbox 211 3375 1791 3451">
    <p class='ocr_par' dir='ltr' id='par_1_32' title="bbox 211 3375 1791 3451">
     <span class='ocr_line' id='line_1_32' title="bbox 211 3375 1791 3451; baseline -0.008 -10"><span class='ocrx_word' id='word_1_256' title='bbox 211 3389 455 3442; x_wconf 77' lang='lat' dir='ltr'><strong>virtutem</strong></span> <span class='ocrx_word' id='word_1_257' title='bbox 497 3400 626 3441; x_wconf 83' lang='lat' dir='ltr'><strong>oves</strong></span> <span class='ocrx_word' id='word_1_258' title='bbox 650 3385 789 3440; x_wconf 89' lang='lat' dir='ltr'><strong>inter</strong></span> <span class='ocrx_word' id='word_1_259' title='bbox 828 3383 1000 3451; x_wconf 86' lang='lat' dir='ltr'><strong>lupos,</strong></span> <span class='ocrx_word' id='word_1_260' title='bbox 1031 3380 1130 3435; x_wconf 82' lang='lat' dir='ltr'><strong>nisi</strong></span> <span class='ocrx_word' id='word_1_261' title='bbox 1158 3379 1280 3448; x_wconf 87' lang='lat' dir='ltr'><strong>quia</strong></span> <span class='ocrx_word' id='word_1_262' title='bbox 1326 3377 1522 3448; x_wconf 84' lang='lat' dir='ltr'><strong>Spiritu</strong></span> <span class='ocrx_word' id='word_1_263' title='bbox 1548 3376 1651 3429; x_wconf 88' lang='lat' dir='ltr'><strong>oris</strong></span> <span class='ocrx_word' id='word_1_264' title='bbox 1678 3375 1791 3442; x_wconf 82' lang='lat' dir='ltr'><strong>eius</strong></span> 
     </span>
    </p>
   </div>
   <div class='ocr_carea' id='block_1_33' title="bbox 210 3467 1792 3541">
    <p class='ocr_par' dir='ltr' id='par_1_33' title="bbox 210 3467 1792 3541">
     <span class='ocr_line' id='line_1_33' title="bbox 210 3467 1792 3541; baseline -0.009 -8"><span class='ocrx_word' id='word_1_265' title='bbox 210 3479 368 3534; x_wconf 72' lang='lat' dir='ltr'><strong>omnis</strong></span> <span class='ocrx_word' id='word_1_266' title='bbox 406 3480 572 3532; x_wconf 79' lang='lat' dir='ltr'><strong>uirtus</strong></span> <span class='ocrx_word' id='word_1_267' title='bbox 598 3491 771 3530; x_wconf 81' lang='lat' dir='ltr'><strong>eorum</strong></span> <span class='ocrx_word' id='word_1_268' title='bbox 788 3475 815 3529; x_wconf 71' lang='grc'><em>2</em></span> <span class='ocrx_word' id='word_1_269' title='bbox 849 3471 1001 3537; x_wconf 82' lang='lat' dir='ltr'><strong>Ecce,</strong></span> <span class='ocrx_word' id='word_1_270' title='bbox 1033 3472 1219 3541; x_wconf 88' lang='lat' dir='ltr'><strong>inquit,</strong></span> <span class='ocrx_word' id='word_1_271' title='bbox 1248 3470 1389 3523; x_wconf 84' lang='lat' dir='ltr'><strong>mitto</strong></span> <span class='ocrx_word' id='word_1_272' title='bbox 1416 3483 1499 3521; x_wconf 80' lang='lat' dir='ltr'><strong>vos</strong></span> <span class='ocrx_word' id='word_1_273' title='bbox 1524 3467 1650 3521; x_wconf 81' lang='lat' dir='ltr'><strong>sicut</strong></span> <span class='ocrx_word' id='word_1_274' title='bbox 1678 3482 1792 3520; x_wconf 84' lang='lat' dir='ltr'><strong>oves</strong></span> 
     </span>
    </p>
   </div>
   <div class='ocr_carea' id='block_1_34' title="bbox 211 3558 1792 3637">
    <p class='ocr_par' dir='ltr' id='par_1_34' title="bbox 211 3558 1792 3637">
     <span class='ocr_line' id='line_1_34' title="bbox 211 3558 1792 3637; baseline -0.008 -15"><span class='ocrx_word' id='word_1_275' title='bbox 211 3570 260 3622; x_wconf 70' lang='lat' dir='ltr'><strong>in</strong></span> <span class='ocrx_word' id='word_1_276' title='bbox 284 3568 450 3627; x_wconf 71' lang='lat' dir='ltr'><strong>medio,</strong></span> <span class='ocrx_word' id='word_1_277' title='bbox 486 3567 723 3637; x_wconf 79' lang='lat' dir='ltr'><strong>luporum</strong></span> <span class='ocrx_word' id='word_1_278' title='bbox 766 3562 977 3634; x_wconf 74' lang='lat' dir='ltr'><strong>(Matth.</strong></span> <span class='ocrx_word' id='word_1_279' title='bbox 1008 3577 1064 3626; x_wconf 82' lang='lat' dir='ltr'><strong>x,</strong></span> <span class='ocrx_word' id='word_1_280' title='bbox 1112 3559 1219 3631; x_wconf 78' lang='lat' dir='ltr'><strong>ili).</strong></span> <span class='ocrx_word' id='word_1_281' title='bbox 1253 3560 1299 3615; x_wconf 87' lang='grc'>0</span> <span class='ocrx_word' id='word_1_282' title='bbox 1331 3559 1550 3613; x_wconf 84' lang='lat' dir='ltr'><strong>Domine</strong></span> <span class='ocrx_word' id='word_1_283' title='bbox 1582 3558 1792 3611; x_wconf 82' lang='lat' dir='ltr'><strong>miseri-</strong></span> 
     </span>
    </p>
   </div>
   <div class='ocr_carea' id='block_1_35' title="bbox 212 3649 1792 3719">
    <p class='ocr_par' dir='ltr' id='par_1_35' title="bbox 212 3649 1792 3719">
     <span class='ocr_line' id='line_1_35' title="bbox 212 3649 1792 3719; baseline -0.009 -3"><span class='ocrx_word' id='word_1_284' title='bbox 212 3660 521 3717; x_wconf 84' lang='lat' dir='ltr'><strong>cordissime</strong></span> <span class='ocrx_word' id='word_1_285' title='bbox 542 3659 558 3713; x_wconf 75' lang='grc' dir='ltr'><strong>ε</strong></span> <span class='ocrx_word' id='word_1_286' title='bbox 582 3657 739 3714; x_wconf 86' lang='lat' dir='ltr'><strong>Certe</strong></span> <span class='ocrx_word' id='word_1_287' title='bbox 763 3657 864 3710; x_wconf 88' lang='lat' dir='ltr'><strong>hoc</strong></span> <span class='ocrx_word' id='word_1_288' title='bbox 886 3654 1034 3719; x_wconf 70' lang='lat' dir='ltr'><strong>lacis,</strong></span> <span class='ocrx_word' id='word_1_289' title='bbox 1056 3662 1112 3708; x_wconf 91' lang='lat' dir='ltr'><strong>ut</strong></span> <span class='ocrx_word' id='word_1_290' title='bbox 1132 3650 1494 3707; x_wconf 83' lang='lat' dir='ltr'><strong>misericordia</strong></span> <span class='ocrx_word' id='word_1_291' title='bbox 1521 3661 1607 3703; x_wconf 89' lang='lat' dir='ltr'><strong>tua</strong></span> <span class='ocrx_word' id='word_1_292' title='bbox 1638 3649 1792 3719; x_wconf 90' lang='lat' dir='ltr'><strong>plena</strong></span> 
     </span>
    </p>
   </div>
   <div class='ocr_carea' id='block_1_36' title="bbox 212 3742 1791 3821">
    <p class='ocr_par' dir='ltr' id='par_1_36' title="bbox 212 3742 1791 3821">
     <span class='ocr_line' id='line_1_36' title="bbox 212 3742 1791 3821; baseline -0.009 -12"><span class='ocrx_word' id='word_1_293' title='bbox 212 3756 278 3809; x_wconf 89' lang='lat' dir='ltr'><strong>sit</strong></span> <span class='ocrx_word' id='word_1_294' title='bbox 302 3764 465 3809; x_wconf 83' lang='lat' dir='ltr'><strong>terra.</strong></span> <span class='ocrx_word' id='word_1_295' title='bbox 492 3752 546 3808; x_wconf 88' lang='lat' dir='ltr'><strong>Si</strong></span> <span class='ocrx_word' id='word_1_296' title='bbox 578 3766 706 3821; x_wconf 77' lang='lat' dir='ltr'><strong>ergo</strong></span> <span class='ocrx_word' id='word_1_297' title='bbox 730 3750 800 3804; x_wconf 89' lang='lat' dir='ltr'><strong>ita</strong></span> <span class='ocrx_word' id='word_1_298' title='bbox 828 3763 888 3803; x_wconf 90' lang='lat' dir='ltr'><strong>es</strong></span> <span class='ocrx_word' id='word_1_299' title='bbox 914 3746 1235 3808; x_wconf 84' lang='lat' dir='ltr'><strong>misericors,</strong></span> <span class='ocrx_word' id='word_1_300' title='bbox 1270 3753 1326 3797; x_wconf 89' lang='lat' dir='ltr'><strong>ut</strong></span> <span class='ocrx_word' id='word_1_301' title='bbox 1351 3742 1571 3811; x_wconf 84' lang='lat' dir='ltr'><strong>impleas</strong></span> <span class='ocrx_word' id='word_1_302' title='bbox 1597 3751 1791 3795; x_wconf 83' lang='lat' dir='ltr'><strong>terram</strong></span> 
     </span>
    </p>
   </div>
   <div class='ocr_carea' id='block_1_37' title="bbox 213 3833 1790 3909">
    <p class='ocr_par' dir='ltr' id='par_1_37' title="bbox 213 3833 1790 3909">
     <span class='ocr_line' id='line_1_37' title="bbox 213 3833 1790 3909; baseline -0.01 -9"><span class='ocrx_word' id='word_1_303' title='bbox 213 3843 595 3907; x_wconf 69' lang='lat' dir='ltr'><strong>miserimirdia,</strong></span> <span class='ocrx_word' id='word_1_304' title='bbox 625 3840 742 3896; x_wconf 77' lang='lat' dir='ltr'><strong>vide</strong></span> <span class='ocrx_word' id='word_1_305' title='bbox 770 3854 903 3909; x_wconf 89' lang='lat' dir='ltr'><strong>quos</strong></span> <span class='ocrx_word' id='word_1_306' title='bbox 930 3837 1113 3902; x_wconf 84' lang='lat' dir='ltr'><strong>mittis,</strong></span> <span class='ocrx_word' id='word_1_307' title='bbox 1143 3835 1262 3889; x_wconf 88' lang='lat' dir='ltr'><strong>vide</strong></span> <span class='ocrx_word' id='word_1_308' title='bbox 1301 3850 1405 3903; x_wconf 90' lang='lat' dir='ltr'><strong>quo</strong></span> <span class='ocrx_word' id='word_1_309' title='bbox 1435 3833 1620 3887; x_wconf 87' lang='lat' dir='ltr'><strong>mittis.</strong></span> <span class='ocrx_word' id='word_1_310' title='bbox 1654 3834 1790 3899; x_wconf 82' lang='lat' dir='ltr'><strong>Quo,</strong></span> 
     </span>
    </p>
   </div>
   <div class='ocr_carea' id='block_1_38' title="bbox 212 3924 1794 4007">
    <p class='ocr_par' dir='ltr' id='par_1_38' title="bbox 212 3924 1794 4007">
     <span class='ocr_line' id='line_1_38' title="bbox 212 3924 1794 4007; baseline -0.01 -15"><span class='ocrx_word' id='word_1_311' title='bbox 212 3937 444 4007; x_wconf 79' lang='lat' dir='ltr'><strong>inquam,</strong></span> <span class='ocrx_word' id='word_1_312' title='bbox 492 3936 682 3999; x_wconf 82' lang='lat' dir='ltr'><strong>mittis,</strong></span> <span class='ocrx_word' id='word_1_313' title='bbox 713 3943 767 3988; x_wconf 89' lang='lat' dir='ltr'><strong>et</strong></span> <span class='ocrx_word' id='word_1_314' title='bbox 792 3949 925 4002; x_wconf 86' lang='lat' dir='ltr'><strong>quos</strong></span> <span class='ocrx_word' id='word_1_315' title='bbox 950 3928 1158 3984; x_wconf 80' lang='lat' dir='ltr'><strong>mittis?</strong></span> <span class='ocrx_word' id='word_1_316' title='bbox 1185 3927 1324 3983; x_wconf 78' lang='lat' dir='ltr'><strong>Oves</strong></span> <span class='ocrx_word' id='word_1_317' title='bbox 1363 3927 1415 3980; x_wconf 91' lang='lat' dir='ltr'><strong>in</strong></span> <span class='ocrx_word' id='word_1_318' title='bbox 1445 3926 1676 3980; x_wconf 88' lang='lat' dir='ltr'><strong>medium</strong></span> <span class='ocrx_word' id='word_1_319' title='bbox 1708 3924 1794 3977; x_wconf 91' lang='lat' dir='ltr'><strong>lu-</strong></span> 
     </span>
    </p>
   </div>
   <div class='ocr_carea' id='block_1_39' title="bbox 214 4018 1793 4100">
    <p class='ocr_par' dir='ltr' id='par_1_39' title="bbox 214 4018 1793 4100">
     <span class='ocr_line' id='line_1_39' title="bbox 214 4018 1793 4100; baseline -0.01 -15"><span class='ocrx_word' id='word_1_320' title='bbox 214 4046 415 4100; x_wconf 85' lang='lat' dir='ltr'><strong>porum.</strong></span> <span class='ocrx_word' id='word_1_321' title='bbox 450 4027 601 4085; x_wconf 85' lang='lat' dir='ltr'><strong>Unus</strong></span> <span class='ocrx_word' id='word_1_322' title='bbox 628 4028 782 4095; x_wconf 84' lang='lat' dir='ltr'><strong>lupus</strong></span> <span class='ocrx_word' id='word_1_323' title='bbox 803 4025 846 4079; x_wconf 80' lang='lat' dir='ltr'><strong>si</strong></span> <span class='ocrx_word' id='word_1_324' title='bbox 876 4024 1114 4082; x_wconf 81' lang='lat' dir='ltr'><strong>mittatur</strong></span> <span class='ocrx_word' id='word_1_325' title='bbox 1142 4020 1194 4074; x_wconf 91' lang='lat' dir='ltr'><strong>in</strong></span> <span class='ocrx_word' id='word_1_326' title='bbox 1225 4018 1456 4074; x_wconf 84' lang='lat' dir='ltr'><strong>medium</strong></span> <span class='ocrx_word' id='word_1_327' title='bbox 1485 4018 1793 4072; x_wconf 84' lang='lat' dir='ltr'><strong>innumera-</strong></span> 
     </span>
    </p>
   </div>
   <div class='ocr_carea' id='block_1_40' title="bbox 214 4106 1793 4187">
    <p class='ocr_par' dir='ltr' id='par_1_40' title="bbox 214 4106 1793 4187">
     <span class='ocr_line' id='line_1_40' title="bbox 214 4106 1793 4187; baseline -0.008 -13"><span class='ocrx_word' id='word_1_328' title='bbox 214 4121 395 4176; x_wconf 85' lang='lat' dir='ltr'><strong>bilium</strong></span> <span class='ocrx_word' id='word_1_329' title='bbox 422 4119 630 4181; x_wconf 72' lang='lat' dir='ltr'><strong>oviutn,’</strong></span> <span class='ocrx_word' id='word_1_330' title='bbox 658 4114 778 4187; x_wconf 82' lang='lat' dir='ltr'><strong>quis</strong></span> <span class='ocrx_word' id='word_1_331' title='bbox 804 4116 852 4170; x_wconf 88' lang='lat' dir='ltr'><strong>ei</strong></span> <span class='ocrx_word' id='word_1_332' title='bbox 885 4113 1127 4169; x_wconf 76' lang='lat' dir='ltr'><strong>resisLt?</strong></span> <span class='ocrx_word' id='word_1_333' title='bbox 1157 4109 1295 4178; x_wconf 87' lang='lat' dir='ltr'><strong>Quid</strong></span> <span class='ocrx_word' id='word_1_334' title='bbox 1326 4124 1431 4167; x_wconf 86' lang='lat' dir='ltr'><strong>non</strong></span> <span class='ocrx_word' id='word_1_335' title='bbox 1473 4106 1793 4174; x_wconf 84' lang='lat' dir='ltr'><strong>conturbat,</strong></span> 
     </span>
    </p>
   </div>
   <div class='ocr_carea' id='block_1_41' title="bbox 216 4199 1793 4280">
    <p class='ocr_par' dir='ltr' id='par_1_41' title="bbox 216 4199 1793 4280">
     <span class='ocr_line' id='line_1_41' title="bbox 216 4199 1793 4280; baseline -0.01 -14"><span class='ocrx_word' id='word_1_336' title='bbox 216 4213 310 4268; x_wconf 90' lang='lat' dir='ltr'><strong>nisi</strong></span> <span class='ocrx_word' id='word_1_337' title='bbox 354 4213 491 4267; x_wconf 82' lang='lat' dir='ltr'><strong>forte</strong></span> <span class='ocrx_word' id='word_1_338' title='bbox 520 4209 645 4280; x_wconf 85' lang='lat' dir='ltr'><strong>quia</strong></span> <span class='ocrx_word' id='word_1_339' title='bbox 672 4208 783 4265; x_wconf 84' lang='lat' dir='ltr'><strong>cito</strong></span> <span class='ocrx_word' id='word_1_340' title='bbox 815 4205 1081 4260; x_wconf 81' lang='lat' dir='ltr'><strong>satiatur?</strong></span> <span class='ocrx_word' id='word_1_341' title='bbox 1106 4203 1240 4257; x_wconf 83' lang='lat' dir='ltr'><strong>Nam</strong></span> <span class='ocrx_word' id='word_1_342' title='bbox 1288 4201 1463 4254; x_wconf 87' lang='lat' dir='ltr'><strong>omnia</strong></span> <span class='ocrx_word' id='word_1_343' title='bbox 1493 4199 1793 4254; x_wconf 85' lang='lat' dir='ltr'><strong>devoraret.</strong></span> 
     </span>
    </p>
   </div>
   <div class='ocr_carea' id='block_1_42' title="bbox 215 4290 1797 4362">
    <p class='ocr_par' dir='ltr' id='par_1_42' title="bbox 215 4290 1797 4362">
     <span class='ocr_line' id='line_1_42' title="bbox 215 4290 1797 4362; baseline -0.01 -3"><span class='ocrx_word' id='word_1_344' title='bbox 215 4304 374 4359; x_wconf 69' lang='lat' dir='ltr'><strong>lliuis</strong></span> <span class='ocrx_word' id='word_1_345' title='bbox 412 4304 652 4357; x_wconf 89' lang='lat' dir='ltr'><strong>inlirmos</strong></span> <span class='ocrx_word' id='word_1_346' title='bbox 679 4303 816 4355; x_wconf 77' lang='lat' dir='ltr'><strong>inter</strong></span> <span class='ocrx_word' id='word_1_347' title='bbox 840 4296 1051 4353; x_wconf 72' lang='lat' dir='ltr'><strong>saevos?</strong></span> <span class='ocrx_word' id='word_1_348' title='bbox 1094 4295 1263 4357; x_wconf 81' lang='lat' dir='ltr'><strong>Mitto,</strong></span> <span class='ocrx_word' id='word_1_349' title='bbox 1297 4292 1484 4362; x_wconf 86' lang='lat' dir='ltr'><strong>inquit,</strong></span> <span class='ocrx_word' id='word_1_350' title='bbox 1524 4292 1647 4359; x_wconf 87' lang='lat' dir='ltr'><strong>quia</strong></span> <span class='ocrx_word' id='word_1_351' title='bbox 1674 4290 1797 4344; x_wconf 77' lang='lat' dir='ltr'><strong>cmli</strong></span> 
     </span>
    </p>
   </div>
   <div class='ocr_carea' id='block_1_43' title="bbox 218 4382 1797 4462">
    <p class='ocr_par' dir='ltr' id='par_1_43' title="bbox 218 4382 1797 4462">
     <span class='ocr_line' id='line_1_43' title="bbox 218 4382 1797 4462; baseline -0.009 -10"><span class='ocrx_word' id='word_1_352' title='bbox 218 4399 369 4462; x_wconf 82' lang='lat' dir='ltr'><strong>ﬁunt,</strong></span> <span class='ocrx_word' id='word_1_353' title='bbox 397 4406 453 4452; x_wconf 90' lang='lat' dir='ltr'><strong>ut</strong></span> <span class='ocrx_word' id='word_1_354' title='bbox 483 4406 682 4451; x_wconf 82' lang='lat' dir='ltr'><strong>terram</strong></span> <span class='ocrx_word' id='word_1_355' title='bbox 724 4392 1050 4461; x_wconf 87' lang='lat' dir='ltr'><strong>compluant.</strong></span> <span class='ocrx_word' id='word_1_356' title='bbox 1082 4386 1234 4444; x_wconf 87' lang='lat' dir='ltr'><strong>Unde</strong></span> <span class='ocrx_word' id='word_1_357' title='bbox 1272 4386 1392 4440; x_wconf 69' lang='lat' dir='ltr'><strong>caeli</strong></span> <span class='ocrx_word' id='word_1_358' title='bbox 1426 4384 1667 4437; x_wconf 82' lang='lat' dir='ltr'><strong>homines</strong></span> <span class='ocrx_word' id='word_1_359' title='bbox 1713 4382 1797 4437; x_wconf 65' lang='lat' dir='ltr'><strong>inc</strong></span> 
     </span>
    </p>
   </div>
   <div class='ocr_carea' id='block_1_44' title="bbox 220 4472 1799 4557">
    <p class='ocr_par' dir='ltr' id='par_1_44' title="bbox 220 4472 1799 4557">
     <span class='ocr_line' id='line_1_44' title="bbox 220 4472 1799 4557; baseline -0.011 -15"><span class='ocrx_word' id='word_1_360' title='bbox 220 4491 390 4544; x_wconf 82' lang='lat' dir='ltr'><strong>lirmi?</strong></span> <span class='ocrx_word' id='word_1_361' title='bbox 426 4488 531 4545; x_wconf 84' lang='lat' dir='ltr'><strong>Sed</strong></span> <span class='ocrx_word' id='word_1_362' title='bbox 560 4485 761 4557; x_wconf 80' lang='lat' dir='ltr'><strong>Spiritu</strong></span> <span class='ocrx_word' id='word_1_363' title='bbox 784 4484 887 4537; x_wconf 84' lang='lat' dir='ltr'><strong>oris</strong></span> <span class='ocrx_word' id='word_1_364' title='bbox 913 4482 1025 4551; x_wconf 85' lang='lat' dir='ltr'><strong>ejus</strong></span> <span class='ocrx_word' id='word_1_365' title='bbox 1050 4478 1212 4533; x_wconf 86' lang='lat' dir='ltr'><strong>omnis</strong></span> <span class='ocrx_word' id='word_1_366' title='bbox 1240 4477 1399 4530; x_wconf 83' lang='lat' dir='ltr'><strong>virtus</strong></span> <span class='ocrx_word' id='word_1_367' title='bbox 1435 4489 1628 4528; x_wconf 86' lang='lat' dir='ltr'><strong>eorum.</strong></span> <span class='ocrx_word' id='word_1_368' title='bbox 1662 4472 1799 4526; x_wconf 86' lang='lat' dir='ltr'><strong>Ecce</strong></span> 
     </span>
    </p>
   </div>
   <div class='ocr_carea' id='block_1_45' title="bbox 216 4565 1798 4650">
    <p class='ocr_par' dir='ltr' id='par_1_45' title="bbox 216 4565 1798 4650">
     <span class='ocr_line' id='line_1_45' title="bbox 216 4565 1798 4650; baseline -0.014 -15"><span class='ocrx_word' id='word_1_369' title='bbox 216 4580 319 4650; x_wconf 90' lang='lat' dir='ltr'><strong>lupi</strong></span> <span class='ocrx_word' id='word_1_370' title='bbox 346 4580 603 4637; x_wconf 83' lang='lat' dir='ltr'><strong>tenebunt</strong></span> <span class='ocrx_word' id='word_1_371' title='bbox 631 4591 745 4638; x_wconf 82' lang='lat' dir='ltr'><strong>vos,</strong></span> <span class='ocrx_word' id='word_1_372' title='bbox 775 4584 829 4629; x_wconf 88' lang='lat' dir='ltr'><strong>et</strong></span> <span class='ocrx_word' id='word_1_373' title='bbox 857 4571 1067 4627; x_wconf 85' lang='lat' dir='ltr'><strong>tradent</strong></span> <span class='ocrx_word' id='word_1_374' title='bbox 1092 4584 1205 4633; x_wconf 68' lang='lat' dir='ltr'><strong>vos,</strong></span> <span class='ocrx_word' id='word_1_375' title='bbox 1230 4576 1286 4622; x_wconf 90' lang='lat' dir='ltr'><strong>et</strong></span> <span class='ocrx_word' id='word_1_376' title='bbox 1309 4565 1536 4620; x_wconf 85' lang='lat' dir='ltr'><strong>oll&#39;erent</strong></span> <span class='ocrx_word' id='word_1_377' title='bbox 1557 4571 1798 4637; x_wconf 74' lang='lat' dir='ltr'><strong>potesta-</strong></span> 
     </span>
    </p>
   </div>
   <div class='ocr_carea' id='block_1_46' title="bbox 219 4660 1795 4740">
    <p class='ocr_par' dir='ltr' id='par_1_46' title="bbox 219 4660 1795 4740">
     <span class='ocr_line' id='line_1_46' title="bbox 219 4660 1795 4740; baseline -0.012 -15"><span class='ocrx_word' id='word_1_378' title='bbox 219 4671 356 4726; x_wconf 83' lang='lat' dir='ltr'><strong>tibus</strong></span> <span class='ocrx_word' id='word_1_379' title='bbox 402 4679 618 4740; x_wconf 87' lang='lat' dir='ltr'><strong>propter</strong></span> <span class='ocrx_word' id='word_1_380' title='bbox 664 4681 858 4721; x_wconf 84' lang='lat' dir='ltr'><strong>uomen</strong></span> <span class='ocrx_word' id='word_1_381' title='bbox 905 4679 1101 4717; x_wconf 87' lang='lat' dir='ltr'><strong>meum.</strong></span> <span class='ocrx_word' id='word_1_382' title='bbox 1146 4660 1267 4715; x_wconf 81' lang='lat' dir='ltr'><strong>Jam</strong></span> <span class='ocrx_word' id='word_1_383' title='bbox 1311 4673 1405 4709; x_wconf 88' lang='lat' dir='ltr'><strong>vos</strong></span> <span class='ocrx_word' id='word_1_384' title='bbox 1433 4664 1636 4709; x_wconf 81' lang='lat' dir='ltr'><strong>armate</strong></span> <span class='ocrx_word' id='word_1_385' title='bbox 1681 4668 1795 4706; x_wconf 77' lang='lat' dir='ltr'><strong>vos.</strong></span> 
     </span>
    </p>
   </div>
   <div class='ocr_carea' id='block_1_47' title="bbox 221 4743 1801 4823">
    <p class='ocr_par' dir='ltr' id='par_1_47' title="bbox 221 4743 1801 4823">
     <span class='ocr_line' id='line_1_47' title="bbox 221 4743 1801 4823; baseline -0.013 -6"><span class='ocrx_word' id='word_1_386' title='bbox 221 4761 425 4818; x_wconf 77' lang='lat' dir='ltr'><strong>Virtute</strong></span> <span class='ocrx_word' id='word_1_387' title='bbox 450 4758 671 4816; x_wconf 80' lang='lat' dir='ltr'><strong>vestra?</strong></span> <span class='ocrx_word' id='word_1_388' title='bbox 697 4757 865 4812; x_wconf 81' lang='lat' dir='ltr'><strong>Absit.</strong></span> <span class='ocrx_word' id='word_1_389' title='bbox 893 4752 1067 4808; x_wconf 82' lang='lat' dir='ltr'><strong>Nolite</strong></span> <span class='ocrx_word' id='word_1_390' title='bbox 1088 4751 1307 4823; x_wconf 79' lang='lat' dir='ltr'><strong>cogitare</strong></span> <span class='ocrx_word' id='word_1_391' title='bbox 1329 4746 1449 4818; x_wconf 74' lang='lat' dir='ltr'><strong>quid</strong></span> <span class='ocrx_word' id='word_1_392' title='bbox 1478 4743 1753 4813; x_wconf 85' lang='lat' dir='ltr'><strong>loquamini</strong></span> <span class='ocrx_word' id='word_1_393' title='bbox 1782 4758 1801 4796; x_wconf 91' lang='lat'><strong><em>:</em></strong></span> 
     </span>
    </p>
   </div>
   <div class='ocr_carea' id='block_1_48' title="bbox 218 4832 1802 4917">
    <p class='ocr_par' dir='ltr' id='par_1_48' title="bbox 218 4832 1802 4917">
     <span class='ocr_line' id='line_1_48' title="bbox 218 4832 1802 4917; baseline -0.011 -12"><span class='ocrx_word' id='word_1_394' title='bbox 218 4870 314 4906; x_wconf 78' lang='lat' dir='ltr'><strong>non</strong></span> <span class='ocrx_word' id='word_1_395' title='bbox 343 4853 479 4908; x_wconf 74' lang='lat' dir='ltr'><strong>enim</strong></span> <span class='ocrx_word' id='word_1_396' title='bbox 524 4866 610 4905; x_wconf 76' lang='lat' dir='ltr'><strong>vos</strong></span> <span class='ocrx_word' id='word_1_397' title='bbox 638 4848 754 4904; x_wconf 80' lang='lat' dir='ltr'><strong>estis</strong></span> <span class='ocrx_word' id='word_1_398' title='bbox 791 4846 879 4917; x_wconf 88' lang='lat' dir='ltr'><strong>qui</strong></span> <span class='ocrx_word' id='word_1_399' title='bbox 906 4842 1188 4912; x_wconf 74' lang='lat' dir='ltr'><strong>loquimini,</strong></span> <span class='ocrx_word' id='word_1_400' title='bbox 1236 4840 1324 4894; x_wconf 82' lang='lat' dir='ltr'><strong>sed</strong></span> <span class='ocrx_word' id='word_1_401' title='bbox 1364 4836 1587 4906; x_wconf 79' lang='lat' dir='ltr'><strong>Spiritus</strong></span> <span class='ocrx_word' id='word_1_402' title='bbox 1629 4832 1802 4887; x_wconf 83' lang='lat' dir='ltr'><strong>Putris</strong></span> 
     </span>
    </p>
   </div>
   <div class='ocr_carea' id='block_1_49' title="bbox 218 4926 1800 5016">
    <p class='ocr_par' dir='ltr' id='par_1_49' title="bbox 218 4926 1800 5016">
     <span class='ocr_line' id='line_1_49' title="bbox 218 4926 1800 5016; baseline -0.014 -17"><span class='ocrx_word' id='word_1_403' title='bbox 218 4946 360 4999; x_wconf 72' lang='lat' dir='ltr'><strong>uestri</strong></span> <span class='ocrx_word' id='word_1_404' title='bbox 380 4946 470 5016; x_wconf 84' lang='lat' dir='ltr'><strong>qui</strong></span> <span class='ocrx_word' id='word_1_405' title='bbox 495 4940 792 5012; x_wconf 80' lang='lat' dir='ltr'><strong>loquiturin</strong></span> <span class='ocrx_word' id='word_1_406' title='bbox 811 4938 947 4993; x_wconf 78' lang='lat' dir='ltr'><strong>vobis</strong></span> <span class='ocrx_word' id='word_1_407' title='bbox 976 4933 1137 5008; x_wconf 82' lang='lat' dir='ltr'><strong>(Ibid.</strong></span> <span class='ocrx_word' id='word_1_408' title='bbox 1170 4933 1260 4998; x_wconf 81' lang='grc'><strong>19,</strong></span> <span class='ocrx_word' id='word_1_409' title='bbox 1286 4930 1376 5003; x_wconf 70' lang='grc'>20)</span> <span class='ocrx_word' id='word_1_410' title='bbox 1410 4946 1425 4981; x_wconf 84' lang='lat'><strong>:</strong></span> <span class='ocrx_word' id='word_1_411' title='bbox 1455 4928 1576 4997; x_wconf 87' lang='lat' dir='ltr'><strong>quia</strong></span> <span class='ocrx_word' id='word_1_412' title='bbox 1600 4926 1800 4996; x_wconf 82' lang='lat' dir='ltr'><strong>Spiritu</strong></span> 
     </span>
    </p>
   </div>
   <div class='ocr_carea' id='block_1_50' title="bbox 216 5031 1048 5107">
    <p class='ocr_par' dir='ltr' id='par_1_50' title="bbox 216 5031 1048 5107">
     <span class='ocr_line' id='line_1_50' title="bbox 216 5031 1048 5107; baseline -0.013 -16"><span class='ocrx_word' id='word_1_413' title='bbox 216 5038 316 5091; x_wconf 86' lang='lat' dir='ltr'><strong>oris</strong></span> <span class='ocrx_word' id='word_1_414' title='bbox 345 5038 461 5107; x_wconf 75' lang='lat' dir='ltr'><strong>ejus</strong></span> <span class='ocrx_word' id='word_1_415' title='bbox 484 5034 652 5093; x_wconf 84' lang='lat' dir='ltr'><strong>omnis</strong></span> <span class='ocrx_word' id='word_1_416' title='bbox 680 5031 835 5085; x_wconf 77' lang='lat' dir='ltr'><strong>virtus</strong></span> <span class='ocrx_word' id='word_1_417' title='bbox 855 5043 1048 5084; x_wconf 83' lang='lat' dir='ltr'><strong>eorum.</strong></span> 
     </span>
    </p>
   </div>
   <div class='ocr_carea' id='block_1_51' title="bbox 285 5109 1806 5187">
    <p class='ocr_par' dir='ltr' id='par_1_51' title="bbox 285 5109 1806 5187">
     <span class='ocr_line' id='line_1_51' title="bbox 285 5109 1806 5187; baseline -0.014 -3"><span class='ocrx_word' id='word_1_418' title='bbox 285 5131 340 5184; x_wconf 84' lang='lat'><strong>9.</strong></span> <span class='ocrx_word' id='word_1_419' title='bbox 371 5129 530 5184; x_wconf 80' lang='lat' dir='ltr'><strong>Facta</strong></span> <span class='ocrx_word' id='word_1_420' title='bbox 558 5137 681 5181; x_wconf 87' lang='lat' dir='ltr'><strong>sunt</strong></span> <span class='ocrx_word' id='word_1_421' title='bbox 705 5123 853 5187; x_wconf 71' lang='lat' dir='ltr'><strong>inec;</strong></span> <span class='ocrx_word' id='word_1_422' title='bbox 877 5120 1025 5175; x_wconf 89' lang='lat' dir='ltr'><strong>missi</strong></span> <span class='ocrx_word' id='word_1_423' title='bbox 1045 5124 1168 5172; x_wconf 91' lang='lat' dir='ltr'><strong>sunt</strong></span> <span class='ocrx_word' id='word_1_424' title='bbox 1190 5112 1451 5184; x_wconf 70' lang='lat' dir='ltr'><strong>ApOsloli,</strong></span> <span class='ocrx_word' id='word_1_425' title='bbox 1475 5109 1806 5180; x_wconf 87' lang='lat' dir='ltr'><strong>pertulerunt</strong></span> 
     </span>
    </p>
   </div>
   <div class='ocr_carea' id='block_1_52' title="bbox 217 5200 1805 5288">
    <p class='ocr_par' dir='ltr' id='par_1_52' title="bbox 217 5200 1805 5288">
     <span class='ocr_line' id='line_1_52' title="bbox 217 5200 1805 5288; baseline -0.016 -11"><span class='ocrx_word' id='word_1_426' title='bbox 217 5233 517 5288; x_wconf 75' lang='lat' dir='ltr'><strong>pressurus.</strong></span> <span class='ocrx_word' id='word_1_427' title='bbox 540 5213 805 5284; x_wconf 81' lang='lat' dir='ltr'><strong>Numquid</strong></span> <span class='ocrx_word' id='word_1_428' title='bbox 830 5209 989 5273; x_wconf 78' lang='lat' dir='ltr'><strong>ntOtltt</strong></span> <span class='ocrx_word' id='word_1_429' title='bbox 1015 5218 1186 5263; x_wconf 87' lang='lat' dir='ltr'><strong>tantas</strong></span> <span class='ocrx_word' id='word_1_430' title='bbox 1205 5204 1423 5259; x_wconf 84' lang='lat' dir='ltr'><strong>ferimus</strong></span> <span class='ocrx_word' id='word_1_431' title='bbox 1447 5210 1504 5255; x_wconf 90' lang='lat' dir='ltr'><strong>ut</strong></span> <span class='ocrx_word' id='word_1_432' title='bbox 1526 5200 1805 5254; x_wconf 89' lang='lat' dir='ltr'><strong>audiamus</strong></span> 
     </span>
    </p>
   </div>
   <div class='ocr_carea' id='block_1_53' title="bbox 218 5292 1800 5381">
    <p class='ocr_par' dir='ltr' id='par_1_53' title="bbox 218 5292 1800 5381">
     <span class='ocr_line' id='line_1_53' title="bbox 218 5292 1800 5381; baseline -0.019 -11"><span class='ocrx_word' id='word_1_433' title='bbox 218 5312 353 5379; x_wconf 59' lang='lat' dir='ltr'><strong>base,</strong></span> <span class='ocrx_word' id='word_1_434' title='bbox 383 5322 613 5381; x_wconf 66' lang='lat' dir='ltr'><strong>quartus</strong></span> <span class='ocrx_word' id='word_1_435' title='bbox 637 5306 711 5363; x_wconf 81' lang='lat' dir='ltr'><strong>illi</strong></span> <span class='ocrx_word' id='word_1_436' title='bbox 738 5315 794 5358; x_wconf 92' lang='lat' dir='ltr'><strong>ut</strong></span> <span class='ocrx_word' id='word_1_437' title='bbox 820 5302 1147 5358; x_wconf 84' lang='lat' dir='ltr'><strong>scminarent</strong></span> <span class='ocrx_word' id='word_1_438' title='bbox 1177 5295 1323 5350; x_wconf 72' lang='lat' dir='ltr'><strong>inec?</strong></span> <span class='ocrx_word' id='word_1_439' title='bbox 1352 5293 1488 5350; x_wconf 88' lang='lat' dir='ltr'><strong>Non.</strong></span> <span class='ocrx_word' id='word_1_440' title='bbox 1519 5292 1631 5346; x_wconf 84' lang='lat' dir='ltr'><strong>Erit</strong></span> <span class='ocrx_word' id='word_1_441' title='bbox 1652 5304 1800 5360; x_wconf 62' lang='lat' dir='ltr'><strong>ergo,</strong></span> 
     </span>
    </p>
   </div>
   <div class='ocr_carea' id='block_1_54' title="bbox 216 5383 1804 5468">
    <p class='ocr_par' dir='ltr' id='par_1_54' title="bbox 216 5383 1804 5468">
     <span class='ocr_line' id='line_1_54' title="bbox 216 5383 1804 5468; baseline -0.015 -11"><span class='ocrx_word' id='word_1_442' title='bbox 216 5404 430 5468; x_wconf 75' lang='lat' dir='ltr'><strong>fratres,</strong></span> <span class='ocrx_word' id='word_1_443' title='bbox 456 5403 820 5459; x_wconf 81' lang='lat' dir='ltr'><strong>infructuosus</strong></span> <span class='ocrx_word' id='word_1_444' title='bbox 849 5395 999 5449; x_wconf 89' lang='lat' dir='ltr'><strong>labor</strong></span> <span class='ocrx_word' id='word_1_445' title='bbox 1036 5388 1263 5446; x_wconf 86' lang='lat' dir='ltr'><strong>noster?</strong></span> <span class='ocrx_word' id='word_1_446' title='bbox 1291 5387 1427 5443; x_wconf 83' lang='lat' dir='ltr'><strong>Non.</strong></span> <span class='ocrx_word' id='word_1_447' title='bbox 1461 5383 1627 5439; x_wconf 83' lang='lat' dir='ltr'><strong>Video</strong></span> <span class='ocrx_word' id='word_1_448' title='bbox 1671 5397 1804 5437; x_wconf 88' lang='lat' dir='ltr'><strong>con-</strong></span> 
     </span>
    </p>
   </div>
   <div class='ocr_carea' id='block_1_55' title="bbox 216 5476 1807 5565">
    <p class='ocr_par' dir='ltr' id='par_1_55' title="bbox 216 5476 1807 5565">
     <span class='ocr_line' id='line_1_55' title="bbox 216 5476 1807 5565; baseline -0.016 -15"><span class='ocrx_word' id='word_1_449' title='bbox 216 5497 560 5565; x_wconf 76' lang='lat' dir='ltr'><strong>stipationcm</strong></span> <span class='ocrx_word' id='word_1_450' title='bbox 604 5500 860 5548; x_wconf 82' lang='lat' dir='ltr'><strong>vestram.</strong></span> <span class='ocrx_word' id='word_1_451' title='bbox 886 5484 980 5541; x_wconf 86' lang='lat' dir='ltr'><strong>sed</strong></span> <span class='ocrx_word' id='word_1_452' title='bbox 1009 5492 1065 5539; x_wconf 89' lang='lat' dir='ltr'><strong>et</strong></span> <span class='ocrx_word' id='word_1_453' title='bbox 1091 5496 1184 5536; x_wconf 89' lang='lat' dir='ltr'><strong>vos</strong></span> <span class='ocrx_word' id='word_1_454' title='bbox 1212 5479 1402 5535; x_wconf 78' lang='lat' dir='ltr'><strong>videtis</strong></span> <span class='ocrx_word' id='word_1_455' title='bbox 1431 5476 1680 5532; x_wconf 88' lang='lat' dir='ltr'><strong>sudorem</strong></span> <span class='ocrx_word' id='word_1_456' title='bbox 1708 5489 1807 5527; x_wconf 83' lang='lat' dir='ltr'><strong>m-</strong></span> 
     </span>
    </p>
   </div>
   <div class='ocr_carea' id='block_1_56' title="bbox 214 5565 1804 5649">
    <p class='ocr_par' dir='ltr' id='par_1_56' title="bbox 214 5565 1804 5649">
     <span class='ocr_line' id='line_1_56' title="bbox 214 5565 1804 5649; baseline -0.017 -6"><span class='ocrx_word' id='word_1_457' title='bbox 214 5598 409 5643; x_wconf 75' lang='lat' dir='ltr'><strong>etrum.</strong></span> <span class='ocrx_word' id='word_1_458' title='bbox 452 5588 509 5644; x_wconf 85' lang='lat' dir='ltr'><strong>Si</strong></span> <span class='ocrx_word' id='word_1_459' title='bbox 538 5585 852 5641; x_wconf 80' lang='lat' dir='ltr'><strong>toleramus,</strong></span> <span class='ocrx_word' id='word_1_460' title='bbox 893 5588 948 5632; x_wconf 90' lang='lat' dir='ltr'><strong>et</strong></span> <span class='ocrx_word' id='word_1_461' title='bbox 980 5572 1423 5649; x_wconf 75' lang='lat' dir='ltr'><strong>conregnabimus</strong></span> <span class='ocrx_word' id='word_1_462' title='bbox 1450 5567 1529 5642; x_wconf 92' lang='grc' dir='ltr'>(ιι</span> <span class='ocrx_word' id='word_1_463' title='bbox 1562 5565 1695 5621; x_wconf 86' lang='lat' dir='ltr'><strong>Tim.</strong></span> <span class='ocrx_word' id='word_1_464' title='bbox 1729 5581 1761 5617; x_wconf 90' lang='grc' dir='ltr'><strong>ιι</strong></span> <span class='ocrx_word' id='word_1_465' title='bbox 1788 5604 1804 5628; x_wconf 88' lang='grc'><em>,</em></span> 
     </span>
    </p>
   </div>
   <div class='ocr_carea' id='block_1_57' title="bbox 218 5657 1807 5754">
    <p class='ocr_par' dir='ltr' id='par_1_57' title="bbox 218 5657 1807 5754">
     <span class='ocr_line' id='line_1_57' title="bbox 218 5657 1807 5754; baseline -0.017 -17"><span class='ocrx_word' id='word_1_466' title='bbox 218 5684 333 5754; x_wconf 71' lang='grc'><strong>12).</strong></span> <span class='ocrx_word' id='word_1_467' title='bbox 365 5682 505 5739; x_wconf 81' lang='lat' dir='ltr'><strong>Ecce</strong></span> <span class='ocrx_word' id='word_1_468' title='bbox 542 5680 683 5732; x_wconf 79' lang='lat' dir='ltr'><strong>facta</strong></span> <span class='ocrx_word' id='word_1_469' title='bbox 730 5681 854 5728; x_wconf 89' lang='lat' dir='ltr'><strong>sunt</strong></span> <span class='ocrx_word' id='word_1_470' title='bbox 898 5670 1006 5725; x_wconf 81' lang='lat' dir='ltr'><strong>illa.</strong></span> <span class='ocrx_word' id='word_1_471' title='bbox 1060 5669 1135 5724; x_wconf 78' lang='lat' dir='ltr'><strong>Ex</strong></span> <span class='ocrx_word' id='word_1_472' title='bbox 1178 5667 1283 5721; x_wconf 87' lang='lat' dir='ltr'><strong>illis</strong></span> <span class='ocrx_word' id='word_1_473' title='bbox 1318 5663 1505 5718; x_wconf 90' lang='lat' dir='ltr'><strong>ovibus</strong></span> <span class='ocrx_word' id='word_1_474' title='bbox 1534 5659 1711 5715; x_wconf 86' lang='lat' dir='ltr'><strong>missis</strong></span> <span class='ocrx_word' id='word_1_475' title='bbox 1756 5657 1807 5710; x_wconf 91' lang='lat' dir='ltr'><strong>iu</strong></span> 
     </span>
    </p>
   </div>
   <div class='ocr_carea' id='block_1_58' title="bbox 213 5751 1804 5840">
    <p class='ocr_par' dir='ltr' id='par_1_58' title="bbox 213 5751 1804 5840">
     <span class='ocr_line' id='line_1_58' title="bbox 213 5751 1804 5840; baseline -0.018 -10"><span class='ocrx_word' id='word_1_476' title='bbox 213 5751 452 5832; x_wconf 78' lang='lat' dir='ltr'><strong>medium</strong></span> <span class='ocrx_word' id='word_1_477' title='bbox 476 5774 726 5840; x_wconf 84' lang='lat' dir='ltr'><strong>luporum</strong></span> <span class='ocrx_word' id='word_1_478' title='bbox 748 5780 801 5819; x_wconf 85' lang='lat' dir='ltr'><strong>et</strong></span> <span class='ocrx_word' id='word_1_479' title='bbox 828 5780 1112 5817; x_wconf 69' lang='grc' dir='ltr'>ηιειιιυνιιιδ</span> <span class='ocrx_word' id='word_1_480' title='bbox 1133 5767 1425 5828; x_wconf 84' lang='lat' dir='ltr'><strong>martyrum</strong></span> <span class='ocrx_word' id='word_1_481' title='bbox 1450 5751 1804 5811; x_wconf 67' lang='lat' dir='ltr'><strong>celebramus.</strong></span> 
     </span>
    </p>
   </div>
   <div class='ocr_carea' id='block_1_59' title="bbox 284 5872 1083 5954">
    <p class='ocr_par' dir='ltr' id='par_1_59' title="bbox 284 5872 1083 5954">
     <span class='ocr_line' id='line_1_59' title="bbox 284 5872 1083 5954; baseline -0.025 -12"><span class='ocrx_word' id='word_1_482' title='bbox 284 5893 299 5922; x_wconf 81' lang='grc'>⁸</span> <span class='ocrx_word' id='word_1_483' title='bbox 330 5900 456 5952; x_wconf 66' lang='lat' dir='ltr'><strong>33s.,</strong></span> <span class='ocrx_word' id='word_1_484' title='bbox 482 5883 677 5954; x_wconf 82' lang='lat' dir='ltr'><strong>agnitus</strong></span> <span class='ocrx_word' id='word_1_485' title='bbox 702 5875 946 5941; x_wconf 78' lang='lat' dir='ltr'><strong>discipulis</strong></span> <span class='ocrx_word' id='word_1_486' title='bbox 968 5872 1083 5927; x_wconf 79' lang='lat' dir='ltr'><strong>suis.</strong></span> 
     </span>
    </p>
   </div>
   <div class='ocr_carea' id='block_1_60' title="bbox 1233 418 2333 486">
    <p class='ocr_par' dir='ltr' id='par_1_60' title="bbox 1233 418 2333 486">
     <span class='ocr_line' id='line_1_60' title="bbox 1233 418 2333 486; baseline -0.01 0"><span class='ocrx_word' id='word_1_487' title='bbox 1233 424 1625 486; x_wconf 63' lang='lat' dir='ltr'><strong>ENARRATIO</strong></span> <span class='ocrx_word' id='word_1_488' title='bbox 1663 423 1728 478; x_wconf 81' lang='grc' dir='ltr'><strong>ΙΝ</strong></span> <span class='ocrx_word' id='word_1_489' title='bbox 1770 419 2088 477; x_wconf 69' lang='lat' dir='ltr'><strong>PSALMUM</strong></span> <span class='ocrx_word' id='word_1_490' title='bbox 2122 418 2333 477; x_wconf 75' lang='lat' dir='ltr'><strong>XXX&quot;.</strong></span> 
     </span>
    </p>
   </div>
   <div class='ocr_carea' id='block_1_61' title="bbox 3341 425 3447 488">
    <p class='ocr_par' dir='ltr' id='par_1_61' title="bbox 3341 425 3447 488">
     <span class='ocr_line' id='line_1_61' title="bbox 3341 425 3447 488; baseline -0.019 -2"><span class='ocrx_word' id='word_1_491' title='bbox 3341 425 3447 488; x_wconf 71' lang='lat'><strong>290</strong></span> 
     </span>
    </p>
   </div>
   <div class='ocr_carea' id='block_1_62' title="bbox 1869 532 3531 617">
    <p class='ocr_par' dir='ltr' id='par_1_62' title="bbox 1869 532 3531 617">
     <span class='ocr_line' id='line_1_62' title="bbox 1869 532 3531 617; baseline 0.009 -28"><span class='ocrx_word' id='word_1_492' title='bbox 1869 534 2040 589; x_wconf 86' lang='lat' dir='ltr'><strong>Locus</strong></span> <span class='ocrx_word' id='word_1_493' title='bbox 2070 534 2189 601; x_wconf 86' lang='lat' dir='ltr'><strong>iste,</strong></span> <span class='ocrx_word' id='word_1_494' title='bbox 2222 535 2431 604; x_wconf 80' lang='lat' dir='ltr'><strong>quando</strong></span> <span class='ocrx_word' id='word_1_495' title='bbox 2458 538 2708 609; x_wconf 79' lang='lat' dir='ltr'><strong>martyris</strong></span> <span class='ocrx_word' id='word_1_496' title='bbox 2740 537 2878 597; x_wconf 85' lang='lat' dir='ltr'><strong>beati</strong></span> <span class='ocrx_word' id='word_1_497' title='bbox 2903 540 2978 614; x_wconf 83' lang='grc' dir='ltr'><strong>(α)</strong></span> <span class='ocrx_word' id='word_1_498' title='bbox 3007 558 3199 615; x_wconf 88' lang='lat' dir='ltr'><strong>corpus</strong></span> <span class='ocrx_word' id='word_1_499' title='bbox 3228 561 3448 617; x_wconf 89' lang='lat' dir='ltr'><strong>percus-</strong></span> <span class='ocrx_word' id='word_1_500' title='bbox 3514 532 3531 558; x_wconf 75' lang='grc'><em>”</em></span> 
     </span>
    </p>
   </div>
   <div class='ocr_carea' id='block_1_63' title="bbox 1867 619 3449 704">
    <p class='ocr_par' dir='ltr' id='par_1_63' title="bbox 1867 619 3449 704">
     <span class='ocr_line' id='line_1_63' title="bbox 1867 619 3449 704; baseline 0.009 -24"><span class='ocrx_word' id='word_1_501' title='bbox 1867 639 1984 680; x_wconf 87' lang='lat' dir='ltr'><strong>sum</strong></span> <span class='ocrx_word' id='word_1_502' title='bbox 2015 635 2116 687; x_wconf 88' lang='lat' dir='ltr'><strong>est,</strong></span> <span class='ocrx_word' id='word_1_503' title='bbox 2158 626 2293 696; x_wconf 87' lang='lat' dir='ltr'><strong>lupis</strong></span> <span class='ocrx_word' id='word_1_504' title='bbox 2325 619 2518 695; x_wconf 87' lang='lat' dir='ltr'><strong>plenus</strong></span> <span class='ocrx_word' id='word_1_505' title='bbox 2554 637 2665 682; x_wconf 81' lang='lat' dir='ltr'><strong>erat</strong></span> <span class='ocrx_word' id='word_1_506' title='bbox 2695 647 2708 683; x_wconf 91' lang='lat'><strong>:</strong></span> <span class='ocrx_word' id='word_1_507' title='bbox 2738 629 2861 684; x_wconf 77' lang='lat' dir='ltr'><strong>vicit</strong></span> <span class='ocrx_word' id='word_1_508' title='bbox 2889 641 2967 686; x_wconf 89' lang='lat' dir='ltr'><strong>tot</strong></span> <span class='ocrx_word' id='word_1_509' title='bbox 3009 633 3160 704; x_wconf 83' lang='lat' dir='ltr'><strong>lupos</strong></span> <span class='ocrx_word' id='word_1_510' title='bbox 3203 652 3304 693; x_wconf 89' lang='lat' dir='ltr'><strong>una</strong></span> <span class='ocrx_word' id='word_1_511' title='bbox 3333 640 3449 696; x_wconf 84' lang='lat' dir='ltr'><strong>ovis</strong></span> 
     </span>
    </p>
   </div>
   <div class='ocr_carea' id='block_1_64' title="bbox 1868 717 3451 789">
    <p class='ocr_par' dir='ltr' id='par_1_64' title="bbox 1868 717 3451 789">
     <span class='ocr_line' id='line_1_64' title="bbox 1868 717 3451 789; baseline 0.013 -21"><span class='ocrx_word' id='word_1_512' title='bbox 1868 724 2042 785; x_wconf 86' lang='lat' dir='ltr'><strong>capta,</strong></span> <span class='ocrx_word' id='word_1_513' title='bbox 2073 726 2125 771; x_wconf 90' lang='lat' dir='ltr'><strong>et</strong></span> <span class='ocrx_word' id='word_1_514' title='bbox 2156 717 2336 786; x_wconf 59' lang='lat' dir='ltr'><strong>implei</strong></span> <span class='ocrx_word' id='word_1_515' title='bbox 2353 718 2391 772; x_wconf 91' lang='lat' dir='ltr'><strong>it</strong></span> <span class='ocrx_word' id='word_1_516' title='bbox 2417 719 2589 772; x_wconf 89' lang='lat' dir='ltr'><strong>locum</strong></span> <span class='ocrx_word' id='word_1_517' title='bbox 2620 719 2807 777; x_wconf 86' lang='lat' dir='ltr'><strong>ovibus</strong></span> <span class='ocrx_word' id='word_1_518' title='bbox 2826 723 2941 777; x_wconf 88' lang='lat' dir='ltr'><strong>ovis</strong></span> <span class='ocrx_word' id='word_1_519' title='bbox 2964 727 3155 781; x_wconf 82' lang='lat' dir='ltr'><strong>occisa.</strong></span> <span class='ocrx_word' id='word_1_520' title='bbox 3185 727 3451 789; x_wconf 79' lang='lat' dir='ltr'><strong>Saeviebat</strong></span> 
     </span>
    </p>
   </div>
   <div class='ocr_carea' id='block_1_65' title="bbox 1869 809 3451 888">
    <p class='ocr_par' dir='ltr' id='par_1_65' title="bbox 1869 809 3451 888">
     <span class='ocr_line' id='line_1_65' title="bbox 1869 809 3451 888; baseline 0.013 -27"><span class='ocrx_word' id='word_1_521' title='bbox 1869 815 1994 861; x_wconf 88' lang='lat' dir='ltr'><strong>tunc</strong></span> <span class='ocrx_word' id='word_1_522' title='bbox 2038 824 2184 864; x_wconf 88' lang='lat' dir='ltr'><strong>mare</strong></span> <span class='ocrx_word' id='word_1_523' title='bbox 2226 809 2527 880; x_wconf 74' lang='lat' dir='ltr'><strong>ingentibus</strong></span> <span class='ocrx_word' id='word_1_524' title='bbox 2570 810 2997 884; x_wconf 74' lang='lat' dir='ltr'><strong>persequentium</strong></span> <span class='ocrx_word' id='word_1_525' title='bbox 3043 818 3309 888; x_wconf 83' lang='lat' dir='ltr'><strong>ﬂuctibus,</strong></span> <span class='ocrx_word' id='word_1_526' title='bbox 3341 824 3451 880; x_wconf 80' lang='lat' dir='ltr'><strong>ibat</strong></span> 
     </span>
    </p>
   </div>
   <div class='ocr_carea' id='block_1_66' title="bbox 1869 898 3451 984">
    <p class='ocr_par' dir='ltr' id='par_1_66' title="bbox 1869 898 3451 984">
     <span class='ocr_line' id='line_1_66' title="bbox 1869 898 3451 984; baseline 0.011 -31"><span class='ocrx_word' id='word_1_527' title='bbox 1869 899 1921 953; x_wconf 91' lang='lat' dir='ltr'><strong>in</strong></span> <span class='ocrx_word' id='word_1_528' title='bbox 1953 898 2152 954; x_wconf 87' lang='lat' dir='ltr'><strong>aridam</strong></span> <span class='ocrx_word' id='word_1_529' title='bbox 2180 903 2444 959; x_wconf 88' lang='lat' dir='ltr'><strong>sitientem</strong></span> <span class='ocrx_word' id='word_1_530' title='bbox 2482 906 2675 960; x_wconf 72' lang='lat' dir='ltr'><strong>cmlum</strong></span> <span class='ocrx_word' id='word_1_531' title='bbox 2711 908 2822 963; x_wconf 88' lang='lat' dir='ltr'><strong>Dei.</strong></span> <span class='ocrx_word' id='word_1_532' title='bbox 2854 909 3008 964; x_wconf 81' lang='lat' dir='ltr'><strong>Modo</strong></span> <span class='ocrx_word' id='word_1_533' title='bbox 3033 923 3210 968; x_wconf 87' lang='lat' dir='ltr'><strong>autem</strong></span> <span class='ocrx_word' id='word_1_534' title='bbox 3242 929 3336 984; x_wconf 87' lang='lat' dir='ltr'><strong>per</strong></span> <span class='ocrx_word' id='word_1_535' title='bbox 3362 917 3451 973; x_wconf 79' lang='lat' dir='ltr'><strong>illa</strong></span> 
     </span>
    </p>
   </div>
   <div class='ocr_carea' id='block_1_67' title="bbox 1868 993 3451 1077">
    <p class='ocr_par' dir='ltr' id='par_1_67' title="bbox 1868 993 3451 1077">
     <span class='ocr_line' id='line_1_67' title="bbox 1868 993 3451 1077; baseline 0.013 -33"><span class='ocrx_word' id='word_1_536' title='bbox 1868 1006 1987 1062; x_wconf 68' lang='lat' dir='ltr'><strong>quae</strong></span> <span class='ocrx_word' id='word_1_537' title='bbox 2013 993 2088 1047; x_wconf 92' lang='lat' dir='ltr'><strong>illi</strong></span> <span class='ocrx_word' id='word_1_538' title='bbox 2122 996 2257 1063; x_wconf 73' lang='lat' dir='ltr'><strong>passi</strong></span> <span class='ocrx_word' id='word_1_539' title='bbox 2286 1009 2428 1063; x_wconf 90' lang='lat' dir='ltr'><strong>sum,</strong></span> <span class='ocrx_word' id='word_1_540' title='bbox 2455 999 2543 1068; x_wconf 93' lang='lat' dir='ltr'><strong>qui</strong></span> <span class='ocrx_word' id='word_1_541' title='bbox 2584 1000 2751 1063; x_wconf 89' lang='lat' dir='ltr'><strong>aciem</strong></span> <span class='ocrx_word' id='word_1_542' title='bbox 2798 1014 3075 1072; x_wconf 86' lang='lat' dir='ltr'><strong>ruperunt,</strong></span> <span class='ocrx_word' id='word_1_543' title='bbox 3102 1007 3451 1077; x_wconf 77' lang='lat' dir='ltr'><strong>gloriﬁcatum</strong></span> 
     </span>
    </p>
   </div>
   <div class='ocr_carea' id='block_1_68' title="bbox 1870 1086 3453 1168">
    <p class='ocr_par' dir='ltr' id='par_1_68' title="bbox 1870 1086 3453 1168">
     <span class='ocr_line' id='line_1_68' title="bbox 1870 1086 3453 1168; baseline 0.013 -31"><span class='ocrx_word' id='word_1_544' title='bbox 1870 1092 1951 1137; x_wconf 82' lang='lat' dir='ltr'><strong>est</strong></span> <span class='ocrx_word' id='word_1_545' title='bbox 1978 1100 2168 1139; x_wconf 84' lang='lat' dir='ltr'><strong>nomen</strong></span> <span class='ocrx_word' id='word_1_546' title='bbox 2197 1086 2392 1143; x_wconf 86' lang='lat' dir='ltr'><strong>Christi</strong></span> <span class='ocrx_word' id='word_1_547' title='bbox 2428 1107 2441 1143; x_wconf 92' lang='lat'><strong>:</strong></span> <span class='ocrx_word' id='word_1_548' title='bbox 2471 1093 2748 1161; x_wconf 78' lang='lat' dir='ltr'><strong>occupavit</strong></span> <span class='ocrx_word' id='word_1_549' title='bbox 2789 1096 2947 1151; x_wconf 87' lang='lat' dir='ltr'><strong>etiam</strong></span> <span class='ocrx_word' id='word_1_550' title='bbox 2995 1097 3136 1168; x_wconf 75' lang='lat' dir='ltr'><strong>ipsas</strong></span> <span class='ocrx_word' id='word_1_551' title='bbox 3166 1110 3453 1168; x_wconf 80' lang='lat' dir='ltr'><strong>potestates</strong></span> 
     </span>
    </p>
   </div>
   <div class='ocr_carea' id='block_1_69' title="bbox 1870 1174 3453 1263">
    <p class='ocr_par' dir='ltr' id='par_1_69' title="bbox 1870 1174 3453 1263">
     <span class='ocr_line' id='line_1_69' title="bbox 1870 1174 3453 1263; baseline 0.014 -36"><span class='ocrx_word' id='word_1_552' title='bbox 1870 1174 2149 1229; x_wconf 85' lang='lat' dir='ltr'><strong>ambulans</strong></span> <span class='ocrx_word' id='word_1_553' title='bbox 2175 1192 2335 1246; x_wconf 85' lang='lat' dir='ltr'><strong>super</strong></span> <span class='ocrx_word' id='word_1_554' title='bbox 2367 1180 2535 1249; x_wconf 81' lang='lat' dir='ltr'><strong>capita</strong></span> <span class='ocrx_word' id='word_1_555' title='bbox 2581 1185 2894 1239; x_wconf 89' lang='lat' dir='ltr'><strong>tumentium</strong></span> <span class='ocrx_word' id='word_1_556' title='bbox 2920 1189 3205 1257; x_wconf 51' lang='lat' dir='ltr'><strong>gurgitum.</strong></span> <span class='ocrx_word' id='word_1_557' title='bbox 3241 1191 3301 1246; x_wconf 88' lang='lat' dir='ltr'><strong>Et</strong></span> <span class='ocrx_word' id='word_1_558' title='bbox 3331 1195 3453 1263; x_wconf 87' lang='lat' dir='ltr'><strong>quia</strong></span> 
     </span>
    </p>
   </div>
   <div class='ocr_carea' id='block_1_70' title="bbox 1871 1262 3453 1345">
    <p class='ocr_par' dir='ltr' id='par_1_70' title="bbox 1871 1262 3453 1345">
     <span class='ocr_line' id='line_1_70' title="bbox 1871 1262 3453 1345; baseline 0.013 -27"><span class='ocrx_word' id='word_1_559' title='bbox 1871 1262 1970 1319; x_wconf 83' lang='lat' dir='ltr'><strong>ista</strong></span> <span class='ocrx_word' id='word_1_560' title='bbox 2003 1265 2138 1322; x_wconf 80' lang='lat' dir='ltr'><strong>facta</strong></span> <span class='ocrx_word' id='word_1_561' title='bbox 2164 1279 2307 1332; x_wconf 89' lang='lat' dir='ltr'><strong>sunt,</strong></span> <span class='ocrx_word' id='word_1_562' title='bbox 2338 1270 2498 1324; x_wconf 88' lang='lat' dir='ltr'><strong>modo</strong></span> <span class='ocrx_word' id='word_1_563' title='bbox 2537 1274 2694 1327; x_wconf 87' lang='lat' dir='ltr'><strong>etiam</strong></span> <span class='ocrx_word' id='word_1_564' title='bbox 2723 1276 2811 1345; x_wconf 90' lang='lat' dir='ltr'><strong>qui</strong></span> <span class='ocrx_word' id='word_1_565' title='bbox 2841 1277 3034 1343; x_wconf 83' lang='lat' dir='ltr'><strong>vident,</strong></span> <span class='ocrx_word' id='word_1_566' title='bbox 3067 1280 3301 1336; x_wconf 89' lang='lat' dir='ltr'><strong>nondum</strong></span> <span class='ocrx_word' id='word_1_567' title='bbox 3329 1298 3453 1338; x_wconf 86' lang='lat' dir='ltr'><strong>cre-</strong></span> 
     </span>
    </p>
   </div>
   <div class='ocr_carea' id='block_1_71' title="bbox 1871 1354 3457 1437">
    <p class='ocr_par' dir='ltr' id='par_1_71' title="bbox 1871 1354 3457 1437">
     <span class='ocr_line' id='line_1_71' title="bbox 1871 1354 3457 1437; baseline 0.012 -27"><span class='ocrx_word' id='word_1_568' title='bbox 1871 1354 2078 1425; x_wconf 83' lang='lat' dir='ltr'><strong>dentes,</strong></span> <span class='ocrx_word' id='word_1_569' title='bbox 2110 1360 2475 1416; x_wconf 79' lang='lat' dir='ltr'><strong>conventicula</strong></span> <span class='ocrx_word' id='word_1_570' title='bbox 2508 1374 2710 1430; x_wconf 89' lang='lat' dir='ltr'><strong>nostra,</strong></span> <span class='ocrx_word' id='word_1_571' title='bbox 2753 1366 3161 1437; x_wconf 83' lang='lat' dir='ltr'><strong>celebrationes,</strong></span> <span class='ocrx_word' id='word_1_572' title='bbox 3202 1372 3457 1429; x_wconf 87' lang='lat' dir='ltr'><strong>solemni-</strong></span> 
     </span>
    </p>
   </div>
   <div class='ocr_carea' id='block_1_72' title="bbox 1873 1449 3453 1531">
    <p class='ocr_par' dir='ltr' id='par_1_72' title="bbox 1873 1449 3453 1531">
     <span class='ocr_line' id='line_1_72' title="bbox 1873 1449 3453 1531; baseline 0.011 -29"><span class='ocrx_word' id='word_1_573' title='bbox 1873 1457 2028 1513; x_wconf 88' lang='lat' dir='ltr'><strong>tates,</strong></span> <span class='ocrx_word' id='word_1_574' title='bbox 2059 1449 2240 1507; x_wconf 65' lang='lat' dir='ltr'><strong>laudcs</strong></span> <span class='ocrx_word' id='word_1_575' title='bbox 2284 1452 2389 1522; x_wconf 78' lang='lat' dir='ltr'><strong>iam</strong></span> <span class='ocrx_word' id='word_1_576' title='bbox 2431 1456 2739 1511; x_wconf 79' lang='lat' dir='ltr'><strong>manifestas</strong></span> <span class='ocrx_word' id='word_1_577' title='bbox 2768 1469 2821 1513; x_wconf 90' lang='lat' dir='ltr'><strong>et</strong></span> <span class='ocrx_word' id='word_1_578' title='bbox 2852 1461 3087 1529; x_wconf 74' lang='lat' dir='ltr'><strong>publlcas</strong></span> <span class='ocrx_word' id='word_1_579' title='bbox 3123 1462 3213 1517; x_wconf 90' lang='lat' dir='ltr'><strong>Dei</strong></span> <span class='ocrx_word' id='word_1_580' title='bbox 3245 1466 3411 1523; x_wconf 88' lang='lat' dir='ltr'><strong>nostri</strong></span> <span class='ocrx_word' id='word_1_581' title='bbox 3437 1504 3453 1531; x_wconf 88' lang='lat'><strong>,</strong></span> 
     </span>
    </p>
   </div>
   <div class='ocr_carea' id='block_1_73' title="bbox 1875 1541 3457 1617">
    <p class='ocr_par' dir='ltr' id='par_1_73' title="bbox 1875 1541 3457 1617">
     <span class='ocr_line' id='line_1_73' title="bbox 1875 1541 3457 1617; baseline 0.012 -24"><span class='ocrx_word' id='word_1_582' title='bbox 1875 1541 2069 1609; x_wconf 86' lang='lat' dir='ltr'><strong>putatis</strong></span> <span class='ocrx_word' id='word_1_583' title='bbox 2114 1557 2207 1597; x_wconf 88' lang='lat' dir='ltr'><strong>eos</strong></span> <span class='ocrx_word' id='word_1_584' title='bbox 2259 1559 2363 1598; x_wconf 91' lang='lat' dir='ltr'><strong>non</strong></span> <span class='ocrx_word' id='word_1_585' title='bbox 2410 1544 2610 1610; x_wconf 59' lang='lat' dir='ltr'><strong>doli-re,</strong></span> <span class='ocrx_word' id='word_1_586' title='bbox 2662 1549 2854 1617; x_wconf 88' lang='lat' dir='ltr'><strong>putatis</strong></span> <span class='ocrx_word' id='word_1_587' title='bbox 2900 1566 3003 1605; x_wconf 89' lang='lat' dir='ltr'><strong>non</strong></span> <span class='ocrx_word' id='word_1_588' title='bbox 3035 1551 3306 1609; x_wconf 78' lang='lat' dir='ltr'><strong>fremere?</strong></span> <span class='ocrx_word' id='word_1_589' title='bbox 3350 1555 3457 1612; x_wconf 86' lang='lat' dir='ltr'><strong>Sed</strong></span> 
     </span>
    </p>
   </div>
   <div class='ocr_carea' id='block_1_74' title="bbox 1874 1633 3460 1704">
    <p class='ocr_par' dir='ltr' id='par_1_74' title="bbox 1874 1633 3460 1704">
     <span class='ocr_line' id='line_1_74' title="bbox 1874 1633 3460 1704; baseline 0.009 -18"><span class='ocrx_word' id='word_1_590' title='bbox 1874 1646 2016 1686; x_wconf 87' lang='lat' dir='ltr'><strong>nunc</strong></span> <span class='ocrx_word' id='word_1_591' title='bbox 2044 1633 2292 1700; x_wconf 88' lang='lat' dir='ltr'><strong>impletur</strong></span> <span class='ocrx_word' id='word_1_592' title='bbox 2313 1651 2380 1704; x_wconf 85' lang='lat' dir='ltr'><strong>qu</strong></span> <span class='ocrx_word' id='word_1_593' title='bbox 2408 1635 2451 1689; x_wconf 37' lang='lat' dir='ltr'><strong>,d</strong></span> <span class='ocrx_word' id='word_1_594' title='bbox 2477 1636 2545 1690; x_wconf 83' lang='lat' dir='ltr'><strong>de</strong></span> <span class='ocrx_word' id='word_1_595' title='bbox 2572 1637 2676 1692; x_wconf 86' lang='lat' dir='ltr'><strong>illis</strong></span> <span class='ocrx_word' id='word_1_596' title='bbox 2718 1638 2918 1695; x_wconf 88' lang='lat' dir='ltr'><strong>dictum</strong></span> <span class='ocrx_word' id='word_1_597' title='bbox 2948 1651 3030 1695; x_wconf 86' lang='lat' dir='ltr'><strong>est</strong></span> <span class='ocrx_word' id='word_1_598' title='bbox 3062 1660 3075 1695; x_wconf 89' lang='lat'><strong>:</strong></span> <span class='ocrx_word' id='word_1_599' title='bbox 3111 1641 3356 1698; x_wconf 83' lang='lat' dir='ltr'><strong>Peccator</strong></span> <span class='ocrx_word' id='word_1_600' title='bbox 3383 1646 3460 1699; x_wconf 81' lang='lat' dir='ltr'><strong>vi-</strong></span> 
     </span>
    </p>
   </div>
   <div class='ocr_carea' id='block_1_75' title="bbox 1876 1723 3459 1801">
    <p class='ocr_par' dir='ltr' id='par_1_75' title="bbox 1876 1723 3459 1801">
     <span class='ocr_line' id='line_1_75' title="bbox 1876 1723 3459 1801; baseline 0.01 -23"><span class='ocrx_word' id='word_1_601' title='bbox 1876 1723 2029 1786; x_wconf 58' lang='lat' dir='ltr'><strong>debit,</strong></span> <span class='ocrx_word' id='word_1_602' title='bbox 2058 1734 2105 1778; x_wconf 85' lang='lat' dir='ltr'><strong>et</strong></span> <span class='ocrx_word' id='word_1_603' title='bbox 2150 1727 2410 1781; x_wconf 85' lang='lat' dir='ltr'><strong>irascetur.</strong></span> <span class='ocrx_word' id='word_1_604' title='bbox 2440 1728 2576 1794; x_wconf 86' lang='lat' dir='ltr'><strong>Quid</strong></span> <span class='ocrx_word' id='word_1_605' title='bbox 2619 1745 2765 1800; x_wconf 80' lang='lat' dir='ltr'><strong>ergo.</strong></span> <span class='ocrx_word' id='word_1_606' title='bbox 2792 1733 2912 1801; x_wconf 85' lang='lat' dir='ltr'><strong>quia</strong></span> <span class='ocrx_word' id='word_1_607' title='bbox 2945 1733 3243 1789; x_wconf 70' lang='lat' dir='ltr'><strong>irascetur?</strong></span> <span class='ocrx_word' id='word_1_608' title='bbox 3273 1736 3346 1792; x_wconf 83' lang='lat' dir='ltr'><strong>Ne</strong></span> <span class='ocrx_word' id='word_1_609' title='bbox 3390 1738 3459 1793; x_wconf 86' lang='lat' dir='ltr'><strong>ti-</strong></span> 
     </span>
    </p>
   </div>
   <div class='ocr_carea' id='block_1_76' title="bbox 1876 1818 3462 1907">
    <p class='ocr_par' dir='ltr' id='par_1_76' title="bbox 1876 1818 3462 1907">
     <span class='ocr_line' id='line_1_76' title="bbox 1876 1818 3462 1907; baseline 0.008 -36"><span class='ocrx_word' id='word_1_610' title='bbox 1876 1831 2045 1882; x_wconf 84' lang='lat' dir='ltr'><strong>meas,</strong></span> <span class='ocrx_word' id='word_1_611' title='bbox 2076 1818 2442 1907; x_wconf 33' lang='lat' dir='ltr'><strong>ovis,.lnpum.</strong></span> <span class='ocrx_word' id='word_1_612' title='bbox 2496 1821 2651 1877; x_wconf 71' lang='lat' dir='ltr'><strong>Modo</strong></span> <span class='ocrx_word' id='word_1_613' title='bbox 2697 1824 2867 1877; x_wconf 88' lang='lat' dir='ltr'><strong>minas</strong></span> <span class='ocrx_word' id='word_1_614' title='bbox 2911 1841 3093 1879; x_wconf 89' lang='lat' dir='ltr'><strong>eorum</strong></span> <span class='ocrx_word' id='word_1_615' title='bbox 3126 1839 3178 1883; x_wconf 89' lang='lat' dir='ltr'><strong>et</strong></span> <span class='ocrx_word' id='word_1_616' title='bbox 3218 1829 3462 1889; x_wconf 80' lang='lat' dir='ltr'><strong>fremitus</strong></span> 
     </span>
    </p>
   </div>
   <div class='ocr_carea' id='block_1_77' title="bbox 1880 1909 3462 1985">
    <p class='ocr_par' dir='ltr' id='par_1_77' title="bbox 1880 1909 3462 1985">
     <span class='ocr_line' id='line_1_77' title="bbox 1880 1909 3462 1985; baseline 0.01 -24"><span class='ocrx_word' id='word_1_617' title='bbox 1880 1923 1984 1962; x_wconf 89' lang='lat' dir='ltr'><strong>non</strong></span> <span class='ocrx_word' id='word_1_618' title='bbox 2012 1909 2258 1965; x_wconf 85' lang='lat' dir='ltr'><strong>timeatis.</strong></span> <span class='ocrx_word' id='word_1_619' title='bbox 2293 1909 2540 1967; x_wconf 82' lang='lat' dir='ltr'><strong>irascitur</strong></span> <span class='ocrx_word' id='word_1_620' title='bbox 2568 1930 2582 1966; x_wconf 90' lang='lat'><strong>:</strong></span> <span class='ocrx_word' id='word_1_621' title='bbox 2611 1914 2702 1968; x_wconf 85' lang='lat' dir='ltr'><strong>sed</strong></span> <span class='ocrx_word' id='word_1_622' title='bbox 2729 1915 2853 1985; x_wconf 90' lang='lat' dir='ltr'><strong>quid</strong></span> <span class='ocrx_word' id='word_1_623' title='bbox 2898 1918 3183 1983; x_wconf 81' lang='lat' dir='ltr'><strong>sequitur?</strong></span> <span class='ocrx_word' id='word_1_624' title='bbox 3218 1918 3462 1977; x_wconf 84' lang='lat' dir='ltr'><strong>Dentibus</strong></span> 
     </span>
    </p>
   </div>
   <div class='ocr_carea' id='block_1_78' title="bbox 1878 1998 3007 2078">
    <p class='ocr_par' dir='ltr' id='par_1_78' title="bbox 1878 1998 3007 2078">
     <span class='ocr_line' id='line_1_78' title="bbox 1878 1998 3007 2078; baseline 0.01 -28"><span class='ocrx_word' id='word_1_625' title='bbox 1878 1998 1984 2051; x_wconf 88' lang='lat' dir='ltr'><strong>suis</strong></span> <span class='ocrx_word' id='word_1_626' title='bbox 2012 2000 2207 2069; x_wconf 78' lang='lat' dir='ltr'><strong>frendet</strong></span> <span class='ocrx_word' id='word_1_627' title='bbox 2234 2010 2279 2054; x_wconf 86' lang='lat' dir='ltr'><strong>et</strong></span> <span class='ocrx_word' id='word_1_628' title='bbox 2308 2002 2520 2056; x_wconf 86' lang='lat' dir='ltr'><strong>tabescet</strong></span> <span class='ocrx_word' id='word_1_629' title='bbox 2550 2001 2720 2074; x_wconf 83' lang='lat' dir='ltr'><strong>(Psal.</strong></span> <span class='ocrx_word' id='word_1_630' title='bbox 2754 2019 2860 2069; x_wconf 74' lang='lat' dir='ltr'><strong>cu,</strong></span> <span class='ocrx_word' id='word_1_631' title='bbox 2896 2004 3007 2078; x_wconf 84' lang='lat' dir='ltr'><strong>l0).</strong></span> 
     </span>
    </p>
   </div>
   <div class='ocr_carea' id='block_1_79' title="bbox 1971 2088 3459 2173">
    <p class='ocr_par' dir='ltr' id='par_1_79' title="bbox 1971 2088 3459 2173">
     <span class='ocr_line' id='line_1_79' title="bbox 1971 2088 3459 2173; baseline 0.011 -30"><span class='ocrx_word' id='word_1_632' title='bbox 1971 2089 2053 2144; x_wconf 83' lang='lat' dir='ltr'><strong>l0.</strong></span> <span class='ocrx_word' id='word_1_633' title='bbox 2085 2088 2232 2162; x_wconf 82' lang='lat' dir='ltr'><strong>[vers.</strong></span> <span class='ocrx_word' id='word_1_634' title='bbox 2260 2091 2405 2162; x_wconf 85' lang='lat'><strong>7-9.)</strong></span> <span class='ocrx_word' id='word_1_635' title='bbox 2431 2093 2561 2161; x_wconf 78' lang='lat' dir='ltr'><strong>Quia</strong></span> <span class='ocrx_word' id='word_1_636' title='bbox 2591 2110 2717 2165; x_wconf 81' lang='lat' dir='ltr'><strong>ergo</strong></span> <span class='ocrx_word' id='word_1_637' title='bbox 2744 2098 2902 2151; x_wconf 90' lang='lat' dir='ltr'><strong>modo</strong></span> <span class='ocrx_word' id='word_1_638' title='bbox 2931 2098 3069 2154; x_wconf 85' lang='lat' dir='ltr'><strong>salsa</strong></span> <span class='ocrx_word' id='word_1_639' title='bbox 3100 2102 3261 2156; x_wconf 86' lang='lat' dir='ltr'><strong>maris</strong></span> <span class='ocrx_word' id='word_1_640' title='bbox 3282 2117 3417 2173; x_wconf 84' lang='lat' dir='ltr'><strong>aqua</strong></span> <span class='ocrx_word' id='word_1_641' title='bbox 3441 2144 3459 2170; x_wconf 92' lang='lat'><strong>,</strong></span> 
     </span>
    </p>
   </div>
   <div class='ocr_carea' id='block_1_80' title="bbox 1882 2186 3460 2262">
    <p class='ocr_par' dir='ltr' id='par_1_80' title="bbox 1882 2186 3460 2262">
     <span class='ocr_line' id='line_1_80' title="bbox 1882 2186 3460 2262; baseline 0.011 -27"><span class='ocrx_word' id='word_1_642' title='bbox 1882 2200 2001 2256; x_wconf 74' lang='lat' dir='ltr'><strong>qua:</strong></span> <span class='ocrx_word' id='word_1_643' title='bbox 2036 2186 2320 2259; x_wconf 83' lang='lat' dir='ltr'><strong>remansit,</strong></span> <span class='ocrx_word' id='word_1_644' title='bbox 2353 2188 2403 2241; x_wconf 93' lang='lat' dir='ltr'><strong>in</strong></span> <span class='ocrx_word' id='word_1_645' title='bbox 2435 2187 2765 2243; x_wconf 87' lang='lat' dir='ltr'><strong>Christianos</strong></span> <span class='ocrx_word' id='word_1_646' title='bbox 2792 2191 2982 2246; x_wconf 69' lang='lat' dir='ltr'><strong>smvire</strong></span> <span class='ocrx_word' id='word_1_647' title='bbox 3009 2209 3111 2247; x_wconf 89' lang='lat' dir='ltr'><strong>non</strong></span> <span class='ocrx_word' id='word_1_648' title='bbox 3138 2195 3330 2262; x_wconf 88' lang='lat' dir='ltr'><strong>audet,</strong></span> <span class='ocrx_word' id='word_1_649' title='bbox 3361 2212 3460 2251; x_wconf 85' lang='lat' dir='ltr'><strong>oc-</strong></span> 
     </span>
    </p>
   </div>
   <div class='ocr_carea' id='block_1_81' title="bbox 1881 2276 3468 2348">
    <p class='ocr_par' dir='ltr' id='par_1_81' title="bbox 1881 2276 3468 2348">
     <span class='ocr_line' id='line_1_81' title="bbox 1881 2276 3468 2348; baseline 0.008 -18"><span class='ocrx_word' id='word_1_650' title='bbox 1881 2276 2081 2330; x_wconf 87' lang='lat' dir='ltr'><strong>cultum</strong></span> <span class='ocrx_word' id='word_1_651' title='bbox 2126 2287 2302 2330; x_wconf 88' lang='lat' dir='ltr'><strong>autem</strong></span> <span class='ocrx_word' id='word_1_652' title='bbox 2341 2294 2581 2333; x_wconf 91' lang='lat' dir='ltr'><strong>murmur</strong></span> <span class='ocrx_word' id='word_1_653' title='bbox 2609 2278 2750 2335; x_wconf 91' lang='lat' dir='ltr'><strong>rodit</strong></span> <span class='ocrx_word' id='word_1_654' title='bbox 2777 2280 2792 2311; x_wconf 77' lang='grc'>⁸</span> <span class='ocrx_word' id='word_1_655' title='bbox 2826 2280 2876 2334; x_wconf 90' lang='lat' dir='ltr'><strong>in</strong></span> <span class='ocrx_word' id='word_1_656' title='bbox 2907 2296 2997 2348; x_wconf 89' lang='lat' dir='ltr'><strong>se,</strong></span> <span class='ocrx_word' id='word_1_657' title='bbox 3026 2292 3080 2337; x_wconf 90' lang='lat' dir='ltr'><strong>et</strong></span> <span class='ocrx_word' id='word_1_658' title='bbox 3109 2284 3241 2338; x_wconf 87' lang='lat' dir='ltr'><strong>intra</strong></span> <span class='ocrx_word' id='word_1_659' title='bbox 3270 2294 3468 2344; x_wconf 85' lang='lat' dir='ltr'><strong>morta-</strong></span> 
     </span>
    </p>
   </div>
   <div class='ocr_carea' id='block_1_82' title="bbox 1883 2367 3470 2447">
    <p class='ocr_par' dir='ltr' id='par_1_82' title="bbox 1883 2367 3470 2447">
     <span class='ocr_line' id='line_1_82' title="bbox 1883 2367 3470 2447; baseline 0.008 -25"><span class='ocrx_word' id='word_1_660' title='bbox 1883 2367 1986 2423; x_wconf 82' lang='lat' dir='ltr'><strong>lem</strong></span> <span class='ocrx_word' id='word_1_661' title='bbox 2033 2368 2226 2437; x_wconf 89' lang='lat' dir='ltr'><strong>pellem</strong></span> <span class='ocrx_word' id='word_1_662' title='bbox 2266 2368 2441 2424; x_wconf 80' lang='lat' dir='ltr'><strong>fremit</strong></span> <span class='ocrx_word' id='word_1_663' title='bbox 2474 2371 2720 2426; x_wconf 89' lang='lat' dir='ltr'><strong>conclusa</strong></span> <span class='ocrx_word' id='word_1_664' title='bbox 2749 2372 2999 2444; x_wconf 81' lang='lat' dir='ltr'><strong>salsugo;</strong></span> <span class='ocrx_word' id='word_1_665' title='bbox 3031 2374 3205 2432; x_wconf 79' lang='lat' dir='ltr'><strong>videte</strong></span> <span class='ocrx_word' id='word_1_666' title='bbox 3231 2378 3359 2447; x_wconf 90' lang='lat' dir='ltr'><strong>quid</strong></span> <span class='ocrx_word' id='word_1_667' title='bbox 3384 2392 3470 2434; x_wconf 87' lang='lat' dir='ltr'><strong>se-</strong></span> 
     </span>
    </p>
   </div>
   <div class='ocr_carea' id='block_1_83' title="bbox 1883 2458 3469 2534">
    <p class='ocr_par' dir='ltr' id='par_1_83' title="bbox 1883 2458 3469 2534">
     <span class='ocr_line' id='line_1_83' title="bbox 1883 2458 3469 2534; baseline 0.007 -21"><span class='ocrx_word' id='word_1_668' title='bbox 1883 2460 2061 2528; x_wconf 85' lang='lat' dir='ltr'><strong>quitur</strong></span> <span class='ocrx_word' id='word_1_669' title='bbox 2100 2476 2113 2513; x_wconf 89' lang='lat'><strong>:</strong></span> <span class='ocrx_word' id='word_1_670' title='bbox 2158 2458 2477 2531; x_wconf 74' lang='lat' dir='ltr'><strong>Congregans</strong></span> <span class='ocrx_word' id='word_1_671' title='bbox 2521 2462 2648 2515; x_wconf 86' lang='lat' dir='ltr'><strong>sicut</strong></span> <span class='ocrx_word' id='word_1_672' title='bbox 2683 2463 2735 2517; x_wconf 88' lang='lat' dir='ltr'><strong>in</strong></span> <span class='ocrx_word' id='word_1_673' title='bbox 2766 2474 2923 2518; x_wconf 85' lang='lat' dir='ltr'><strong>utrem</strong></span> <span class='ocrx_word' id='word_1_674' title='bbox 2950 2482 3106 2534; x_wconf 83' lang='lat' dir='ltr'><strong>aquas</strong></span> <span class='ocrx_word' id='word_1_675' title='bbox 3134 2469 3308 2522; x_wconf 88' lang='lat' dir='ltr'><strong>maris.</strong></span> <span class='ocrx_word' id='word_1_676' title='bbox 3333 2468 3469 2525; x_wconf 89' lang='lat' dir='ltr'><strong>Cum</strong></span> 
     </span>
    </p>
   </div>
   <div class='ocr_carea' id='block_1_84' title="bbox 1883 2552 3469 2625">
    <p class='ocr_par' dir='ltr' id='par_1_84' title="bbox 1883 2552 3469 2625">
     <span class='ocr_line' id='line_1_84' title="bbox 1883 2552 3469 2625; baseline 0.01 -26"><span class='ocrx_word' id='word_1_677' title='bbox 1883 2566 2009 2621; x_wconf 69' lang='lat' dir='ltr'><strong>ergo</strong></span> <span class='ocrx_word' id='word_1_678' title='bbox 2034 2560 2186 2605; x_wconf 64' lang='lat' dir='ltr'><strong>antea</strong></span> <span class='ocrx_word' id='word_1_679' title='bbox 2220 2568 2365 2606; x_wconf 88' lang='lat' dir='ltr'><strong>mare</strong></span> <span class='ocrx_word' id='word_1_680' title='bbox 2398 2552 2576 2606; x_wconf 87' lang='lat' dir='ltr'><strong>liberis</strong></span> <span class='ocrx_word' id='word_1_681' title='bbox 2601 2553 2845 2611; x_wconf 82' lang='lat' dir='ltr'><strong>ﬂuctibus</strong></span> <span class='ocrx_word' id='word_1_682' title='bbox 2871 2557 3121 2612; x_wconf 81' lang='lat' dir='ltr'><strong>s:eviebat</strong></span> <span class='ocrx_word' id='word_1_683' title='bbox 3142 2598 3158 2625; x_wconf 95' lang='lat'><strong>,</strong></span> <span class='ocrx_word' id='word_1_684' title='bbox 3191 2559 3348 2614; x_wconf 90' lang='lat' dir='ltr'><strong>modo</strong></span> <span class='ocrx_word' id='word_1_685' title='bbox 3372 2576 3469 2614; x_wconf 87' lang='lat' dir='ltr'><strong>au-</strong></span> 
     </span>
    </p>
   </div>
   <div class='ocr_carea' id='block_1_85' title="bbox 1888 2642 3473 2716">
    <p class='ocr_par' dir='ltr' id='par_1_85' title="bbox 1888 2642 3473 2716">
     <span class='ocr_line' id='line_1_85' title="bbox 1888 2642 3473 2716; baseline 0.007 -21"><span class='ocrx_word' id='word_1_686' title='bbox 1888 2649 1991 2695; x_wconf 88' lang='lat' dir='ltr'><strong>tem</strong></span> <span class='ocrx_word' id='word_1_687' title='bbox 2022 2642 2158 2696; x_wconf 89' lang='lat' dir='ltr'><strong>intra</strong></span> <span class='ocrx_word' id='word_1_688' title='bbox 2189 2643 2431 2696; x_wconf 87' lang='lat' dir='ltr'><strong>mortalia</strong></span> <span class='ocrx_word' id='word_1_689' title='bbox 2460 2654 2673 2711; x_wconf 88' lang='lat' dir='ltr'><strong>pectora</strong></span> <span class='ocrx_word' id='word_1_690' title='bbox 2706 2646 2963 2700; x_wconf 87' lang='lat' dir='ltr'><strong>inclusum</strong></span> <span class='ocrx_word' id='word_1_691' title='bbox 2991 2663 3230 2703; x_wconf 90' lang='lat' dir='ltr'><strong>amarum</strong></span> <span class='ocrx_word' id='word_1_692' title='bbox 3256 2661 3358 2716; x_wconf 90' lang='lat' dir='ltr'><strong>est,</strong></span> <span class='ocrx_word' id='word_1_693' title='bbox 3385 2652 3473 2708; x_wconf 88' lang='lat' dir='ltr'><strong>ille</strong></span> 
     </span>
    </p>
   </div>
   <div class='ocr_carea' id='block_1_86' title="bbox 1888 2731 3470 2808">
    <p class='ocr_par' dir='ltr' id='par_1_86' title="bbox 1888 2731 3470 2808">
     <span class='ocr_line' id='line_1_86' title="bbox 1888 2731 3470 2808; baseline 0.005 -23"><span class='ocrx_word' id='word_1_694' title='bbox 1888 2731 2012 2787; x_wconf 83' lang='lat' dir='ltr'><strong>fecit</strong></span> <span class='ocrx_word' id='word_1_695' title='bbox 2031 2734 2117 2803; x_wconf 90' lang='lat' dir='ltr'><strong>qui</strong></span> <span class='ocrx_word' id='word_1_696' title='bbox 2152 2733 2333 2787; x_wconf 85' lang='lat' dir='ltr'><strong>iuillis</strong></span> <span class='ocrx_word' id='word_1_697' title='bbox 2359 2734 2481 2788; x_wconf 79' lang='lat' dir='ltr'><strong>vicit</strong></span> <span class='ocrx_word' id='word_1_698' title='bbox 2506 2776 2520 2799; x_wconf 89' lang='lat'><strong>,</strong></span> <span class='ocrx_word' id='word_1_699' title='bbox 2549 2734 2638 2803; x_wconf 83' lang='lat' dir='ltr'><strong>qui</strong></span> <span class='ocrx_word' id='word_1_700' title='bbox 2668 2736 2843 2803; x_wconf 85' lang='lat' dir='ltr'><strong>posoit</strong></span> <span class='ocrx_word' id='word_1_701' title='bbox 2869 2747 2993 2792; x_wconf 88' lang='lat' dir='ltr'><strong>tunc</strong></span> <span class='ocrx_word' id='word_1_702' title='bbox 3020 2740 3153 2792; x_wconf 81' lang='lat' dir='ltr'><strong>mari</strong></span> <span class='ocrx_word' id='word_1_703' title='bbox 3178 2741 3470 2808; x_wconf 89' lang='lat' dir='ltr'><strong>terminos,</strong></span> 
     </span>
    </p>
   </div>
   <div class='ocr_carea' id='block_1_87' title="bbox 1888 2826 3474 2902">
    <p class='ocr_par' dir='ltr' id='par_1_87' title="bbox 1888 2826 3474 2902">
     <span class='ocr_line' id='line_1_87' title="bbox 1888 2826 3474 2902; baseline 0.006 -22"><span class='ocrx_word' id='word_1_704' title='bbox 1888 2837 1942 2880; x_wconf 91' lang='lat' dir='ltr'><strong>ut</strong></span> <span class='ocrx_word' id='word_1_705' title='bbox 1974 2826 2024 2879; x_wconf 92' lang='lat' dir='ltr'><strong>in</strong></span> <span class='ocrx_word' id='word_1_706' title='bbox 2054 2841 2112 2881; x_wconf 87' lang='lat' dir='ltr'><strong>se</strong></span> <span class='ocrx_word' id='word_1_707' title='bbox 2143 2835 2441 2880; x_wconf 81' lang='lat' dir='ltr'><strong>remeantes</strong></span> <span class='ocrx_word' id='word_1_708' title='bbox 2466 2828 2952 2884; x_wconf 80' lang='lat' dir='ltr'><strong>comminuerentur</strong></span> <span class='ocrx_word' id='word_1_709' title='bbox 2977 2830 3166 2886; x_wconf 83' lang='lat' dir='ltr'><strong>ﬂuctus</strong></span> <span class='ocrx_word' id='word_1_710' title='bbox 3191 2832 3324 2902; x_wconf 81' lang='lat' dir='ltr'><strong>ejus.</strong></span> <span class='ocrx_word' id='word_1_711' title='bbox 3357 2833 3474 2901; x_wconf 82' lang='lat' dir='ltr'><strong>Ipse</strong></span> 
     </span>
    </p>
   </div>
   <div class='ocr_carea' id='block_1_88' title="bbox 1887 2918 3475 2992">
    <p class='ocr_par' dir='ltr' id='par_1_88' title="bbox 1887 2918 3475 2992">
     <span class='ocr_line' id='line_1_88' title="bbox 1887 2918 3475 2992; baseline 0.005 -17"><span class='ocrx_word' id='word_1_712' title='bbox 1887 2920 2226 2990; x_wconf 65' lang='lat' dir='ltr'><strong>congregavit</strong></span> <span class='ocrx_word' id='word_1_713' title='bbox 2269 2918 2415 2974; x_wconf 85' lang='lat' dir='ltr'><strong>velut</strong></span> <span class='ocrx_word' id='word_1_714' title='bbox 2452 2920 2503 2974; x_wconf 92' lang='lat' dir='ltr'><strong>iu</strong></span> <span class='ocrx_word' id='word_1_715' title='bbox 2539 2929 2709 2975; x_wconf 89' lang='lat' dir='ltr'><strong>utrem</strong></span> <span class='ocrx_word' id='word_1_716' title='bbox 2749 2936 2937 2992; x_wconf 89' lang='lat' dir='ltr'><strong>aquam</strong></span> <span class='ocrx_word' id='word_1_717' title='bbox 2969 2925 3129 2981; x_wconf 89' lang='lat' dir='ltr'><strong>maris</strong></span> <span class='ocrx_word' id='word_1_718' title='bbox 3174 2941 3187 2977; x_wconf 90' lang='lat'>:</span> <span class='ocrx_word' id='word_1_719' title='bbox 3236 2927 3475 2983; x_wconf 83' lang='lat' dir='ltr'><strong>mortalis</strong></span> 
     </span>
    </p>
   </div>
   <div class='ocr_carea' id='block_1_89' title="bbox 1891 3010 3475 3099">
    <p class='ocr_par' dir='ltr' id='par_1_89' title="bbox 1891 3010 3475 3099">
     <span class='ocr_line' id='line_1_89' title="bbox 1891 3010 3475 3099; baseline 0.003 -30"><span class='ocrx_word' id='word_1_720' title='bbox 1891 3014 2043 3084; x_wconf 76' lang='lat' dir='ltr'><strong>pellis</strong></span> <span class='ocrx_word' id='word_1_721' title='bbox 2078 3014 2311 3083; x_wconf 82' lang='lat' dir='ltr'><strong>contegit</strong></span> <span class='ocrx_word' id='word_1_722' title='bbox 2347 3029 2578 3099; x_wconf 71' lang='lat' dir='ltr'><strong>alituram</strong></span> <span class='ocrx_word' id='word_1_723' title='bbox 2609 3014 3003 3083; x_wconf 81' lang='lat' dir='ltr'><strong>cogitationem.</strong></span> <span class='ocrx_word' id='word_1_724' title='bbox 3034 3010 3303 3073; x_wconf 85' lang='lat' dir='ltr'><strong>Timentes</strong></span> <span class='ocrx_word' id='word_1_725' title='bbox 3331 3019 3475 3074; x_wconf 89' lang='lat' dir='ltr'><strong>enim</strong></span> 
     </span>
    </p>
   </div>
   <div class='ocr_carea' id='block_1_90' title="bbox 1890 3107 3543 3179">
    <p class='ocr_par' dir='ltr' id='par_1_90' title="bbox 1890 3107 3543 3179">
     <span class='ocr_line' id='line_1_90' title="bbox 1890 3107 3543 3179; baseline 0.004 -18"><span class='ocrx_word' id='word_1_726' title='bbox 1890 3107 2016 3179; x_wconf 91' lang='lat' dir='ltr'><strong>pelli</strong></span> <span class='ocrx_word' id='word_1_727' title='bbox 2060 3122 2203 3173; x_wconf 63' lang='lat' dir='ltr'><strong>suas,</strong></span> <span class='ocrx_word' id='word_1_728' title='bbox 2250 3108 2389 3161; x_wconf 91' lang='lat' dir='ltr'><strong>intus</strong></span> <span class='ocrx_word' id='word_1_729' title='bbox 2433 3115 2613 3163; x_wconf 86' lang='lat' dir='ltr'><strong>tenent</strong></span> <span class='ocrx_word' id='word_1_730' title='bbox 2655 3107 2794 3177; x_wconf 88' lang='lat' dir='ltr'><strong>quod</strong></span> <span class='ocrx_word' id='word_1_731' title='bbox 2838 3122 2942 3162; x_wconf 90' lang='lat' dir='ltr'><strong>non</strong></span> <span class='ocrx_word' id='word_1_732' title='bbox 2982 3109 3178 3179; x_wconf 82' lang='lat' dir='ltr'><strong>audent</strong></span> <span class='ocrx_word' id='word_1_733' title='bbox 3208 3110 3474 3169; x_wconf 90' lang='lat' dir='ltr'><strong>emittere.</strong></span> <span class='ocrx_word' id='word_1_734' title='bbox 3535 3170 3543 3177; x_wconf 85' lang='lat'><strong><em>_</em></strong></span> 
     </span>
    </p>
   </div>
   <div class='ocr_carea' id='block_1_91' title="bbox 1890 3198 3478 3266">
    <p class='ocr_par' dir='ltr' id='par_1_91' title="bbox 1890 3198 3478 3266">
     <span class='ocr_line' id='line_1_91' title="bbox 1890 3198 3478 3266; baseline 0.001 -10"><span class='ocrx_word' id='word_1_735' title='bbox 1890 3199 2022 3256; x_wconf 85' lang='lat' dir='ltr'><strong>Nam</strong></span> <span class='ocrx_word' id='word_1_736' title='bbox 2078 3198 2264 3255; x_wconf 83' lang='lat' dir='ltr'><strong>eadem</strong></span> <span class='ocrx_word' id='word_1_737' title='bbox 2318 3208 2401 3253; x_wconf 89' lang='lat' dir='ltr'><strong>est</strong></span> <span class='ocrx_word' id='word_1_738' title='bbox 2454 3198 2754 3254; x_wconf 87' lang='lat' dir='ltr'><strong>amaritudo</strong></span> <span class='ocrx_word' id='word_1_739' title='bbox 2785 3216 2798 3251; x_wconf 91' lang='lat'><strong>:</strong></span> <span class='ocrx_word' id='word_1_740' title='bbox 2832 3202 2908 3254; x_wconf 87' lang='lat' dir='ltr'><strong>sic</strong></span> <span class='ocrx_word' id='word_1_741' title='bbox 2935 3198 3199 3266; x_wconf 88' lang='lat' dir='ltr'><strong>oderunt,</strong></span> <span class='ocrx_word' id='word_1_742' title='bbox 3225 3202 3303 3256; x_wconf 90' lang='lat' dir='ltr'><strong>sic</strong></span> <span class='ocrx_word' id='word_1_743' title='bbox 3325 3201 3478 3257; x_wconf 88' lang='lat' dir='ltr'><strong>dete-</strong></span> 
     </span>
    </p>
   </div>
   <div class='ocr_carea' id='block_1_92' title="bbox 1892 3288 3478 3360">
    <p class='ocr_par' dir='ltr' id='par_1_92' title="bbox 1892 3288 3478 3360">
     <span class='ocr_line' id='line_1_92' title="bbox 1892 3288 3478 3360; baseline 0 -13"><span class='ocrx_word' id='word_1_744' title='bbox 1892 3301 2115 3347; x_wconf 86' lang='lat' dir='ltr'><strong>stantur.</strong></span> <span class='ocrx_word' id='word_1_745' title='bbox 2154 3288 2257 3346; x_wconf 84' lang='lat' dir='ltr'><strong>Sed</strong></span> <span class='ocrx_word' id='word_1_746' title='bbox 2279 3289 2417 3360; x_wconf 88' lang='lat' dir='ltr'><strong>quod</strong></span> <span class='ocrx_word' id='word_1_747' title='bbox 2461 3299 2584 3343; x_wconf 90' lang='lat' dir='ltr'><strong>tunc</strong></span> <span class='ocrx_word' id='word_1_748' title='bbox 2610 3299 2793 3358; x_wconf 87' lang='lat' dir='ltr'><strong>aperte</strong></span> <span class='ocrx_word' id='word_1_749' title='bbox 2818 3290 3100 3357; x_wconf 67' lang='lat' dir='ltr'><strong>sa-viebat,</strong></span> <span class='ocrx_word' id='word_1_750' title='bbox 3130 3307 3268 3346; x_wconf 89' lang='lat' dir='ltr'><strong>nunc</strong></span> <span class='ocrx_word' id='word_1_751' title='bbox 3294 3292 3478 3347; x_wconf 86' lang='lat' dir='ltr'><strong>occul-</strong></span> 
     </span>
    </p>
   </div>
   <div class='ocr_carea' id='block_1_93' title="bbox 1894 3381 3479 3454">
    <p class='ocr_par' dir='ltr' id='par_1_93' title="bbox 1894 3381 3479 3454">
     <span class='ocr_line' id='line_1_93' title="bbox 1894 3381 3479 3454; baseline 0.001 -16"><span class='ocrx_word' id='word_1_752' title='bbox 1894 3393 1985 3448; x_wconf 83' lang='lat' dir='ltr'><strong>te;</strong></span> <span class='ocrx_word' id='word_1_753' title='bbox 2026 3382 2147 3454; x_wconf 89' lang='lat' dir='ltr'><strong>quid</strong></span> <span class='ocrx_word' id='word_1_754' title='bbox 2182 3382 2325 3437; x_wconf 87' lang='lat' dir='ltr'><strong>aliud</strong></span> <span class='ocrx_word' id='word_1_755' title='bbox 2361 3382 2532 3436; x_wconf 82' lang='lat' dir='ltr'><strong>dicam</strong></span> <span class='ocrx_word' id='word_1_756' title='bbox 2585 3397 2742 3450; x_wconf 87' lang='lat' dir='ltr'><strong>quam</strong></span> <span class='ocrx_word' id='word_1_757' title='bbox 2769 3381 2909 3450; x_wconf 88' lang='lat' dir='ltr'><strong>quod</strong></span> <span class='ocrx_word' id='word_1_758' title='bbox 2940 3382 3135 3438; x_wconf 88' lang='lat' dir='ltr'><strong>dictum</strong></span> <span class='ocrx_word' id='word_1_759' title='bbox 3164 3396 3281 3451; x_wconf 90' lang='lat' dir='ltr'><strong>est,</strong></span> <span class='ocrx_word' id='word_1_760' title='bbox 3312 3383 3479 3441; x_wconf 84' lang='lat' dir='ltr'><strong>Fren-</strong></span> 
     </span>
    </p>
   </div>
   <div class='ocr_carea' id='block_1_94' title="bbox 1893 3472 3477 3543">
    <p class='ocr_par' dir='ltr' id='par_1_94' title="bbox 1893 3472 3477 3543">
     <span class='ocr_line' id='line_1_94' title="bbox 1893 3472 3477 3543; baseline 0.002 -14"><span class='ocrx_word' id='word_1_761' title='bbox 1893 3476 2013 3540; x_wconf 82' lang='lat' dir='ltr'><strong>det,</strong></span> <span class='ocrx_word' id='word_1_762' title='bbox 2052 3484 2099 3528; x_wconf 88' lang='lat' dir='ltr'><strong>et</strong></span> <span class='ocrx_word' id='word_1_763' title='bbox 2138 3474 2396 3528; x_wconf 78' lang='lat' dir='ltr'><strong>tabescet?</strong></span> <span class='ocrx_word' id='word_1_764' title='bbox 2440 3473 2539 3526; x_wconf 89' lang='lat' dir='ltr'><strong>Eat</strong></span> <span class='ocrx_word' id='word_1_765' title='bbox 2578 3488 2705 3543; x_wconf 76' lang='lat' dir='ltr'><strong>ergo</strong></span> <span class='ocrx_word' id='word_1_766' title='bbox 2734 3472 2967 3527; x_wconf 85' lang='lat' dir='ltr'><strong>Ecclesia</strong></span> <span class='ocrx_word' id='word_1_767' title='bbox 2988 3516 3002 3540; x_wconf 89' lang='lat'><strong>,</strong></span> <span class='ocrx_word' id='word_1_768' title='bbox 3033 3474 3268 3530; x_wconf 89' lang='lat' dir='ltr'><strong>ambulet</strong></span> <span class='ocrx_word' id='word_1_769' title='bbox 3300 3493 3313 3530; x_wconf 91' lang='lat'>:</span> <span class='ocrx_word' id='word_1_770' title='bbox 3344 3475 3477 3533; x_wconf 81' lang='lat' dir='ltr'><strong>facta</strong></span> 
     </span>
    </p>
   </div>
   <div class='ocr_carea' id='block_1_95' title="bbox 1894 3563 3474 3637">
    <p class='ocr_par' dir='ltr' id='par_1_95' title="bbox 1894 3563 3474 3637">
     <span class='ocr_line' id='line_1_95' title="bbox 1894 3563 3474 3637; baseline -0.001 -15"><span class='ocrx_word' id='word_1_771' title='bbox 1894 3578 1976 3623; x_wconf 90' lang='lat' dir='ltr'><strong>est</strong></span> <span class='ocrx_word' id='word_1_772' title='bbox 2014 3567 2093 3619; x_wconf 81' lang='lat' dir='ltr'><strong>via</strong></span> <span class='ocrx_word' id='word_1_773' title='bbox 2118 3607 2133 3630; x_wconf 90' lang='lat'><strong>,</strong></span> <span class='ocrx_word' id='word_1_774' title='bbox 2174 3573 2337 3619; x_wconf 87' lang='lat' dir='ltr'><strong>strata</strong></span> <span class='ocrx_word' id='word_1_775' title='bbox 2379 3565 2452 3637; x_wconf 89' lang='lat' dir='ltr'><strong>(b)</strong></span> <span class='ocrx_word' id='word_1_776' title='bbox 2490 3573 2668 3618; x_wconf 88' lang='lat' dir='ltr'><strong>nostra</strong></span> <span class='ocrx_word' id='word_1_777' title='bbox 2709 3563 2776 3617; x_wconf 87' lang='lat' dir='ltr'><strong>ab</strong></span> <span class='ocrx_word' id='word_1_778' title='bbox 2804 3564 3121 3635; x_wconf 85' lang='lat' dir='ltr'><strong>imperatore</strong></span> <span class='ocrx_word' id='word_1_779' title='bbox 3149 3567 3346 3619; x_wconf 88' lang='lat' dir='ltr'><strong>munita</strong></span> <span class='ocrx_word' id='word_1_780' title='bbox 3373 3576 3474 3622; x_wconf 89' lang='lat' dir='ltr'><strong>est.</strong></span> 
     </span>
    </p>
   </div>
   <div class='ocr_carea' id='block_1_96' title="bbox 1896 3657 3481 3727">
    <p class='ocr_par' dir='ltr' id='par_1_96' title="bbox 1896 3657 3481 3727">
     <span class='ocr_line' id='line_1_96' title="bbox 1896 3657 3481 3727; baseline 0 -12"><span class='ocrx_word' id='word_1_781' title='bbox 1896 3660 2216 3715; x_wconf 88' lang='lat' dir='ltr'><strong>Fervcanms</strong></span> <span class='ocrx_word' id='word_1_782' title='bbox 2255 3658 2305 3711; x_wconf 92' lang='lat' dir='ltr'><strong>in</strong></span> <span class='ocrx_word' id='word_1_783' title='bbox 2352 3658 2627 3712; x_wconf 88' lang='lat' dir='ltr'><strong>itinerilms</strong></span> <span class='ocrx_word' id='word_1_784' title='bbox 2667 3657 2923 3711; x_wconf 91' lang='lat' dir='ltr'><strong>bonorum</strong></span> <span class='ocrx_word' id='word_1_785' title='bbox 2961 3672 3180 3727; x_wconf 82' lang='lat' dir='ltr'><strong>operum</strong></span> <span class='ocrx_word' id='word_1_786' title='bbox 3205 3700 3220 3723; x_wconf 94' lang='lat'><strong>,</strong></span> <span class='ocrx_word' id='word_1_787' title='bbox 3264 3657 3366 3713; x_wconf 86' lang='lat' dir='ltr'><strong>hoc</strong></span> <span class='ocrx_word' id='word_1_788' title='bbox 3399 3674 3481 3715; x_wconf 73' lang='lat' dir='ltr'><strong>est</strong></span> 
     </span>
    </p>
   </div>
   <div class='ocr_carea' id='block_1_97' title="bbox 1895 3748 3483 3819">
    <p class='ocr_par' dir='ltr' id='par_1_97' title="bbox 1895 3748 3483 3819">
     <span class='ocr_line' id='line_1_97' title="bbox 1895 3748 3483 3819; baseline -0.001 -12"><span class='ocrx_word' id='word_1_789' title='bbox 1895 3751 2036 3807; x_wconf 88' lang='lat' dir='ltr'><strong>enim</strong></span> <span class='ocrx_word' id='word_1_790' title='bbox 2066 3750 2337 3804; x_wconf 89' lang='lat' dir='ltr'><strong>ambulare</strong></span> <span class='ocrx_word' id='word_1_791' title='bbox 2361 3762 2624 3803; x_wconf 80' lang='lat' dir='ltr'><strong>nostrum.</strong></span> <span class='ocrx_word' id='word_1_792' title='bbox 2656 3748 2720 3803; x_wconf 86' lang='lat' dir='ltr'><strong>Et</strong></span> <span class='ocrx_word' id='word_1_793' title='bbox 2744 3748 2789 3803; x_wconf 89' lang='lat' dir='ltr'><strong>si</strong></span> <span class='ocrx_word' id='word_1_794' title='bbox 2817 3748 3030 3819; x_wconf 88' lang='lat' dir='ltr'><strong>quando</strong></span> <span class='ocrx_word' id='word_1_795' title='bbox 3050 3749 3284 3804; x_wconf 80' lang='lat' dir='ltr'><strong>existunt</strong></span> <span class='ocrx_word' id='word_1_796' title='bbox 3308 3758 3483 3805; x_wconf 83' lang='lat' dir='ltr'><strong>tenta-</strong></span> 
     </span>
    </p>
   </div>
   <div class='ocr_carea' id='block_1_98' title="bbox 1898 3840 3485 3912">
    <p class='ocr_par' dir='ltr' id='par_1_98' title="bbox 1898 3840 3485 3912">
     <span class='ocr_line' id='line_1_98' title="bbox 1898 3840 3485 3912; baseline -0.002 -13"><span class='ocrx_word' id='word_1_797' title='bbox 1898 3845 2099 3899; x_wconf 91' lang='lat' dir='ltr'><strong>tiomun</strong></span> <span class='ocrx_word' id='word_1_798' title='bbox 2124 3856 2384 3912; x_wconf 69' lang='lat' dir='ltr'><strong>pressurae</strong></span> <span class='ocrx_word' id='word_1_799' title='bbox 2405 3840 2663 3895; x_wconf 80' lang='lat' dir='ltr'><strong>undeoon</strong></span> <span class='ocrx_word' id='word_1_800' title='bbox 2696 3840 3027 3909; x_wconf 84' lang='lat' dir='ltr'><strong>sperabatur.</strong></span> <span class='ocrx_word' id='word_1_801' title='bbox 3053 3840 3161 3909; x_wconf 84' lang='lat' dir='ltr'><strong>jam</strong></span> <span class='ocrx_word' id='word_1_802' title='bbox 3191 3854 3485 3911; x_wconf 63' lang='lat' dir='ltr'><strong>congrega-</strong></span> 
     </span>
    </p>
   </div>
   <div class='ocr_carea' id='block_1_99' title="bbox 1899 3922 3485 4002">
    <p class='ocr_par' dir='ltr' id='par_1_99' title="bbox 1899 3922 3485 4002">
     <span class='ocr_line' id='line_1_99' title="bbox 1899 3922 3485 4002; baseline -0.003 -13"><span class='ocrx_word' id='word_1_803' title='bbox 1899 3936 1964 3989; x_wconf 88' lang='lat' dir='ltr'><strong>tis</strong></span> <span class='ocrx_word' id='word_1_804' title='bbox 2007 3934 2155 3989; x_wconf 84' lang='lat' dir='ltr'><strong>velut</strong></span> <span class='ocrx_word' id='word_1_805' title='bbox 2196 3934 2246 3987; x_wconf 90' lang='lat' dir='ltr'><strong>in</strong></span> <span class='ocrx_word' id='word_1_806' title='bbox 2293 3944 2462 3986; x_wconf 84' lang='lat' dir='ltr'><strong>utrem</strong></span> <span class='ocrx_word' id='word_1_807' title='bbox 2499 3932 2651 4001; x_wconf 87' lang='lat' dir='ltr'><strong>aquis</strong></span> <span class='ocrx_word' id='word_1_808' title='bbox 2695 3931 2856 3984; x_wconf 83' lang='lat' dir='ltr'><strong>maris</strong></span> <span class='ocrx_word' id='word_1_809' title='bbox 2881 3971 2897 3997; x_wconf 94' lang='lat'><strong>,</strong></span> <span class='ocrx_word' id='word_1_810' title='bbox 2924 3922 3279 4002; x_wconf 79' lang='lat' dir='ltr'><strong>intelligamus</strong></span> <span class='ocrx_word' id='word_1_811' title='bbox 3306 3931 3485 3986; x_wconf 84' lang='lat' dir='ltr'><strong>Domi-</strong></span> 
     </span>
    </p>
   </div>
   <div class='ocr_carea' id='block_1_100' title="bbox 1898 4023 3487 4093">
    <p class='ocr_par' dir='ltr' id='par_1_100' title="bbox 1898 4023 3487 4093">
     <span class='ocr_line' id='line_1_100' title="bbox 1898 4023 3487 4093; baseline -0.004 -9"><span class='ocrx_word' id='word_1_812' title='bbox 1898 4044 2023 4084; x_wconf 88' lang='lat' dir='ltr'><strong>uum</strong></span> <span class='ocrx_word' id='word_1_813' title='bbox 2066 4027 2240 4082; x_wconf 79' lang='lat' dir='ltr'><strong>facere</strong></span> <span class='ocrx_word' id='word_1_814' title='bbox 2280 4025 2381 4081; x_wconf 89' lang='lat' dir='ltr'><strong>hoc</strong></span> <span class='ocrx_word' id='word_1_815' title='bbox 2419 4024 2484 4080; x_wconf 87' lang='lat' dir='ltr'><strong>ad</strong></span> <span class='ocrx_word' id='word_1_816' title='bbox 2523 4024 2893 4093; x_wconf 90' lang='lat' dir='ltr'><strong>disciplinam,</strong></span> <span class='ocrx_word' id='word_1_817' title='bbox 2935 4034 2991 4078; x_wconf 91' lang='lat' dir='ltr'><strong>ut</strong></span> <span class='ocrx_word' id='word_1_818' title='bbox 3019 4024 3251 4077; x_wconf 79' lang='lat' dir='ltr'><strong>excutiat</strong></span> <span class='ocrx_word' id='word_1_819' title='bbox 3274 4039 3305 4078; x_wconf 87' lang='lat' dir='ltr'><strong>a</strong></span> <span class='ocrx_word' id='word_1_820' title='bbox 3334 4023 3487 4079; x_wconf 83' lang='lat' dir='ltr'><strong>nobis</strong></span> 
     </span>
    </p>
   </div>
   <div class='ocr_carea' id='block_1_101' title="bbox 1899 4116 3486 4189">
    <p class='ocr_par' dir='ltr' id='par_1_101' title="bbox 1899 4116 3486 4189">
     <span class='ocr_line' id='line_1_101' title="bbox 1899 4116 3486 4189; baseline -0.003 -14"><span class='ocrx_word' id='word_1_821' title='bbox 1899 4121 2039 4175; x_wconf 88' lang='lat' dir='ltr'><strong>male</strong></span> <span class='ocrx_word' id='word_1_822' title='bbox 2077 4118 2435 4189; x_wconf 77' lang='lat' dir='ltr'><strong>pra-ﬁdentem</strong></span> <span class='ocrx_word' id='word_1_823' title='bbox 2475 4117 2494 4149; x_wconf 84' lang='grc'><strong><em>²</em></strong></span> <span class='ocrx_word' id='word_1_824' title='bbox 2530 4116 2596 4170; x_wconf 87' lang='lat' dir='ltr'><strong>de</strong></span> <span class='ocrx_word' id='word_1_825' title='bbox 2624 4117 3000 4185; x_wconf 75' lang='lat' dir='ltr'><strong>temporalibus</strong></span> <span class='ocrx_word' id='word_1_826' title='bbox 3028 4117 3363 4171; x_wconf 88' lang='lat' dir='ltr'><strong>securitatem</strong></span> <span class='ocrx_word' id='word_1_827' title='bbox 3388 4158 3403 4179; x_wconf 83' lang='lat'><strong><em>.</em></strong></span> <span class='ocrx_word' id='word_1_828' title='bbox 3434 4124 3486 4171; x_wconf 86' lang='lat' dir='ltr'><strong>et</strong></span> 
     </span>
    </p>
   </div>
   <div class='ocr_carea' id='block_1_102' title="bbox 1899 4196 3485 4279">
    <p class='ocr_par' dir='ltr' id='par_1_102' title="bbox 1899 4196 3485 4279">
     <span class='ocr_line' id='line_1_102' title="bbox 1899 4196 3485 4279; baseline -0.002 -16"><span class='ocrx_word' id='word_1_829' title='bbox 1899 4211 2090 4279; x_wconf 81' lang='lat' dir='ltr'><strong>dirigat</strong></span> <span class='ocrx_word' id='word_1_830' title='bbox 2141 4223 2237 4261; x_wconf 85' lang='lat' dir='ltr'><strong>nos</strong></span> <span class='ocrx_word' id='word_1_831' title='bbox 2284 4208 2334 4260; x_wconf 90' lang='lat' dir='ltr'><strong>in</strong></span> <span class='ocrx_word' id='word_1_832' title='bbox 2380 4196 2601 4275; x_wconf 74' lang='lat' dir='ltr'><strong>regnum</strong></span> <span class='ocrx_word' id='word_1_833' title='bbox 2648 4219 2801 4259; x_wconf 89' lang='lat' dir='ltr'><strong>suum</strong></span> <span class='ocrx_word' id='word_1_834' title='bbox 2851 4206 3147 4273; x_wconf 90' lang='lat' dir='ltr'><strong>composito</strong></span> <span class='ocrx_word' id='word_1_835' title='bbox 3198 4204 3485 4260; x_wconf 84' lang='lat' dir='ltr'><strong>desiderio.</strong></span> 
     </span>
    </p>
   </div>
   <div class='ocr_carea' id='block_1_103' title="bbox 1900 4294 3481 4369">
    <p class='ocr_par' dir='ltr' id='par_1_103' title="bbox 1900 4294 3481 4369">
     <span class='ocr_line' id='line_1_103' title="bbox 1900 4294 3481 4369; baseline -0.001 -17"><span class='ocrx_word' id='word_1_836' title='bbox 1900 4302 2049 4369; x_wconf 86' lang='lat' dir='ltr'><strong>Quod</strong></span> <span class='ocrx_word' id='word_1_837' title='bbox 2075 4299 2395 4355; x_wconf 85' lang='lat' dir='ltr'><strong>desiderium</strong></span> <span class='ocrx_word' id='word_1_838' title='bbox 2425 4296 2849 4351; x_wconf 86' lang='lat' dir='ltr'><strong>trilmlationibus</strong></span> <span class='ocrx_word' id='word_1_839' title='bbox 2872 4295 2995 4349; x_wconf 90' lang='lat' dir='ltr'><strong>hinc</strong></span> <span class='ocrx_word' id='word_1_840' title='bbox 3023 4306 3179 4364; x_wconf 87' lang='lat' dir='ltr'><strong>atque</strong></span> <span class='ocrx_word' id='word_1_841' title='bbox 3203 4294 3327 4350; x_wconf 88' lang='lat' dir='ltr'><strong>hinc</strong></span> <span class='ocrx_word' id='word_1_842' title='bbox 3345 4312 3481 4351; x_wconf 89' lang='lat' dir='ltr'><strong>con-</strong></span> 
     </span>
    </p>
   </div>
   <div class='ocr_carea' id='block_1_104' title="bbox 1902 4385 3489 4460">
    <p class='ocr_par' dir='ltr' id='par_1_104' title="bbox 1902 4385 3489 4460">
     <span class='ocr_line' id='line_1_104' title="bbox 1902 4385 3489 4460; baseline -0.004 -13"><span class='ocrx_word' id='word_1_843' title='bbox 1902 4392 2243 4447; x_wconf 84' lang='lat' dir='ltr'><strong>tundentibus</strong></span> <span class='ocrx_word' id='word_1_844' title='bbox 2282 4388 2623 4460; x_wconf 82' lang='lat' dir='ltr'><strong>producitur,</strong></span> <span class='ocrx_word' id='word_1_845' title='bbox 2654 4397 2711 4441; x_wconf 89' lang='lat' dir='ltr'><strong>ut</strong></span> <span class='ocrx_word' id='word_1_846' title='bbox 2739 4389 2904 4441; x_wconf 90' lang='lat' dir='ltr'><strong>simus</strong></span> <span class='ocrx_word' id='word_1_847' title='bbox 2935 4385 3117 4440; x_wconf 84' lang='lat' dir='ltr'><strong>canori</strong></span> <span class='ocrx_word' id='word_1_848' title='bbox 3143 4386 3360 4438; x_wconf 87' lang='lat' dir='ltr'><strong>auribus</strong></span> <span class='ocrx_word' id='word_1_849' title='bbox 3385 4387 3489 4440; x_wconf 89' lang='lat' dir='ltr'><strong>Do-</strong></span> 
     </span>
    </p>
   </div>
   <div class='ocr_carea' id='block_1_105' title="bbox 1900 4476 3489 4552">
    <p class='ocr_par' dir='ltr' id='par_1_105' title="bbox 1900 4476 3489 4552">
     <span class='ocr_line' id='line_1_105' title="bbox 1900 4476 3489 4552; baseline -0.006 -10"><span class='ocrx_word' id='word_1_850' title='bbox 1900 4487 2029 4542; x_wconf 88' lang='lat' dir='ltr'><strong>mini</strong></span> <span class='ocrx_word' id='word_1_851' title='bbox 2072 4497 2319 4552; x_wconf 87' lang='lat' dir='ltr'><strong>tauquam</strong></span> <span class='ocrx_word' id='word_1_852' title='bbox 2360 4481 2499 4535; x_wconf 75' lang='lat' dir='ltr'><strong>tuba:</strong></span> <span class='ocrx_word' id='word_1_853' title='bbox 2524 4480 2768 4533; x_wconf 87' lang='lat' dir='ltr'><strong>ductiles.</strong></span> <span class='ocrx_word' id='word_1_854' title='bbox 2798 4478 3000 4531; x_wconf 87' lang='lat' dir='ltr'><strong>Dictqu</strong></span> <span class='ocrx_word' id='word_1_855' title='bbox 3031 4486 3112 4531; x_wconf 89' lang='lat' dir='ltr'><strong>est</strong></span> <span class='ocrx_word' id='word_1_856' title='bbox 3139 4477 3279 4531; x_wconf 90' lang='lat' dir='ltr'><strong>enim</strong></span> <span class='ocrx_word' id='word_1_857' title='bbox 3309 4486 3361 4531; x_wconf 88' lang='lat' dir='ltr'><strong>et</strong></span> <span class='ocrx_word' id='word_1_858' title='bbox 3389 4476 3489 4532; x_wconf 89' lang='lat' dir='ltr'><strong>hoc</strong></span> 
     </span>
    </p>
   </div>
   <div class='ocr_carea' id='block_1_106' title="bbox 1902 4562 3489 4639">
    <p class='ocr_par' dir='ltr' id='par_1_106' title="bbox 1902 4562 3489 4639">
     <span class='ocr_line' id='line_1_106' title="bbox 1902 4562 3489 4639; baseline -0.005 -7"><span class='ocrx_word' id='word_1_859' title='bbox 1902 4580 1954 4632; x_wconf 94' lang='lat' dir='ltr'><strong>iu</strong></span> <span class='ocrx_word' id='word_1_860' title='bbox 2006 4576 2225 4631; x_wconf 84' lang='lat' dir='ltr'><strong>Psalmis</strong></span> <span class='ocrx_word' id='word_1_861' title='bbox 2251 4616 2266 4639; x_wconf 92' lang='lat'><strong>,</strong></span> <span class='ocrx_word' id='word_1_862' title='bbox 2314 4584 2368 4627; x_wconf 93' lang='lat' dir='ltr'><strong>ut</strong></span> <span class='ocrx_word' id='word_1_863' title='bbox 2412 4572 2462 4627; x_wconf 90' lang='lat' dir='ltr'><strong>in</strong></span> <span class='ocrx_word' id='word_1_864' title='bbox 2510 4570 2647 4624; x_wconf 86' lang='lat' dir='ltr'><strong>tubis</strong></span> <span class='ocrx_word' id='word_1_865' title='bbox 2689 4568 2972 4623; x_wconf 87' lang='lat' dir='ltr'><strong>ductilibus</strong></span> <span class='ocrx_word' id='word_1_866' title='bbox 3008 4562 3284 4622; x_wconf 82' lang='lat' dir='ltr'><strong>laudemus</strong></span> <span class='ocrx_word' id='word_1_867' title='bbox 3324 4567 3489 4624; x_wconf 87' lang='lat' dir='ltr'><strong>Deum</strong></span> 
     </span>
    </p>
   </div>
   <div class='ocr_carea' id='block_1_107' title="bbox 1903 4658 3490 4744">
    <p class='ocr_par' dir='ltr' id='par_1_107' title="bbox 1903 4658 3490 4744">
     <span class='ocr_line' id='line_1_107' title="bbox 1903 4658 3490 4744; baseline -0.008 -20"><span class='ocrx_word' id='word_1_868' title='bbox 1903 4669 2072 4744; x_wconf 88' lang='lat' dir='ltr'><strong>(Psal.</strong></span> <span class='ocrx_word' id='word_1_869' title='bbox 2108 4682 2250 4723; x_wconf 80' lang='lat' dir='ltr'><strong>xcvu</strong></span> <span class='ocrx_word' id='word_1_870' title='bbox 2268 4707 2282 4730; x_wconf 85' lang='lat'><strong>,</strong></span> <span class='ocrx_word' id='word_1_871' title='bbox 2309 4664 2385 4733; x_wconf 86' lang='lat'><strong>6).</strong></span> <span class='ocrx_word' id='word_1_872' title='bbox 2413 4661 2559 4718; x_wconf 84' lang='lat' dir='ltr'><strong>Tuba</strong></span> <span class='ocrx_word' id='word_1_873' title='bbox 2587 4660 2797 4741; x_wconf 86' lang='lat' dir='ltr'><strong>ductilis</strong></span> <span class='ocrx_word' id='word_1_874' title='bbox 2824 4660 3014 4714; x_wconf 80' lang='lat' dir='ltr'><strong>malleo</strong></span> <span class='ocrx_word' id='word_1_875' title='bbox 3045 4658 3353 4728; x_wconf 87' lang='lat' dir='ltr'><strong>producitur</strong></span> <span class='ocrx_word' id='word_1_876' title='bbox 3375 4700 3391 4725; x_wconf 90' lang='lat'><strong>,</strong></span> <span class='ocrx_word' id='word_1_877' title='bbox 3422 4658 3490 4713; x_wconf 91' lang='lat' dir='ltr'><strong>ita</strong></span> 
     </span>
    </p>
   </div>
   <div class='ocr_carea' id='block_1_108' title="bbox 1902 4738 3491 4823">
    <p class='ocr_par' dir='ltr' id='par_1_108' title="bbox 1902 4738 3491 4823">
     <span class='ocr_line' id='line_1_108' title="bbox 1902 4738 3491 4823; baseline -0.008 -6"><span class='ocrx_word' id='word_1_878' title='bbox 1902 4761 2249 4817; x_wconf 84' lang='lat' dir='ltr'><strong>christianum</strong></span> <span class='ocrx_word' id='word_1_879' title='bbox 2292 4771 2388 4811; x_wconf 88' lang='lat' dir='ltr'><strong>cor</strong></span> <span class='ocrx_word' id='word_1_880' title='bbox 2428 4755 2480 4809; x_wconf 90' lang='lat' dir='ltr'><strong>in</strong></span> <span class='ocrx_word' id='word_1_881' title='bbox 2523 4754 2687 4808; x_wconf 91' lang='lat' dir='ltr'><strong>Deum</strong></span> <span class='ocrx_word' id='word_1_882' title='bbox 2717 4738 3079 4823; x_wconf 86' lang='lat' dir='ltr'><strong>pressurarum</strong></span> <span class='ocrx_word' id='word_1_883' title='bbox 3106 4749 3275 4820; x_wconf 65' lang='lat' dir='ltr'><strong>plagis</strong></span> <span class='ocrx_word' id='word_1_884' title='bbox 3305 4760 3491 4806; x_wconf 78' lang='lat' dir='ltr'><strong>exten-</strong></span> 
     </span>
    </p>
   </div>
   <div class='ocr_carea' id='block_1_109' title="bbox 1902 4853 2066 4910">
    <p class='ocr_par' dir='ltr' id='par_1_109' title="bbox 1902 4853 2066 4910">
     <span class='ocr_line' id='line_1_109' title="bbox 1902 4853 2066 4910; baseline -0.024 0"><span class='ocrx_word' id='word_1_885' title='bbox 1902 4853 2066 4910; x_wconf 89' lang='lat' dir='ltr'><strong>ditur.</strong></span> 
     </span>
    </p>
   </div>
   <div class='ocr_carea' id='block_1_110' title="bbox 1976 4930 3488 5007">
    <p class='ocr_par' dir='ltr' id='par_1_110' title="bbox 1976 4930 3488 5007">
     <span class='ocr_line' id='line_1_110' title="bbox 1976 4930 3488 5007; baseline -0.009 -5"><span class='ocrx_word' id='word_1_886' title='bbox 1976 4948 2061 5002; x_wconf 77' lang='lat' dir='ltr'><strong>ii.</strong></span> <span class='ocrx_word' id='word_1_887' title='bbox 2106 4941 2498 4998; x_wconf 83' lang='lat' dir='ltr'><strong>Meminerimus</strong></span> <span class='ocrx_word' id='word_1_888' title='bbox 2533 4952 2661 5007; x_wconf 77' lang='lat' dir='ltr'><strong>ergo</strong></span> <span class='ocrx_word' id='word_1_889' title='bbox 2685 4978 2700 5001; x_wconf 93' lang='lat'><strong>,</strong></span> <span class='ocrx_word' id='word_1_890' title='bbox 2729 4930 2921 4989; x_wconf 78' lang='lat' dir='ltr'><strong>fratres</strong></span> <span class='ocrx_word' id='word_1_891' title='bbox 2944 4974 2959 5001; x_wconf 92' lang='lat'><strong>,</strong></span> <span class='ocrx_word' id='word_1_892' title='bbox 2985 4932 3093 5003; x_wconf 89' lang='lat' dir='ltr'><strong>jam</strong></span> <span class='ocrx_word' id='word_1_893' title='bbox 3126 4933 3210 4987; x_wconf 91' lang='lat' dir='ltr'><strong>bis</strong></span> <span class='ocrx_word' id='word_1_894' title='bbox 3241 4935 3488 5005; x_wconf 81' lang='lat' dir='ltr'><strong>tempori-</strong></span> 
     </span>
    </p>
   </div>
   <div class='ocr_carea' id='block_1_111' title="bbox 1904 5026 3494 5108">
    <p class='ocr_par' dir='ltr' id='par_1_111' title="bbox 1904 5026 3494 5108">
     <span class='ocr_line' id='line_1_111' title="bbox 1904 5026 3494 5108; baseline -0.011 -13"><span class='ocrx_word' id='word_1_895' title='bbox 1904 5040 2003 5095; x_wconf 86' lang='lat' dir='ltr'><strong>bus</strong></span> <span class='ocrx_word' id='word_1_896' title='bbox 2026 5080 2042 5105; x_wconf 94' lang='lat'><strong>,</strong></span> <span class='ocrx_word' id='word_1_897' title='bbox 2083 5037 2275 5108; x_wconf 90' lang='lat' dir='ltr'><strong>quibus</strong></span> <span class='ocrx_word' id='word_1_898' title='bbox 2312 5042 2626 5101; x_wconf 71' lang='lat' dir='ltr'><strong>congregata</strong></span> <span class='ocrx_word' id='word_1_899' title='bbox 2663 5038 2743 5084; x_wconf 74' lang='lat' dir='ltr'><strong>est</strong></span> <span class='ocrx_word' id='word_1_900' title='bbox 2771 5027 2912 5080; x_wconf 82' lang='lat' dir='ltr'><strong>velut</strong></span> <span class='ocrx_word' id='word_1_901' title='bbox 2939 5026 2990 5079; x_wconf 90' lang='lat' dir='ltr'><strong>in</strong></span> <span class='ocrx_word' id='word_1_902' title='bbox 3021 5038 3189 5081; x_wconf 87' lang='lat' dir='ltr'><strong>utrem</strong></span> <span class='ocrx_word' id='word_1_903' title='bbox 3215 5042 3351 5097; x_wconf 86' lang='lat' dir='ltr'><strong>aqua</strong></span> <span class='ocrx_word' id='word_1_904' title='bbox 3380 5043 3463 5105; x_wconf 85' lang='lat' dir='ltr'><strong>ma</strong></span> <span class='ocrx_word' id='word_1_905' title='bbox 3482 5060 3494 5069; x_wconf 84' lang='lat'><strong>-</strong></span> 
     </span>
    </p>
   </div>
   <div class='ocr_carea' id='block_1_112' title="bbox 1907 5096 3491 5196">
    <p class='ocr_par' dir='ltr' id='par_1_112' title="bbox 1907 5096 3491 5196">
     <span class='ocr_line' id='line_1_112' title="bbox 1907 5096 3491 5196; baseline -0.009 -8"><span class='ocrx_word' id='word_1_906' title='bbox 1907 5133 2012 5196; x_wconf 84' lang='lat' dir='ltr'><strong>ris,</strong></span> <span class='ocrx_word' id='word_1_907' title='bbox 2053 5145 2159 5184; x_wconf 89' lang='lat' dir='ltr'><strong>non</strong></span> <span class='ocrx_word' id='word_1_908' title='bbox 2184 5127 2371 5183; x_wconf 82' lang='lat' dir='ltr'><strong>deesse</strong></span> <span class='ocrx_word' id='word_1_909' title='bbox 2399 5125 2506 5179; x_wconf 77' lang='lat' dir='ltr'><strong>Deo</strong></span> <span class='ocrx_word' id='word_1_910' title='bbox 2531 5121 2667 5174; x_wconf 84' lang='lat' dir='ltr'><strong>unde</strong></span> <span class='ocrx_word' id='word_1_911' title='bbox 2697 5119 2925 5189; x_wconf 82' lang='lat' dir='ltr'><strong>proferat</strong></span> <span class='ocrx_word' id='word_1_912' title='bbox 2952 5135 3058 5187; x_wconf 90' lang='lat' dir='ltr'><strong>quo</strong></span> <span class='ocrx_word' id='word_1_913' title='bbox 3085 5135 3181 5175; x_wconf 87' lang='lat' dir='ltr'><strong>nos</strong></span> <span class='ocrx_word' id='word_1_914' title='bbox 3212 5096 3491 5187; x_wconf 59' lang='lat' dir='ltr'><strong>emendet;</strong></span> 
     </span>
    </p>
   </div>
   <div class='ocr_carea' id='block_1_113' title="bbox 1905 5194 3495 5282">
    <p class='ocr_par' dir='ltr' id='par_1_113' title="bbox 1905 5194 3495 5282">
     <span class='ocr_line' id='line_1_113' title="bbox 1905 5194 3495 5282; baseline -0.01 -1"><span class='ocrx_word' id='word_1_915' title='bbox 1905 5241 2025 5281; x_wconf 91' lang='lat' dir='ltr'><strong>cum</strong></span> <span class='ocrx_word' id='word_1_916' title='bbox 2048 5220 2418 5277; x_wconf 84' lang='lat' dir='ltr'><strong>emendatione</strong></span> <span class='ocrx_word' id='word_1_917' title='bbox 2446 5215 2597 5268; x_wconf 86' lang='lat' dir='ltr'><strong>nobis</strong></span> <span class='ocrx_word' id='word_1_918' title='bbox 2626 5227 2757 5281; x_wconf 89' lang='lat' dir='ltr'><strong>opus</strong></span> <span class='ocrx_word' id='word_1_919' title='bbox 2777 5222 2878 5267; x_wconf 87' lang='lat' dir='ltr'><strong>est.</strong></span> <span class='ocrx_word' id='word_1_920' title='bbox 2909 5212 3029 5265; x_wconf 81' lang='lat' dir='ltr'><strong>Ideo</strong></span> <span class='ocrx_word' id='word_1_921' title='bbox 3051 5212 3190 5266; x_wconf 88' lang='lat' dir='ltr'><strong>enim</strong></span> <span class='ocrx_word' id='word_1_922' title='bbox 3216 5194 3455 5282; x_wconf 76' lang='lat' dir='ltr'><strong>sequitur</strong></span> <span class='ocrx_word' id='word_1_923' title='bbox 3478 5249 3495 5265; x_wconf 91' lang='lat'><strong>.</strong></span> 
     </span>
    </p>
   </div>
   <div class='ocr_carea' id='block_1_114' title="bbox 1911 5303 3497 5377">
    <p class='ocr_par' dir='ltr' id='par_1_114' title="bbox 1911 5303 3497 5377">
     <span class='ocr_line' id='line_1_114' title="bbox 1911 5303 3497 5377; baseline -0.01 -5"><span class='ocrx_word' id='word_1_924' title='bbox 1911 5317 2112 5372; x_wconf 79' lang='lat' dir='ltr'><strong>Peneus</strong></span> <span class='ocrx_word' id='word_1_925' title='bbox 2136 5313 2189 5366; x_wconf 89' lang='lat' dir='ltr'><strong>in</strong></span> <span class='ocrx_word' id='word_1_926' title='bbox 2216 5308 2462 5364; x_wconf 83' lang='lat' dir='ltr'><strong>thesauris</strong></span> <span class='ocrx_word' id='word_1_927' title='bbox 2488 5306 2711 5377; x_wconf 75' lang='lat' dir='ltr'><strong>abyssos.</strong></span> <span class='ocrx_word' id='word_1_928' title='bbox 2742 5304 2783 5359; x_wconf 83' lang='grc' dir='ltr'>Τ</span> <span class='ocrx_word' id='word_1_929' title='bbox 2789 5305 3043 5361; x_wconf 81' lang='lat' dir='ltr'><strong>itcsauros</strong></span> <span class='ocrx_word' id='word_1_930' title='bbox 3074 5303 3497 5361; x_wconf 68' lang='lat' dir='ltr'><strong>Dcidicitscwc&lt;</strong></span> 
     </span>
    </p>
   </div>
   <div class='ocr_carea' id='block_1_115' title="bbox 1910 5382 3495 5463">
    <p class='ocr_par' dir='ltr' id='par_1_115' title="bbox 1910 5382 3495 5463">
     <span class='ocr_line' id='line_1_115' title="bbox 1910 5382 3495 5463; baseline -0.014 -2"><span class='ocrx_word' id='word_1_931' title='bbox 1910 5418 2019 5461; x_wconf 91' lang='lat' dir='ltr'><strong>tum</strong></span> <span class='ocrx_word' id='word_1_932' title='bbox 2066 5404 2180 5459; x_wconf 86' lang='lat' dir='ltr'><strong>Dei.</strong></span> <span class='ocrx_word' id='word_1_933' title='bbox 2222 5400 2380 5457; x_wconf 80' lang='lat' dir='ltr'><strong>Novit</strong></span> <span class='ocrx_word' id='word_1_934' title='bbox 2414 5400 2502 5453; x_wconf 88' lang='lat' dir='ltr'><strong>ille</strong></span> <span class='ocrx_word' id='word_1_935' title='bbox 2540 5396 2773 5451; x_wconf 64' lang='lat' dir='ltr'><strong>omnium</strong></span> <span class='ocrx_word' id='word_1_936' title='bbox 2817 5382 3005 5459; x_wconf 77' lang='lat' dir='ltr'><strong>corda,</strong></span> <span class='ocrx_word' id='word_1_937' title='bbox 3045 5393 3169 5463; x_wconf 71' lang='lat' dir='ltr'><strong>quid</strong></span> <span class='ocrx_word' id='word_1_938' title='bbox 3196 5392 3261 5446; x_wconf 88' lang='lat' dir='ltr'><strong>ad</strong></span> <span class='ocrx_word' id='word_1_939' title='bbox 3289 5402 3495 5459; x_wconf 69' lang='lat' dir='ltr'><strong>tempus</strong></span> 
     </span>
    </p>
   </div>
   <div class='ocr_carea' id='block_1_116' title="bbox 1912 5484 3497 5568">
    <p class='ocr_par' dir='ltr' id='par_1_116' title="bbox 1912 5484 3497 5568">
     <span class='ocr_line' id='line_1_116' title="bbox 1912 5484 3497 5568; baseline -0.007 -21"><span class='ocrx_word' id='word_1_940' title='bbox 1912 5496 2180 5568; x_wconf 78' lang='lat' dir='ltr'><strong>proferat,</strong></span> <span class='ocrx_word' id='word_1_941' title='bbox 2213 5491 2354 5547; x_wconf 87' lang='lat' dir='ltr'><strong>unde</strong></span> <span class='ocrx_word' id='word_1_942' title='bbox 2380 5488 2612 5562; x_wconf 81' lang='lat' dir='ltr'><strong>proferat</strong></span> <span class='ocrx_word' id='word_1_943' title='bbox 2632 5498 2927 5559; x_wconf 82' lang='lat' dir='ltr'><strong>‘,.quantam</strong></span> <span class='ocrx_word' id='word_1_944' title='bbox 2956 5494 3272 5556; x_wconf 86' lang='lat' dir='ltr'><strong>potestatem</strong></span> <span class='ocrx_word' id='word_1_945' title='bbox 3302 5484 3497 5538; x_wconf 79' lang='lat' dir='ltr'><strong>tribuat</strong></span> 
     </span>
    </p>
   </div>
   <div class='ocr_carea' id='block_1_117' title="bbox 1976 5599 2727 5668">
    <p class='ocr_par' dir='ltr' id='par_1_117' title="bbox 1976 5599 2727 5668">
     <span class='ocr_line' id='line_1_117' title="bbox 1976 5599 2727 5668; baseline -0.011 -12"><span class='ocrx_word' id='word_1_946' title='bbox 1976 5612 1991 5643; x_wconf 73' lang='grc' dir='ltr'>ί</span> <span class='ocrx_word' id='word_1_947' title='bbox 2018 5607 2153 5664; x_wconf 53' lang='grc' dir='ltr'>ειμι,</span> <span class='ocrx_word' id='word_1_948' title='bbox 2178 5605 2325 5668; x_wconf 73' lang='lat' dir='ltr'><strong>fugit.</strong></span> <span class='ocrx_word' id='word_1_949' title='bbox 2353 5608 2406 5651; x_wconf 82' lang='lat' dir='ltr'><strong>At</strong></span> <span class='ocrx_word' id='word_1_950' title='bbox 2428 5609 2554 5668; x_wconf 69' lang='lat' dir='ltr'><strong>Mss.,</strong></span> <span class='ocrx_word' id='word_1_951' title='bbox 2582 5599 2727 5650; x_wconf 88' lang='lat' dir='ltr'><strong>rodit.</strong></span> 
     </span>
    </p>
   </div>
   <div class='ocr_carea' id='block_1_118' title="bbox 1974 5656 3093 5741">
    <p class='ocr_par' dir='ltr' id='par_1_118' title="bbox 1974 5656 3093 5741">
     <span class='ocr_line' id='line_1_118' title="bbox 1974 5656 3093 5741; baseline -0.013 -23"><span class='ocrx_word' id='word_1_952' title='bbox 1974 5675 1994 5741; x_wconf 66' lang='grc' dir='ltr'><strong>ξ</strong></span> <span class='ocrx_word' id='word_1_953' title='bbox 2019 5672 2089 5741; x_wconf 48' lang='grc' dir='ltr'><strong>τις</strong></span> <span class='ocrx_word' id='word_1_954' title='bbox 2107 5656 2289 5741; x_wconf 68' lang='lat' dir='ltr'><strong>aliquot</strong></span> <span class='ocrx_word' id='word_1_955' title='bbox 2312 5675 2414 5715; x_wconf 80' lang='lat' dir='ltr'><strong>.uss.</strong></span> <span class='ocrx_word' id='word_1_956' title='bbox 2442 5656 2551 5712; x_wconf 62' lang='lat' dir='ltr'><strong>l-Zdtl.</strong></span> <span class='ocrx_word' id='word_1_957' title='bbox 2590 5675 2726 5721; x_wconf 82' lang='lat' dir='ltr'><strong>vero,</strong></span> <span class='ocrx_word' id='word_1_958' title='bbox 2753 5656 3093 5723; x_wconf 73' lang='lat' dir='ltr'><strong>providentem.</strong></span> 
     </span>
    </p>
   </div>
   <div class='ocr_carea' id='block_1_119' title="bbox 1977 5732 3489 5906">
    <p class='ocr_par' dir='ltr' id='par_1_119' title="bbox 1977 5732 3489 5906">
     <span class='ocr_line' id='line_1_119' title="bbox 1977 5732 3489 5906; baseline -0.009 -65"><span class='ocrx_word' id='word_1_959' title='bbox 1977 5732 2396 5906; x_wconf 47' lang='grc' dir='ltr'><strong>ίὲξὲῗέὲἲέῗδξὶιεω</strong></span> <span class='ocrx_word' id='word_1_960' title='bbox 2444 5795 2518 5838; x_wconf 87' lang='lat' dir='ltr'><strong>est</strong></span> <span class='ocrx_word' id='word_1_961' title='bbox 2556 5788 2630 5836; x_wconf 76' lang='lat' dir='ltr'><strong>via</strong></span> <span class='ocrx_word' id='word_1_962' title='bbox 2676 5780 2863 5847; x_wconf 74' lang='lat' dir='ltr'><strong>publica</strong></span> <span class='ocrx_word' id='word_1_963' title='bbox 2908 5777 3181 5843; x_wconf 71' lang='lat' dir='ltr'><strong>lapidibus,</strong></span> <span class='ocrx_word' id='word_1_964' title='bbox 3225 5790 3316 5827; x_wconf 70' lang='lat' dir='ltr'><strong>seu</strong></span> <span class='ocrx_word' id='word_1_965' title='bbox 3363 5777 3489 5828; x_wconf 74' lang='lat' dir='ltr'><strong>silit&#39;</strong></span> 
     </span>
     <span class='ocr_line' id='line_1_120' title="bbox 1977 5867 2115 5905; baseline -0.022 0"><span class='ocrx_word' id='word_1_966' title='bbox 1977 5869 2029 5905; x_wconf 66' lang='lat' dir='ltr'><strong>tm</strong></span> <span class='ocrx_word' id='word_1_967' title='bbox 2069 5867 2115 5903; x_wconf 87' lang='lat' dir='ltr'><strong>a.</strong></span> 
     </span>
    </p>
   </div>
   <div class='ocr_carea' id='block_1_120' title="bbox 1918 5867 2115 5908">
    <p class='ocr_par' dir='ltr' id='par_1_120' title="bbox 1918 5867 2115 5908">
     <span class='ocr_line' id='line_1_121' title="bbox 1918 5867 2115 5908; baseline -0.03 0"><span class='ocrx_word' id='word_1_968' title='bbox 1918 5867 2115 5908; x_wconf 74' lang='lat' dir='ltr'><strong>munita.</strong></span> 
     </span>
    </p>
   </div>
  </div>
