4032 6466
552 556 706 614 malis
743 554 797 609 in
843 552 1009 609 bonos
1032 593 1048 618 ,
1088 549 1154 604 ad
1188 544 1500 620 judicandos
1535 540 1747 614 quidem
1778 541 1944 595 malos
1966 579 1982 606 ,
2013 553 2135 592 eru-

552 645 777 705 diendos
813 652 990 699 autem
1026 644 1214 697 bonos.
1249 638 1406 695 Novit
1432 634 1696 708 quomodo
1721 632 1835 688 haec
1862 640 2015 703 agat,
2044 627 2134 700 qui

554 743 703 814 ponit
740 742 793 797 in
832 738 1094 795 thesauris
1122 736 1362 809 abyssos.
1391 733 1508 789 Fiat
1531 747 1657 803 ergo
1682 728 1822 800 quod
1852 727 2090 798 sequitur
2121 745 2136 783 :

555 834 753 892 Timent
792 832 1069 888 Dominum
1106 827 1268 883 onmis
1305 835 1458 880 terra.
1486 823 1601 879 Non
1630 822 1886 891 glorietur
1910 817 2138 889 superba

559 928 740 985 lzetitia
778 923 1057 982 temeraria
1099 919 1483 983 exsultatione,
1519 915 1702 970 dicens
1732 931 1744 969 :
1774 911 1892 968 Jam
1918 920 2140 985 congre-

558 1030 680 1097 gata
703 1027 785 1074 est
807 1018 949 1071 velut
974 1015 1025 1068 in
1057 1023 1227 1068 utrem
1252 1024 1385 1080 aqua
1415 1007 1617 1072 maris;
1647 1005 1765 1075 quis
1793 987 1918 1057 mihi
1940 982 2139 1072 aliquid

565 1112 760 1168 laciet?
785 1110 903 1181 quis
925 1123 1118 1163 nocere
1138 1100 1390 1160 audebit?
1418 1099 1602 1155 Nescis
1626 1098 1746 1167 quia
1774 1095 1951 1166 posuit
1975 1094 2061 1148 ille
2088 1092 2141 1144 in

565 1202 825 1259 thesauris
851 1199 1072 1268 abyssos
1091 1238 1103 1259 ,
1133 1196 1306 1249 nescis
1331 1191 1471 1247 unde
1500 1188 1734 1260 proferat
1754 1186 1892 1257 quod
1913 1200 2045 1254 opus
2061 1190 2145 1237 est

562 1293 630 1351 ad
657 1290 1027 1363 ﬂagellandum
1050 1295 1103 1342 te
1127 1292 1277 1357 pater
1302 1282 1465 1339 ttius?
1486 1279 1585 1348 Qui
1605 1279 1817 1351 quidem
1840 1278 1891 1331 in
1912 1274 2147 1344 discipli—

562 1399 687 1440 nam
722 1391 865 1437 tuam
913 1380 1072 1435 habet
1106 1373 1281 1448 abyssi
1309 1374 1617 1438 thesauros,
1648 1370 1838 1442 quibus
1864 1376 1916 1424 te
1942 1364 2147 1423 erudiat

565 1476 633 1531 ad
680 1475 957 1530 thesauros
999 1470 1276 1526 caelorum.
1324 1468 1464 1536 Ergo
1501 1464 1613 1520 redi
1649 1462 1714 1517 ad
1744 1463 1984 1516 timorem
2011 1500 2025 1524 ,
2056 1456 2146 1528 qui

565 1566 671 1642 jam
697 1566 812 1622 ibas
836 1565 888 1619 in
915 1560 1273 1619 securitatem.
1296 1558 1537 1614 Exsultat
1565 1564 1724 1621 terra,
1756 1552 1848 1608 sed
1868 1560 1925 1607 et
1945 1552 2145 1605 timeat.

568 1635 812 1714 lilxsultet
842 1674 856 1711 :
888 1654 1094 1726 quare?
1117 1649 1248 1721 Quia
1270 1646 1629 1706 miSericordla
1659 1635 1865 1700 Domini
1897 1644 2046 1713 plena
2068 1638 2152 1697 est

569 1759 732 1806 terra.
760 1748 966 1803 Timeat
991 1764 1006 1800 :
1034 1745 1242 1816 quare?
1268 1742 1398 1809 Quia
1424 1743 1500 1796 sic
1527 1737 1867 1809 congregavit
1896 1737 1948 1789 in
1977 1743 2150 1788 utrem

571 1854 736 1911 aquas
761 1838 922 1894 maris
942 1879 956 1904 ,
979 1846 1034 1891 ut
1056 1840 1279 1906 poneret
1301 1834 1353 1887 in
1376 1831 1637 1887 thesauris
1656 1830 1898 1900 ahyssos.
1923 1826 2006 1881 Fit
2024 1839 2152 1894 ergo

575 1935 627 1989 in
670 1934 758 1988 illa
791 1931 932 2002 quod
970 1930 1093 1985 alibi
1134 1928 1364 1984 breviter
1391 1934 1673 1994 utrumque
1697 1921 1887 1977 dicitur
1915 1939 1929 1976 :
1962 1918 2155 1974 Servite

575 2029 796 2084 Domino
833 2028 886 2081 in
923 2027 1133 2091 timore,
1172 2032 1218 2077 et
1258 2018 1502 2076 exsultate
1535 2018 1581 2072 ei
1605 2032 1717 2071 cum
1748 2009 2152 2085 tremore(Psal.

576 2119 794 2189 n,tt).

648 2210 735 2266 12.
781 2197 977 2264 Timent
1016 2206 1292 2261 Dominum
1335 2203 1498 2257 omnis
1540 2208 1673 2255 terra
1712 2207 1731 2252 :
1770 2197 1832 2251 ab
1860 2196 1970 2266 ipso
1994 2197 2158 2246 autem

578 2309 980 2361 commoveantur
1018 2314 1188 2354 omnes
1227 2298 1313 2368 qui
1349 2281 1628 2348 inhabitant
1657 2289 1824 2343 orbem
1851 2296 2013 2340 terrm.
2042 2282 2156 2337 Non

578 2396 802 2451 timeant
821 2392 1046 2447 alterum
1073 2404 1170 2458 pro
1198 2385 1289 2441 illo
1312 2403 1327 2439 :
1353 2385 1415 2438 ab
1438 2385 1548 2455 ipso
1570 2386 1967 2435 commoveantur
1991 2387 2161 2428 omnes

582 2477 668 2555 qui
706 2485 987 2540 inhabitant
1023 2482 1189 2535 orbem
1232 2489 1395 2533 terrae.
1439 2475 1574 2530 Fcra
1600 2472 1793 2527 smvit?
1821 2470 1982 2524 Demn
2013 2467 2158 2520 time.

582 2581 815 2652 Serpens
840 2572 1157 2632 insidiatur?
1184 2574 1348 2629 Deum
1376 2570 1524 2625 time.
1550 2565 1723 2623 Homo
1749 2575 1801 2619 te
1820 2562 1971 2617 odit?
1998 2563 2162 2615 Deum

586 2674 734 2728 time.
777 2668 1026 2724 Diabolus
1064 2675 1114 2722 te
1152 2660 1458 2735 impugnat?
1500 2659 1665 2714 Deum
1691 2658 1836 2711 time.
1863 2655 1991 2708 Tota
2020 2653 2161 2708 enim

584 2771 826 2821 creatura
867 2762 966 2827 sub
1004 2760 1097 2815 illo
1130 2766 1213 2815 est
1249 2771 1409 2828 quem
1446 2754 1647 2825 iuberis
1676 2753 1882 2806 timere.
1915 2748 2166 2815 Quoniam

583 2859 694 2928 ipse
720 2856 847 2911 dixit
867 2897 883 2923 ,
910 2865 955 2910 et
984 2858 1121 2927 facta
1145 2860 1259 2906 sunt
1282 2866 1297 2915 ;
1328 2850 1438 2919 ipse
1465 2845 1754 2911 mandavit,
1778 2852 1821 2898 et
1841 2851 2009 2895 creata
2029 2846 2164 2894 sunt.

585 2948 702 3007 Hoc
740 2948 793 3003 in
828 2946 1039 3003 Psalmo
1067 2943 1325 3014 sequitur.
1354 2939 1486 2996 Cum
1513 2938 1652 2993 enim
1681 2936 1901 2990 dixisset
1920 2931 2033 2999 ,‘Ab
2057 2933 2167 3002 ipso

586 3048 989 3097 commoveantur
1033 3052 1204 3091 omnes
1248 3034 1335 3105 qui
1376 3030 1654 3085 inhabitant
1680 3027 1846 3082 orbem
1877 3037 2023 3080 terra:
2054 3040 2073 3079 :
2101 3037 2169 3079 ne

588 3138 925 3189 converteret
960 3143 1018 3183 se
1058 3127 1219 3180 homo
1255 3123 1321 3178 ad
1360 3121 1649 3177 timendum
1686 3118 1882 3188 aliquid
1908 3117 2047 3171 aliud
2071 3160 2085 3183 ,
2116 3124 2172 3172 et

588 3239 808 3282 aversus
832 3240 861 3277 a
892 3226 1080 3277 timore
1108 3218 1222 3284 Dei,
1254 3219 1462 3272 timeret
1486 3229 1581 3284 pro
1600 3214 1690 3268 illo
1709 3212 1936 3281 aliquam
1959 3217 2169 3265 creatu-

571 3324 704 3373 ‘ram
730 3359 744 3383 ,
772 3325 827 3371 et
854 3313 1099 3368 adoraret
1126 3308 1265 3380 quod
1294 3310 1482 3362 factum
1511 3314 1620 3372 est,
1648 3304 1867 3358 dimisso
1894 3301 1982 3371 qui
2014 3301 2170 3367 fecit;

591 3406 924 3468 confirmavit
951 3418 1049 3459 nos
1074 3404 1127 3458 in
1152 3404 1342 3457 timore
1371 3398 1464 3454 Dei
1491 3407 1736 3467 tanquam
1765 3394 1948 3450 dicens
1978 3391 2130 3447 nobis
2153 3433 2170 3460 ,

591 3514 646 3560 et
690 3500 965 3571 alloquens
1007 3511 1104 3552 nos
1150 3514 1164 3550 :
1203 3493 1338 3563 Quid
1377 3490 1754 3548 formidaturus
1794 3502 1852 3543 es
1884 3484 2078 3556 aliquid
2108 3484 2175 3540 de

592 3597 729 3653 cm‘o
748 3637 763 3659 ,
804 3589 1001 3663 aliquid
1038 3590 1104 3644 de
1145 3598 1282 3643 terra
1302 3628 1317 3651 ,
1349 3583 1544 3655 aliquid
1571 3581 1636 3637 de
1663 3581 1837 3636 mari?
1865 3578 1891 3632 Ι
1902 3596 1987 3648 pse
2010 3578 2172 3642 dixit,

595 3695 642 3745 et
685 3693 819 3762 facta
861 3693 1017 3750 sunt;
1055 3680 1311 3736 mandavit
1336 3720 1350 3745 ,
1397 3687 1443 3731 et
1474 3685 1640 3730 creata
1666 3680 1803 3728 sunt.
1832 3672 1930 3740 Qui
1961 3671 2088 3725 dixit
2123 3676 2177 3724 et

596 3781 730 3838 facta
766 3786 918 3844 sunt,
962 3774 1231 3831 mandavit
1268 3780 1323 3827 et
1357 3779 1532 3825 creata
1560 3774 1713 3830 sunt,
1741 3780 1860 3820 cum
1884 3764 2032 3834 jubet
2059 3778 2175 3816 mo-

599 3881 793 3928 ventur
814 3911 831 3937 ,
872 3882 992 3924 cum
1029 3865 1180 3936 jubet
1204 3862 1501 3933 quiescunt.
1537 3859 1604 3913 Et
1633 3857 1828 3912 malitia
1858 3856 2129 3910 hominum
2157 3853 2175 3885 ί

597 3961 938 4033 cupiditatem
959 3953 1181 4011 nocendi
1211 3959 1384 4022 potest
1402 3950 1597 4005 habere
1616 3948 1884 4018 propriam
1910 3962 1924 4000 :
1950 3951 2181 4014 potesta-

573 4063 707 4129 tem
747 4061 923 4108 autem
965 4050 1011 4103 si
1040 4048 1129 4103 ille
1165 4060 1271 4100 non
1309 4044 1431 4109 dat,
1460 4056 1564 4097 non
1591 4040 1770 4095 habet.
1804 4037 1922 4092 Non
1950 4046 2022 4092 est
2048 4038 2182 4090 enim

602 4155 819 4221 potestas
845 4143 945 4197 nisi
965 4158 996 4194 a
1018 4138 1125 4193 Deo
1154 4136 1328 4210 (Rom.
1360 4152 1453 4190 xm
1480 4175 1496 4201 ,
1530 4132 1583 4205 l)
1618 4151 1631 4187 :
1661 4131 1934 4187 deﬁnitiva
1961 4140 2182 4185 senten-

600 4243 675 4299 tia
717 4236 961 4310 Apostoli
1000 4242 1103 4290 est.
1141 4231 1257 4287 Non
1287 4229 1456 4293 dixit,
1484 4227 1599 4282 Non
1629 4234 1712 4281 est
1740 4225 2000 4294 cupiditas
2027 4223 2123 4276 nisi
2150 4237 2181 4277 a

602 4335 733 4390 Deo.
778 4331 872 4386 Est
907 4326 1050 4384 enim
1093 4323 1229 4379 mala
1254 4319 1513 4391 cupiditas
1534 4359 1547 4382 ,
1580 4333 1697 4387 qua!
1726 4332 1830 4370 non
1857 4325 1935 4370 (εει
1967 4331 1993 4366 a
2028 4315 2135 4369 Deo
2164 4332 2181 4371 :

602 4425 695 4481 sed
735 4422 857 4493 quia
896 4419 1009 4490 ipsa
1051 4415 1188 4469 mala
1224 4409 1483 4482 cttpiditas
1525 4408 1651 4462 nulli
1678 4416 1866 4471 nocet,
1893 4406 1939 4460 si
1965 4406 2050 4459 ille
2077 4420 2182 4459 non

602 4514 905 4586 permittat,
938 4507 1061 4562 Non
1084 4513 1190 4573 est,
1222 4503 1428 4573 inquit,
1460 4504 1675 4573 potestas
1704 4498 1802 4552 nisi
1825 4515 1856 4548 a
1884 4494 2009 4550 Deo.
2035 4494 2185 4551 Unde

606 4584 747 4658 Deus
787 4599 946 4652 homo
987 4603 1135 4650 stans
1171 4604 1293 4647 ante
1333 4590 1603 4644 hominem
1630 4629 1645 4654 ,
1686 4584 1808 4640 Non
1834 4586 2066 4651 haberes,
2100 4586 2185 4638 iu-

605 4693 752 4763 quit,
791 4689 845 4743 in
887 4702 967 4740 me
1009 4690 1297 4754 potestatem
1322 4720 1338 4746 ,
1381 4680 1478 4732 nisi
1519 4677 1639 4730 data
1666 4676 1839 4748 fuisset
1864 4674 1952 4728 tibi
1975 4674 2187 4745 desuper

608 4785 787 4857 (Joan.
817 4796 908 4835 xtx
933 4821 948 4845 ,
978 4777 1087 4848 ll).
1119 4774 1211 4830 llle
1232 4771 1534 4844 judicabat,
1562 4769 1648 4823 ille
1675 4766 1895 4823 docebat
1922 4785 1935 4821 :
1958 4780 2076 4821 cum
2097 4765 2186 4835 ju-

610 4853 887 4931 dicabatur
910 4911 925 4932 ,
948 4866 1173 4923 docebat
1190 4905 1205 4927 ,
1236 4874 1289 4917 ut
1309 4861 1569 4932 judicaret
1597 4872 1730 4927 quos
1756 4856 2042 4911 docuerat:
2066 4853 2186 4909 Non

609 4968 817 5021 haberes
840 5004 856 5029 ,
898 4960 1099 5030 inquit,
1137 4958 1193 5011 in
1223 4972 1302 5009 me
1342 4960 1661 5022 potestatem,
1690 4949 1786 5003 nisi
1806 4957 1928 5003 esset
1957 4948 2076 5000 data
2101 4947 2189 5001 tibi

610 5058 842 5126 desuper.
872 5049 1009 5120 Quid
1039 5048 1182 5103 hoc?
1212 5047 1384 5101 Homo
1412 5051 1613 5098 tantum
1648 5056 1752 5095 non
1772 5039 1929 5094 habet
1954 5048 2189 5108 potesn-

611 5157 716 5203 tem
741 5186 758 5210 ,
791 5144 891 5199 nisi
921 5156 1039 5196 cum
1061 5138 1323 5208 acceperit
1342 5134 1607 5207 desuper?
1628 5133 1762 5201 Quid
1790 5133 1900 5202 ipse
1925 5128 2184 5196 diabolus,

610 5251 773 5293 ausus
797 5244 879 5291 est
902 5232 987 5288 vel
1013 5243 1170 5286 unam
1198 5227 1457 5283 oviculam
1487 5226 1673 5280 tollere
1701 5223 1817 5279 viro
1844 5232 2028 5277 sancto
2054 5222 2153 5278 Job
2171 5264 2187 5286 ,

611 5328 713 5383 nisi
751 5325 898 5398 prius
936 5320 1172 5385 diceret,
1218 5316 1363 5372 Mitte
1398 5333 1602 5371 manum
1637 5326 1808 5380 tuam,
1849 5313 1950 5369 hoc
1973 5322 2053 5368 est
2078 5354 2094 5380 ,
2124 5315 2190 5367 da

613 5414 967 5492 potestatem?
989 5412 1081 5467 llle
1103 5409 1336 5476 volebat,
1362 5408 1455 5464 sed
1479 5408 1563 5462 ille
1591 5423 1693 5463 non
1714 5405 1953 5470 sinebat;
1980 5402 2191 5474 quando

584 5512 704 5568 'illc
741 5506 1017 5581 permisit,
1062 5502 1151 5558 ille
1189 5500 1359 5571 potuit
1401 5518 1415 5554 :
1464 5515 1567 5554 non
1594 5514 1720 5569 ergo
1748 5497 1839 5551 ille
1864 5496 2064 5565 potuit,
2097 5491 2191 5548 sed

612 5603 703 5674 qui
744 5597 1005 5673 permisit.
1050 5588 1175 5648 Ideo
1217 5592 1351 5648 bene
1375 5590 1611 5647 eruditus
1638 5592 1749 5660 ipse
1776 5589 1912 5656 Joh,
1946 5603 2048 5641 non
2076 5602 2148 5640 an
2170 5625 2186 5651 ,

678 5756 694 5787 ι
718 5759 790 5802 Fr.
818 5760 864 5800 et
891 5759 1021 5801 tov.:
1044 5744 1340 5810 (‘onqniescit
1377 5751 1423 5795 et
1441 5742 1642 5810 __mali:‘ia
1671 5741 2195 5810 Itommnnttcnpmttas

614 5800 873 5885 hominum.
914 5800 1231 5885 cupiditatem
1252 5806 1468 5881 .norena'i
1491 5813 1654 5885 potest
1687 5805 1826 5855 homo
1863 5800 2037 5853 habere
2080 5814 2192 5865 pro-

613 5875 788 5940 priam.
813 5883 903 5924 bos
926 5870 1002 5923 hic
1022 5880 1127 5922 Mss.
1154 5870 1410 5922 lectionem
1431 5870 1782 5922 substituimus.

1780 420 1839 477 s.
1881 402 2245 476 AUGUSTINl
2275 404 2570 470 erisnam

3706 386 3815 459 19!

2236 531 2373 584 sicut
2394 530 2500 597 jam
2526 524 2947 581 edntmeinorare
2973 519 3124 576 vobis
3143 515 3378 574 solemus
3395 558 3411 585 ,
3446 515 3703 571 Dominus
3727 517 3818 570 de-

2236 621 2315 675 dit
2350 629 2403 673 et
2436 615 2677 673 diabolus
2717 613 2972 677 abstulit;
3002 610 3095 666 sed
3118 650 3133 673 .
3165 602 3411 662 Dominus
3434 605 3572 661 dedit
3593 649 3609 672 ,
3639 617 3687 659 et
3716 603 3820 659 Do-

2237 714 2404 766 minus
2445 708 2652 763 abstulit
2683 722 2702 760 :
2730 705 2858 759 sicut
2897 703 3112 757 Domino
3159 699 3387 770 placuit,
3417 700 3491 753 ita
3527 701 3721 771 factum
3747 714 3820 752 es.

2240 802 2362 873 (Job
2428 816 2485 866 ι,
2519 802 2577 854 ll
2604 839 2619 861 ,
2646 796 2778 869 2|);
2811 810 2915 850 non
2940 837 2956 863 ,
2985 795 3121 850 sicut
3148 790 3363 848 diabolo
3390 791 3600 861 placuit.
3634 788 3823 843 Videte

2239 908 2401 963 ergo,
2429 892 2618 946 fratres
2636 889 2771 954 mei,
2807 902 2925 942 cum
2953 892 3100 941 tanto
3119 883 3301 939 labore
3328 880 3713 937 mandu‘eantes
3741 893 3826 932 sa-

2242 974 2448 1039 lubrem
2473 989 2527 1036 et
2548 980 2727 1035 utilem
2756 989 2978 1048 panem,
3006 974 3182 1030 videte
3208 978 3276 1029 ne
3302 984 3621 1043 quemquam
3643 969 3827 1022 timea-

2242 1075 2312 1129 tis
2357 1072 2460 1126 nisi
2504 1071 2808 1127 Dominum.
2859 1068 3064 1123 Prmter
3109 1080 3231 1120 eum
3262 1078 3351 1133 .ne
3398 1061 3587 1116 timeas
3624 1058 3826 1120 alium,

2243 1164 2516 1235 Scriptura
2555 1162 2647 1218 tibi
2690 1160 2837 1215 dicit.
2870 1156 3100 1214 Proinde
3131 1156 3311 1210 timeat
3352 1151 3632 1208 Dominum
3655 1149 3831 1204 omnis

2245 1260 2422 1323 terra,
2463 1254 2550 1323 qui
2596 1252 2772 1324 posuit
2809 1251 2862 1306 in
2903 1248 3165 1303 thesauris
3198 1245 3309 1301 suis
3335 1244 3577 1315 abyssos.
3607 1239 3691 1295 Ab
3719 1239 3831 1308 ipso

2246 1358 2422 1405 autem
2487 1352 2921 1403 commoveantur
2974 1355 3163 1396 omnes
3215 1338 3305 1409 qui
3361 1335 3600 1391 habitant
3645 1331 3831 1387 orbem

2249 1449 2424 1496 terras.
2458 1434 2711 1507 Quoniam
2748 1436 2857 1507 ipse
2884 1434 3011 1488 dixit
3029 1474 3043 1498 ,
3073 1434 3121 1486 et
3144 1434 3281 1502 [acta
3306 1434 3464 1493 sunt;
3486 1431 3598 1501 ipse
3623 1421 3835 1478 manda-

2249 1537 2314 1591 ait
2334 1575 2349 1601 ,
2378 1544 2424 1588 et
2452 1542 2620 1588 creata
2644 1539 2781 1585 sunt.

2320 1618 2409 1683 l3.
2451 1624 2603 1698 [νει-δ.
2646 1615 2753 1695 10.]
2791 1620 2899 1677 Sed
2938 1618 3049 1689 jam
3086 1619 3429 1672 cessaverunt
3482 1621 3641 1678 reges
3668 1604 3833 1667 mali,-

2251 1718 2374 1774 facti
2418 1696 2544 1772 sunt
2577 1714 2701 1771 boni
2730 1731 2744 1768 :
2777 1710 3119 1767 crediderunt
3138 1708 3154 1740 ³
3186 1713 3242 1760 et
3268 1703 3367 1775 ipsi
3389 1732 3408 1771 ς
3436 1700 3643 1771 signum
3663 1696 3839 1752 cruris

2253 1809 2448 1865 Christi
2475 1810 2525 1863 in
2557 1807 2732 1862 fronte
2746 1804 2855 1876 jam
2886 1809 3099 1873 portant
3129 1796 3409 1869 pretiosius
3430 1793 3639 1864 signum
3664 1790 3840 1860 qualis

2255 1900 2345 1956 bet
2387 1913 2595 1972 gemma
2636 1894 2949 1952 diadematis
2981 1909 2995 1946 :
3024 1880 3098 1946 illi
3123 1889 3211 1960 qui
3238 1887 3556 1950 saevierunt,
3583 1877 3841 1937 destructl

2256 1968 2411 2049 sunt:
2440 1990 2546 2047 Sed
2586 1989 2704 2059 quis
2744 1986 2872 2043 fecit
2913 1982 3060 2039 hoc?
3099 1975 3191 2037 Fo:
3207 1987 3259 2035 te
3296 1988 3384 2043 tu,
3415 1984 3473 2031 ut
3497 1972 3721 2029 extollas
3747 1968 3843 2025 te?

2257 2078 2509 2137 Dominus
2544 2079 2755 2152 dissipat
2782 2076 2993 2131 consilia
3018 2073 3242 2145 gentium
3265 2112 3280 2132 ,
3307 2065 3539 2139 reprobat
3565 2073 3733 2117 autem
3757 2076 3846 2114 (ro-'-

2259 2174 2524 2244 gitationes
2560 2171 2861 2242 populorum
2885 2208 2900 2233 ,
2944 2176 2991 2220 et
3016 2163 3247 2236 reprobat
3287 2159 3501 2215 consilia
3538 2155 3844 2227 principum.

2260 2265 2484 2334 Quando
2524 2264 2773 2319 dixerunt
2814 2279 2827 2316 :
2869 2259 3139 2315 Tollamus
3181 2270 3275 2309 eos
3312 2252 3380 2307 de
3405 2260 3584 2315 terra,
3612 2261 3718 2301 non
3742 2244 3849 2299 erit

2260 2372 2456 2413 nomen
2477 2355 2822 2412 christianum
2852 2352 2897 2406 si
2925 2351 3027 2405 hoc
3057 2346 3341 2403 fecerimus
3366 2361 3379 2396 :
3400 2342 3488 2397 sic
3510 2337 3847 2397 occidantur,

2263 2454 2340 2508 sic
2381 2460 2762 2523 torqueantur,
2805 2448 2931 2503 talia
2976 2454 3032 2501 et
3076 2444 3197 2498 talia
3228 2440 3331 2495 illis
3359 2432 3851 2507 inlligantur.Dieta‘

2265 2554 2388 2601 sunt
2434 2542 2584 2610 haec,
2632 2551 2686 2598 et
2723 2541 2861 2595 inter
2910 2539 3024 2593 haec
3071 2533 3241 2590 crevit
3288 2529 3546 2588 Ecclesia.
3594 2525 3852 2595 Rrprobot

2265 2635 2590 2707 coyitutiones
2646 2631 2948 2705 pupillorum
2977 2669 2993 2695 ,
3055 2635 3102 2681 et
3155 2622 3391 2696 reprobat
3443 2619 3656 2674 consilia
3712 2615 3854 2685 prin-

2267 2728 2455 2798 cipum.

2338 2819 2428 2873 Μ.
2482 2815 2645 2892 [υεη.
2699 2810 2821 2887 ιι]
2873 2808 3149 2866 Consilium
3194 2812 3307 2860 uero
3351 2800 3557 2857 Domini
3596 2805 3761 2850 nume!
3808 2797 3855 2848 in

2268 2888 2534 2976 internum,
2555 2906 2883 2979 cogitationes
2911 2901 3079 2955 cordis
3106 2899 3216 2964 eius
3244 2896 3299 2950 in
3323 2895 3509 2948 alecula
3533 2888 3855 2944 sa’rulormn.

2272 3001 2536 3071 Repetitio
2566 2997 2843 3054 sententiae
2869 3002 2971 3049 est.
3002 2987 3155 3058 Quod
3184 2996 3308 3043 ante
3333 2987 3407 3040 ait
3430 2983 3727 3039 consilium,
3756 2980 3859 3033 hoc

2271 3095 2345 3150 ait
2373 3102 2556 3164 postea
2582 3088 2907 3161 cogitationes
2925 3085 3092 3139 cordis
3119 3098 3138 3136 :
3165 3090 3220 3136 et
3238 3077 3376 3150 quod
3402 3091 3560 3146 supra
3590 3073 3666 3129 ait
3690 3077 3859 3125 manet

2273 3187 2327 3243 in
2363 3154 2602 3241 d'ternum
2623 3154 2664 3248 ,v
2679 3181 2782 3235 hoc
2806 3179 2880 3233 ait
2907 3185 3090 3249 postea
3117 3174 3169 3228 in
3192 3169 3379 3227 saecula
3400 3154 3723 3224 sucularum.
3757 3164 3860 3217 lie‘

2275 3277 2462 3349 petitio
2485 3316 2499 3339 ,
2545 3270 2878 3329 confirmatio
2917 3274 3020 3323 est.
3058 3263 3135 3320 Ne
3158 3272 3334 3317 autem
3364 3258 3596 3331 putetis,-
3626 3254 3821 3309 fratres
3843 3293 3857 3315 ,

2275 3347 2397 3441 quia
2426 3367 2560 3422 dixit
2586 3363 2913 3435 cogitationes
2938 3358 3105 3414 cordis
3126 3399 3138 3420 ,
3171 3354 3319 3426 quasi
3351 3351 3540 3407 sedere
3570 3350 3738 3402 Deum
3766 3387 3781 3411 ,
3810 3347 3863 3397 et

2276 3426 2508 3531 dogitare
2553 3426 2679 3526 quid
2716 3460 2876 3524 agat,
2922 3457 2977 3504 et
3018 3446 3299 3517 exquirere
3322 3440 3603 3498 consilium
3632 3426 3861 3490 faciendi

2278 3552 2475 3624 aliquid
2499 3550 2581 3606 vel
2607 3563 2710 3603 non
2735 3543 2983 3600 faciendi.
3004 3541 3131 3595 Tuae
3157 3549 3279 3592 stnu
3304 3538 3447 3599 istm,
3469 3547 3502 3587 ο
3529 3531 3692 3585 Ιιοιιιο
3716 3571 3731 3591 ,
3758 3540 3864 3581 ιπ-

2278 3621 2470 3701 dilatas
2517 3660 2533 3697 :
2586 3646 2754 3710 nsque
2799 3638 2852 3692 in
2893 3635 3223 3690 velocitatem
3270 3627 3434 3683 currit
3473 3623 3693 3679 verbum
3722 3621 3860 3688 ejus.

2279 3734 2499 3807 Quando
2539 3739 2715 3803 potest
2753 3743 2899 3783 mora
2945 3738 3064 3780 esse
3093 3718 3425 3791 cogitationis
3454 3716 3504 3770 in
3536 3714 3628 3769 illo
3656 3713 3826 3767 verbo
3848 3752 3862 3774 ,

2279 3804 2422 3900 quod
2450 3839 2611 3879 unum
2637 3830 2717 3877 est
2739 3859 2755 3888 ,
2782 3828 2835 3873 et
2861 3817 3034 3871 omnia
3055 3810 3423 3881 'complectitur
3441 3807 3465 3860 ἲ
3482 3805 3587 3862 Sed
3608 3804 3866 3859 dicuntur

2282 3895 2628 3989 cogitationes
2672 3913 2796 3976 Dei,
2846 3918 2902 3963 ut
2947 3906 3000 3961 tu
3049 3903 3339 3972 intelligas,
3385 3905 3443 3953 ut
3481 3895 3779 3952 secundum
3816 3904 3868 3948 te

2283 3985 2480 4065 audeas
2516 4005 2723 4075 erigere
2749 4015 2843 4056 cor
2867 3998 2948 4053 vel
2977 3996 3044 4051 ad
3071 3995 3230 4050 verba
3259 4001 3363 4047 tum
3391 3987 3679 4044 infirmitati
3711 3985 3866 4042 simi-

2284 4109 2351 4164 lia
2381 4124 2395 4160 :
2425 4104 2546 4176 quia
2582 4110 2671 4156 res
2705 4099 2817 4168 ipsa
2845 4095 3066 4150 multum
3095 4098 3179 4146 est
3202 4088 3267 4142 ad
3294 4095 3364 4141 te.
3392 4082 3729 4164 Cogitationes
3752 4094 3870 4132 cer-

2285 4202 2363 4256 dis
2401 4174 2509 4270 ejus
2544 4196 2599 4251 in
2636 4191 2821 4249 siccata
2860 4187 3178 4243 saeculorum.
3216 4181 3344 4247 Qua:
3372 4186 3495 4233 sunt
3517 4174 3871 4245 cogitationes

2285 4264 2462 4348 cordis
2501 4287 2618 4358 ejus
2640 4326 2656 4352 ,
2698 4291 2754 4338 et
2777 4279 2917 4351 quod
2943 4282 3027 4333 est
3048 4274 3322 4330 consilium
3350 4267 3552 4324 Dmnini
3579 4264 3725 4336 quod
3755 4279 3871 4317 ma-

2287 4391 2377 4438 net
2416 4379 2469 4435 in
2509 4355 2810 4433 :eternum?
2837 4370 3033 4425 Contra
3063 4363 3203 4434 quod
3231 4359 3507 4416 consilium
3538 4356 3725 4426 utquid
3761 4355 3871 4409 fre-

2289 4477 2539 4526 muerunt
2567 4472 2755 4538 gentes
2776 4504 2791 4527 ,
2818 4469 2871 4515 et
2894 4457 3073 4531 populi
3105 4452 3337 4509 meditati
3362 4458 3485 4504 sunt
3505 4446 3680 4501 inania
3696 4444 3872 4517 (Psal.

2288 4579 2325 4618 ιι
2349 4604 2364 4631 ,
2410 4562 2436 4616 1
2467 4559 2532 4629 )‘l
2553 4557 2775 4629 Quando
2803 4553 3016 4625 quidem
3051 4547 3306 4604 Dominus
3327 4542 3573 4613 reprobat
3594 4540 3877 4609 cogitatio-

2290 4664 2383 4711 n'cs
2408 4654 2755 4725 populorum,
2778 4656 2831 4703 et
2857 4643 3105 4715 reprobat
3128 4637 3347 4695 consilia
3375 4633 3690 4705 principum.
3725 4631 3878 4687 [inde

2290 4749 2446 4820 igitur
2477 4744 2756 4801 consilium
2803 4735 3009 4794 Domini
3050 4740 3228 4788 manet
3263 4729 3315 4784 in
3355 4739 3609 4784 mternum
3632 4766 3645 4789 ,
3678 4724 3786 4779 nisi
3816 4722 3883 4776 de

2293 4814 2445 4895 uobis
2481 4846 2604 4893 ante
2649 4821 2913 4905 przrs'civit
2944 4837 2999 4884 et
3024 4820 3418 4899 prmdestinavit
3449 4817 3661 4890 (Ephes.
3687 4822 3708 4871 l
3734 4858 3750 4880 ,
3784 4814 3884 4882 υτ

2291 4931 2420 5001 Quis
2446 4930 2576 4984 tollit
2604 4923 3124 4999 praedestinationem
3152 4916 3284 4972 Dei?
3310 4916 3446 4969 Ante
3471 4911 3652 4967 mundi
3672 4911 3884 4966 euasti-

2294 5024 2549 5078 tutionem
2590 5018 2719 5073 vidit
2760 5031 2889 5079 nos,
2921 5011 3048 5069 fecit
3073 5024 3169 5063 nos
3192 5050 3205 5070 ,
3237 5002 3539 5061 emendavit
3568 5017 3703 5064 nos,
3738 5002 3888 5055 misit

2293 5116 2360 5171 ad
2406 5127 2542 5179 nos,
2585 5109 2811 5167 redemit
2860 5122 2955 5161 nos
2996 5122 3008 5158 :
3041 5096 3143 5157 hoc
3168 5100 3286 5169 ejus
3313 5095 3591 5152 consilium
3619 5102 3807 5148 manet
3837 5094 3890 5147 in

2294 5219 2548 5262 mternmn
2578 5245 2593 5266 ,
2635 5202 2749 5256 lucc
2787 5199 2901 5269 ejus
2927 5192 3175 5265 cogitatio
3202 5197 3377 5245 manet
3407 5188 3459 5241 in
3484 5185 3678 5241 sarcula
3707 5199 3891 5240 saecuv

2296 5299 2485 5354 lorum.
2528 5293 2884 5349 Fremuerunt
2917 5294 3104 5358 gentes
3131 5292 3254 5338 tunc
3279 5289 3462 5351 aperte
3485 5276 3815 5332 ﬂuctuantes
3840 5285 3895 5330 et

2294 5389 2615 5450 saevientes,
2659 5380 3037 5438 eontahescant
3080 5387 3224 5430 nunc
3265 5379 3515 5442 tanquam
3562 5366 3792 5422 inclusas
3840 5372 3896 5419 et

2294 5488 2628 5552 congregatae
2670 5476 2722 5530 in
2770 5484 2941 5528 utrem
2980 5487 2993 5525 :
3038 5468 3343 5523 habuerunt
3368 5462 3566 5519 liberas
3592 5459 3893 5523 audacias,

2296 5544 2524 5629 habeant
2566 5578 2742 5624 truces
2782 5574 2836 5621 et
2861 5577 3067 5619 amaras
3096 5559 3465 5631 cogitationes.
3495 5544 3724 5623 Quando
3757 5566 3893 5623 pos-

2295 5672 2418 5719 sunt
2432 5662 2705 5717 destruere
2720 5658 2858 5729 quod
2877 5657 2963 5712 ille
2978 5652 3246 5726 cogitavit.
3263 5659 3317 5707 et
3328 5647 3574 5705 manetin
3589 5644 3898 5701 aeternum?

2368 5754 2453 5809 lii.
2495 5750 2644 5823 [uers.
2684 5747 2796 5822 12.]
2842 5747 2979 5816 Quid
3019 5751 3320 5802 cstautctu
3357 5737 3505 5794 hoc?
3551 5735 3709 5791 Beata
3762 5751 3895 5808 gms

2366 5862 2380 5890 ι
2410 5866 2460 5909 ω
2483 5864 2611 5918 3133.,
2633 5859 2892 5907 cesserunt.
