4032 6458
220 416 313 474 ξειδ

222 533 340 603 Quis
382 539 469 587 est
509 530 602 603 qui
642 545 751 585 non
791 526 892 583 hoc
918 527 1097 582 audito
1124 525 1293 596 erigat
1320 524 1422 579 se?
1446 523 1641 579 Amant
1667 520 1807 576 enim

220 637 402 682 omnes
440 622 833 683 beatitudinem
872 637 886 673 ι
925 629 979 675 et
1017 620 1136 674 ideo
1160 616 1393 688 perversi
1417 625 1539 670 sunt
1570 613 1810 667 homines

220 714 333 785 quia
358 714 490 770 mali
517 713 708 767 volunt
727 725 848 767 esse
871 752 885 775 ,
912 708 1093 765 miseri
1119 707 1307 764 nolunt
1334 726 1346 761 :
1378 715 1432 762 et
1455 718 1576 761 cum
1604 705 1673 759 sit
1700 718 1812 757 ma-

215 805 343 859 litia:
382 802 657 859 individua
695 815 877 856 comes
919 800 1164 865 miseria,
1215 798 1299 852 isti
1331 795 1563 867 perversi
1595 810 1697 848 non
1723 807 1811 849 so-

226 910 327 953 nitu
341 894 486 950 ‘mali
506 908 630 950 esse
654 893 875 958 volunt,
905 900 958 946 et
984 890 1160 945 miseri
1192 888 1373 944 uolunt
1396 886 1535 958 quod
1563 885 1673 940 fieri
1704 899 1808 939 non

224 982 430 1059 potest;
474 985 570 1042 sed
610 984 734 1040 ideo
771 981 1120 1060 voluntmali
1159 994 1318 1046 esse,
1358 993 1426 1034 ne
1467 977 1648 1033 miseri
1681 976 1806 1031 sint.

222 1076 353 1146 Quid
390 1085 479 1134 e‘st
515 1076 620 1132 hoc
660 1074 802 1146 quod
827 1073 948 1129 ‘dixi
981 1074 1011 1129 ’τ
1054 1072 1176 1128 ideo
1199 1070 1383 1126 volunt
1407 1069 1529 1125 mali
1556 1083 1675 1124 esse
1696 1106 1713 1133 ,
1742 1081 1811 1123 ne

221 1168 399 1224 miseri
447 1167 599 1225 sint?
636 1164 983 1223 Considerate
1017 1157 1124 1219 hoc
1164 1162 1431 1234 paululum
1477 1162 1530 1216 in
1566 1160 1810 1217 omnibus

222 1260 529 1315 hominibus
574 1257 664 1331 qtii
711 1257 844 1312 mala
886 1256 1121 1323 faciunt,
1164 1255 1303 1311 beati
1334 1269 1547 1324 semper
1574 1267 1693 1309 esse
1717 1267 1812 1308 vo-

225 1351 352 1405 lunt.
384 1348 614 1405 Furtum
631 1337 769 1403 facit
801 1365 817 1402 :
848 1346 1074 1417 quaeris,
1107 1346 1312 1417 quare?
1334 1345 1556 1414 Propter
1580 1343 1770 1398 famem
1790 1384 1805 1409 ,

225 1451 442 1510 propter
477 1440 873 1496 necéssitatem.
916 1435 1342 1508 Ergo-tte‘niiSei-
1365 1431 1465 1501 sit,
1495 1434 1664 1490 malus
1689 1443 1806 1502 est;

223 1544 273 1587 et
296 1533 422 1589 ideo
444 1531 696 1588 miserior
717 1530 818 1595 est,
847 1530 967 1602 quia
999 1530 1170 1585 malus
1190 1524 1292 1586 est.
1325 1528 1661 1599 Depeilcnda:
1684 1543 1811 1600 ergo

224 1624 455 1680 miseriae
478 1637 640 1678 causa
663 1663 679 1689 ,
708 1630 765 1678 et
785 1622 1120 1694 acquirendze
1151 1615 1488 1676 beatitudinis
1507 1634 1665 1676 causa
1688 1659 1703 1686 ,
1734 1619 1812 1674 ia-

223 1718 367 1771 ciunt.
409 1728 602 1770 omnes
648 1713 892 1769 homines
933 1712 1186 1783 quidquid
1232 1712 1313 1767 vel
1354 1711 1477 1766 lieni
1506 1710 1702 1766 faciunt
1727 1709 1810 1766 vel

225 1804 342 1860 mali
389 1821 407 1859 :
446 1818 666 1875 semper
700 1817 828 1874 ergo
872 1803 1011 1858 beati
1038 1814 1157 1858 esse
1186 1802 1385 1857 volunt.
1409 1800 1543 1857 Sive
1568 1801 1704 1856 male
1728 1799 1810 1853 vi-

224 1905 407 1952 rentes
432 1937 448 1959 ,
472 1895 587 1950 sive
607 1896 744 1951 bene
767 1895 1002 1949 viventes
1019 1934 1035 1959 ,
1063 1893 1203 1949 beati
1228 1909 1346 1949 esse
1373 1894 1553 1948 volunt
1581 1911 1594 1948 :
1618 1900 1681 1947 'et
1704 1906 1807 1947 non

226 1989 483 2059 :ontiugit
518 1987 770 2043 omnibus
804 1987 945 2057 quod
985 2002 1172 2042 omnes
1201 2002 1319 2042 esse
1363 1986 1566 2041 volunt.
1609 1984 1810 2041 Omnes

223 2081 364 2135 enim
406 2079 550 2135 beati
568 2093 698 2135 esse
722 2076 938 2145 Volunt,
971 2093 1077 2132 non
1102 2086 1276 2132 autem
1307 2087 1462 2134 erunt
1491 2078 1590 2133 nisi
1619 2078 1689 2132 illi
1719 2078 1809 2148 qui

221 2170 341 2243 justi
368 2186 491 2226 esse
517 2169 799 2225 voluerint.
828 2170 887 2224 Et
911 2184 1037 2224 ecce
1066 2170 1248 2225 nescio
1268 2169 1384 2239 quis
1408 2180 1464 2223 ut
1489 2168 1627 2223 male
1646 2167 1811 2223 'faeiat

220 2261 408 2318 beatus
446 2262 559 2316 vult
600 2272 739 2316 esse.
787 2259 976 2317 Unde?
1015 2257 1095 2316 Ex
1140 2261 1387 2332 pecunia,
1420 2276 1482 2315 ex
1512 2269 1734 2331 argento
1757 2269 1812 2315 et

221 2367 392 2416 auro,
448 2368 516 2407 ex
569 2350 817 2422 pnediis,
871 2346 1094 2416 fundis,
1150 2350 1437 2418 domibus,
1493 2351 1807 2424 mancipiis,

219 2455 410 2513 pompa
446 2443 657 2508 sazcuii,
705 2440 908 2498 honore
934 2442 1160 2497 volatico
1187 2451 1242 2497 et
1273 2443 1527 2513 perituro.
1556 2443 1812 2502 ilabemlo

218 2536 416 2606 aliquid
462 2534 650 2590 volunt
686 2534 825 2590 beati
865 2546 983 2590 esse
1015 2553 1029 2588 :
1058 2550 1238 2606 quam:
1262 2550 1392 2606 ergo
1419 2538 1543 2608 quid
1576 2538 1770 2593 habeas
1793 2578 1809 2606 ,

216 2634 276 2682 tu
312 2628 499 2684 beatus
529 2628 625 2684 sis.
653 2628 785 2682 Cum
814 2628 957 2681 enim
983 2621 1170 2685 beatus
1197 2629 1390 2696 fueris,
1422 2628 1608 2685 melior
1634 2631 1811 2700 utique

222 2719 323 2775 eris
342 2761 357 2784 ,
396 2735 558 2790 quam
580 2725 709 2774 eum
741 2720 903 2774 miser
930 2734 1010 2777 es.
1047 2722 1182 2777 Fieri
1212 2730 1388 2778 autem
1418 2738 1522 2776 non
1551 2732 1728 2794 potest
1758 2731 1813 2777 ut

223 2825 304 2865 res
327 2810 566 2865 deterior
592 2818 643 2863 te
669 2810 825 2867 faciat
856 2813 1154 2867 meliorem.
1190 2812 1358 2866 ilomo
1381 2823 1440 2867 es
1462 2854 1477 2877 ,
1502 2811 1734 2866 deterius
1762 2822 1811 2867 te

216 2913 301 2958 ut
318 2901 576 2973 quidquid
596 2904 772 2973 cupis,
796 2920 900 2975 quo
922 2905 1105 2960 boalus
1130 2914 1249 2959 esse
1271 2900 1563 2958 desideras.
1587 2904 1809 2972 Aurum,

222 3004 498 3063 argentum
520 3039 535 3063 ,
566 2994 815 3067 qua-libet
832 3008 1059 3065 corpora
1080 3036 1096 3061 ,
1127 2994 1319 3064 quibus
1340 2994 1510 3049 inhias
1537 2996 1812 3065 acquiren-

221 3085 303 3144 dis
322 3131 339 3155 ,
369 3086 707 3160 possidendis
727 3128 741 3152 ,
771 3086 1010 3142 fruendis
1029 3128 1045 3153 ,
1079 3084 1328 3141 inferiora
1351 3095 1474 3140 sunt
1499 3094 1568 3141 le.
1596 3085 1676 3140 Tu
1702 3102 1812 3140 me-

219 3180 321 3234 tior
375 3195 436 3235 es
485 3188 539 3233 tu
581 3178 753 3247 potior
796 3178 814 3209 ¹
857 3190 918 3233 es
962 3193 976 3231 :
1021 3186 1077 3231 et
1118 3176 1298 3247 utique
1359 3176 1438 3230 vis
1479 3175 1666 3230 melior
1694 3191 1813 3232 esse

222 3288 377 3342 quam
403 3282 468 3327 es
488 3311 503 3337 ,
536 3285 658 3325 cum
688 3270 873 3324 beatus
897 3282 1017 3324 esse
1038 3268 1117 3323 vis
1134 3310 1150 3334 ,
1179 3268 1299 3339 quia
1327 3268 1489 3323 miser
1512 3282 1595 3323 es.
1629 3268 1813 3324 Melius

223 3374 301 3420 est
319 3365 465 3421 enim
487 3363 669 3432 utique
695 3362 904 3417 beatum
926 3376 1046 3417 esse
1066 3396 1083 3429 ,
1105 3377 1262 3432 quam
1287 3362 1557 3415 miserum.
1583 3360 1674 3416 Vis
1694 3374 1814 3419 esse

225 3458 411 3512 melior
436 3464 488 3510 te
515 3472 531 3509 :
556 3464 606 3509 et
628 3454 822 3525 qtneris
841 3495 855 3518 ,
880 3452 1143 3524 perquiris
1171 3468 1265 3522 per
1288 3469 1405 3522 qua:
1428 3452 1476 3506 id
1508 3455 1596 3506 liat
1614 3495 1629 3515 ,
1660 3452 1813 3508 dete-

225 3549 360 3605 riora
401 3555 474 3603 te.
520 3545 786 3615 Quidquid
830 3544 1103 3614 qnmsieris
1145 3543 1198 3599 in
1247 3551 1422 3607 terra,
1464 3542 1697 3598 deterius
1731 3552 1815 3599 est

224 3650 379 3708 quam
417 3648 491 3691 tu.
522 3632 635 3691 Hoc
661 3635 834 3689 omnis
863 3635 1023 3687 homo
1049 3641 1196 3701 optat
1223 3633 1396 3687 amico
1420 3647 1516 3687 suo
1540 3675 1554 3699 ,
1587 3634 1665 3689 sic
1690 3648 1813 3690 eum

225 3729 431 3800 adjurat
471 3744 486 3783 :
528 3727 616 3784 Sic
656 3726 846 3781 melior
875 3726 950 3781 sis
972 3768 986 3789 .
1011 3726 1090 3781 sic
1115 3725 1389 3781 meliorem
1419 3734 1470 3780 te
1499 3725 1771 3781 videamus
1794 3766 1810 3791 ,

225 3821 299 3875 sic
318 3820 388 3875 de
413 3829 466 3875 te
490 3817 710 3873 meliore
744 3817 1087 3887 gaudeamus.
1118 3815 1270 3884 Quod
1298 3817 1470 3870 amico
1496 3824 1683 3886 optat,
1712 3815 1815 3872 hoc

224 3924 276 3966 et
315 3913 430 3981 ipse
468 3909 600 3963 vult.
646 3910 841 3979 Accipe
880 3922 1009 3978 ergo
1036 3906 1195 3961 fidele
1220 3906 1521 3961 consilium.
1550 3906 1733 3962 Melior
1763 3913 1815 3964 te

227 4001 306 4055 vis
340 4014 499 4066 esse,
550 3998 673 4054 novi
697 4040 712 4062 ,
753 4014 942 4054 omnes
981 3997 1224 4052 novimus
1253 4037 1269 4061 ,
1311 4011 1499 4052 omnes
1532 4000 1810 4053 volumus:

226 4108 405 4163 quare
429 4091 572 4163 quod
600 4099 682 4146 est
709 4090 898 4146 melius
926 4098 978 4143 te
997 4127 1013 4155 ,
1042 4098 1098 4142 ut
1119 4088 1243 4143 inde
1262 4085 1511 4143 efiiciaris
1533 4088 1720 4144 melior
1739 4096 1814 4144 te.

188 4185 195 4191 ’
296 4184 386 4239 £6.
428 4183 640 4237 intuere
683 4195 825 4236 nunc
871 4179 1064 4236 coelum
1110 4188 1164 4234 et
1207 4190 1402 4233 terram
1435 4196 1449 4233 :
1480 4194 1584 4234 non
1614 4180 1704 4235 tibi
1734 4180 1814 4236 sic

232 4277 448 4343 pulchra
473 4290 699 4345 corpora
732 4274 994 4344 placeant,
1025 4280 1080 4326 ut
1109 4272 1188 4327 eis
1217 4272 1326 4326 ﬁeri
1357 4272 1544 4327 beatus
1574 4272 1725 4327 velis.
1757 4271 1815 4347 in

233 4370 409 4424 animo
445 4377 529 4423 est
553 4366 691 4437 quod
729 4366 947 4436 quzeris.
979 4364 1169 4418 Beatus
1207 4363 1351 4419 enim
1389 4377 1510 4418 esse
1547 4363 1669 4417 vis:
1699 4363 1816 4433 ipso

233 4463 409 4513 animo
435 4468 526 4513 tuo
546 4472 726 4529 qumre
749 4455 874 4527 quid
906 4456 975 4509 sit
997 4452 1204 4509 melius.
1234 4454 1365 4508 Cum
1393 4454 1537 4509 enim
1566 4453 1672 4508 duo
1710 4454 1818 4509 sint

235 4553 475 4623 quaedam
499 4593 515 4617 ,
544 4551 645 4606 hoc
671 4560 790 4616 est,
819 4550 1027 4603 animus
1064 4555 1117 4602 et
1150 4561 1377 4616 corpus,
1415 4560 1482 4600 eo
1516 4544 1658 4616 quod
1702 4545 1817 4601 istis

235 4645 438 4700 duoims
475 4642 603 4699 illud
645 4642 834 4696 melius
870 4640 938 4695 sit
966 4639 1102 4711 quod
1151 4641 1357 4693 animus
1382 4637 1576 4692 dicitur
1598 4679 1613 4702 ,
1644 4645 1819 4707 potest

237 4751 427 4807 corpus
452 4744 601 4790 tuutn
643 4733 834 4787 melius
872 4731 985 4785 ﬁeri
1023 4746 1116 4799 per
1146 4730 1416 4783 meliorem
1443 4769 1458 4792 ,
1487 4728 1609 4798 quia
1638 4726 1821 4796 subje-

236 4841 378 4885 ctum
401 4836 488 4886 est
517 4840 714 4897 corpus
742 4826 940 4879 animo.
970 4823 1150 4876 Potest
1180 4835 1309 4890 ergo
1336 4821 1525 4875 melius
1556 4819 1667 4873 ﬁeri
1694 4835 1816 4874 cor-

239 4939 334 4993 pus
376 4930 524 4976 tuum
569 4934 664 4990 per
710 4917 941 4971 animum
982 4924 1128 4968 tuum
1155 4932 1165 4963 :
1192 4922 1248 4967 ut
1286 4928 1405 4968 cum
1446 4910 1605 4966 fuerit
1642 4913 1820 4981 justus

237 5016 445 5070 animus
471 5022 610 5075 tuus,
628 5010 696 5064 sit
725 5015 905 5079 postea
931 5004 1229 5060 immortale
1247 5004 1405 5076 etiam
1430 5016 1625 5072 corpus
1646 5011 1816 5061 tuum.

238 5107 338 5162 Per
359 5107 524 5161 animi
550 5103 692 5159 enim
720 5098 1159 5155 illuminationem
1182 5103 1416 5150 meretur
1430 5109 1624 5164 corpus
1644 5094 1820 5147 incor-

240 5200 539 5268 ruptionem
560 5237 575 5260 ,
608 5203 666 5247 ut
697 5192 786 5247 iiat
816 5189 1082 5245 inferioris
1106 5187 1369 5256 reparatio
1395 5199 1491 5254 per
1520 5184 1819 5239 meliorem.

239 5291 294 5347 Si
331 5305 460 5360 ergo
484 5286 728 5358 corporis
771 5284 843 5338 tui
882 5283 1077 5338 bonum
1116 5279 1327 5333 animus
1370 5286 1491 5331 tuus
1558 5285 1669 5338 est,
1697 5274 1820 5344 quia

240 5398 464 5455 oorpore
511 5391 605 5435 tuo
632 5376 822 5433 melior
861 5383 944 5430 est
972 5390 986 5438 ;
1019 5388 1138 5427 cum
1168 5370 1364 5441 quaeris
1406 5369 1603 5422 bonum
1634 5375 1779 5419 tuum
1802 5407 1819 5431 ,

222 5472 366 5535 illud
391 5486 575 5544 quaare
603 5467 745 5541 quod
776 5465 966 5520 melius
995 5471 1077 5517 est
1106 5461 1290 5516 animo
1316 5470 1433 5515 tuo.
1455 5457 1590 5526 Quid
1619 5463 1702 5510 est
1728 5470 1823 5508 an-

237 5570 346 5618 tem
380 5560 592 5618 animus
626 5556 787 5613 tuus?
807 5554 1053 5611 Attende.
1086 5566 1153 5606 ne
1182 5549 1317 5604 forte
1335 5556 1683 5603 contemnens
1711 5544 1824 5598 ςιιιί-

239 5668 382 5709 mum
403 5660 575 5714 tuum,
593 5657 648 5703 et
667 5654 857 5716 putans
877 5643 1057 5698 nescio
1076 5640 1199 5711 quid
1217 5655 1336 5694 esse
1356 5639 1453 5693 vile
1469 5647 1521 5690 et
1536 5636 1821 5703 abiectum.

240 5746 419 5801 viliora
456 5756 670 5813 murras
719 5736 910 5806 quibus
956 5731 1288 5789 beatiﬁcctur
1327 5730 1535 5784 animus
1579 5734 1720 5779 tuus.
1768 5724 1823 5778 ln

302 5908 316 5941 ⁸
341 5910 412 5957 sic
433 5915 616 5959 novem
777 5895 859 5945 alii
882 5901 1005 5957 octo,
1029 5889 1277 5958 potentior.
1306 5894 1359 5939 At
1380 5884 1510 5947 alii,
1537 5884 1727 5947 fortior.

1278 404 1668 466 ENARRATIO
1707 403 1769 458 l.\'
1809 404 2128 464 PSALMUM
2170 405 2382 465 XXXII.
3389 413 3493 471 g9»,

1919 519 2096 574 animo
2125 528 2217 575 tuo
2260 529 2341 574 est
2384 520 2556 588 imago
2585 518 2675 574 Dei
2704 562 2716 585 ,
2748 535 2898 577 mens
2928 521 3156 579 hominis
3183 525 3324 596 capit
3351 541 3468 581 eam

1917 611 2137 682 Accepit
2161 627 2301 679 eam,
2332 622 2385 666 et
2417 611 2717 668 inciiuando
2741 628 2800 669 se
2821 615 2886 669 ad
2914 628 3185 685 peccatum
3210 616 3492 674 decolora-

1915 704 2023 759 vit’
2044 719 2183 760 eam.
2214 704 2333 775 ipse
2360 706 2425 760 ad
2453 721 2568 761 eam
2601 706 2743 762 venit
2769 706 3102 774 reformator,
3121 711 3211 781 qui
3232 721 3350 767 erat
3376 713 3497 783 ejus

1915 804 2041 851 ante
2070 795 2325 853 formator
2346 814 2362 864 ;
2383 797 2502 869 quia
2532 813 2629 868 per
2656 798 2876 854 verbum
2906 798 3042 855 facta
3066 812 3188 857 sunt
3214 804 3413 871 omnia,
3442 818 3497 861 et

1914 899 2010 955 per
2027 885 2257 942 Verbum
2281 888 2534 960 impressa
2556 900 2637 945 est
2658 889 2771 946 haec
2797 892 3152 962 imagoNeuit
3172 895 3342 965 ipsum
3360 889 3496 953 Ver-

1914 976 2070 1042 bum,
2103 987 2160 1034 ut
2183 979 2486 1035 audiremus
2521 981 2588 1034 ab
2608 982 2864 1051 Apostolo
2889 1025 2903 1047 ,
2934 983 3300 1054 Reformamiui
3318 988 3372 1042 in
3401 1006 3495 1042 no-

1914 1068 2061 1121 vitate
2086 1070 2264 1126 mentis
2291 1082 2466 1127 restim
2489 1072 2661 1144 (Rom.
2696 1089 2786 1139 Sil,
2810 1073 2886 1146 2).
2918 1075 3032 1130 Jam
3061 1092 3189 1148 ergo
3218 1093 3492 1151 superest,

1914 1166 1972 1212 ut
2003 1174 2212 1230 quaeras
2248 1162 2372 1232 quid
2401 1163 2471 1219 sit
2511 1165 2698 1220 melius
2727 1167 2884 1236 quam
2922 1168 3131 1223 animus
3180 1178 3319 1226 tuus.
3361 1171 3496 1240 Quid

1912 1251 2034 1318 erit,
2066 1251 2293 1309 obsecro
2319 1294 2335 1320 ,
2360 1251 2463 1309 nisi
2490 1255 2631 1311 Deus
2656 1257 2816 1311 tuus?
2839 1256 2953 1312 Non
2982 1259 3188 1315 invenis
3214 1261 3354 1317 aliud
3382 1279 3495 1318 me-

1914 1340 2017 1397 lius
2042 1344 2220 1400 auimo
2246 1353 2369 1412 tuo;
2402 1347 2523 1416 quia
2551 1362 2671 1402 cum
2703 1348 2859 1404 fuerit
2889 1351 3119 1419 perfecta
3154 1364 3340 1409 natura
3369 1362 3454 1410 tua
3477 1396 3493 1422 ,

1912 1431 2131 1504 Angelis
2163 1436 2476 1515 aequabitur.
2508 1437 2623 1494 Jam
2653 1454 2812 1510 supra
2842 1455 2947 1495 non
2991 1452 3073 1499 est
3111 1444 3211 1498 nisi
3250 1443 3491 1501 Creator.

1913 1520 2072 1593 Erige
2124 1533 2175 1581 te
2215 1523 2282 1581 ad
2334 1520 2516 1595 illum,
2561 1529 2668 1584 noli
2723 1530 3047 1602 desperare,
3094 1535 3203 1590 noli
3266 1536 3445 1593 dicere
3474 1576 3491 1602 .

1911 1611 2131 1669 Multum
2177 1616 2352 1672 estad
2398 1634 2504 1673 me.
2540 1618 2703 1690 Magis
2733 1623 2952 1676 multum
2987 1632 3069 1678 est
3112 1624 3179 1679 ad
3221 1634 3270 1682 te
3298 1627 3497 1683 habere

1906 1701 2051 1761 forte
2109 1719 2296 1761 aurum
2360 1709 2501 1778 quod
2548 1711 2771 1780 qumris.
2816 1713 3016 1768 Aurum
3064 1716 3162 1770 etsi
3216 1718 3493 1785 volueris,

1911 1793 2048 1852 forte
2100 1810 2204 1853 non
2248 1798 2499 1866 habebis;
2553 1800 2716 1856 Deum
2761 1818 2880 1857 cum
2927 1805 3186 1874 volueris,
3231 1807 3493 1863 habebis:

1910 1886 2031 1955 quia
2079 1897 2134 1942 et
2178 1897 2457 1960 antequam
2482 1892 2647 1948 velles
2677 1894 2818 1948 venit
2847 1893 2912 1949 ad
2953 1903 3004 1950 te
3026 1938 3041 1962 ,
3067 1904 3123 1951 et
3163 1912 3282 1952 cum
3308 1913 3496 1957 avcr~a

1910 1977 2183 2035 voluntate
2210 1995 2357 2036 esses
2398 1984 2604 2038 vocavit
2633 1993 2714 2049 te,
2741 1993 2794 2040 et
2838 2000 2957 2042 cum
3012 1990 3301 2045 conversus
3346 2006 3497 2047 esses

1910 2072 2102 2127 terruit
2141 2072 2199 2129 te
2221 2098 2242 2141 λ,
2292 2083 2347 2130 et
2388 2087 2510 2130 tum
2562 2078 2778 2135 territus
2815 2080 3145 2137 confitereris
3192 2084 3215 2115 ’
3251 2083 3499 2138 consolaa

1911 2171 1998 2217 tus
2024 2173 2108 2220 est
2134 2177 2205 2220 te.
2234 2165 2335 2223 Iste
2359 2169 2446 2240 qui
2480 2171 2571 2227 tibi
2597 2172 2841 2241 praestitit
2863 2173 3041 2228 omnia
3064 2215 3082 2241 ,
3109 2173 3211 2229 iste
3243 2174 3336 2244 qui
3373 2175 3499 2231 fecit

1911 2254 1972 2311 iit
1995 2270 2172 2324 esses,
2205 2260 2292 2328 qni
2336 2274 2457 2316 cum
2500 2262 2581 2317 his
2618 2266 2706 2333 qui
2748 2273 2922 2319 tccutn
2966 2276 3088 2320 sunt
3131 2267 3291 2321 etiam
3340 2264 3495 2323 malis

1912 2354 2130 2421 praestat
2149 2351 2338 2421 solem,
2369 2361 2584 2424 pr.rstat
2612 2355 2864 2425 pluviam,
2893 2365 3108 2427 praestat
3134 2356 3354 2423 fructus,
3380 2358 3499 2414 fon-

1917 2455 2015 2510 tes,
2040 2445 2199 2499 vitam
2221 2488 2235 2512 ,
2262 2447 2523 2515 salutem,
2548 2456 2721 2503 tantas
2741 2449 3132 2504 consolationes
3153 2492 3170 2516 ,
3198 2460 3374 2506 servat
3405 2452 3497 2506 tibi

1914 2528 2110 2604 aliquid
2148 2536 2288 2607 quod
2317 2552 2420 2591 nou
2447 2537 2539 2591 det
2569 2538 2668 2593 nisi
2702 2539 2818 2594 tibi.
2850 2539 2984 2608 Quid
3024 2548 3108 2595 est
3140 2551 3318 2596 autem
3357 2542 3500 2612 quod

1916 2627 2007 2681 tibi
2029 2638 2204 2682 servat
2226 2668 2242 2694 ,
2273 2629 2372 2683 nisi
2403 2632 2501 2684 se?
2533 2629 2660 2684 Pete
2684 2630 2824 2685 aliud
2846 2672 2861 2695 ,
2893 2630 2939 2684 si
2968 2631 3159 2685 melius
3187 2632 3494 2687 inveneris:

1914 2734 1972 2772 se
2003 2719 2095 2775 tibi
2124 2730 2298 2775 servat
2327 2721 2484 2776 Deus.
2510 2722 2701 2789 Avare,
2729 2721 2855 2792 quid
2880 2723 3052 2777 iuliias
3074 2724 3211 2777 cmio
3229 2732 3284 2779 et
3307 2724 3501 2780 terrm?

1916 2808 2100 2865 Melior
2117 2820 2198 2865 est
2226 2811 2312 2881 qui
2337 2811 2460 2866 fecit
2478 2813 2669 2867 calum
2697 2821 2752 2867 et
2782 2820 2977 2867 terram
3008 2831 3021 2866 :
3050 2812 3222 2882 ipsum
3248 2813 3495 2880 visurus,

1916 2902 2088 2973 ipsum
2119 2901 2396 2957 habiturus
2420 2902 2441 2933 ⁸
2466 2915 2543 2956 es.
2571 2902 2707 2970 Quid
2730 2902 2928 2973 qumris
2947 2912 3003 2958 ut
3024 2912 3111 2957 tua
3139 2903 3209 2957 sit
3238 2903 3325 2957 illa
3348 2904 3496 2973 vilia,

1914 3005 1968 3049 et
1998 2996 2259 3051 transiens
2289 3010 2384 3065 per
2410 2994 2553 3050 illam
2582 2995 2713 3050 dicis
2737 3013 2751 3050 :
2778 2995 2972 3050 Beatus
2997 2995 3152 3066 cujus
3171 3004 3253 3050 est
3283 3010 3500 3066 posses-

1915 3086 1996 3141 sio
2036 3085 2174 3140 ista?
2203 3085 2314 3139 iloc
2351 3085 2535 3140 dicunt
2569 3100 2727 3155 quam
2774 3086 2922 3140 multi
2957 3086 3046 3156 qui
3091 3095 3365 3141 transeunt
3405 3102 3499 3156 per

1916 3175 2059 3231 illam
2086 3185 2172 3231 :et
2201 3184 2375 3231 tamen
2406 3190 2527 3230 cum
2555 3175 2808 3243 dixerint,
2834 3185 2888 3232 et
2914 3182 3188 3231 transeunt
3216 3192 3310 3247 per
3328 3177 3496 3245 illam,

1914 3273 2136 3337 possunt
2159 3275 2316 3338 caput
2345 3268 2544 3338 agitare
2570 3275 2624 3322 et
2652 3267 2941 3338 suspirare,
2972 3267 3223 3338 numquid
3250 3275 3304 3323 et
3330 3269 3501 3340 possi-

1915 3357 2075 3414 dere?
2098 3359 2264 3414 Sonat
2289 3360 2586 3430 cupiditas,
2618 3368 2774 3414 sonat
2794 3359 3041 3430 iniquitas
3065 3377 3079 3412 :
3102 3359 3198 3414 sed
3230 3374 3334 3414 non
3362 3368 3497 3416 cott-

1914 3453 2156 3523 eupiscas
2182 3466 2295 3507 rem
2325 3451 2548 3522 proximi
2579 3452 2650 3505 tui
2677 3449 2859 3520 (Deut.
2888 3467 2942 3519 v,
2967 3451 3082 3521 2i).
3110 3450 3303 3505 Beatus
3344 3451 3500 3520 cujus

1914 3556 1998 3602 est
2026 3546 2110 3601 illa
2134 3544 2276 3611 villa,
2302 3544 2455 3615 cujus
2475 3549 2559 3599 est
2582 3543 2774 3599 domus
2798 3544 2918 3609 ista,
2946 3542 3099 3612 cujus
3118 3552 3200 3597 est
3227 3558 3356 3613 ager
3375 3544 3496 3597 iste.

1915 3637 2209 3708 Compesce
2251 3637 2584 3707 iniquitatem
2609 3677 2625 3703 ,
2665 3634 2789 3690 audi
2824 3635 3101 3689 veritatem
3135 3651 3149 3689 :
3180 3628 3338 3687 Beata
3380 3628 3499 3705 gens

1916 3731 2063 3801 cujus
2091 3738 2182 3784 est.
2212 3724 2383 3797 Quid?
2402 3725 2520 3783 Jam
2561 3727 2730 3782 nostis
2756 3724 2885 3797 quid
2912 3724 3149 3781 dicturus
3189 3740 3333 3780 sum.
3359 3716 3500 3794 Ergo

1916 3819 2216 3877 desiderate
2266 3828 2324 3875 ut
2376 3817 2655 3887 habeatis,
2709 3827 2836 3874 tunc
2882 3816 3097 3873 demum
3146 3817 3283 3873 beati
3329 3818 3499 3874 eritis.

1917 3913 2030 3970 lloc
2054 3913 2168 3970 solo
2194 3913 2332 3969 beati
2359 3911 2509 3968 eritis
2540 3926 2554 3965 ι
2581 3924 2641 3967 re
2668 3910 2885 3966 meliore
2912 3924 3071 3981 quam
3097 3924 3191 3966 vos
3216 3909 3366 3976 estis,
3388 3924 3501 3964 me-

1910 4005 2078 4062 liores
2104 4004 2272 4061 eritis.
2302 4005 2443 4059 Deus
2461 4012 2564 4070 est,
2587 4002 2825 4074 inquam,
2848 4002 3038 4058 melior
3066 4010 3137 4069 te,
3167 4003 3254 4072 qui
3283 4000 3406 4056 fecit
3427 4010 3499 4056 te.

1917 4095 2075 4155 Βεαά
2099 4112 2221 4168 gens
2246 4097 2392 4167 cujus
2416 4104 2489 4148 est
2529 4092 2782 4148 Dominus
2812 4091 2952 4148 Deus
2975 4109 3166 4147 eorum.
3200 4093 3310 4147 iloe
3334 4106 3453 4146 ama
3482 4133 3499 4157 ,

1918 4186 2019 4242 hoc
2063 4182 2275 4257 posside
2298 4228 2315 4255 ,
2342 4186 2444 4241 hoc
2489 4200 2612 4241 cum
2658 4185 2740 4240 vis
2783 4183 3036 4251 habebis,
3070 4185 3171 4239 hoc
3209 4184 3374 4256 gratis
3400 4183 3497 4239 ha-

1918 4277 2088 4424 mi):
2117 4366 2277 4422 Beata
2314 4383 2434 4436 gem
2457 4365 2601 4436 cujus
2632 4373 2705 4419 est
2733 4362 2983 4417 Dominus
3014 4362 3150 4416 Deus
3173 4379 3366 4416 eorum.
3391 4363 3501 4419 No-

1918 4468 2031 4515 ster
2058 4459 2226 4513 Deus!
2253 4454 2415 4527 Cujus
2437 4456 2578 4509 enim
2603 4470 2708 4511 non
2737 4465 2819 4510 est
2844 4453 2982 4510 Dens
3004 4455 3025 4509 ‘!
3046 4454 3162 4509 Non
3203 4455 3361 4524 plane
3387 4468 3504 4509 om-

1919 4550 2064 4606 nium
2093 4547 2282 4605 eodem
2307 4546 2486 4601 modo.
2513 4538 2705 4601 Noster
2731 4547 2918 4617 magis,
2947 4555 3127 4600 noster
3156 4546 3244 4616 qui
3274 4545 3504 4601 vivimus

1919 4640 1985 4695 de
2024 4638 2114 4692 illo
2157 4647 2403 4707 tanquam
2442 4635 2511 4691 de
2550 4622 2686 4705 pane
2727 4645 2931 4691 nostro.
2959 4634 3077 4706 Ipse
3114 4637 3182 4690 sit
3221 4635 3505 4691 hrcreditas

1920 4742 2100 4789 nostra
2125 4775 2141 4800 ,
2167 4729 2436 4803 possessio
2484 4739 2682 4785 nostra.
2714 4727 2796 4785 An
2838 4727 2976 4785 forte
3032 4738 3232 4785 temere
3278 4728 3506 4783 dicimus

1922 4823 2162 4880 faciendo
2183 4822 2337 4879 nobis
2361 4822 2525 4877 Deum
2553 4819 2966 4891 possessionem,
2992 4832 3112 4873 cum
3133 4819 3202 4874 sit
3229 4819 3502 4886 Dominus,

1922 4929 2042 4970 cum
2073 4915 2142 4970 sit
2183 4913 2438 4969 Greater?
2458 4911 2571 4966 Non
2599 4920 2681 4965 est
2710 4911 2807 4965 ista
2839 4910 3109 4965 temeritas
3140 4927 3156 4964 :
3185 4910 3407 4967 allectus
3426 4923 3508 4967 est

1924 5004 2173 5061 desiderii
2198 5044 2213 5070 ,
2244 5012 2301 5058 et
2343 5000 2566 5057 dulcedo
2594 5001 2726 5069 spei.
2755 4999 2902 5055 Dicat
2944 5000 3118 5055 anima
3136 5042 3153 5067 ,
3175 5003 3393 5057 omnino
3418 5016 3505 5056 se-

1923 5110 2051 5151 cura
2075 5096 2214 5150 dicat
2243 5112 2255 5148 :
2281 5095 2420 5148 Deus
2446 5108 2593 5147 meus
2622 5107 2681 5146 es
2701 5100 2777 5158 tu;
2795 5093 2884 5162 qui
2914 5092 3043 5147 dicit
3059 5094 3251 5149 anima:
3278 5102 3503 5150 nosmet

1927 5188 2082 5244 Salus
2110 5196 2196 5240 tua
2216 5201 2305 5256 ego
2334 5201 2445 5238 sum
2473 5180 2646 5250 (Psal.
2679 5198 2865 5251 χχχιιι,
2888 5183 2966 5255 5).
2999 5184 3180 5250 Dicat,
3209 5200 3392 5240 secura
3420 5183 3505 5239 di-

1926 5287 2012 5332 cat
2039 5294 2052 5329 :
2082 5291 2186 5330 non
2213 5274 2371 5329 faciet
2404 5273 2648 5343 injuriam
2683 5289 2804 5329 cum
2838 5274 2941 5331 hoc
2967 5274 3190 5340 dixerit;
3222 5276 3327 5330 imo
3353 5275 3505 5329 faciet

1927 5367 1971 5424 si
1998 5382 2105 5423 non
2136 5364 2347 5420 dixerit.
2373 5362 2608 5418 Arbores
2634 5364 2846 5419 volebas
2872 5364 3069 5421 habere
3101 5365 3292 5436 quibus
3322 5364 3506 5418 beatus

1927 5460 2108 5515 esses?
2134 5456 2273 5513 Audi
2317 5455 2645 5525 Scripturam
2670 5455 2936 5512 dicentem
2980 5456 3048 5511 de
3089 5455 3344 5524 sapientia
3379 5454 3507 5510 διὶ-

1927 5567 2083 5624 gnum
2109 5549 2224 5604 vitta
2242 5556 2314 5603 est
2347 5548 2576 5601 omnibus
2597 5548 2961 5618 possidentibus
2980 5563 3107 5600 eam.
3137 5547 3273 5600 Ecce
3296 5559 3506 5614 posses.

1930 5643 2136 5698 sionem
2176 5649 2412 5695 nostram
2453 5637 2593 5694 dixit
2633 5654 2753 5695 esse
2780 5639 3111 5709 sapientiam.
3143 5635 3246 5693 Sed
3270 5652 3336 5692 ne
3357 5648 3506 5707 putes

1996 5754 2017 5822 ξ
2041 5752 2224 5822 Aliquot
2240 5757 2367 5822 Mss,
2392 5748 2720 5822 dedecorum.

1997 5816 2020 5847 '
2039 5816 2256 5871 ouinque
2280 5821 2407 5871 Mss,
2431 5817 2685 5871 cauterem:
2699 5816 2760 5860 is.

2001 5878 2021 5908 ³
2042 5870 2307 5927 (ualet-itu
2331 5882 2433 5923 (uss.
2453 5908 2467 5934 ,
2501 5870 2746 5923 bibiturus.
