4032 6456
538 380 643 441 9911

537 501 707 572 ipsam
726 495 1061 567 sapientiam,
1089 491 1210 562 quia
1240 486 1629 560 possessionem
1652 495 1794 541 tuam
1819 485 1952 541 dixit
1973 484 2114 540 Scri-

537 602 713 663 ptura,
746 588 944 658 aliquid
979 601 1099 642 esse
1142 582 1284 654 quod
1325 580 1395 636 sit
1424 590 1476 636 te
1524 578 1776 643 inferius,
1800 577 2039 648 sequitur
2063 586 2118 632 et

535 684 774 756 adjuugit
804 700 817 736 :
847 680 914 735 Et
942 674 1333 734 incumbentibus
1356 676 1410 727 in
1436 688 1545 727 eam
1571 667 1700 726 velut
1721 672 1773 724 in
1805 668 2079 723 Dominum
2097 707 2114 733 ,

537 778 676 831 tuta'
706 774 980 846 (Pramo,
1002 770 1113 841 18).
1144 768 1279 823 Ecce
1294 764 1548 821 Dominus
1574 769 1694 816 tuus
1723 762 1891 815 factus
1914 766 1997 813 est
2022 756 2116 812 tibi

536 870 686 941 quasi
727 866 945 920 baculus
968 882 980 917 :
1005 875 1224 916 securus
1249 858 1408 913 homo
1429 854 1685 910 incumbit
1704 894 1720 916 ,
1747 852 1865 921 quia
1892 850 1982 904 ille
2010 865 2116 904 non

536 958 853 1016 succumbit.
887 956 977 1009 Dic
1001 968 1129 1021 ergo
1158 963 1407 1011 securus,
1439 943 1704 1015 possessio
1735 951 1822 997 tua
1855 952 1935 995 est
1955 981 1970 1004 ,
1997 956 2115 1009 pos-

536 1050 812 1108 sicentibas
840 1064 971 1103 eam.
1004 1043 1274 1114 Scriptura
1296 1038 1447 1103 dixit,
1480 1036 1721 1105 implevit
1747 1034 1934 1088 liducia
1961 1031 2116 1087 dubi-

538 1147 791 1201 tationem
820 1142 841 1172 ⁸
870 1151 1010 1193 tuam
1040 1155 1053 1190 :
1081 1135 1167 1190 die
1207 1144 1426 1188 securus
1454 1171 1469 1196 ,
1514 1143 1631 1182 ama
1654 1139 1878 1181 securus
1909 1166 1923 1188 ,
1962 1137 2115 1194 spera

535 1250 777 1293 securus.
807 1231 917 1287 Tua
937 1230 1094 1284 etiam
1122 1225 1205 1279 illa
1229 1223 1387 1278 verba
1409 1220 1514 1274 sint
1540 1219 1590 1272 iu
1617 1217 1848 1281 Psalmo,
1868 1213 2116 1269 Dominus

536 1346 655 1402 pars
684 1324 987 1383 hwreditatis
1011 1335 1133 1375 mea:
1158 1316 1327 1391 (Psal.
1351 1331 1440 1380 xv,
1468 1313 1548 1384 5).

608 1420 694 1477 18.
748 1419 887 1487 Ergo
926 1412 1047 1469 inde
1094 1410 1232 1466 beati
1277 1407 1516 1473 erimus,
1557 1403 1727 1458 Deum
1772 1397 2112 1487 possidendo.

534 1511 670 1587 Quid
707 1484 868 1578 ergo?
894 1505 1001 1560 Nos
1044 1499 1431 1573 posisidebimus
1468 1501 1705 1587 cumtet
1746 1484 1837 1546 ille
2018 1503 2117 1544 nos

534 1580 862 1675 possidebit?
897 1595 1047 1652 Unde
1084 1606 1211 1661 ergo
1257 1588 1417 1643 Isaias
1449 1603 1462 1638 :
1494 1582 1711 1638 Domine
1732 1621 1749 1649 ,
1780 1580 1980 1653 posside
2026 1594 2117 1675 nos

538 1697 687 1771 (Isai.
719 1710 837 1750 XXVI
858 1734 872 1756 ,
905 1692 1006 1758 l3,
1037 1704 1138 1744 sec.
1170 1683 1371 1754 LXX)?
1400 1679 1645 1737 Possidet
1668 1692 1794 1749 ergo
1816 1715 1831 1742 ,
1862 1684 1919 1732 et
1939 1674 2118 1771 possi~

533 1768 708 1856 detur,
735 1797 790 1844 et
814 1795 978 1841 totum
1009 1790 1226 1853 111-0111111·
1248 1793 1347 1833 nos
1398 1775 1514 1830 Non
1543 1772 1686 1829 enim
1724 1768 1992 1839 quomodo
2011 1810 2026 1834 ,
2060 1775 2117 1823 111

533 1898 631 1939 nos
657 1896 721 1936 ex
750 1880 840 1934 illo
864 1875 1003 1932 beati
1029 1874 1216 1933 simus.
1239 1867 1543 1940 possidetur
1571 1880 1601 1918 a
1626 1862 1801 1929 nobis,
1832 1860 1903 1914 ita
1927 1868 1980 1917 et
2002 1858 2114 1924 ille,

532 1984 590 2030 ut
616 1974 799 2028 beatus
818 1969 904 2033 sit,
917 1964 1155 2039 possidet
1175 1975 1290 2016 nos.
1317 1960 1383 2014 Et
1403 1955 1656 2027 possidet,
1676 1963 1728 2008 et
1754 1951 2054 2021 possidetur
2069 1958 2111 2017 ³,

532 2081 638 2120 111111
664 2061 734 2117 ob
757 2058 897 2116 aliud
918 2058 1015 2112 nisi
1038 2064 1095 2110 111
1117 2068 1213 2108 nos
1238 2051 1375 2107 beati
1402 2049 1587 2103 simus.
1613 2042 1951 2099 Possidemtts
1970 2056 2113 2106 eum,

532 2167 584 2214 et
607 2152 839 2225 possidet
859 2164 974 2212 nos;
991 2148 1111 2217 quia
1132 2144 1355 2199 colimus
1371 2155 1492 2195 eum
1516 2147 1571 2193 et
1595 2136 1721 2193 colit
1742 2149 1862 2190 nos.
1882 2133 2116 2188 Colitnus

532 2262 655 2305 eum
697 2255 946 2312 tanquam
992 2236 1270 2292 Dotuinttut
1325 2232 1491 2286 Deum
1517 2269 1530 2293 ,
1562 2226 1689 2283 colit
1732 2240 1829 2279 nos
1866 2232 2116 2293 tanquam

534 2350 730 2395 terram
750 2349 921 2389 suam.
949 2330 1082 2398 Quia
1112 2326 1337 2383 colimus
1365 2336 1510 2383 eum,
1543 2332 1702 2374 nemo
1723 2316 1966 2380 dubitat;
1992 2313 2115 2384 quia

533 2431 659 2486 colit
698 2444 795 2482 nos
817 2464 833 2491 ,
861 2426 978 2493 quis
1016 2419 1170 2475 nobis
1201 2412 1443 2470 iudicat?
1473 2411 1568 2465 Ille
1592 2409 1682 2480 qui
1708 2408 1782 2461 ait
1813 2425 1826 2460 :
1854 2405 1968 2477 Ego
2002 2421 2117 2459 sum

534 2524 666 2587 vitis,
693 2537 776 2575 υοέ
801 2517 917 2572 estis
934 2520 1209 2575 sarmenta,
1232 2506 1389 2561 Pater
1413 2520 1554 2558 meus
1574 2499 1800 2574 agricola
1820 2508 1891 2554 est
1932 2496 2113 2569 (Joan.

535 2633 629 2682 xv,
663 2616 712 2679 l,
743 2610 817 2683 5).
850 2609 987 2664 Ecce
1013 2615 1067 2661 et
1093 2607 1147 2659 111
1179 2603 1280 2656 isto
1301 2599 1504 2682 psalmo
1530 2605 1814 2664 utrumque
1839 2591 1993 2646 nobis
2030 2590 2117 2645 di-

534 2709 706 2771 citur,
737 2712 1019 2768 utrumque
1041 2695 1192 2750 nobis
1218 2690 1496 2746 iudicatur.
1526 2686 1641 2741 Jam
1667 2684 1803 2739 dixit
1834 2683 1954 2753 quia
1990 2696 2115 2752 pos-

535 2799 770 2855 sidemus
783 2809 903 2849 eum
927 2808 939 2843 :
964 2788 1122 2843 Beata
1141 2801 1260 2857 gens
1279 2782 1423 2853 cujus
1437 2788 1506 2833 est
1523 2776 1767 2832 Dominus
1779 2772 1913 2827 Deus
1924 2787 2116 2827 eorum.

535 2891 697 2959 Cujus
721 2896 802 2942 est
853 2881 1045 2938 fundus
1077 2877 1211 2933 istc?
1241 2874 1403 2929 illius.
1428 2869 1593 2938 Cujus
1625 2866 1746 2922 ille?
1768 2860 1912 2959 Illius
1935 2863 1977 2917 ⁵.
2012 2864 2120 2959 Cu-

535 2952 629 3054 jus
649 2990 732 3035 est
754 2974 892 3032 iste?
918 2973 1160 3027 Dicamus
1198 2967 1265 3020 de
1298 2966 1406 3018 Deo
1425 3004 1441 3025 ,
1468 2960 1709 3056 dicamus
1738 2955 1890 3056 cujus
1920 2963 2023 3056 est.

536 3044 803 3144 quomodo
829 3064 978 3121 nobis
1005 3061 1140 3117 solet
1170 3051 1505 3126 responderi,
1527 3047 1740 3118 quando
1753 3046 1837 3149 'de.
1862 3044 2040 3148 fundis
2066 3052 2121 3098 ct

537 3167 605 3223 de
630 3160 843 3235 priediis
871 3154 1132 3224 aliquibus
1165 3148 1356 3216 amplis
1392 3153 1551 3212 atque
1567 3148 1944 3235 amcam-sstmts
1970 3152 2119 3206 qua:-

538 3227 748 3314 rim-us‘:
768 3252 860 3307 Est
883 3245 1098 3318 quidam
1124 3249 1359 3302 senator,
1382 3247 1437 3290 et
1457 3231 1584 3287 illttd
1609 3241 1698 3285 aut
1724 3227 1852 3284 illud
1877 3235 2117 3294 vocatur,

538 3349 692 3419 cujus
716 3352 798 3400 est
819 3341 918 3395 ista
947 3333 1208 3407 possessio
1232 3348 1245 3384 :
1269 3338 1324 3384 et
1344 3326 1590 3386 dicimus,
1615 3322 1808 3376 Beatus
1824 3319 1911 3374 ille
1937 3318 2119 3419 homo.

540 3412 630 3500 Sic
655 3442 698 3495 si
727 3448 1026 3509 quieramus
1046 3468 1060 3492 ,
1090 3427 1251 3496 Cujus
1289 3432 1374 3479 est
1414 3421 1557 3476 Deus
1582 3417 1719 3473 iste?
1746 3415 1844 3471 Est
1878 3412 2121 3485 quaedam

541 3538 692 3592 beata
718 3543 849 3603 gens
874 3525 1024 3596 cujus
1045 3530 1129 3578 est
1157 3538 1169 3573 :
1200 3533 1319 3573 natn
1349 3513 1603 3571 Dominus
1627 3510 1769 3565 Deus
1792 3520 1978 3562 eorum
2017 3514 2119 3558 est.

544 3631 612 3686 Et
638 3643 742 3684 non
768 3625 899 3679 sicut
927 3625 1142 3675 senator
1176 3612 1266 3666 ille
1295 3607 1531 3680 possidet
1550 3604 1767 3659 fundum
1797 3614 1950 3655 suum
1976 3638 1994 3664 ,
2017 3612 2124 3652 non

543 3730 721 3775 autem
747 3710 1046 3785 possidetur
1068 3724 1098 3759 a
1121 3702 1281 3759 futtdo
1310 3714 1407 3754 suo
1426 3740 1442 3762 ,
1468 3696 1547 3750 sic
1570 3705 1633 3785 et
1654 3695 1792 3785 Deus
1824 3688 2127 3785 gentisho-

541 3812 648 3882 jtts.
672 3780 822 3862 Unde
862 3811 918 3855 ut
946 3802 1062 3868 ejus
1088 3796 1255 3850 simus
1278 3830 1293 3859 ,
1326 3789 1570 3843 laborare
1606 3784 1861 3838 debemus
1891 3798 1903 3834 :
1928 3780 2021 3836 sed
2050 3780 2125 3833 al-

547 3873 805 3959 ierutrum
856 3909 916 3949 se
970 3887 1259 3961 possident.
1306 3880 1541 3937 Audistis
1570 3877 1692 3946 quia
1735 3889 1868 3946 gens
1894 3873 2129 3942 possidet

546 4007 668 4047 eum
700 4004 716 4041 :
743 3985 898 4039 Beata
928 3997 1069 4050 gens,
1090 3976 1233 4047 cujus
1261 3982 1332 4027 est
1360 3969 1605 4023 Dominus
1636 3965 1769 4020 Deus
1794 3980 1988 4020 eorum.
2018 3962 2129 4017 Au-

546 4086 656 4141 dite
703 4080 823 4149 quia
852 4086 905 4130 et
948 4074 1036 4128 ille
1065 4067 1297 4140 possidet
1325 4063 1465 4118 illam
1494 4078 1507 4114 :
1542 4059 1774 4127 Papulas
1798 4072 1943 4127 quem
1982 4055 2131 4157 elegit

550 4175 797 4230 Dominus
833 4169 888 4221 in
915 4162 1258 4219 [nereditatem
1295 4155 1406 4211 sibi.
1430 4153 1593 4208 Beata
1621 4164 1751 4219 gens
1792 4153 2130 4218 possessione

548 4283 642 4323 sua
669 4309 682 4331 ,
716 4265 867 4318 beata
911 4253 1192 4312 litereditas
1219 4258 1528 4318 possessore
1565 4257 1663 4296 suo
1686 4284 1702 4309 ,
1726 4239 1942 4311 papulas
1985 4253 2130 4308 quem

549 4359 695 4430 elegit
725 4351 971 4409 Dominus
994 4347 1046 4399 in
1064 4340 1402 4432 hereditatem
1420 4333 1534 4390 sibi.
1595 4426 1606 4432 _
1682 4420 1718 4432 ﬁ
1814 4421 1827 4432 .
2039 4419 2051 4431 .
2074 4418 2107 4432 η

622 4418 709 4504 19.
742 4445 762 4519 [
800 4459 929 4498 vers.
977 4434 1102 4508 15.]
1134 4432 1206 4486 De
1242 4430 1365 4484 cmlo
1407 4426 1630 4521 respexit
1671 4420 1923 4521 Dominus
1949 4463 1962 4485 ,
2002 4418 2128 4521 vidit

554 4554 721 4595 omnes
746 4509 879 4604 .[llios
906 4529 1162 4583 hominum
1181 4522 1380 4577 Omnes
1405 4518 1493 4572 hic
1518 4517 1588 4570 ita
1604 4513 1815 4604 accipe,
1833 4518 1890 4565 ut
1911 4511 2084 4580 gentis
2107 4509 2131 4542 ⁸

553 4628 695 4683 illius
727 4603 915 4679 omnes
951 4615 1214 4682 intelligas
1252 4609 1393 4663 illam
1440 4603 1802 4659 liaereditatem
1851 4609 2127 4666 tenentes,

549 4720 637 4772 vel
660 4717 801 4771 illam
828 4707 1191 4765 hereditatem
1221 4700 1526 4754 existentes.
1555 4691 1846 4746 ila-reditas
1871 4699 1953 4744 est
1989 4688 2132 4744 enim

557 4814 645 4866 Dei
692 4808 789 4877 ipsi
826 4817 1031 4858 omnes.
1080 4798 1147 4851 Et
1183 4796 1327 4862 ipsos
1350 4790 1370 4821 ⁸
1399 4801 1588 4843 omnes
1628 4784 1695 4839 de
1725 4784 1862 4839 ccelo
1891 4782 2135 4877 rexpexit

561 4872 829 4963 Dominus,
856 4904 910 4950 ct
938 4893 1067 4947 vidit
1092 4904 1187 4943 eos
1217 4887 1303 4940 ille
1323 4882 1411 4953 qui
1438 4878 1678 4933 ait:Cunt
1700 4891 1828 4930 esses
1847 4873 1937 4927 sub
1956 4872 2135 4927 arbore

555 4996 663 5063 ﬁci,
690 4994 787 5047 vidi
808 5002 855 5044 te
874 4986 985 5060 (id.
1015 5000 1053 5051 ι,
1084 4981 1195 5052 48).
1221 4978 1363 5033 Vidit
1385 4974 1527 5031 enim
1559 4985 1679 5026 eum
1712 4968 1834 5038 quia
1855 4968 2136 5021 miseratus

624 5171 642 5202 ι
668 5167 800 5226 add,
821 5165 870 5215 in
900 5162 1179 5226 doniotuta.
1204 5153 1294 5225 sed
1319 5152 1488 5226 verius
1508 5146 1691 5226 aliquot
1710 5151 1842 5226 viss:
1861 5140 1914 5226 in
1930 5141 2139 5226 93»:qu

563 5210 870 5301 1111115ιῖ11⁷
897 5210 1085 5301 aliain
1128 5216 1380 5268 Dominum
1416 5219 1535 5269 tuta,
1558 5210 1692 5271 juxta
1713 5213 1863 5255 Gra-e.
1895 5210 2022 5264 Lxx,
2059 5210 2139 5269 eps

563 5303 648 5385 Ima,
754 5286 1065 5405 εἰᾞίιὲἔδῖὲςη
1074 5341 1189 5392 add.
1203 5351 1340 5399 vero,
1349 5332 1559 5399 implevit
1569 5328 1819 5396 ﬁduciam,
1833 5324 2026 5378 removit
2044 5324 2138 5376 du-

567 5571 1160 5666 EEZ'uZi'm'Ei-sidéi
1174 5571 1236 5633 et
1274 5595 1358 5632 nos
1390 5575 1657 5643 possidetur
1692 5588 1722 5624 a
1759 5571 1910 5631 nobis,

565 5657 989 5777 ““i‘isi‘f'cuim
1009 5710 1090 5761 me
1107 5705 1285 5777 πᾶιιιέιμτς
1306 5696 1649 5777 cuiusvis“-

636 5783 657 5839 ε
681 5767 816 5836 111111..
839 5767 1031 5839 θινῆιεδη
1049 5771 1217 5839 melius
1239 5767 1560 5839 Mssqgentis.

638 5838 658 5869 ε
681 5829 991 5898 Plures'stss.,
1012 5834 1105 5899 ipsi
1127 5838 1307 5891 omnes,
1333 5833 1375 5877 et
1398 5829 1548 5888 ipsius
1566 5832 1742 5871 oneres.

1776 374 1835 431 S.
1874 368 2241 431 AUGUSTlNl
2278 369 2575 433 EPISCOPI

3700 391 3799 449 296

2224 495 2469 541 esteem.
2508 486 2659 543 Unde
2691 487 3001 560 plerumque
3031 504 3276 564 rogantes
3302 496 3720 560 misericordiam
3750 511 3797 575 ³,

2221 574 2448 632 dicimus
2473 576 2691 643 homini,
2721 579 2850 635 Vide
2881 596 2984 637 me.
3013 583 3076 637 Et
3102 584 3169 639 de
3201 586 3293 642 illo
3320 591 3411 660 qui
3439 601 3491 648 te
3514 574 3797 655 contemnit

2222 666 2348 737 quid
2374 667 2544 724 dicis?
2563 668 2677 724 Non
2706 686 2792 727 me
2815 673 2978 729 videt.
3010 675 3106 730 Est
3125 692 3254 749 ergo
3277 682 3519 750 qumdam
3548 687 3683 743 visio
3704 691 3797 743 Ini-

2222 760 2448 812 serautis
2470 760 2648 825 ’,111111
2691 762 2824 817 visio
2852 765 3136 833 punientis.
3171 768 3259 824 llla
3300 771 3433 828 visio
3469 774 3536 831 ad
3584 791 3801 848 peccata

2222 849 2613 906 animadversio
2644 861 2726 908 est
2755 872 2769 909 :
2796 870 2914 925 qum
2944 857 3030 911 ille
3070 871 3281 928 peccata
3315 880 3418 919 non
3457 868 3568 922 vult
3593 870 3798 940 videri,

2337 942 2464 1033 dicit
2492 944 2701 999 :Auerte
2726 947 2907 1016 facient
2932 959 3073 1004 tuam
3099 969 3130 1006 a
3153 956 3375 1024 peccatis
3401 960 3523 1016 meis
3549 960 3719 1033 (Psal.
3749 982 3798 1030 t.,

2223 1030 2336 1101 11).
2363 1032 2514 1101 Quod
2538 1036 2645 1091 vult
2667 1036 2894 1107 ignosci,
2920 1055 3027 1095 non
3050 1043 3162 1097 vult
3184 1047 3401 1115 agnosci
3434 1066 3448 1103 :
3476 1030 3689 1120 Averte,
3723 1056 3801 1110 111-

2223 1120 2356 1189 quit,
2391 1122 2575 1192 faciem
2604 1135 2744 1180 tuam
2767 1144 2799 1181 a
2824 1132 3042 1199 peccatis
3068 1133 3211 1189 meis.
3234 1135 3366 1190 Cum
3393 1153 3522 1209 ergo
3551 1148 3803 1200 averterit

2220 1214 2407 1270 faciem
2434 1232 2583 1272 suam
2609 1234 2640 1273 a
2671 1222 2900 1289 peccatis
2922 1223 3026 1280 tuis
3045 1265 3062 1291 ,
3089 1242 3196 1281 non
3232 1227 3432 1286 videbit
3461 1233 3551 1289 te?
3574 1234 3640 1293 Et
3664 1237 3803 1294 unde

2221 1304 2501 1394 alibiqdicit
2526 1326 2540 1363 :
2577 1307 2661 1363 Ne
2687 1321 2882 1367 avertas
2902 1315 3083 1384 faciem
3114 1326 3251 1370 tuam
3272 1335 3304 1372 a
3328 1336 3408 1381 me
3433 1320 3602 1394 (Psal.
3628 1342 3761 1382 xxvi
3783 1360 3799 1393 δ

2221 1393 2316 1467 9)?
2346 1396 2489 1468 Ergo
2514 1411 2720 1458 avertat
2761 1418 2792 1457 a
2831 1407 3061 1473 peccatis
3098 1408 3204 1464 tuis
3226 1448 3242 1477 ,
3274 1427 3378 1467 non
3420 1393 3626 1471 avertat
3648 1433 3679 1472 a
3705 1429 3758 1473 te
3786 1408 3803 1474 :1

2222 1486 2398 1543 videat
2445 1498 2534 1557 te,
2566 1494 2882 1551 misereatur
2921 1498 3031 1566 tui,
3077 1490 3353 1575 subveniat
3397 1506 3513 1561 tibi.
3555 1508 3634 1564 De
3678 1511 3803 1567 caelo

2218 1582 2434 1651 respexit
2453 1581 2716 1653 Dominus,
2744 1588 2865 1641 vidit
2886 1607 3054 1646 omnes
3068 1593 3202 1662 ﬁlios
3218 1594 3476 1652 hominum
3497 1615 3517 1655 :
3534 1603 3805 1672 pertinen-

2222 1680 2301 1728 tes
2329 1673 2394 1728 ad
2410 1674 2613 1730 Filium
2643 1677 2893 1735 hominis.

2288 1764 2377 1819 ΞΟ.
2404 1765 2424 1838 [
2449 1783 2571 1821 vers.
2608 1768 2726 1843 14.]
2762 1771 2834 1825 De
2874 1786 3159 1844 praeparato
3182 1778 3464 1836 habitacula
3488 1799 3580 1838 suo
3607 1800 3627 1839 :
3662 1786 3805 1857 quod

2218 1855 2317 1910 sibi
2351 1862 2684 1926 prmparavit.
2725 1863 2860 1919 Vidit
2884 1883 2980 1921 nos
3005 1868 3072 1922 de
3113 1873 3379 1939 Apestolis
3409 1914 3425 1938 ,
3453 1874 3583 1930 vidit
3611 1855 3711 1932 nos
3739 1878 3806 1934 de

2220 1946 2652 2016 prtedicatoribus
2680 1955 2916 2010 veritatis
2939 1997 2953 2019 ,
2987 1959 3114 2014 vidit
3142 1977 3240 2016 nos
3279 1961 3348 2018 de
3384 1965 3603 2035 Angelis
3623 2008 3639 2031 ,
3669 1984 3806 2038 quos

2217 2038 2284 2091 ad
2339 2054 2437 2094 nos
2485 2043 2644 2098 misit.
2686 2044 2808 2100 lla-c
2844 2049 3019 2103 omnia
3057 2050 3247 2108 domus
3298 2055 3433 2123 ejus,
3476 2057 3590 2112 haec
3625 2061 3804 2115 omnia

2220 2128 2576 2187 habitaculum
2600 2134 2714 2203 ejus
2745 2154 2758 2190 :
2789 2140 2909 2206 quia
2938 2141 3051 2197 lnec
3083 2146 3257 2198 omnia
3281 2148 3401 2203 eteli
3441 2150 3529 2218 qui
3551 2159 3810 2208 enarrant

2222 2221 2442 2290 gloriam
2463 2223 2579 2279 Dei.
2613 2224 2747 2279 Vidit
2773 2246 2941 2284 omnes
2970 2233 3102 2300 ﬁlios
3127 2233 3418 2301 hominum;
3439 2238 3504 2293 de
3517 2253 3807 2310 praeparato

2219 2315 2504 2397 habitacula
2527 2334 2621 2372 suo
2650 2322 2865 2390 respexit
2889 2340 3042 2394 super
3059 2342 3229 2381 omnes
3248 2330 3334 2397 qui
3349 2328 3577 2385 habitant
3596 2341 3805 2388 terram.

2219 2394 2320 2477 ipsi
2367 2416 2491 2463 sunt
2514 2450 2528 2472 ,
2560 2412 2638 2466 sui
2679 2426 2799 2466 sunt
2823 2413 2880 2480 ³,
2904 2429 3034 2484 gens
3086 2416 3175 2470 illa
3201 2394 3283 2474 est
3308 2416 3473 2477 beata
3493 2461 3511 2488 ,
3538 2422 3690 2489 cujus
3727 2431 3811 2481 est

2223 2500 2477 2555 Dominus
2509 2502 2651 2558 Deus
2695 2521 2910 2572 eorum;
2945 2507 3166 2577 populus
3200 2510 3289 2565 ille
3320 2520 3401 2569 est
3425 2553 3441 2577 ,
3464 2528 3622 2583 quem
3647 2516 3810 2586 elegit

2220 2589 2477 2648 Dominus
2505 2594 2556 2648 in
2583 2594 2949 2651 hazreditatcm
2986 2597 3087 2653 sibi
3113 2617 3125 2651 :
3151 2601 3275 2669 quia
3298 2616 3392 2671 per
3421 2619 3608 2660 omnes
3639 2615 3810 2664 terras

2219 2693 2298 2769 est
2318 2724 2334 2752 ,
2361 2695 2414 2740 et
2441 2703 2544 2741 non
2567 2696 2649 2743 est
2678 2688 2731 2742 in
2759 2700 2927 2759 parte.
2953 2689 3194 2762 Respexit
3216 2708 3368 2763 super
3395 2710 3565 2751 omnes
3593 2698 3683 2769 qui
3712 2698 3810 2753 Ita-

2219 2764 2379 2831 bitant
2407 2787 2611 2833 terram.

2290 2867 2380 2924 2L
2411 2867 2434 2943 [
2470 2886 2594 2925 vers.
2637 2871 2720 2927 15.
2747 2870 2767 2945 ]
2795 2872 2896 2940 Qui
2930 2874 3078 2942 ﬁnxit
3103 2875 3399 2947 singillatim
3424 2878 3581 2934 corda
3612 2894 3809 2934 eorum.

2221 2963 2376 3019 Manu
2398 2965 2584 3034 gratia:
2612 2980 2744 3031 sum,
2773 2983 2929 3021 manu
2958 2968 3336 3024 misericordiae
3363 2984 3474 3025 sua:
3508 2969 3659 3029 ﬁnxit
3682 2988 3821 3029 cor-r

2222 3053 2311 3119 da,
2343 3055 2621 3122 plasmavit
2648 3057 2807 3112 corda
2839 3068 3039 3124 nostra,
3066 3057 3215 3114 tinxit
3240 3060 3569 3130 singillatim,
3596 3064 3812 3134 singula

2221 3145 2462 3212 quzedam
2504 3146 2665 3201 corda
2693 3147 2827 3203 dans
2863 3149 3037 3215 nobis,
3058 3167 3183 3220 qua:
3212 3160 3387 3206 tamen
3414 3167 3519 3208 non
3548 3154 3809 3211 dirimunt

2224 3238 2500 3291 unitatem.
2528 3236 2807 3305 Quomodo
2828 3239 3131 3309 singillatim
3158 3240 3394 3297 membra
3433 3241 3663 3297 formata
3690 3254 3815 3300 sunt

2223 3327 2420 3394 omnia,
2452 3328 2754 3398 singillatim
2784 3327 2981 3384 habent
3005 3344 3166 3398 opera
3191 3344 3308 3399 sua,
3329 3340 3386 3386 et
3405 3340 3582 3389 tamen
3610 3332 3666 3385 in
3699 3334 3818 3387 uni-

2225 3427 2332 3473 tate
2370 3417 2609 3489 corp-ris
2639 3419 2856 3486 vivunt;
2889 3434 3078 3474 manus
3115 3419 3243 3476 facit
3282 3421 3424 3492 quod
3475 3424 3665 3478 oculos
3708 3440 3815 3479 non

2224 3509 2369 3577 facit,
2394 3511 2540 3565 auris
2569 3510 2621 3565 id
2648 3511 2789 3566 valet
2812 3511 2955 3581 quod
2981 3526 3083 3568 nec
3100 3513 3287 3567 oculus
3316 3527 3417 3568 nec
3443 3529 3631 3569 manus
3652 3516 3813 3581 valet;

2226 3603 2402 3657 omnia
2430 3610 2603 3658 tamen
2632 3601 2684 3656 in
2707 3603 2905 3657 unitate
2927 3612 3237 3673 operantur,
3265 3612 3319 3659 et
3340 3619 3527 3659 manus
3551 3614 3606 3660 et
3622 3606 3816 3662 oculus

2227 3703 2281 3748 ct
2306 3694 2450 3748 auris
2477 3694 2685 3750 diversa
2710 3693 2943 3761 faciunt,
2974 3710 3073 3750 nec
3098 3696 3197 3750 sibi
3222 3695 3571 3753 adversantur
3601 3715 3615 3751 :
3650 3700 3733 3754 sic
3762 3707 3816 3755 et

2228 3787 2281 3841 in
2308 3786 2506 3841 Christi
2538 3802 2765 3856 corpore
2805 3787 2998 3859 singuli
3042 3788 3321 3854 homines,
3350 3799 3599 3859 tanquam
3645 3807 3821 3846 metu.

2232 3878 2326 3934 bra
2366 3879 2571 3950 singula
2604 3879 2759 3934 douis
2796 3880 2908 3935 suis
2949 3882 3219 3951 gaudent,
3244 3882 3365 3952 quia
3409 3882 3498 3938 ille
3525 3884 3614 3953 qui
3658 3885 3821 3955 elegit

2230 3973 2480 4043 populum
2506 3974 2557 4028 in
2587 3975 2949 4029 harreditatem
2974 3975 3111 4042 sibi,
3144 3976 3295 4031 tinxit
3317 3977 3621 4047 singillatim
3655 3979 3821 4034 corda

2232 4079 2437 4118 eorum.
2465 4062 2727 4133 Numquid
2752 4065 2883 4118 enim
2899 4080 3070 4118 omnes
3098 4066 3315 4133 apostoli
3335 4066 3619 4135 inutnquid
3647 4083 3823 4122 ontnes

2231 4154 2525 4225 praplteta’?
2559 4155 2803 4225 numquid
2836 4172 3005 4210 omnes
3051 4157 3317 4210 doctores?
3362 4158 3603 4228 numquid
3647 4176 3825 4217 omnes

2230 4246 2366 4299 dona
2395 4245 2573 4299 habent
2596 4246 2900 4300 sanitatum?
2918 4246 3159 4316 namquid
3187 4262 3359 4301 omnes
3388 4248 3574 4319 linguis
3596 4249 3823 4317 loquuno

2232 4339 2353 4392 tur?
2390 4336 2633 4406 numquid
2665 4353 2837 4390 omnes
2875 4337 3304 4406 interpretantur?
3341 4337 3446 4393 Alii
3479 4340 3687 4409 quidem
3736 4358 3827 4411 per

2235 4429 2483 4501 Spiritum
2510 4429 2661 4482 datur
2683 4443 2846 4483 sermo
2872 4427 3156 4497 sapientiai,
3181 4429 3273 4482 alii
3287 4446 3451 4483 sermo
3471 4430 3718 4498 scientiw,
3736 4432 3826 4489 alii

2235 4523 2360 4592 ﬁdes
2379 4522 2652 4578 secundum
2667 4519 2896 4574 eumdem
2912 4519 3176 4588 Spiriium,
3197 4520 3341 4574 alteri
3356 4523 3490 4575 dona
3507 4524 3828 4578 curationum

2239 4617 2281 4688 (l
2312 4614 2437 4671 Cor.
2464 4630 2534 4668 sit
2560 4653 2577 4679 ,
2605 4616 2638 4668 8
2664 4654 2678 4678 ,
2703 4613 2737 4667 9
2762 4655 2778 4676 ,
2803 4612 2875 4665 29
2895 4653 2909 4675 ,
2942 4611 3053 4681 50).
3093 4611 3310 4679 Quare?
3334 4612 3469 4678 Quia
3510 4612 3673 4677 tinxit
3717 4615 3830 4669 siu-

2234 4709 2456 4779 gillatim
2505 4706 2665 4763 Corda
2717 4721 2924 4760 eorum.
2980 4704 3260 4772 Quomodo
3302 4714 3480 4759 autem
3534 4705 3589 4760 in
3647 4722 3829 4762 tuetu-

2237 4800 2347 4855 bris
2387 4799 2583 4854 neSIris
2622 4797 2829 4853 diversa
2884 4807 3009 4849 sunt
3056 4810 3256 4864 opera,
3291 4794 3385 4850 sed
3429 4794 3633 4850 sanitas
3674 4812 3828 4851 una:

2237 4893 2316 4948 sic
2363 4892 2413 4946 in
2456 4888 2705 4944 omnibus
2750 4887 3004 4942 membris
3047 4886 3241 4940 Christi
3285 4886 3495 4940 diversa
3545 4902 3776 4954 tttuttera
3813 4928 3829 4954 ,

2238 4985 2332 5040 sed
2357 4983 2586 5037 Charitas
2606 4995 2730 5034 una.
2760 4979 2857 5046 Qui
2880 4980 3026 5047 ﬁnxit
3053 4976 3347 5048 singillatim
3377 4978 3530 5030 corda
3552 4992 3756 5031 eorum.

2304 5077 2400 5131 Q2.
2436 5074 2536 5142 Qui
2563 5072 2793 5143 intelligit
2824 5072 2995 5125 omnia
3023 5085 3178 5139 Opera
3203 5084 3395 5122 eorum.
3422 5066 3671 5139 Intelligit
3701 5069 3832 5140 quid

2241 5168 2361 5224 est?
2401 5164 2667 5222 Secretius
2702 5170 2758 5217 et
2795 5162 3017 5216 interius
3062 5159 3222 5214 videt.
3266 5154 3440 5215 [labes
3480 5159 3531 5213 iu
3572 5160 3783 5227 psalmo
3815 5176 3830 5215 :

2243 5259 2477 5327 Intelligo
2502 5257 2767 5311 clamorem
2790 5268 2954 5305 meum
2984 5248 3153 5321 (Ps-al.
3181 5268 3230 5316 v,
3252 5251 3333 5321 9.).
3367 5249 3482 5305 Non
3503 5252 3646 5306 enim
3674 5251 3834 5321 quasi

2243 5352 2464 5406 voeibus
2500 5360 2636 5416 opus
2675 5354 2776 5409 est,
2810 5354 2865 5397 ut
2897 5343 3170 5412 perveniat
3199 5342 3394 5413 aliquid
3425 5343 3491 5396 ad
3521 5358 3680 5398 aures
3714 5344 3833 5399 Dei.

2243 5441 2492 5499 Occultos
2528 5438 2674 5491 visus
2713 5434 3015 5491 intellectus
3042 5443 3281 5489 vocatur.
3328 5434 3642 5504 ExpreSsius
3670 5434 3835 5500 dixit,

2245 5549 2405 5605 quam
2429 5531 2474 5586 si
2501 5529 2725 5597 diceret,
2752 5525 2911 5583 Videt
2938 5527 3117 5584 omnia
3146 5542 3307 5598 opera
3337 5542 3522 5583 eorum
3550 5543 3565 5580 :
3594 5541 3664 5582 ne
3705 5536 3838 5584 tunc

2312 5689 2327 5718 ι
2355 5691 2420 5733 tta
2440 5686 2491 5732 lu
2512 5689 2619 5745 Mss.
2647 5688 2701 5731 At
2719 5682 2767 5745 in
2789 5680 3133 5745 Edd.,__egentes
3151 5676 3503 5745 misericordia.

2310 5749 2332 5778 ί
2356 5745 2489 5804 ald,
2513 5742 2783 5793 miserantis
2804 5739 2995 5804 cordis.w
3009 5749 3137 5804 vos,
3153 5739 3334 5797 cordis,
3353 5742 3494 5804 abest
3506 5752 3534 5787 a
3546 5745 3654 5804 also.

2315 5811 2335 5841 ³
2357 5808 2428 5857 sic
2448 5798 2551 5856 .vfss.
2579 5813 2633 5853 At
2652 5805 2791 5855 eam:
2817 5803 2914 5863 Ipsi
2932 5808 3041 5855 sunt
3062 5798 3155 5864 sui,
3174 5808 3281 5852 sunt
3302 5813 3418 5866 gens
3439 5799 3525 5851 illa
3546 5798 3707 5852 beata.
