4032 6486
188 405 273 465 297

194 524 378 591 putares
406 514 590 571 videri
621 530 779 586 opera
814 513 911 569 ista
933 556 946 577 ,
979 511 1191 583 quando
1236 521 1291 566 et
1335 521 1389 566 tu
1430 508 1580 565 vides
1622 525 1758 580 opus

197 608 415 666 hominis.
456 606 637 663 Homo
680 604 872 661 factum
904 604 1132 658 hominis
1173 612 1317 657 moto
1345 601 1459 672 ejus
1487 603 1503 634 ¹
1532 608 1759 671 ecrpore

194 702 331 766 videt,
364 700 509 754 Deus
550 709 729 753 autem
769 697 820 752 iu
871 696 1031 751 corde
1060 695 1223 751 videt.
1269 694 1405 763 Quia
1449 704 1577 763 ergo
1621 694 1761 747 intus

193 792 332 855 videt,
362 789 570 845 dictum
598 798 680 844 est
699 831 714 856 ,
746 790 979 858 intelligit
1025 788 1193 841 omnia
1222 802 1374 855 Opera
1402 802 1594 839 eorum.
1629 785 1763 839 Dant

192 882 281 936 duo
316 879 681 952 pauperibus;
728 894 864 933 unus
903 878 1003 932 sibi
1033 876 1335 932 mercedem
1376 876 1568 945 quaerit
1596 875 1762 930 caele-

192 981 334 1038 stem,
379 972 520 1026 alius
564 971 851 1025 humanam
889 968 1097 1023 laudem
1128 985 1141 1022 :
1175 977 1230 1021 tu
1274 967 1327 1021 in
1368 966 1575 1020 duobus
1604 979 1762 1019 unam

194 1080 288 1119 rem
315 1062 486 1127 vides,
519 1062 659 1116 Deus
688 1060 817 1114 duas
847 1059 1093 1128 intelligit
1121 1074 1136 1123 ;
1178 1058 1321 1112 intus
1348 1057 1490 1110 enim
1520 1054 1766 1123 intelligit

192 1166 235 1208 et
276 1154 415 1207 intus
468 1151 744 1222 agnoscit,
788 1149 920 1204 ﬁnes
959 1149 1193 1217 ipsorum
1239 1148 1402 1209 videt,
1444 1145 1766 1199 intentiones

194 1245 318 1315 ipsas
350 1243 518 1297 videt.
553 1241 652 1309 Qui
691 1240 922 1311 intelligit
952 1240 1122 1293 omnia
1147 1254 1301 1310 Opera
1338 1253 1528 1291 eorum.

252 1335 337 1391 25.
362 1332 533 1407 [vers.
562 1332 648 1389 l6.
668 1331 690 1406 ]
714 1331 839 1387 Non
862 1332 1031 1386 salvus
1054 1331 1140 1400 ﬁet
1164 1346 1254 1385 rea:
1279 1345 1367 1400 per
1395 1327 1768 1382 multitudinem

196 1427 548 1482 uirtutis‘sutz.
592 1423 673 1479 Ad
719 1423 997 1478 Dominum
1043 1437 1265 1487 omnes,
1312 1422 1365 1475 in
1414 1421 1523 1474 Deo
1560 1432 1766 1473 omnes.

194 1517 312 1586 Spes
342 1522 430 1569 tua
454 1512 475 1547 '
501 1514 641 1570 Deus
683 1514 775 1580 sit,
817 1512 1070 1567 fortitudo
1113 1520 1199 1567 tua
1244 1513 1381 1566 Deus
1409 1512 1517 1575 sit,
1549 1510 1770 1564 firmitas

196 1618 271 1664 tua
303 1608 443 1662 Deus
470 1606 559 1673 sit,
587 1606 837 1660 exoratio
860 1604 882 1636 ⁸
908 1615 994 1658 tua
1022 1604 1134 1673 ipse
1161 1603 1251 1668 sit,
1280 1603 1393 1656 laus
1423 1610 1510 1655 tua
1542 1602 1653 1671 ipse
1677 1600 1767 1664 sit,

196 1700 302 1754 ﬁnis
325 1700 375 1752 in
403 1712 513 1769 quo
543 1697 849 1768 requiescas
873 1697 986 1767 ipse
1010 1696 1099 1758 sit.
1127 1695 1448 1765 adjutorimn
1476 1710 1596 1748 cum
1623 1693 1771 1748 labo-

197 1805 277 1846 ras
301 1791 415 1861 ipse
440 1789 527 1843 sit.
558 1788 697 1843 Audi
726 1789 1001 1843 veritatem
1032 1805 1047 1842 :
1073 1786 1194 1841 Non
1236 1787 1404 1841 salvus
1432 1786 1519 1855 ﬁet
1556 1796 1646 1839 rex
1684 1800 1772 1853 per

197 1880 558 1934 multitudinem
599 1880 798 1933 virtutis
841 1894 950 1933 sua
1000 1893 1019 1932 :
1062 1894 1153 1931 nec
1194 1877 1341 1949 gigas
1381 1877 1550 1931 salvus
1588 1878 1681 1929 erit
1722 1875 1775 1929 in

197 1971 507 2024 multitudine
545 1969 860 2039 fortitudinis
896 1984 1019 2022 stne.
1069 1967 1232 2038 Gigas
1276 1966 1537 2037 superbus
1583 1966 1776 2035 aliquis

196 2074 289 2130 est,
330 2063 595 2119 extollens
642 2076 703 2116 se
743 2060 996 2115 adversus
1044 2060 1243 2124 Deum,
1286 2059 1429 2112 velut
1474 2057 1597 2128 quia
1637 2055 1660 2088 ’⁵
1695 2067 1776 2111 est

200 2156 300 2224 ipse
338 2154 537 2224 aliquid
586 2154 640 2208 in
691 2166 749 2207 se
784 2162 839 2206 et
883 2168 977 2221 per
1017 2166 1095 2206 se.
1138 2149 1253 2204 Non
1286 2149 1344 2204 lit
1383 2150 1481 2205 iste
1518 2149 1692 2204 salvus
1722 2148 1775 2203 in

200 2244 526 2299 multitudine
551 2243 764 2298 virtutis
795 2256 928 2296 suae.

259 2337 343 2391 24.
374 2334 539 2409 [vers.
569 2336 654 2401 17,
680 2332 807 2406 18.]
834 2333 940 2388 Sed
966 2347 1159 2403 equum
1185 2330 1344 2387 habet
1370 2346 1640 2401 maguum,
1672 2329 1778 2385 l‘or-

202 2436 319 2491 tem,
348 2425 605 2490 validum,
635 2424 907 2488 velocem;
954 2430 1129 2493 potest
1172 2421 1217 2475 si
1257 2421 1455 2490 aliquid
1499 2420 1777 2491 ingruerit,

200 2519 296 2572 cito
322 2518 471 2571 illum
502 2515 574 2570 de
605 2515 841 2585 periculo
871 2512 1141 2568 liberare?
1184 2511 1299 2565 Non
1330 2510 1573 2578 fallatur,
1602 2511 1783 2565 audiat

201 2608 328 2678 quod
354 2603 597 2673 sequitur
620 2624 633 2660 :
654 2604 883 2659 Mendax
905 2621 1057 2675 equus
1084 2604 1152 2657 ad
1172 2605 1406 2657 salutem.
1436 2601 1783 2656 lntellexistis

201 2700 315 2768 quid
337 2699 540 2754 dictum
572 2699 642 2753 sit
667 2715 681 2752 :
712 2697 939 2752 Mendax
964 2713 1116 2767 equus
1140 2696 1207 2749 ad
1249 2694 1511 2749 salutent?
1539 2694 1656 2748 Non
1689 2693 1783 2748 tibi

205 2792 468 2861 promittat
514 2803 687 2859 equus
736 2797 858 2843 tuus
902 2786 1129 2842 salutem
1168 2804 1182 2840 :
1222 2786 1269 2841 si
1313 2785 1406 2839 tibi
1456 2785 1780 2853 promiserit,

204 2883 497 2937 mentietur.
545 2878 605 2935 Si
652 2879 796 2936 enim
845 2879 985 2934 Deus
1025 2876 1271 2943 voluerit,
1322 2874 1633 2931 liberaberis
1678 2891 1691 2927 :
1737 2873 1785 2928 si

205 2975 335 3029 Deus
364 2972 629 3039 noluerit,
661 2963 885 3027 cadente
926 2985 1066 3040 equo
1094 2969 1251 3024 altius
1294 2966 1475 3023 cades.
1512 2965 1627 3021 Non
1658 2980 1786 3037 ergo

204 3065 389 3132 putetis
414 3064 643 3125 dictum,
674 3060 898 3115 Mendax
920 3076 1075 3130 equus
1104 3059 1171 3113 ad
1196 3058 1431 3125 salutem,
1458 3058 1607 3129 quasi
1638 3072 1787 3111 uten-

204 3156 294 3209 das
333 3155 513 3225 justus
556 3154 623 3207 ad
667 3152 914 3218 salutem,
951 3150 1093 3222 quod
1123 3152 1269 3206 velut
1303 3151 1434 3221 justi
1464 3150 1530 3205 ad
1562 3149 1785 3205 salutem

205 3249 538 3302 mentiantur.
584 3245 699 3301 Non
729 3254 812 3300 est
851 3245 992 3299 enim
1023 3244 1278 3314 scriptum
1309 3259 1518 3313 a‘quus,
1550 3240 1689 3312 quod
1716 3242 1785 3296 ab

203 3339 442 3409 rqititate
457 3337 673 3402 dicitur;
691 3335 784 3391 sed
797 3352 971 3407 equus,
988 3334 1181 3388 animal
1195 3333 1514 3405 quadrupes.
1532 3332 1643 3387 Hoc
1660 3348 1793 3402 grte-

203 3446 289 3485 cus
313 3430 483 3485 codex
506 3429 706 3483 indicat
730 3428 827 3500 (a).
862 3428 925 3482 Et
952 3427 1342 3497 redarguuntur
1368 3426 1505 3480 mala
1525 3427 1786 3495 jumeuta,

207 3522 443 3577 homines
470 3520 559 3592 qui
589 3521 686 3574 sibi
719 3528 963 3590 qumruut
1003 3519 1311 3573 occasiones
1349 3516 1745 3571 mendaciorum
1773 3534 1786 3571 :

202 3630 315 3668 cum
340 3615 616 3684 Scriptura
648 3612 809 3678 dicat,
839 3611 910 3666 0s
930 3612 1063 3682 quod
1087 3612 1344 3676 mentitur,
1368 3611 1545 3664 occidit
1568 3610 1792 3664 animam

206 3708 351 3779 (Sep.
384 3724 421 3771 ι,
455 3707 542 3777 ΙΙ)
570 3723 585 3771 ;
622 3716 695 3771 et;
726 3704 916 3758 Perdes
945 3720 1115 3757 omnes
1157 3703 1245 3774 qui
1287 3703 1554 3773 loquuntur
1578 3702 1789 3756 menda-

204 3802 327 3854 cium
354 3799 529 3870 (Psal.
561 3813 613 3863 ν,
646 3796 732 3869 7).
778 3796 913 3864 Quid
954 3804 1037 3851 est
1066 3810 1192 3866 ergo
1214 3836 1228 3859 ,
1262 3793 1491 3849 Mendax
1526 3811 1679 3865 equus
1721 3792 1791 3847 ad

204 3894 413 3947 salutem
438 3893 464 3947 ?
509 3892 764 3946 Mentitur
801 3890 892 3944 tibi
922 3904 1089 3958 equus
1116 3885 1331 3958 quando
1361 3886 1621 3957 promittit
1648 3886 1791 3939 salu-

203 3995 323 4039 tem.
375 3981 645 4053 Numquid
693 3996 863 4051 equus
909 3978 1069 4034 alicui
1119 3977 1385 4047 loquitur,
1431 3984 1487 4031 et
1535 3975 1793 4046 promittit

206 4077 421 4131 salutem
447 4076 471 4129 ἲ
520 4073 628 4129 Sed
668 4088 791 4127 cum
824 4082 879 4126 lu
911 4071 1059 4126 vides
1089 4085 1284 4139 equum
1312 4071 1447 4124 bene
1484 4066 1789 4134 formatum,

205 4166 354 4223 bonis
400 4165 629 4231 viribus,
681 4176 874 4232 magno
917 4176 1075 4217 cursu
1125 4159 1426 4230 praeditum,
1468 4158 1566 4212 ista
1615 4158 1792 4212 omnia

204 4260 345 4314 velut
390 4258 709 4330 promittunt
751 4256 843 4310 tibi
890 4254 958 4308 de
1005 4254 1097 4309 illo
1141 4252 1365 4307 salutem
1402 4270 1414 4306 :
1446 4250 1540 4305 sed
1581 4250 1791 4317 fallunt,

206 4352 245 4405 si
276 4351 424 4407 Deus
467 4366 576 4405 non
620 4358 829 4414 tuetur,
859 4347 980 4418 quia
1012 4346 1237 4401 Mendax
1276 4361 1432 4415 equus
1461 4344 1529 4397 ad
1557 4345 1790 4398 salutem.

206 4443 408 4514 Equum
434 4441 619 4511 accipe
644 4440 804 4495 ctiam
834 4439 1054 4508 ligurate
1074 4436 1367 4506 quamlibet
1388 4434 1791 4504 amplitudinem

207 4532 381 4587 seculi
416 4531 597 4602 hujus,
627 4529 919 4601 quemlibet
946 4528 1205 4583 bonorem
1247 4527 1299 4581 in
1344 4540 1503 4596 quem
1535 4525 1795 4594 superbus

205 4621 451 4677 aseeudis
480 4639 496 4676 :
527 4636 637 4691 quo
679 4620 841 4674 altius
883 4619 1200 4689 ingrederis,
1244 4632 1310 4672 eo
1351 4625 1402 4672 te
1442 4631 1545 4670 non
1590 4624 1794 4671 tantum

205 4712 512 4773 celsiorem,
541 4709 636 4765 sed
679 4710 838 4765 etiam
867 4709 1110 4764 tutiorem
1146 4708 1278 4777 [also
1308 4716 1479 4778 putas.
1517 4706 1797 4774 Quomodo

206 4803 345 4857 enim
377 4811 429 4857 te
452 4800 668 4870 dejiciat
700 4800 894 4865 nescis,
925 4808 1073 4853 tanto
1102 4799 1291 4853 elisum
1334 4798 1571 4868 gravius,
1596 4807 1796 4867 quanto

205 4893 491 4948 sublimius
540 4891 819 4948 ferebaris.
868 4890 1096 4944 Mendax
1139 4906 1294 4959 equus
1336 4888 1405 4942 ad
1449 4889 1708 4943 salutem:
1744 4890 1796 4943 in

205 4987 520 5041 abundantia
546 4995 713 5041 autem
738 4984 934 5039 virtutis
962 4999 1067 5039 sua:
1093 4999 1192 5036 non
1223 4982 1314 5036 erit
1341 4981 1531 5035 salvus.
1566 4981 1629 5035 Et
1657 4982 1796 5037 unde

206 5081 305 5135 erit
329 5078 564 5135 salvus?
613 5078 725 5134 Non
758 5077 827 5134 de
858 5079 1071 5143 virtute,
1106 5092 1209 5131 non
1238 5077 1303 5131 de
1328 5075 1527 5129 viribus
1550 5115 1563 5137 ,
1596 5091 1700 5129 non
1732 5075 1797 5128 de

208 5170 416 5227 honore
438 5215 451 5237 ,
482 5187 591 5225 non
618 5169 684 5224 de
724 5170 913 5239 gloria,
947 5184 1052 5222 non
1081 5168 1147 5222 de
1175 5182 1333 5236 equo.
1368 5168 1431 5221 Et
1460 5166 1599 5221 unde
1623 5167 1646 5219 Ἰ
1681 5165 1799 5233 Quo

208 5263 336 5315 ibo?
376 5260 476 5318 Ubi
525 5261 790 5337 inveniam
831 5260 972 5315 umle
999 5256 1177 5314 s'alvus
1204 5255 1350 5313 sim?
1396 5257 1507 5312 Noli
1539 5258 1625 5311 diu
1651 5275 1799 5327 qme-

206 5368 347 5418 rcre,
400 5354 509 5407 noli
556 5353 735 5422 longe.
782 5349 917 5403 Ecce
960 5350 1090 5403 oeuli
1140 5348 1341 5403 Domini
1382 5365 1531 5419 super
1575 5350 1801 5402 timentes

268 5488 286 5518 ³
314 5486 451 5545 add,
475 5486 660 5547 faction
695 5482 901 5554 [caninis
924 5488 1051 5533 motu
1072 5482 1176 5544 ejus
1207 5480 1260 5531 in
1292 5493 1492 5543 corpore
1532 5479 1673 5530 ridet.
1712 5478 1804 5531 Ali-

201 5556 323 5608 quot
351 5555 479 5607 uss,
508 5553 637 5597 moto
658 5553 764 5608 ejus
784 5558 999 5608 corpore.

266 5611 289 5641 ³
316 5601 644 5659 γεῐιιέωύεκ
668 5601 834 5656 Coll»:
863 5601 932 5655 Ltd
952 5603 1208 5655 Dominum
1238 5603 1405 5663 omnis,
1433 5603 1482 5654 in
1524 5611 1619 5653 Deo
1654 5601 1805 5655 omnis

202 5681 313 5729 spes
334 5679 438 5729 tua,
464 5680 596 5722 Deus
619 5669 681 5719 sit
701 5668 930 5731 fortitudo
952 5675 1050 5731 tua.

268 5734 288 5763 ³
314 5739 361 5797 tn_
389 5728 611 5797 pluribus
631 5728 762 5797 uss.
782 5728 1063 5779 exhortatio.

266 5797 290 5858 ξ
316 5792 504 5858 Aliquot
522 5801 654 5849 esss,
678 5792 780 5851 qui.

266 5856 344 5919 (κ)
368 5856 523 5920 Im

484 5942 720 6003 Smcr.
774 5937 1046 5995 Avocsr.
1094 5935 1196 5996 IV.

1219 399 1616 455 ΕΝᾹΠΠᾹΤΙΟ
1657 397 1720 451 ιΝ
1762 396 2081 453 PSALMUM
2116 398 2326 454 XXXII.

3324 402 3430 461 298

1861 525 1993 563 eum.
2031 508 2228 565 Videtis
2249 510 2369 580 quia
2400 510 2498 580 ipsi
2527 520 2649 566 sunt
2677 526 2813 583 quos
2837 514 3105 583 prospexit
3135 514 3202 571 de
3233 514 3441 570 habita.

1863 599 1983 654 culo
2012 615 2127 654 suo.
2158 590 2291 655 Ecce
2314 600 2452 655 oculi
2482 600 2685 655 Domini
2714 618 2865 667 super
2903 602 3126 660 timentes
3153 621 3288 674 eum,
3314 600 3445 677 spe-7

1864 700 2030 746 rantes
2068 700 2219 763 super
2248 694 2638 748 misericordiam
2666 695 2776 764 ejus
2800 710 2819 749 :
2846 703 2951 750 non
2983 696 3049 751 de
3079 697 3280 752 meritis
3308 699 3443 761 suis,

1868 798 1970 836 non
1998 782 2065 838 de
2096 784 2307 847 virtute,
2340 801 2444 838 non
2474 784 2542 839 de
2573 784 2879 840 fortitudine
2899 828 2913 853 ,
2944 796 3049 841 non
3075 787 3141 843 de
3166 803 3323 859 equo,
3351 789 3471 844 sed"

1867 873 1933 928 de
1961 873 2325 929 misericordia
2356 873 2491 945 ejus.

1937 965 2027 1020 25.
2069 964 2236 1039 [vers.
2272 965 2383 1040 l9.]
2425 965 2495 1022 Ut
2543 977 2687 1021 eruat
2730 984 2761 1021 a
2806 970 2965 1024 morte
3013 970 3209 1025 animas
3254 978 3451 1025 eorum;

1869 1055 2043 1110 Vitam
2086 1065 2339 1111 aeternam
2388 1056 2665 1126 promittit.
2711 1058 2845 1126 Quid
2896 1061 2947 1113 in
2994 1060 3092 1114 ista
3141 1061 3453 1130 peregrina-

1870 1146 2058 1201 tione?
2089 1147 2338 1216 iuimquid
2366 1148 2563 1203 deserit
2583 1148 2607 1189 ν
2639 1144 2768 1203 Vide
2790 1150 2914 1219 quid
2944 1152 3184 1220 sequitur
3213 1168 3226 1205 :
3251 1149 3320 1204 Et
3347 1152 3454 1205 alat

1870 1250 1955 1291 eos
1982 1238 2032 1290 in
2065 1239 2215 1308 fante.
2249 1237 2480 1307 Tempus
2507 1239 2657 1292 lamis
2685 1247 2766 1294 est
2800 1239 2977 1305 modo,
3009 1250 3217 1311 tempus
3256 1246 3453 1298 saturi-

1873 1328 1996 1382 tatis
2034 1337 2151 1398 post
2190 1328 2309 1382 et-it.
2355 1328 2454 1395 Qui
2498 1345 2594 1383 nos
2631 1330 2682 1384 in
2730 1330 2869 1386 tame
2913 1331 3068 1401 hujus
3097 1335 3457 1404 corruptibilis

1852 1432 1979 1477 ,non
2028 1418 2246 1483 deserit,
2298 1418 2625 1475 immortales
2678 1421 2841 1475 iactos
2887 1423 3153 1492 quomodo
3201 1425 3460 1481 satiabit?

1872 1506 1977 1564 Sed
2006 1510 2253 1580 quamdiu
2284 1519 2492 1581 tempus
2520 1521 2601 1566 est
2641 1510 2825 1576 famis,
2861 1513 3187 1568 tolerandum
3212 1526 3290 1570 εδ·
3314 1544 3330 1581 -,
3358 1515 3457 1569 du-

1874 1600 2099 1655 randum
2126 1610 2228 1665 est,
2262 1602 2707 1671 perseverandum
2736 1612 2817 1658 est
2844 1618 3013 1673 usque
3040 1604 3092 1658 in
3125 1605 3305 1661 tinem.
3341 1605 3459 1661 Jam

1876 1691 2135 1746 curreuda
2163 1699 2287 1746 sunt
2313 1693 2490 1748 omnia
2510 1736 2525 1758 ,
2558 1694 2677 1763 quia
2710 1704 2758 1748 et
2790 1695 2871 1748 via
2910 1708 2989 1749 est
3016 1696 3172 1766 plana
3192 1737 3206 1760 ,
3234 1704 3290 1750 et
3313 1698 3461 1765 cogi-

1879 1782 2093 1836 tandum
2123 1792 2206 1837 est
2237 1783 2364 1853 quid
2396 1793 2688 1852 portemus.
2720 1784 2907 1839 Adhuc
2946 1785 3160 1855 quidem
3200 1795 3463 1855 Spectato-

1879 1889 1965 1932 res
1989 1877 2040 1931 in
2062 1876 2454 1946 amphitheatro
2478 1875 2614 1931 forte
2636 1878 2923 1945 insaniunt,
2950 1890 3005 1933 et
3027 1878 3079 1932 in
3102 1878 3215 1933 sole
3238 1878 3461 1934 sedent:

1880 1976 1934 2022 et
1960 1982 2053 2022 nos
2083 1968 2126 2021 si
2154 1976 2379 2034 stamus,
2405 1969 2582 2021 tamen
2612 1968 2663 2021 iu
2693 1968 3002 2022 tuubraculo
3030 1982 3216 2023 sumus
3234 2008 3250 2035 ,
3275 1977 3331 2023 ct
3356 1970 3464 2024 utit-

1882 2056 2013 2113 liora
2046 2066 2100 2114 et
2126 2059 2425 2130 pulchriora
2456 2069 2580 2113 sunt
2608 2065 2726 2130 qua:
2753 2071 3057 2129 spectamus
3080 2061 3119 2113 ¹.
3151 2060 3468 2130 Speetem'us

1884 2150 2138 2220 pulchra,
2188 2159 2243 2206 et
2288 2166 2316 2204 a
2364 2149 2587 2221 pulchro
2634 2160 2959 2222 spectemur.
3006 2150 3320 2222 Speetemus
3369 2166 3471 2206 nos

1884 2251 2062 2297 mente
2088 2256 2149 2296 ea
2181 2257 2299 2313 quze
2336 2241 2588 2297 dicuntur
2616 2242 2671 2296 in
2710 2242 2955 2297 sensibus
2993 2242 3290 2298 divinarum
3321 2242 3472 2299 Scri-

1884 2342 2179 2403 pturarum,
2225 2340 2278 2386 et
2320 2332 2644 2402 gaudeamus
2688 2332 2776 2387 tali
2821 2333 3145 2401 spectaculo.
3194 2332 3474 2403 Spectator

1884 2434 2059 2480 autem
2087 2435 2269 2479 noster
2290 2424 2411 2495 quis
2435 2425 2559 2479 est?
2587 2422 2722 2478 Ecce
2742 2425 2874 2478 oculi
2902 2423 3104 2480 Domini
3124 2441 3278 2496 super
3296 2426 3474 2479 timen-

1887 2524 1959 2571 tes
2005 2533 2141 2584 eum,
2185 2526 2443 2587 sperantes
2484 2516 2537 2569 in
2581 2515 2926 2570 misericordia
2964 2517 3074 2589 ejus
3110 2532 3130 2569 :
3170 2525 3226 2571 ut
3262 2525 3406 2571 eruat
3442 2532 3476 2570 a

1886 2617 2049 2662 morte
2075 2608 2271 2661 animas
2299 2612 2493 2672 eorum,
2524 2614 2571 2661 et
2596 2607 2703 2661 alat
2731 2616 2816 2660 eos
2843 2606 2896 2660 in
2926 2610 3081 2678 fame.

1956 2696 2049 2752 26.
2089 2694 2399 2771 [oers.20.]
2447 2695 2554 2752 Sed
2602 2706 2819 2766 propter
2861 2697 3302 2766 peregrinationis
3347 2698 3478 2752 tole-

1888 2786 2114 2843 rantiam
2144 2788 2393 2857 quamdiu
2425 2786 2595 2842 fames
2638 2797 2753 2852 est,
2795 2795 2848 2842 et
2890 2797 3264 2857 exspectamus
3300 2788 3352 2844 in
3394 2790 3476 2843 via

1889 2881 2037 2937 refici
2061 2884 2105 2949 ’,
2151 2897 2218 2937 ne
2246 2882 2595 2947 deﬁciamus;
2641 2881 2765 2952 quid
2806 2881 2959 2937 nobis
2997 2882 3363 2952 imponitur',
3394 2884 3477 2937 vel

1890 2972 2017 3043 quid
2063 2973 2301 3043 proﬁteri
2353 2972 2653 3028 debemus?
2700 2973 2883 3026 Anima
2928 2982 3099 3026 nostra
3146 2972 3342 3043 patiens
3384 2975 3480 3027 erit

1892 3063 2133 3118 Domino.
2178 3063 2377 3119 Secura
2417 3062 2751 3134 exspectabit
2794 3063 3210 3118 misericorditer
3252 3066 3479 3135 promit-

1894 3164 2125 3221 tentem,
2156 3154 2574 3209 miscricorditer
2598 3152 2621 3186 ⁸
2655 3163 2709 3208 et
2735 3154 2991 3208 veraciter
3015 3146 3355 3209 exhibentem
3387 3172 3398 3208 :
3428 3163 3482 3209 ct

1892 3248 2063 3304 donec
2093 3247 2370 3315 exhibeat,
2402 3246 2528 3318 quid
2558 3246 2821 3317 agamus?
2851 3246 3035 3300 Anima
3069 3256 3243 3300 nostra
3285 3247 3482 3318 patiens

1893 3342 1985 3395 erit
2019 3340 2255 3395 Domino.
2283 3338 2386 3394 Sed
2418 3338 2542 3410 quid
2564 3381 2579 3405 ,
2611 3340 2655 3393 si
2682 3339 2733 3392 in
2763 3339 2874 3409 ipsa
2910 3338 3158 3407 patientia
3188 3352 3292 3391 non
3323 3338 3481 3393 diua-

1895 3433 2115 3490 bimus?
2163 3433 2274 3488 lmo
2320 3433 2473 3503 plane
2513 3432 2822 3486 durabimus
2854 3448 2867 3483 :
2899 3430 3151 3495 Quoniam
3194 3430 3402 3499 adjutor
3434 3440 3481 3483 et

1897 3534 2145 3597 protector
2186 3533 2353 3579 noster
2396 3532 2489 3577 est.
2538 3522 2769 3592 Adjuvat
2814 3521 2867 3575 in
2916 3535 3109 3589 pugna,
3159 3520 3387 3590 protegit
3414 3522 3484 3574 ah

1897 3628 2050 3683 azstu,
2081 3634 2185 3671 non
2217 3626 2268 3671 te
2293 3615 2516 3682 deserit,
2541 3613 2729 3679 tolera,
2754 3612 2905 3666 dura.
2933 3611 3031 3678 Qui
3060 3612 3484 3680 perseveraverit

1897 3719 2064 3779 usque
2092 3709 2144 3763 in
2176 3709 2356 3773 linem,
2388 3707 2475 3761 hic
2499 3706 2676 3759 salvus
2701 3706 2803 3759 erit
2834 3703 3045 3775 (Matth.
3076 3718 3226 3769 xstv,
3259 3703 3370 3774 l5).

1967 3804 2056 3856 27.
2102 3800 2269 3873 [vers.
2296 3795 2413 3872 ει]
2468 3798 2534 3852 Et
2581 3797 2707 3866 quid
2751 3812 2874 3851 cum
2921 3794 3324 3865 perduraveris,
3358 3804 3483 3851 etin]

1902 3897 2107 3965 patiens
2139 3893 2335 3959 fueris,
2365 3904 2484 3947 cum
2518 3904 2684 3960 usque
2709 3889 2775 3944 ad
2808 3891 2973 3943 tinem
3000 3888 3324 3958 perveneris,
3356 3888 3483 3959 Quid

1900 3989 1989 4044 tibi
2032 3987 2178 4042 erit?
2223 3987 2334 4054 Qua
2384 3983 2630 4039 mercede
2659 3982 2897 4037 toleras?
2941 3980 3122 4051 utquid
3171 3989 3312 4035 tanta
3349 3979 3483 4035 dura

1898 4078 2098 4133 tamdiu
2128 4077 2385 4148 epatcris?
2433 4076 2684 4143 Quoniam
2724 4075 2777 4129 in
2819 4074 2932 4144 ipso
2974 4073 3226 4129 (celabitur
3266 4090 3354 4127 cor
3391 4072 3486 4127 no-

1896 4182 2076 4237 strum,
2110 4178 2156 4224 et
2184 4170 2235 4223 in
2262 4170 2464 4222 nomine
2490 4179 2664 4221 sancto
2693 4167 2801 4236 ejus
2821 4166 3149 4235 speravimus.
3180 4165 3345 4234 Spera
3374 4165 3480 4230 hic,

1897 4272 1957 4317 ut
1989 4262 2185 4317 la-teris
2213 4260 2282 4315 ibi
2318 4279 2329 4313 :
2360 4259 2502 4315 esuri
2534 4268 2586 4314 et
2613 4258 2699 4312 siti
2729 4257 2834 4323 hic,
2868 4267 2924 4310 ut
2953 4255 3183 4326 epuleris
3212 4256 3302 4310 ibi.

1968 4354 2057 4410 28.
2100 4351 2267 4427 [vet-3.
2294 4348 2420 4423 22.]
2469 4350 2719 4404 Hortalus
2762 4358 2845 4403 est
2888 4346 2955 4400 ad
3001 4346 3199 4409 omnia,
3247 4346 3489 4414 implevit

1901 4461 1998 4500 nos
2036 4443 2231 4515 gaudio
2258 4442 2395 4511 spei,
2438 4439 2712 4510 proposuit
2753 4437 2906 4492 nobis
2949 4436 3073 4507 quid
3120 4452 3393 4501 amemus,
3429 4437 3483 4492 in

1900 4550 2004 4606 quo
2030 4535 2229 4589 soluet
2257 4534 2323 4587 de
2364 4547 2471 4602 quo
2513 4531 2630 4585 solo
2660 4540 3039 4599 pra‘snmamus
3069 4546 3081 4581 :
3114 4535 3233 4596 post
3274 4526 3387 4581 lnec
3430 4528 3488 4581 tit

1898 4628 2070 4684 oratio
2108 4624 2292 4682 brevis
2320 4632 2374 4679 ct
2402 4621 2633 4678 salubris
2662 4639 2675 4675 :
2708 4619 2826 4674 Fiat
2855 4619 3199 4674 misericordia
3229 4628 3315 4673 tua
3334 4654 3348 4683 ,
3385 4617 3489 4672 Do-

1900 4722 2073 4788 mine,
2104 4735 2255 4790 super
2299 4733 2412 4773 nos.
2460 4716 2528 4772 Et
2568 4722 2676 4786 quo
2719 4711 2957 4770 merito?
3004 4712 3149 4767 Sicut
3177 4712 3489 4781 speravimus

1900 4812 1953 4866 in
1984 4821 2048 4867 te.
2096 4810 2193 4867 Fui
2234 4807 2552 4882 quibusdam
2583 4819 2877 4866 onerosus;
2918 4803 3093 4858 sentio
3125 4820 3139 4856 :
3168 4802 3485 4872 quibusdam

1901 4914 2079 4960 autem
2108 4902 2268 4958 etiam
2297 4900 2403 4955 cito
2442 4896 2718 4953 terminavi
2752 4909 3089 4955 sermonem;
3133 4902 3188 4947 ct
3229 4893 3332 4949 hoc
3359 4908 3488 4949 seu-

1903 4997 1977 5052 tio
2022 5014 2035 5050 :
2080 4996 2355 5065 ignoscant
2404 4990 2597 5045 inllrmi
2642 4986 2969 5049 fortioribus,
3018 4993 3072 5039 et
3121 4999 3218 5057 pro
3264 4983 3489 5041 lullrmis

1903 5087 2259 5157 deprecentur
2286 5082 2551 5137 fortiores.
2583 5079 2636 5132 In
2665 5093 2771 5131 uno
2794 5086 3017 5145 corpore
3041 5076 3221 5130 omnia
3249 5079 3486 5130 membra

1902 5178 2090 5241 simus,
2133 5192 2161 5229 a
2205 5176 2379 5243 capite
2422 5179 2605 5227 nostro
2649 5177 2958 5240 Vegetemur
2988 5186 3001 5222 :
3032 5178 3087 5223 et
3129 5169 3180 5222 in
3230 5167 3323 5222 illo
3366 5180 3489 5232 spes

1906 5277 2085 5323 nostra
2126 5276 2201 5321 est
2226 5306 2241 5333 ,
2270 5272 2324 5319 et
2353 5264 2405 5317 in
2436 5262 2529 5317 illo
2559 5260 2811 5316 fortitudo
2840 5270 3019 5316 nostra
3051 5266 3149 5314 est.
3183 5257 3297 5312 Non
3327 5256 3486 5311 dubi—

1970 5420 2187 5467 ‘0mnes
2224 5428 2374 5479 prope
2410 5420 2515 5463 tttss.
2556 5419 2833 5465 constanter
2867 5413 3078 5481 habent,
3122 5417 3450 5481 exspectemus
3474 5422 3492 5459 :

1908 5493 2099 5530 necnon
2124 5474 2326 5540 postea;
2350 5483 2701 5540 exspectentur,
2746 5474 3098 5536 exspec'taculo,
3147 5478 3445 5534 exspectotor
3471 5485 3488 5529 ,-

1907 5540 2029 5597 looo,
2055 5537 2341 5601 spectemur,
2361 5537 2647 5601 spectaculo,
2681 5542 2933 5601 spectator.

1970 5605 1992 5672 ξ
2018 5597 2362 5672 tt_liquottttss.,
2374 5597 2657 5672 reﬁcientes.

1972 5664 1994 5696 ⁸
2016 5665 2089 5729 sic
2104 5656 2160 5711 in
2186 5671 2289 5729 uss.
2318 5656 2371 5710 At
2396 5656 2444 5709 in
2469 5661 2601 5729 edd,
2626 5656 2858 5723 quamdiu
2873 5658 3136 5729 faineslest,
3156 5659 3489 5729 exspectemus
3580 5702 3581 5705 η

1909 5726 1958 5775 in
2113 5720 2289 5796 reﬁci,
2337 5735 2395 5772 ne
2448 5715 2746 5786 deﬁciamus.
2794 5715 2916 5782 (ΜΗ
2969 5718 3103 5769 nobis
3148 5715 3373 5777 imponit,
3420 5715 3488 5767 uel

1912 5786 2308 5909 qufdtnﬁﬁiritius
2328 5854 2428 5895 uss.
2454 5844 2599 5899 deest
2622 5844 2716 5907 hic,
2742 5839 3138 5893 misericorditer.
3321 5823 3324 5826 ’

2906 5928 3135 6005 (θέαι)
