  <div class='ocr_page' id='page_1' title='image "/cluster/home/n/w/nwhite01/storage/ocr_20150623/36/hvd.32044015471469/155.png"; bbox 0 0 4032 6472; ppageno 0'>
   <div class='ocr_carea' id='block_1_1' title="bbox 552 459 656 517">
    <p class='ocr_par' dir='ltr' id='par_1_1' title="bbox 552 459 656 517">
     <span class='ocr_line' id='line_1_1' title="bbox 552 459 656 517; baseline -0.038 0"><span class='ocrx_word' id='word_1_1' title='bbox 552 459 656 517; x_wconf 74' lang='lat'><strong>29‘.)</strong></span> 
     </span>
    </p>
   </div>
   <div class='ocr_carea' id='block_1_2' title="bbox 549 544 2120 640">
    <p class='ocr_par' dir='ltr' id='par_1_2' title="bbox 549 544 2120 640">
     <span class='ocr_line' id='line_1_2' title="bbox 549 544 2120 640; baseline -0.022 -11"><span class='ocrx_word' id='word_1_2' title='bbox 549 586 722 631; x_wconf 81' lang='lat' dir='ltr'><strong>tentus</strong></span> <span class='ocrx_word' id='word_1_3' title='bbox 747 568 959 640; x_wconf 86' lang='lat' dir='ltr'><strong>exigere</strong></span> <span class='ocrx_word' id='word_1_4' title='bbox 981 563 1046 621; x_wconf 88' lang='lat' dir='ltr'><strong>de</strong></span> <span class='ocrx_word' id='word_1_5' title='bbox 1072 559 1297 619; x_wconf 82' lang='lat' dir='ltr'><strong>Domino</strong></span> <span class='ocrx_word' id='word_1_6' title='bbox 1327 557 1433 611; x_wconf 88' lang='lat' dir='ltr'><strong>Deo</strong></span> <span class='ocrx_word' id='word_1_7' title='bbox 1459 560 1641 608; x_wconf 91' lang='lat' dir='ltr'><strong>nostro</strong></span> <span class='ocrx_word' id='word_1_8' title='bbox 1667 544 2120 606; x_wconf 82' lang='lat' dir='ltr'><strong>misericordiam;</strong></span> 
     </span>
    </p>
   </div>
   <div class='ocr_carea' id='block_1_3' title="bbox 548 637 2131 727">
    <p class='ocr_par' dir='ltr' id='par_1_3' title="bbox 548 637 2131 727">
     <span class='ocr_line' id='line_1_3' title="bbox 548 637 2131 727; baseline -0.023 -5"><span class='ocrx_word' id='word_1_9' title='bbox 548 666 665 723; x_wconf 88' lang='lat' dir='ltr'><strong>vult</strong></span> <span class='ocrx_word' id='word_1_10' title='bbox 691 637 908 718; x_wconf 81' lang='lat' dir='ltr'><strong>omnino</strong></span> <span class='ocrx_word' id='word_1_11' title='bbox 937 657 1076 727; x_wconf 87' lang='lat' dir='ltr'><strong>exigi</strong></span> <span class='ocrx_word' id='word_1_12' title='bbox 1104 671 1184 710; x_wconf 90' lang='lat' dir='ltr'><strong>se.</strong></span> <span class='ocrx_word' id='word_1_13' title='bbox 1215 653 1328 707; x_wconf 80' lang='lat' dir='ltr'><strong>Non</strong></span> <span class='ocrx_word' id='word_1_14' title='bbox 1357 649 1500 704; x_wconf 90' lang='lat' dir='ltr'><strong>enim</strong></span> <span class='ocrx_word' id='word_1_15' title='bbox 1532 642 1827 700; x_wconf 86' lang='lat' dir='ltr'><strong>turbabitur</strong></span> <span class='ocrx_word' id='word_1_16' title='bbox 1866 637 1990 693; x_wconf 89' lang='lat' dir='ltr'><strong>dum</strong></span> <span class='ocrx_word' id='word_1_17' title='bbox 2017 637 2131 690; x_wconf 80' lang='lat' dir='ltr'><strong>exi-</strong></span> 
     </span>
    </p>
   </div>
   <div class='ocr_carea' id='block_1_4' title="bbox 551 730 2132 833">
    <p class='ocr_par' dir='ltr' id='par_1_4' title="bbox 551 730 2132 833">
     <span class='ocr_line' id='line_1_4' title="bbox 551 730 2132 833; baseline -0.023 -18"><span class='ocrx_word' id='word_1_18' title='bbox 551 761 723 833; x_wconf 78' lang='lat' dir='ltr'><strong>gitur,</strong></span> <span class='ocrx_word' id='word_1_19' title='bbox 751 764 842 808; x_wconf 88' lang='lat' dir='ltr'><strong>aut</strong></span> <span class='ocrx_word' id='word_1_20' title='bbox 869 749 1088 808; x_wconf 83' lang='lat' dir='ltr'><strong>omnino</strong></span> <span class='ocrx_word' id='word_1_21' title='bbox 1115 741 1500 816; x_wconf 84' lang='lat' dir='ltr'><strong>angustabitur,</strong></span> <span class='ocrx_word' id='word_1_22' title='bbox 1530 731 1796 806; x_wconf 87' lang='lat' dir='ltr'><strong>quomodo</strong></span> <span class='ocrx_word' id='word_1_23' title='bbox 1837 730 1926 784; x_wconf 91' lang='lat' dir='ltr'><strong>ille</strong></span> <span class='ocrx_word' id='word_1_24' title='bbox 1958 743 1987 780; x_wconf 90' lang='lat' dir='ltr'><strong>a</strong></span> <span class='ocrx_word' id='word_1_25' title='bbox 2025 740 2132 796; x_wconf 92' lang='lat' dir='ltr'><strong>quo</strong></span> 
     </span>
    </p>
   </div>
   <div class='ocr_carea' id='block_1_5' title="bbox 555 818 2135 919">
    <p class='ocr_par' dir='ltr' id='par_1_5' title="bbox 555 818 2135 919">
     <span class='ocr_line' id='line_1_5' title="bbox 555 818 2135 919; baseline -0.022 -16"><span class='ocrx_word' id='word_1_26' title='bbox 555 818 691 919; x_wconf 71' lang='lat' dir='ltr'><strong>petis</strong></span> <span class='ocrx_word' id='word_1_27' title='bbox 721 841 862 915; x_wconf 90' lang='lat' dir='ltr'><strong>quod</strong></span> <span class='ocrx_word' id='word_1_28' title='bbox 890 854 996 896; x_wconf 92' lang='lat' dir='ltr'><strong>non</strong></span> <span class='ocrx_word' id='word_1_29' title='bbox 1017 838 1198 897; x_wconf 89' lang='lat' dir='ltr'><strong>habet,</strong></span> <span class='ocrx_word' id='word_1_30' title='bbox 1222 842 1314 889; x_wconf 89' lang='lat' dir='ltr'><strong>aut</strong></span> <span class='ocrx_word' id='word_1_31' title='bbox 1336 828 1478 901; x_wconf 89' lang='lat' dir='ltr'><strong>quod</strong></span> <span class='ocrx_word' id='word_1_32' title='bbox 1501 841 1684 897; x_wconf 89' lang='lat' dir='ltr'><strong>parum</strong></span> <span class='ocrx_word' id='word_1_33' title='bbox 1708 821 1890 887; x_wconf 90' lang='lat' dir='ltr'><strong>habet,</strong></span> <span class='ocrx_word' id='word_1_34' title='bbox 1912 826 1964 873; x_wconf 86' lang='lat' dir='ltr'><strong>ct</strong></span> <span class='ocrx_word' id='word_1_35' title='bbox 1987 818 2135 871; x_wconf 92' lang='lat' dir='ltr'><strong>timet</strong></span> 
     </span>
    </p>
   </div>
   <div class='ocr_carea' id='block_1_6' title="bbox 555 910 2137 994">
    <p class='ocr_par' dir='ltr' id='par_1_6' title="bbox 555 910 2137 994">
     <span class='ocr_line' id='line_1_6' title="bbox 555 910 2137 994; baseline -0.021 -2"><span class='ocrx_word' id='word_1_36' title='bbox 555 940 684 994; x_wconf 81' lang='lat' dir='ltr'><strong>dare</strong></span> <span class='ocrx_word' id='word_1_37' title='bbox 707 952 776 992; x_wconf 88' lang='lat' dir='ltr'><strong>ne</strong></span> <span class='ocrx_word' id='word_1_38' title='bbox 801 933 975 991; x_wconf 88' lang='lat' dir='ltr'><strong>minus</strong></span> <span class='ocrx_word' id='word_1_39' title='bbox 998 929 1210 983; x_wconf 87' lang='lat' dir='ltr'><strong>habeat.</strong></span> <span class='ocrx_word' id='word_1_40' title='bbox 1238 924 1328 977; x_wconf 79' lang='lat' dir='ltr'><strong>V’is</strong></span> <span class='ocrx_word' id='word_1_41' title='bbox 1355 935 1512 976; x_wconf 89' lang='lat' dir='ltr'><strong>nosse</strong></span> <span class='ocrx_word' id='word_1_42' title='bbox 1541 913 1809 988; x_wconf 89' lang='lat' dir='ltr'><strong>quomodo</strong></span> <span class='ocrx_word' id='word_1_43' title='bbox 1837 910 1928 966; x_wconf 91' lang='lat' dir='ltr'><strong>tibi</strong></span> <span class='ocrx_word' id='word_1_44' title='bbox 1955 914 2137 976; x_wconf 80' lang='lat' dir='ltr'><strong>eroget</strong></span> 
     </span>
    </p>
   </div>
   <div class='ocr_carea' id='block_1_7' title="bbox 560 998 2136 1101">
    <p class='ocr_par' dir='ltr' id='par_1_7' title="bbox 560 998 2136 1101">
     <span class='ocr_line' id='line_1_7' title="bbox 560 998 2136 1101; baseline -0.023 -15"><span class='ocrx_word' id='word_1_45' title='bbox 560 1031 706 1085; x_wconf 79' lang='lat' dir='ltr'><strong>Deus</strong></span> <span class='ocrx_word' id='word_1_46' title='bbox 734 1017 1197 1101; x_wconf 82' lang='lat' dir='ltr'><strong>misericordiam?</strong></span> <span class='ocrx_word' id='word_1_47' title='bbox 1243 1015 1322 1070; x_wconf 91' lang='lat' dir='ltr'><strong>Tu</strong></span> <span class='ocrx_word' id='word_1_48' title='bbox 1351 1025 1509 1082; x_wconf 82' lang='lat' dir='ltr'><strong>eruga</strong></span> <span class='ocrx_word' id='word_1_49' title='bbox 1552 1007 1865 1064; x_wconf 85' lang='lat' dir='ltr'><strong>ebaritatem</strong></span> <span class='ocrx_word' id='word_1_50' title='bbox 1901 1018 1914 1055; x_wconf 90' lang='lat'><strong>:</strong></span> <span class='ocrx_word' id='word_1_51' title='bbox 1957 998 2136 1054; x_wconf 82' lang='lat' dir='ltr'><strong>videa-</strong></span> 
     </span>
    </p>
   </div>
   <div class='ocr_carea' id='block_1_8' title="bbox 560 1090 2136 1182">
    <p class='ocr_par' dir='ltr' id='par_1_8' title="bbox 560 1090 2136 1182">
     <span class='ocr_line' id='line_1_8' title="bbox 560 1090 2136 1182; baseline -0.023 -4"><span class='ocrx_word' id='word_1_52' title='bbox 560 1139 678 1178; x_wconf 88' lang='lat' dir='ltr'><strong>mus</strong></span> <span class='ocrx_word' id='word_1_53' title='bbox 703 1125 746 1176; x_wconf 87' lang='lat' dir='ltr'><strong>si</strong></span> <span class='ocrx_word' id='word_1_54' title='bbox 785 1099 921 1182; x_wconf 77' lang='lat' dir='ltr'><strong>finis,</strong></span> <span class='ocrx_word' id='word_1_55' title='bbox 961 1117 1085 1170; x_wconf 89' lang='lat' dir='ltr'><strong>dum</strong></span> <span class='ocrx_word' id='word_1_56' title='bbox 1116 1124 1321 1179; x_wconf 88' lang='lat' dir='ltr'><strong>erogas.</strong></span> <span class='ocrx_word' id='word_1_57' title='bbox 1353 1106 1558 1174; x_wconf 82' lang='lat' dir='ltr'><strong>Quanta</strong></span> <span class='ocrx_word' id='word_1_58' title='bbox 1590 1111 1672 1156; x_wconf 90' lang='lat' dir='ltr'><strong>est</strong></span> <span class='ocrx_word' id='word_1_59' title='bbox 1714 1113 1840 1168; x_wconf 90' lang='lat' dir='ltr'><strong>ergo</strong></span> <span class='ocrx_word' id='word_1_60' title='bbox 1868 1090 2136 1166; x_wconf 82' lang='lat' dir='ltr'><strong>opulentia</strong></span> 
     </span>
    </p>
   </div>
   <div class='ocr_carea' id='block_1_9' title="bbox 559 1179 2139 1282">
    <p class='ocr_par' dir='ltr' id='par_1_9' title="bbox 559 1179 2139 1282">
     <span class='ocr_line' id='line_1_9' title="bbox 559 1179 2139 1282; baseline -0.022 -13"><span class='ocrx_word' id='word_1_61' title='bbox 559 1215 612 1269; x_wconf 91' lang='lat' dir='ltr'><strong>in</strong></span> <span class='ocrx_word' id='word_1_62' title='bbox 639 1214 751 1282; x_wconf 87' lang='lat' dir='ltr'><strong>ipsa</strong></span> <span class='ocrx_word' id='word_1_63' title='bbox 779 1209 1117 1270; x_wconf 77' lang='lat' dir='ltr'><strong>Stttttmitate,</strong></span> <span class='ocrx_word' id='word_1_64' title='bbox 1149 1202 1192 1255; x_wconf 91' lang='lat' dir='ltr'><strong>si</strong></span> <span class='ocrx_word' id='word_1_65' title='bbox 1224 1206 1396 1269; x_wconf 86' lang='lat' dir='ltr'><strong>potest</strong></span> <span class='ocrx_word' id='word_1_66' title='bbox 1424 1203 1569 1249; x_wconf 87' lang='lat' dir='ltr'><strong>tanta</strong></span> <span class='ocrx_word' id='word_1_67' title='bbox 1609 1205 1729 1246; x_wconf 79' lang='lat' dir='ltr'><strong>esse</strong></span> <span class='ocrx_word' id='word_1_68' title='bbox 1774 1187 1827 1241; x_wconf 92' lang='lat' dir='ltr'><strong>in</strong></span> <span class='ocrx_word' id='word_1_69' title='bbox 1870 1179 2139 1253; x_wconf 79' lang='lat' dir='ltr'><strong>imagine?</strong></span> 
     </span>
    </p>
   </div>
   <div class='ocr_carea' id='block_1_10' title="bbox 631 1277 2143 1374">
    <p class='ocr_par' dir='ltr' id='par_1_10' title="bbox 631 1277 2143 1374">
     <span class='ocr_line' id='line_1_10' title="bbox 631 1277 2143 1374; baseline -0.024 -12"><span class='ocrx_word' id='word_1_70' title='bbox 631 1306 723 1362; x_wconf 71' lang='grc'><strong>29.</strong></span> <span class='ocrx_word' id='word_1_71' title='bbox 771 1304 926 1374; x_wconf 84' lang='lat' dir='ltr'><strong>Ergo,</strong></span> <span class='ocrx_word' id='word_1_72' title='bbox 978 1299 1186 1360; x_wconf 83' lang='lat' dir='ltr'><strong>fratres,</strong></span> <span class='ocrx_word' id='word_1_73' title='bbox 1233 1293 1298 1347; x_wconf 86' lang='lat' dir='ltr'><strong>ad</strong></span> <span class='ocrx_word' id='word_1_74' title='bbox 1347 1290 1483 1344; x_wconf 85' lang='lat' dir='ltr'><strong>hanc</strong></span> <span class='ocrx_word' id='word_1_75' title='bbox 1528 1284 1757 1340; x_wconf 82' lang='lat' dir='ltr'><strong>maxime</strong></span> <span class='ocrx_word' id='word_1_76' title='bbox 1796 1277 2143 1335; x_wconf 71' lang='lat' dir='ltr'><strong>exhortamur</strong></span> 
     </span>
    </p>
   </div>
   <div class='ocr_carea' id='block_1_11' title="bbox 561 1366 2143 1457">
    <p class='ocr_par' dir='ltr' id='par_1_11' title="bbox 561 1366 2143 1457">
     <span class='ocr_line' id='line_1_11' title="bbox 561 1366 2143 1457; baseline -0.021 -7"><span class='ocrx_word' id='word_1_77' title='bbox 561 1414 657 1453; x_wconf 86' lang='lat' dir='ltr'><strong>vos</strong></span> <span class='ocrx_word' id='word_1_78' title='bbox 694 1396 1005 1452; x_wconf 81' lang='lat' dir='ltr'><strong>charitatem</strong></span> <span class='ocrx_word' id='word_1_79' title='bbox 1026 1431 1043 1457; x_wconf 91' lang='lat'><strong>,</strong></span> <span class='ocrx_word' id='word_1_80' title='bbox 1077 1404 1179 1444; x_wconf 91' lang='lat' dir='ltr'><strong>non</strong></span> <span class='ocrx_word' id='word_1_81' title='bbox 1210 1384 1383 1439; x_wconf 90' lang='lat' dir='ltr'><strong>solum</strong></span> <span class='ocrx_word' id='word_1_82' title='bbox 1412 1381 1462 1434; x_wconf 93' lang='lat' dir='ltr'><strong>in</strong></span> <span class='ocrx_word' id='word_1_83' title='bbox 1493 1391 1589 1430; x_wconf 87' lang='lat' dir='ltr'><strong>vos</strong></span> <span class='ocrx_word' id='word_1_84' title='bbox 1629 1376 1772 1444; x_wconf 90' lang='lat' dir='ltr'><strong>ipsos</strong></span> <span class='ocrx_word' id='word_1_85' title='bbox 1791 1412 1806 1437; x_wconf 90' lang='lat'><strong>,</strong></span> <span class='ocrx_word' id='word_1_86' title='bbox 1835 1369 1928 1424; x_wconf 92' lang='lat' dir='ltr'><strong>scd</strong></span> <span class='ocrx_word' id='word_1_87' title='bbox 1970 1366 2021 1421; x_wconf 89' lang='lat' dir='ltr'><strong>in</strong></span> <span class='ocrx_word' id='word_1_88' title='bbox 2046 1377 2143 1419; x_wconf 88' lang='lat' dir='ltr'><strong>eos</strong></span> 
     </span>
    </p>
   </div>
   <div class='ocr_carea' id='block_1_12' title="bbox 562 1456 2141 1557">
    <p class='ocr_par' dir='ltr' id='par_1_12' title="bbox 562 1456 2141 1557">
     <span class='ocr_line' id='line_1_12' title="bbox 562 1456 2141 1557; baseline -0.023 -14"><span class='ocrx_word' id='word_1_89' title='bbox 562 1491 722 1543; x_wconf 74' lang='lat' dir='ltr'><strong>etiam</strong></span> <span class='ocrx_word' id='word_1_90' title='bbox 766 1485 855 1557; x_wconf 94' lang='lat' dir='ltr'><strong>qui</strong></span> <span class='ocrx_word' id='word_1_91' title='bbox 899 1482 1028 1537; x_wconf 87' lang='lat' dir='ltr'><strong>foris</strong></span> <span class='ocrx_word' id='word_1_92' title='bbox 1075 1485 1216 1540; x_wconf 90' lang='lat' dir='ltr'><strong>sunt,</strong></span> <span class='ocrx_word' id='word_1_93' title='bbox 1268 1477 1380 1529; x_wconf 85' lang='lat' dir='ltr'><strong>sive</strong></span> <span class='ocrx_word' id='word_1_94' title='bbox 1428 1469 1602 1525; x_wconf 91' lang='lat' dir='ltr'><strong>adhuc</strong></span> <span class='ocrx_word' id='word_1_95' title='bbox 1651 1461 1859 1534; x_wconf 77' lang='lat' dir='ltr'><strong>pagani,</strong></span> <span class='ocrx_word' id='word_1_96' title='bbox 1909 1456 2141 1512; x_wconf 86' lang='lat' dir='ltr'><strong>ttOttdttm</strong></span> 
     </span>
    </p>
   </div>
   <div class='ocr_carea' id='block_1_13' title="bbox 563 1549 2142 1636">
    <p class='ocr_par' dir='ltr' id='par_1_13' title="bbox 563 1549 2142 1636">
     <span class='ocr_line' id='line_1_13' title="bbox 563 1549 2142 1636; baseline -0.024 -1"><span class='ocrx_word' id='word_1_97' title='bbox 563 1580 846 1636; x_wconf 84' lang='lat' dir='ltr'><strong>credentes</strong></span> <span class='ocrx_word' id='word_1_98' title='bbox 874 1577 924 1628; x_wconf 92' lang='lat' dir='ltr'><strong>in</strong></span> <span class='ocrx_word' id='word_1_99' title='bbox 952 1571 1249 1632; x_wconf 82' lang='lat' dir='ltr'><strong>Christum,</strong></span> <span class='ocrx_word' id='word_1_100' title='bbox 1279 1567 1392 1620; x_wconf 83' lang='lat' dir='ltr'><strong>sive</strong></span> <span class='ocrx_word' id='word_1_101' title='bbox 1421 1559 1575 1616; x_wconf 64' lang='lat' dir='ltr'><strong>divisi</strong></span> <span class='ocrx_word' id='word_1_102' title='bbox 1608 1575 1635 1610; x_wconf 91' lang='lat' dir='ltr'><strong>a</strong></span> <span class='ocrx_word' id='word_1_103' title='bbox 1666 1555 1841 1618; x_wconf 87' lang='lat' dir='ltr'><strong>nobis,</strong></span> <span class='ocrx_word' id='word_1_104' title='bbox 1867 1549 2142 1605; x_wconf 84' lang='lat' dir='ltr'><strong>nobiscum</strong></span> 
     </span>
    </p>
   </div>
   <div class='ocr_carea' id='block_1_14' title="bbox 566 1643 2145 1742">
    <p class='ocr_par' dir='ltr' id='par_1_14' title="bbox 566 1643 2145 1742">
     <span class='ocr_line' id='line_1_14' title="bbox 566 1643 2145 1742; baseline -0.022 -16"><span class='ocrx_word' id='word_1_105' title='bbox 566 1681 724 1742; x_wconf 84' lang='lat' dir='ltr'><strong>caput</strong></span> <span class='ocrx_word' id='word_1_106' title='bbox 751 1668 1070 1724; x_wconf 78' lang='lat' dir='ltr'><strong>conﬁtentes</strong></span> <span class='ocrx_word' id='word_1_107' title='bbox 1095 1671 1148 1716; x_wconf 92' lang='lat' dir='ltr'><strong>et</strong></span> <span class='ocrx_word' id='word_1_108' title='bbox 1173 1676 1201 1714; x_wconf 89' lang='lat' dir='ltr'><strong>a</strong></span> <span class='ocrx_word' id='word_1_109' title='bbox 1231 1670 1457 1728; x_wconf 89' lang='lat' dir='ltr'><strong>corpore</strong></span> <span class='ocrx_word' id='word_1_110' title='bbox 1483 1648 1710 1722; x_wconf 75' lang='lat' dir='ltr'><strong>separati</strong></span> <span class='ocrx_word' id='word_1_111' title='bbox 1735 1645 1835 1717; x_wconf 88' lang='lat' dir='ltr'><strong>(a).</strong></span> <span class='ocrx_word' id='word_1_112' title='bbox 1864 1643 2145 1697; x_wconf 85' lang='lat' dir='ltr'><strong>Doleamus</strong></span> 
     </span>
    </p>
   </div>
   <div class='ocr_carea' id='block_1_15' title="bbox 564 1733 2144 1826">
    <p class='ocr_par' dir='ltr' id='par_1_15' title="bbox 564 1733 2144 1826">
     <span class='ocr_line' id='line_1_15' title="bbox 564 1733 2144 1826; baseline -0.023 -7"><span class='ocrx_word' id='word_1_113' title='bbox 564 1766 706 1826; x_wconf 85' lang='lat' dir='ltr'><strong>illos,</strong></span> <span class='ocrx_word' id='word_1_114' title='bbox 739 1760 952 1822; x_wconf 82' lang='lat' dir='ltr'><strong>fratres,</strong></span> <span class='ocrx_word' id='word_1_115' title='bbox 983 1765 1228 1824; x_wconf 85' lang='lat' dir='ltr'><strong>tanquam</strong></span> <span class='ocrx_word' id='word_1_116' title='bbox 1256 1750 1444 1805; x_wconf 81' lang='lat' dir='ltr'><strong>fratres</strong></span> <span class='ocrx_word' id='word_1_117' title='bbox 1475 1751 1706 1800; x_wconf 91' lang='lat' dir='ltr'><strong>nostros.</strong></span> <span class='ocrx_word' id='word_1_118' title='bbox 1740 1739 1916 1792; x_wconf 66' lang='lat' dir='ltr'><strong>\‘ciiut</strong></span> <span class='ocrx_word' id='word_1_119' title='bbox 1955 1733 2144 1800; x_wconf 89' lang='lat' dir='ltr'><strong>nolint,</strong></span> 
     </span>
    </p>
   </div>
   <div class='ocr_carea' id='block_1_16' title="bbox 569 1823 2146 1909">
    <p class='ocr_par' dir='ltr' id='par_1_16' title="bbox 569 1823 2146 1909">
     <span class='ocr_line' id='line_1_16' title="bbox 569 1823 2146 1909; baseline -0.022 1"><span class='ocrx_word' id='word_1_120' title='bbox 569 1859 761 1909; x_wconf 79' lang='lat' dir='ltr'><strong>fratres</strong></span> <span class='ocrx_word' id='word_1_121' title='bbox 789 1849 955 1906; x_wconf 79' lang='lat' dir='ltr'><strong>nostri</strong></span> <span class='ocrx_word' id='word_1_122' title='bbox 985 1823 1128 1903; x_wconf 85' lang='lat' dir='ltr'><strong>sunt.</strong></span> <span class='ocrx_word' id='word_1_123' title='bbox 1156 1843 1306 1898; x_wconf 83' lang='lat' dir='ltr'><strong>Tune</strong></span> <span class='ocrx_word' id='word_1_124' title='bbox 1327 1854 1447 1896; x_wconf 91' lang='lat' dir='ltr'><strong>esse</strong></span> <span class='ocrx_word' id='word_1_125' title='bbox 1466 1836 1712 1892; x_wconf 89' lang='lat' dir='ltr'><strong>desinent</strong></span> <span class='ocrx_word' id='word_1_126' title='bbox 1743 1830 1930 1885; x_wconf 79' lang='lat' dir='ltr'><strong>fmtres</strong></span> <span class='ocrx_word' id='word_1_127' title='bbox 1959 1823 2146 1888; x_wconf 79' lang='lat' dir='ltr'><strong>nostri,</strong></span> 
     </span>
    </p>
   </div>
   <div class='ocr_carea' id='block_1_17' title="bbox 569 1914 2152 2002">
    <p class='ocr_par' dir='ltr' id='par_1_17' title="bbox 569 1914 2152 2002">
     <span class='ocr_line' id='line_1_17' title="bbox 569 1914 2152 2002; baseline -0.021 -1"><span class='ocrx_word' id='word_1_128' title='bbox 569 1949 612 2001; x_wconf 80' lang='lat' dir='ltr'><strong>si</strong></span> <span class='ocrx_word' id='word_1_129' title='bbox 640 1944 898 2002; x_wconf 70' lang='lat' dir='ltr'><strong>desierint</strong></span> <span class='ocrx_word' id='word_1_130' title='bbox 924 1941 1124 2002; x_wconf 82' lang='lat' dir='ltr'><strong>dicere,</strong></span> <span class='ocrx_word' id='word_1_131' title='bbox 1146 1935 1301 1990; x_wconf 78' lang='lat' dir='ltr'><strong>Pater</strong></span> <span class='ocrx_word' id='word_1_132' title='bbox 1323 1941 1488 1986; x_wconf 87' lang='lat' dir='ltr'><strong>noster</strong></span> <span class='ocrx_word' id='word_1_133' title='bbox 1507 1925 1717 2000; x_wconf 81' lang='lat' dir='ltr'><strong>(Matth.</strong></span> <span class='ocrx_word' id='word_1_134' title='bbox 1736 1938 1809 1985; x_wconf 90' lang='lat' dir='ltr'><strong>vt,</strong></span> <span class='ocrx_word' id='word_1_135' title='bbox 1827 1919 1906 1991; x_wconf 87' lang='lat'><strong>9).</strong></span> <span class='ocrx_word' id='word_1_136' title='bbox 1927 1916 2064 1972; x_wconf 85' lang='lat' dir='ltr'><strong>Dixit</strong></span> <span class='ocrx_word' id='word_1_137' title='bbox 2085 1914 2152 1969; x_wconf 85' lang='lat' dir='ltr'><strong>de</strong></span> 
     </span>
    </p>
   </div>
   <div class='ocr_carea' id='block_1_18' title="bbox 567 2005 2153 2107">
    <p class='ocr_par' dir='ltr' id='par_1_18' title="bbox 567 2005 2153 2107">
     <span class='ocr_line' id='line_1_18' title="bbox 567 2005 2153 2107; baseline -0.02 -16"><span class='ocrx_word' id='word_1_138' title='bbox 567 2037 883 2107; x_wconf 65' lang='lat' dir='ltr'><strong>quibusdam</strong></span> <span class='ocrx_word' id='word_1_139' title='bbox 919 2030 1174 2102; x_wconf 73' lang='lat' dir='ltr'><strong>propheta</strong></span> <span class='ocrx_word' id='word_1_140' title='bbox 1207 2045 1219 2081; x_wconf 90' lang='lat'>:</span> <span class='ocrx_word' id='word_1_141' title='bbox 1259 2025 1352 2080; x_wconf 83' lang='lat' dir='ltr'><strong>llis</strong></span> <span class='ocrx_word' id='word_1_142' title='bbox 1376 2023 1462 2094; x_wconf 84' lang='lat' dir='ltr'><strong>qui</strong></span> <span class='ocrx_word' id='word_1_143' title='bbox 1490 2021 1660 2073; x_wconf 79' lang='lat' dir='ltr'><strong>dicunt</strong></span> <span class='ocrx_word' id='word_1_144' title='bbox 1687 2015 1853 2078; x_wconf 78' lang='lat' dir='ltr'><strong>vobis,</strong></span> <span class='ocrx_word' id='word_1_145' title='bbox 1888 2009 2008 2065; x_wconf 87' lang='lat' dir='ltr'><strong>Non</strong></span> <span class='ocrx_word' id='word_1_146' title='bbox 2035 2005 2153 2082; x_wconf 79' lang='lat' dir='ltr'><strong>estis</strong></span> 
     </span>
    </p>
   </div>
   <div class='ocr_carea' id='block_1_19' title="bbox 571 2095 2151 2198">
    <p class='ocr_par' dir='ltr' id='par_1_19' title="bbox 571 2095 2151 2198">
     <span class='ocr_line' id='line_1_19' title="bbox 571 2095 2151 2198; baseline -0.019 -16"><span class='ocrx_word' id='word_1_147' title='bbox 571 2132 754 2198; x_wconf 80' lang='lat' dir='ltr'><strong>fratres</strong></span> <span class='ocrx_word' id='word_1_148' title='bbox 778 2126 936 2180; x_wconf 88' lang='lat' dir='ltr'><strong>nostri</strong></span> <span class='ocrx_word' id='word_1_149' title='bbox 957 2142 972 2188; x_wconf 90' lang='lat'><em>;</em></span> <span class='ocrx_word' id='word_1_150' title='bbox 1002 2123 1172 2184; x_wconf 80' lang='lat' dir='ltr'><strong>dicite,</strong></span> <span class='ocrx_word' id='word_1_151' title='bbox 1200 2116 1410 2172; x_wconf 80' lang='lat' dir='ltr'><strong>Fratres</strong></span> <span class='ocrx_word' id='word_1_152' title='bbox 1437 2110 1596 2166; x_wconf 82' lang='lat' dir='ltr'><strong>nostri</strong></span> <span class='ocrx_word' id='word_1_153' title='bbox 1621 2108 1736 2162; x_wconf 86' lang='lat' dir='ltr'><strong>estis</strong></span> <span class='ocrx_word' id='word_1_154' title='bbox 1759 2102 1907 2178; x_wconf 84' lang='lat' dir='ltr'><strong>(Isai.</strong></span> <span class='ocrx_word' id='word_1_155' title='bbox 1934 2113 2074 2161; x_wconf 73' lang='grc' dir='ltr'>ιιι-ι,</span> <span class='ocrx_word' id='word_1_156' title='bbox 2095 2095 2151 2163; x_wconf 87' lang='lat'><strong>5,</strong></span> 
     </span>
    </p>
   </div>
   <div class='ocr_carea' id='block_1_20' title="bbox 571 2194 2156 2284">
    <p class='ocr_par' dir='ltr' id='par_1_20' title="bbox 571 2194 2156 2284">
     <span class='ocr_line' id='line_1_20' title="bbox 571 2194 2156 2284; baseline -0.02 -10"><span class='ocrx_word' id='word_1_157' title='bbox 571 2194 669 2273; x_wconf 73' lang='lat' dir='ltr'><strong>sec.</strong></span> <span class='ocrx_word' id='word_1_158' title='bbox 696 2214 881 2284; x_wconf 76' lang='lat' dir='ltr'><strong>LXX).</strong></span> <span class='ocrx_word' id='word_1_159' title='bbox 906 2208 1305 2279; x_wconf 78' lang='lat' dir='ltr'><strong>CircumSpicite</strong></span> <span class='ocrx_word' id='word_1_160' title='bbox 1325 2204 1394 2260; x_wconf 90' lang='lat' dir='ltr'><strong>de</strong></span> <span class='ocrx_word' id='word_1_161' title='bbox 1419 2201 1610 2272; x_wconf 85' lang='lat' dir='ltr'><strong>quibus</strong></span> <span class='ocrx_word' id='word_1_162' title='bbox 1637 2197 1739 2251; x_wconf 93' lang='lat' dir='ltr'><strong>boe</strong></span> <span class='ocrx_word' id='word_1_163' title='bbox 1765 2194 1943 2248; x_wconf 87' lang='lat' dir='ltr'><strong>dicere</strong></span> <span class='ocrx_word' id='word_1_164' title='bbox 1971 2197 2156 2260; x_wconf 67' lang='lat' dir='ltr'><strong>potae&quot;</strong></span> 
     </span>
    </p>
   </div>
   <div class='ocr_carea' id='block_1_21' title="bbox 573 2280 2158 2377">
    <p class='ocr_par' dir='ltr' id='par_1_21' title="bbox 573 2280 2158 2377">
     <span class='ocr_line' id='line_1_21' title="bbox 573 2280 2158 2377; baseline -0.021 -13"><span class='ocrx_word' id='word_1_165' title='bbox 573 2311 640 2364; x_wconf 88' lang='lat' dir='ltr'><strong>rit</strong></span> <span class='ocrx_word' id='word_1_166' title='bbox 670 2326 683 2363; x_wconf 93' lang='lat'>:</span> <span class='ocrx_word' id='word_1_167' title='bbox 720 2280 975 2377; x_wconf 69' lang='lat' dir='ltr'><strong>numquid</strong></span> <span class='ocrx_word' id='word_1_168' title='bbox 1003 2302 1074 2357; x_wconf 91' lang='lat' dir='ltr'><strong>de</strong></span> <span class='ocrx_word' id='word_1_169' title='bbox 1099 2295 1368 2370; x_wconf 78' lang='lat' dir='ltr'><strong>Paganis?</strong></span> <span class='ocrx_word' id='word_1_170' title='bbox 1401 2291 1541 2358; x_wconf 81' lang='lat' dir='ltr'><strong>Non,</strong></span> <span class='ocrx_word' id='word_1_171' title='bbox 1571 2301 1742 2358; x_wconf 90' lang='lat' dir='ltr'><strong>neque</strong></span> <span class='ocrx_word' id='word_1_172' title='bbox 1765 2284 1909 2340; x_wconf 85' lang='lat' dir='ltr'><strong>enim</strong></span> <span class='ocrx_word' id='word_1_173' title='bbox 1932 2280 2158 2336; x_wconf 79' lang='lat' dir='ltr'><strong>dicimus</strong></span> 
     </span>
    </p>
   </div>
   <div class='ocr_carea' id='block_1_22' title="bbox 575 2367 2158 2454">
    <p class='ocr_par' dir='ltr' id='par_1_22' title="bbox 575 2367 2158 2454">
     <span class='ocr_line' id='line_1_22' title="bbox 575 2367 2158 2454; baseline -0.021 -1"><span class='ocrx_word' id='word_1_174' title='bbox 575 2415 671 2454; x_wconf 79' lang='lat' dir='ltr'><strong>eos</strong></span> <span class='ocrx_word' id='word_1_175' title='bbox 703 2399 893 2451; x_wconf 82' lang='lat' dir='ltr'><strong>fratres</strong></span> <span class='ocrx_word' id='word_1_176' title='bbox 924 2402 1135 2449; x_wconf 88' lang='lat' dir='ltr'><strong>nostros</strong></span> <span class='ocrx_word' id='word_1_177' title='bbox 1171 2367 1462 2444; x_wconf 83' lang='lat' dir='ltr'><strong>secundum</strong></span> <span class='ocrx_word' id='word_1_178' title='bbox 1489 2380 1791 2450; x_wconf 90' lang='lat' dir='ltr'><strong>Seripturas</strong></span> <span class='ocrx_word' id='word_1_179' title='bbox 1820 2383 1870 2428; x_wconf 91' lang='lat' dir='ltr'><strong>et</strong></span> <span class='ocrx_word' id='word_1_180' title='bbox 1901 2367 2158 2427; x_wconf 69' lang='lat' dir='ltr'><strong>ecclesia-</strong></span> 
     </span>
    </p>
   </div>
   <div class='ocr_carea' id='block_1_23' title="bbox 575 2459 2158 2556">
    <p class='ocr_par' dir='ltr' id='par_1_23' title="bbox 575 2459 2158 2556">
     <span class='ocr_line' id='line_1_23' title="bbox 575 2459 2158 2556; baseline -0.018 -13"><span class='ocrx_word' id='word_1_181' title='bbox 575 2491 766 2544; x_wconf 59' lang='lat' dir='ltr'><strong>s:ieut‘n</strong></span> <span class='ocrx_word' id='word_1_182' title='bbox 801 2482 1048 2556; x_wconf 87' lang='lat' dir='ltr'><strong>loquendi</strong></span> <span class='ocrx_word' id='word_1_183' title='bbox 1094 2493 1320 2536; x_wconf 87' lang='lat' dir='ltr'><strong>morem.</strong></span> <span class='ocrx_word' id='word_1_184' title='bbox 1359 2469 1626 2542; x_wconf 78' lang='lat' dir='ltr'><strong>Numquid</strong></span> <span class='ocrx_word' id='word_1_185' title='bbox 1655 2468 1722 2524; x_wconf 88' lang='lat' dir='ltr'><strong>de</strong></span> <span class='ocrx_word' id='word_1_186' title='bbox 1749 2464 1947 2522; x_wconf 84' lang='lat' dir='ltr'><strong>Juda:is</strong></span> <span class='ocrx_word' id='word_1_187' title='bbox 1985 2459 2074 2532; x_wconf 83' lang='lat' dir='ltr'><strong>qai</strong></span> <span class='ocrx_word' id='word_1_188' title='bbox 2104 2460 2158 2515; x_wconf 86' lang='lat' dir='ltr'><strong>in</strong></span> 
     </span>
    </p>
   </div>
   <div class='ocr_carea' id='block_1_24' title="bbox 577 2557 2157 2640">
    <p class='ocr_par' dir='ltr' id='par_1_24' title="bbox 577 2557 2157 2640">
     <span class='ocr_line' id='line_1_24' title="bbox 577 2557 2157 2640; baseline -0.02 -3"><span class='ocrx_word' id='word_1_189' title='bbox 577 2585 845 2640; x_wconf 68' lang='lat' dir='ltr'><strong>tibrisnnn</strong></span> <span class='ocrx_word' id='word_1_190' title='bbox 891 2596 997 2636; x_wconf 92' lang='lat' dir='ltr'><strong>non</strong></span> <span class='ocrx_word' id='word_1_191' title='bbox 1041 2569 1425 2633; x_wconf 88' lang='lat' dir='ltr'><strong>crediderunt?</strong></span> <span class='ocrx_word' id='word_1_192' title='bbox 1473 2566 1655 2636; x_wconf 84' lang='lat' dir='ltr'><strong>Legite</strong></span> <span class='ocrx_word' id='word_1_193' title='bbox 1706 2557 2058 2630; x_wconf 72' lang='lat' dir='ltr'><strong>Apostolunt,</strong></span> <span class='ocrx_word' id='word_1_194' title='bbox 2108 2561 2157 2608; x_wconf 91' lang='lat' dir='ltr'><strong>et</strong></span> 
     </span>
    </p>
   </div>
   <div class='ocr_carea' id='block_1_25' title="bbox 579 2645 2162 2746">
    <p class='ocr_par' dir='ltr' id='par_1_25' title="bbox 579 2645 2162 2746">
     <span class='ocr_line' id='line_1_25' title="bbox 579 2645 2162 2746; baseline -0.019 -16"><span class='ocrx_word' id='word_1_195' title='bbox 579 2679 762 2733; x_wconf 79' lang='lat' dir='ltr'><strong>videte</strong></span> <span class='ocrx_word' id='word_1_196' title='bbox 779 2675 899 2746; x_wconf 87' lang='lat' dir='ltr'><strong>quia</strong></span> <span class='ocrx_word' id='word_1_197' title='bbox 924 2673 1116 2730; x_wconf 79' lang='lat' dir='ltr'><strong>fratres</strong></span> <span class='ocrx_word' id='word_1_198' title='bbox 1143 2664 1355 2739; x_wconf 85' lang='lat' dir='ltr'><strong>quando</strong></span> <span class='ocrx_word' id='word_1_199' title='bbox 1381 2661 1511 2717; x_wconf 88' lang='lat' dir='ltr'><strong>dicit</strong></span> <span class='ocrx_word' id='word_1_200' title='bbox 1534 2654 1820 2728; x_wconf 81' lang='lat' dir='ltr'><strong>Apostolus</strong></span> <span class='ocrx_word' id='word_1_201' title='bbox 1845 2650 1961 2705; x_wconf 84' lang='lat' dir='ltr'><strong>sine</strong></span> <span class='ocrx_word' id='word_1_202' title='bbox 1985 2645 2162 2715; x_wconf 88' lang='lat' dir='ltr'><strong>aliquo</strong></span> 
     </span>
    </p>
   </div>
   <div class='ocr_carea' id='block_1_26' title="bbox 579 2737 2162 2830">
    <p class='ocr_par' dir='ltr' id='par_1_26' title="bbox 579 2737 2162 2830">
     <span class='ocr_line' id='line_1_26' title="bbox 579 2737 2162 2830; baseline -0.022 -4"><span class='ocrx_word' id='word_1_203' title='bbox 579 2737 966 2830; x_wconf 67' lang='lat' dir='ltr'><strong>additauiento,</strong></span> <span class='ocrx_word' id='word_1_204' title='bbox 989 2779 1096 2818; x_wconf 88' lang='lat' dir='ltr'><strong>non</strong></span> <span class='ocrx_word' id='word_1_205' title='bbox 1127 2737 1237 2814; x_wconf 66' lang='lat' dir='ltr'><strong>vnn</strong></span> <span class='ocrx_word' id='word_1_206' title='bbox 1267 2752 1487 2823; x_wconf 86' lang='lat' dir='ltr'><strong>intelligi</strong></span> <span class='ocrx_word' id='word_1_207' title='bbox 1515 2749 1615 2806; x_wconf 79' lang='lat' dir='ltr'><strong>nisi</strong></span> <span class='ocrx_word' id='word_1_208' title='bbox 1642 2744 2008 2801; x_wconf 81' lang='lat' dir='ltr'><strong>Christianos:</strong></span> <span class='ocrx_word' id='word_1_209' title='bbox 2042 2737 2162 2793; x_wconf 71' lang='lat' dir='ltr'><strong>Non</strong></span> 
     </span>
    </p>
   </div>
   <div class='ocr_carea' id='block_1_27' title="bbox 582 2833 2161 2925">
    <p class='ocr_par' dir='ltr' id='par_1_27' title="bbox 582 2833 2161 2925">
     <span class='ocr_line' id='line_1_27' title="bbox 582 2833 2161 2925; baseline -0.022 -6"><span class='ocrx_word' id='word_1_210' title='bbox 582 2873 656 2919; x_wconf 80' lang='lat' dir='ltr'><strong>est</strong></span> <span class='ocrx_word' id='word_1_211' title='bbox 680 2872 848 2915; x_wconf 74' lang='lat' dir='ltr'><strong>mitem</strong></span> <span class='ocrx_word' id='word_1_212' title='bbox 876 2857 1159 2925; x_wconf 74' lang='lat' dir='ltr'><strong>subiectus,</strong></span> <span class='ocrx_word' id='word_1_213' title='bbox 1193 2849 1360 2922; x_wconf 90' lang='lat' dir='ltr'><strong>inquit</strong></span> <span class='ocrx_word' id='word_1_214' title='bbox 1381 2889 1397 2914; x_wconf 91' lang='lat'><strong>,</strong></span> <span class='ocrx_word' id='word_1_215' title='bbox 1428 2847 1583 2917; x_wconf 79' lang='lat' dir='ltr'><strong>frater</strong></span> <span class='ocrx_word' id='word_1_216' title='bbox 1608 2849 1692 2894; x_wconf 86' lang='lat' dir='ltr'><strong>aut</strong></span> <span class='ocrx_word' id='word_1_217' title='bbox 1724 2853 1868 2893; x_wconf 87' lang='lat' dir='ltr'><strong>soror</strong></span> <span class='ocrx_word' id='word_1_218' title='bbox 1897 2835 1949 2888; x_wconf 89' lang='lat' dir='ltr'><strong>in</strong></span> <span class='ocrx_word' id='word_1_219' title='bbox 1982 2833 2161 2902; x_wconf 82' lang='lat' dir='ltr'><strong>hujus-</strong></span> 
     </span>
    </p>
   </div>
   <div class='ocr_carea' id='block_1_28' title="bbox 581 2922 2164 3023">
    <p class='ocr_par' dir='ltr' id='par_1_28' title="bbox 581 2922 2164 3023">
     <span class='ocr_line' id='line_1_28' title="bbox 581 2922 2164 3023; baseline -0.021 -16"><span class='ocrx_word' id='word_1_220' title='bbox 581 2953 719 3007; x_wconf 80' lang='lat' dir='ltr'><strong>modi</strong></span> <span class='ocrx_word' id='word_1_221' title='bbox 750 2951 798 3023; x_wconf 95' lang='lat' dir='ltr'><strong>(t</strong></span> <span class='ocrx_word' id='word_1_222' title='bbox 825 2947 943 3005; x_wconf 86' lang='lat' dir='ltr'><strong>Cor.</strong></span> <span class='ocrx_word' id='word_1_223' title='bbox 968 2922 1040 3002; x_wconf 80' lang='lat' dir='ltr'><strong>vn</strong></span> <span class='ocrx_word' id='word_1_224' title='bbox 1061 2987 1077 3013; x_wconf 94' lang='lat'><strong>,</strong></span> <span class='ocrx_word' id='word_1_225' title='bbox 1108 2942 1206 3014; x_wconf 82' lang='lat' dir='ltr'><strong>i5)</strong></span> <span class='ocrx_word' id='word_1_226' title='bbox 1233 2956 1248 2995; x_wconf 87' lang='lat'><strong>:</strong></span> <span class='ocrx_word' id='word_1_227' title='bbox 1276 2955 1399 2995; x_wconf 92' lang='lat' dir='ltr'><strong>eum</strong></span> <span class='ocrx_word' id='word_1_228' title='bbox 1423 2936 1623 2991; x_wconf 87' lang='lat' dir='ltr'><strong>diceret</strong></span> <span class='ocrx_word' id='word_1_229' title='bbox 1649 2931 1716 3016; x_wconf 84' lang='lat' dir='ltr'><strong>de</strong></span> <span class='ocrx_word' id='word_1_230' title='bbox 1743 2924 1990 2996; x_wconf 86' lang='lat' dir='ltr'><strong>eonjugin</strong></span> <span class='ocrx_word' id='word_1_231' title='bbox 2010 2964 2026 2988; x_wconf 93' lang='lat'><strong>,</strong></span> <span class='ocrx_word' id='word_1_232' title='bbox 2056 2922 2164 2976; x_wconf 88' lang='lat' dir='ltr'><strong>fra-</strong></span> 
     </span>
    </p>
   </div>
   <div class='ocr_carea' id='block_1_29' title="bbox 585 3014 2163 3101">
    <p class='ocr_par' dir='ltr' id='par_1_29' title="bbox 585 3014 2163 3101">
     <span class='ocr_line' id='line_1_29' title="bbox 585 3014 2163 3101; baseline -0.022 -1"><span class='ocrx_word' id='word_1_233' title='bbox 585 3057 720 3101; x_wconf 89' lang='lat' dir='ltr'><strong>trem</strong></span> <span class='ocrx_word' id='word_1_234' title='bbox 758 3052 814 3098; x_wconf 94' lang='lat' dir='ltr'><strong>et</strong></span> <span class='ocrx_word' id='word_1_235' title='bbox 858 3054 1100 3096; x_wconf 88' lang='lat' dir='ltr'><strong>sororem</strong></span> <span class='ocrx_word' id='word_1_236' title='bbox 1134 3036 1270 3091; x_wconf 90' lang='lat' dir='ltr'><strong>dixit</strong></span> <span class='ocrx_word' id='word_1_237' title='bbox 1302 3029 1650 3086; x_wconf 82' lang='lat' dir='ltr'><strong>christianum</strong></span> <span class='ocrx_word' id='word_1_238' title='bbox 1682 3014 1764 3076; x_wconf 78' lang='lat' dir='ltr'><strong>vel</strong></span> <span class='ocrx_word' id='word_1_239' title='bbox 1801 3018 2163 3075; x_wconf 87' lang='lat' dir='ltr'><strong>ehristianam.</strong></span> 
     </span>
    </p>
   </div>
   <div class='ocr_carea' id='block_1_30' title="bbox 585 3114 2169 3194">
    <p class='ocr_par' dir='ltr' id='par_1_30' title="bbox 585 3114 2169 3194">
     <span class='ocr_line' id='line_1_30' title="bbox 585 3114 2169 3194; baseline -0.022 -1"><span class='ocrx_word' id='word_1_240' title='bbox 585 3139 716 3193; x_wconf 89' lang='lat' dir='ltr'><strong>Item</strong></span> <span class='ocrx_word' id='word_1_241' title='bbox 747 3135 875 3191; x_wconf 87' lang='lat' dir='ltr'><strong>dicit</strong></span> <span class='ocrx_word' id='word_1_242' title='bbox 902 3152 915 3188; x_wconf 89' lang='lat'><strong>:</strong></span> <span class='ocrx_word' id='word_1_243' title='bbox 939 3131 1018 3187; x_wconf 86' lang='lat' dir='ltr'><strong>Tu</strong></span> <span class='ocrx_word' id='word_1_244' title='bbox 1047 3138 1212 3182; x_wconf 88' lang='lat' dir='ltr'><strong>autem</strong></span> <span class='ocrx_word' id='word_1_245' title='bbox 1239 3123 1360 3194; x_wconf 80' lang='lat' dir='ltr'><strong>quid</strong></span> <span class='ocrx_word' id='word_1_246' title='bbox 1392 3120 1598 3191; x_wconf 77' lang='lat' dir='ltr'><strong>judicas</strong></span> <span class='ocrx_word' id='word_1_247' title='bbox 1644 3117 1852 3187; x_wconf 87' lang='lat' dir='ltr'><strong>fratrent</strong></span> <span class='ocrx_word' id='word_1_248' title='bbox 1880 3121 2051 3173; x_wconf 84' lang='lat' dir='ltr'><strong>tuum,</strong></span> <span class='ocrx_word' id='word_1_249' title='bbox 2081 3114 2169 3159; x_wconf 83' lang='lat' dir='ltr'><strong>aut</strong></span> 
     </span>
    </p>
   </div>
   <div class='ocr_carea' id='block_1_31' title="bbox 586 3197 2171 3299">
    <p class='ocr_par' dir='ltr' id='par_1_31' title="bbox 586 3197 2171 3299">
     <span class='ocr_line' id='line_1_31' title="bbox 586 3197 2171 3299; baseline -0.02 -17"><span class='ocrx_word' id='word_1_250' title='bbox 586 3241 640 3282; x_wconf 87' lang='lat' dir='ltr'><strong>tu</strong></span> <span class='ocrx_word' id='word_1_251' title='bbox 671 3228 790 3299; x_wconf 77' lang='lat' dir='ltr'><strong>quid</strong></span> <span class='ocrx_word' id='word_1_252' title='bbox 813 3223 1007 3295; x_wconf 85' lang='lat' dir='ltr'><strong>spernis</strong></span> <span class='ocrx_word' id='word_1_253' title='bbox 1035 3225 1242 3292; x_wconf 79' lang='lat' dir='ltr'><strong>fratrem</strong></span> <span class='ocrx_word' id='word_1_254' title='bbox 1275 3224 1414 3268; x_wconf 87' lang='lat' dir='ltr'><strong>tuum</strong></span> <span class='ocrx_word' id='word_1_255' title='bbox 1444 3209 1619 3281; x_wconf 76' lang='lat' dir='ltr'><strong>(liam.</strong></span> <span class='ocrx_word' id='word_1_256' title='bbox 1649 3221 1761 3268; x_wconf 79' lang='lat' dir='ltr'><strong>xiv,</strong></span> <span class='ocrx_word' id='word_1_257' title='bbox 1800 3201 1928 3272; x_wconf 84' lang='lat' dir='ltr'><strong>l0)?</strong></span> <span class='ocrx_word' id='word_1_258' title='bbox 1976 3199 2041 3254; x_wconf 83' lang='lat' dir='ltr'><strong>Et</strong></span> <span class='ocrx_word' id='word_1_259' title='bbox 2065 3197 2171 3251; x_wconf 87' lang='lat' dir='ltr'><strong>alio</strong></span> 
     </span>
    </p>
   </div>
   <div class='ocr_carea' id='block_1_32' title="bbox 587 3291 2172 3384">
    <p class='ocr_par' dir='ltr' id='par_1_32' title="bbox 587 3291 2172 3384">
     <span class='ocr_line' id='line_1_32' title="bbox 587 3291 2172 3384; baseline -0.021 -8"><span class='ocrx_word' id='word_1_260' title='bbox 587 3291 741 3384; x_wconf 67' lang='lat' dir='ltr'><strong>love,</strong></span> <span class='ocrx_word' id='word_1_261' title='bbox 775 3291 873 3372; x_wconf 76' lang='lat' dir='ltr'><strong>Vos</strong></span> <span class='ocrx_word' id='word_1_262' title='bbox 895 3357 910 3380; x_wconf 93' lang='lat'><strong>,</strong></span> <span class='ocrx_word' id='word_1_263' title='bbox 941 3314 994 3368; x_wconf 91' lang='lat' dir='ltr'><strong>in</strong></span> <span class='ocrx_word' id='word_1_264' title='bbox 1017 3291 1109 3381; x_wconf 85' lang='lat' dir='ltr'><strong>ptit</strong></span> <span class='ocrx_word' id='word_1_265' title='bbox 1133 3349 1148 3374; x_wconf 90' lang='lat'><strong>,</strong></span> <span class='ocrx_word' id='word_1_266' title='bbox 1192 3305 1506 3377; x_wconf 80' lang='lat' dir='ltr'><strong>iniquitatem</strong></span> <span class='ocrx_word' id='word_1_267' title='bbox 1535 3299 1701 3373; x_wconf 85' lang='lat' dir='ltr'><strong>facitis</strong></span> <span class='ocrx_word' id='word_1_268' title='bbox 1729 3306 1773 3350; x_wconf 86' lang='lat' dir='ltr'><strong>et</strong></span> <span class='ocrx_word' id='word_1_269' title='bbox 1805 3291 2094 3364; x_wconf 81' lang='lat' dir='ltr'><strong>fraudatis,</strong></span> <span class='ocrx_word' id='word_1_270' title='bbox 2125 3297 2172 3344; x_wconf 80' lang='lat' dir='ltr'><strong>et</strong></span> 
     </span>
    </p>
   </div>
   <div class='ocr_carea' id='block_1_33' title="bbox 588 3379 2216 3478">
    <p class='ocr_par' dir='ltr' id='par_1_33' title="bbox 588 3379 2216 3478">
     <span class='ocr_line' id='line_1_33' title="bbox 588 3379 2216 3478; baseline -0.018 -13"><span class='ocrx_word' id='word_1_271' title='bbox 588 3414 682 3466; x_wconf 76' lang='lat' dir='ltr'><strong>hoc</strong></span> <span class='ocrx_word' id='word_1_272' title='bbox 709 3379 946 3478; x_wconf 78' lang='lat' dir='ltr'><strong>fratribus</strong></span> <span class='ocrx_word' id='word_1_273' title='bbox 972 3405 990 3476; x_wconf 91' lang='lat'><strong>(</strong></span> <span class='ocrx_word' id='word_1_274' title='bbox 1012 3379 1026 3455; x_wconf 89' lang='lat' dir='ltr'><strong>i</strong></span> <span class='ocrx_word' id='word_1_275' title='bbox 1050 3400 1168 3458; x_wconf 89' lang='lat' dir='ltr'><strong>Cor.</strong></span> <span class='ocrx_word' id='word_1_276' title='bbox 1196 3414 1269 3464; x_wconf 87' lang='lat' dir='ltr'><strong>vt,</strong></span> <span class='ocrx_word' id='word_1_277' title='bbox 1296 3398 1384 3466; x_wconf 86' lang='lat'><strong>8).</strong></span> <span class='ocrx_word' id='word_1_278' title='bbox 1419 3392 1505 3449; x_wconf 77' lang='lat' dir='ltr'><strong>Isti</strong></span> <span class='ocrx_word' id='word_1_279' title='bbox 1535 3406 1662 3460; x_wconf 86' lang='lat' dir='ltr'><strong>ergo</strong></span> <span class='ocrx_word' id='word_1_280' title='bbox 1691 3387 1779 3460; x_wconf 90' lang='lat' dir='ltr'><strong>qui</strong></span> <span class='ocrx_word' id='word_1_281' title='bbox 1808 3385 2026 3445; x_wconf 86' lang='lat' dir='ltr'><strong>dicunt,</strong></span> <span class='ocrx_word' id='word_1_282' title='bbox 2057 3379 2170 3434; x_wconf 80' lang='lat' dir='ltr'><strong>N&#39;On</strong></span> <span class='ocrx_word' id='word_1_283' title='bbox 2203 3418 2216 3435; x_wconf 62' lang='grc' dir='ltr'><strong>ι</strong></span> 
     </span>
    </p>
   </div>
   <div class='ocr_carea' id='block_1_34' title="bbox 590 3475 2172 3562">
    <p class='ocr_par' dir='ltr' id='par_1_34' title="bbox 590 3475 2172 3562">
     <span class='ocr_line' id='line_1_34' title="bbox 590 3475 2172 3562; baseline -0.02 -2"><span class='ocrx_word' id='word_1_284' title='bbox 590 3506 721 3560; x_wconf 57' lang='lat' dir='ltr'><strong>estis</strong></span> <span class='ocrx_word' id='word_1_285' title='bbox 765 3502 954 3556; x_wconf 82' lang='lat' dir='ltr'><strong>fratres</strong></span> <span class='ocrx_word' id='word_1_286' title='bbox 983 3475 1158 3552; x_wconf 72' lang='lat' dir='ltr'><strong>nosui</strong></span> <span class='ocrx_word' id='word_1_287' title='bbox 1181 3535 1197 3562; x_wconf 96' lang='lat'><strong>,</strong></span> <span class='ocrx_word' id='word_1_288' title='bbox 1231 3504 1462 3562; x_wconf 80' lang='lat' dir='ltr'><strong>paganos</strong></span> <span class='ocrx_word' id='word_1_289' title='bbox 1492 3500 1589 3542; x_wconf 93' lang='lat' dir='ltr'><strong>nos</strong></span> <span class='ocrx_word' id='word_1_290' title='bbox 1625 3482 1829 3540; x_wconf 83' lang='lat' dir='ltr'><strong>dicunt.</strong></span> <span class='ocrx_word' id='word_1_291' title='bbox 1880 3477 2004 3533; x_wconf 91' lang='lat' dir='ltr'><strong>ideo</strong></span> <span class='ocrx_word' id='word_1_292' title='bbox 2031 3475 2172 3531; x_wconf 90' lang='lat' dir='ltr'><strong>enim</strong></span> 
     </span>
    </p>
   </div>
   <div class='ocr_carea' id='block_1_35' title="bbox 589 3568 2175 3661">
    <p class='ocr_par' dir='ltr' id='par_1_35' title="bbox 589 3568 2175 3661">
     <span class='ocr_line' id='line_1_35' title="bbox 589 3568 2175 3661; baseline -0.018 -10"><span class='ocrx_word' id='word_1_293' title='bbox 589 3607 644 3650; x_wconf 84' lang='lat' dir='ltr'><strong>et</strong></span> <span class='ocrx_word' id='word_1_294' title='bbox 673 3591 998 3661; x_wconf 78' lang='lat' dir='ltr'><strong>rebaptizare</strong></span> <span class='ocrx_word' id='word_1_295' title='bbox 1029 3603 1126 3642; x_wconf 89' lang='lat' dir='ltr'><strong>nos</strong></span> <span class='ocrx_word' id='word_1_296' title='bbox 1158 3585 1376 3644; x_wconf 85' lang='lat' dir='ltr'><strong>volunt,</strong></span> <span class='ocrx_word' id='word_1_297' title='bbox 1415 3578 1654 3634; x_wconf 70' lang='lat' dir='ltr'><strong>dicentes</strong></span> <span class='ocrx_word' id='word_1_298' title='bbox 1695 3588 1794 3628; x_wconf 90' lang='lat' dir='ltr'><strong>nos</strong></span> <span class='ocrx_word' id='word_1_299' title='bbox 1833 3586 1937 3627; x_wconf 92' lang='lat' dir='ltr'><strong>non</strong></span> <span class='ocrx_word' id='word_1_300' title='bbox 1978 3568 2175 3622; x_wconf 87' lang='lat' dir='ltr'><strong>habere</strong></span> 
     </span>
    </p>
   </div>
   <div class='ocr_carea' id='block_1_36' title="bbox 591 3666 2178 3756">
    <p class='ocr_par' dir='ltr' id='par_1_36' title="bbox 591 3666 2178 3756">
     <span class='ocr_line' id='line_1_36' title="bbox 591 3666 2178 3756; baseline -0.017 -16"><span class='ocrx_word' id='word_1_301' title='bbox 591 3687 730 3756; x_wconf 82' lang='lat' dir='ltr'><strong>quod</strong></span> <span class='ocrx_word' id='word_1_302' title='bbox 761 3685 909 3740; x_wconf 88' lang='lat' dir='ltr'><strong>dant.</strong></span> <span class='ocrx_word' id='word_1_303' title='bbox 956 3681 1110 3738; x_wconf 72' lang='lat' dir='ltr'><strong>[inde</strong></span> <span class='ocrx_word' id='word_1_304' title='bbox 1153 3687 1490 3745; x_wconf 74' lang='lat' dir='ltr'><strong>consequens</strong></span> <span class='ocrx_word' id='word_1_305' title='bbox 1515 3680 1598 3724; x_wconf 90' lang='lat' dir='ltr'><strong>est</strong></span> <span class='ocrx_word' id='word_1_306' title='bbox 1631 3682 1784 3723; x_wconf 90' lang='lat' dir='ltr'><strong>error</strong></span> <span class='ocrx_word' id='word_1_307' title='bbox 1813 3666 2048 3735; x_wconf 84' lang='lat' dir='ltr'><strong>ipsorum</strong></span> <span class='ocrx_word' id='word_1_308' title='bbox 2073 3700 2089 3726; x_wconf 94' lang='lat'><strong>,</strong></span> <span class='ocrx_word' id='word_1_309' title='bbox 2121 3668 2178 3713; x_wconf 92' lang='lat' dir='ltr'><strong>ut</strong></span> 
     </span>
    </p>
   </div>
   <div class='ocr_carea' id='block_1_37' title="bbox 595 3751 2180 3849">
    <p class='ocr_par' dir='ltr' id='par_1_37' title="bbox 595 3751 2180 3849">
     <span class='ocr_line' id='line_1_37' title="bbox 595 3751 2180 3849; baseline -0.02 -15"><span class='ocrx_word' id='word_1_310' title='bbox 595 3788 786 3849; x_wconf 68' lang='lat' dir='ltr'><strong>urgent</strong></span> <span class='ocrx_word' id='word_1_311' title='bbox 830 3794 924 3830; x_wconf 60' lang='lat' dir='ltr'><strong>ltus</strong></span> <span class='ocrx_word' id='word_1_312' title='bbox 955 3773 1147 3827; x_wconf 74' lang='lat' dir='ltr'><strong>fratres</strong></span> <span class='ocrx_word' id='word_1_313' title='bbox 1173 3783 1298 3822; x_wconf 86' lang='lat' dir='ltr'><strong>suos</strong></span> <span class='ocrx_word' id='word_1_314' title='bbox 1323 3779 1462 3819; x_wconf 87' lang='lat' dir='ltr'><strong>esse.</strong></span> <span class='ocrx_word' id='word_1_315' title='bbox 1507 3760 1616 3817; x_wconf 89' lang='lat' dir='ltr'><strong>Sed</strong></span> <span class='ocrx_word' id='word_1_316' title='bbox 1662 3771 1827 3830; x_wconf 88' lang='lat' dir='ltr'><strong>quare</strong></span> <span class='ocrx_word' id='word_1_317' title='bbox 1870 3754 2020 3807; x_wconf 89' lang='lat' dir='ltr'><strong>nobis</strong></span> <span class='ocrx_word' id='word_1_318' title='bbox 2047 3751 2180 3804; x_wconf 80' lang='lat' dir='ltr'><strong>dixit</strong></span> 
     </span>
    </p>
   </div>
   <div class='ocr_carea' id='block_1_38' title="bbox 597 3840 2177 3938">
    <p class='ocr_par' dir='ltr' id='par_1_38' title="bbox 597 3840 2177 3938">
     <span class='ocr_line' id='line_1_38' title="bbox 597 3840 2177 3938; baseline -0.019 -14"><span class='ocrx_word' id='word_1_319' title='bbox 597 3840 848 3938; x_wconf 61' lang='lat' dir='ltr'><strong>propheta</strong></span> <span class='ocrx_word' id='word_1_320' title='bbox 881 3883 893 3917; x_wconf 89' lang='lat'><strong>:</strong></span> <span class='ocrx_word' id='word_1_321' title='bbox 928 3861 1027 3916; x_wconf 87' lang='lat' dir='ltr'><strong>Vos</strong></span> <span class='ocrx_word' id='word_1_322' title='bbox 1065 3861 1214 3914; x_wconf 77' lang='lat' dir='ltr'><strong>dicite.</strong></span> <span class='ocrx_word' id='word_1_323' title='bbox 1261 3856 1384 3917; x_wconf 84' lang='lat' dir='ltr'><strong>illis,</strong></span> <span class='ocrx_word' id='word_1_324' title='bbox 1428 3851 1632 3906; x_wconf 80' lang='lat' dir='ltr'><strong>Fratres</strong></span> <span class='ocrx_word' id='word_1_325' title='bbox 1671 3847 1830 3903; x_wconf 88' lang='lat' dir='ltr'><strong>nostri</strong></span> <span class='ocrx_word' id='word_1_326' title='bbox 1870 3843 1988 3899; x_wconf 86' lang='lat' dir='ltr'><strong>estis</strong></span> <span class='ocrx_word' id='word_1_327' title='bbox 2016 3857 2036 3898; x_wconf 90' lang='lat'><strong><em>:</em></strong></span> <span class='ocrx_word' id='word_1_328' title='bbox 2077 3840 2177 3896; x_wconf 79' lang='lat' dir='ltr'><strong>nisi</strong></span> 
     </span>
    </p>
   </div>
   <div class='ocr_carea' id='block_1_39' title="bbox 595 3933 2180 4030">
    <p class='ocr_par' dir='ltr' id='par_1_39' title="bbox 595 3933 2180 4030">
     <span class='ocr_line' id='line_1_39' title="bbox 595 3933 2180 4030; baseline -0.017 -16"><span class='ocrx_word' id='word_1_329' title='bbox 595 3960 720 4030; x_wconf 85' lang='lat' dir='ltr'><strong>quia</strong></span> <span class='ocrx_word' id='word_1_330' title='bbox 765 3972 861 4012; x_wconf 87' lang='lat' dir='ltr'><strong>nos</strong></span> <span class='ocrx_word' id='word_1_331' title='bbox 905 3956 956 4010; x_wconf 93' lang='lat' dir='ltr'><strong>in</strong></span> <span class='ocrx_word' id='word_1_332' title='bbox 1004 3953 1084 4009; x_wconf 89' lang='lat' dir='ltr'><strong>eis</strong></span> <span class='ocrx_word' id='word_1_333' title='bbox 1129 3948 1468 4022; x_wconf 64' lang='lat' dir='ltr'><strong>DgnibCitlttlS</strong></span> <span class='ocrx_word' id='word_1_334' title='bbox 1509 3941 1647 4014; x_wconf 89' lang='lat' dir='ltr'><strong>quod</strong></span> <span class='ocrx_word' id='word_1_335' title='bbox 1697 3955 1803 3995; x_wconf 91' lang='lat' dir='ltr'><strong>non</strong></span> <span class='ocrx_word' id='word_1_336' title='bbox 1849 3933 2180 4007; x_wconf 84' lang='lat' dir='ltr'><strong>repetimus?</strong></span> 
     </span>
    </p>
   </div>
   <div class='ocr_carea' id='block_1_40' title="bbox 597 4034 2183 4119">
    <p class='ocr_par' dir='ltr' id='par_1_40' title="bbox 597 4034 2183 4119">
     <span class='ocr_line' id='line_1_40' title="bbox 597 4034 2183 4119; baseline -0.018 -12"><span class='ocrx_word' id='word_1_337' title='bbox 597 4045 677 4107; x_wconf 83' lang='lat' dir='ltr'><strong>illi</strong></span> <span class='ocrx_word' id='word_1_338' title='bbox 702 4063 830 4119; x_wconf 83' lang='lat' dir='ltr'><strong>ergo</strong></span> <span class='ocrx_word' id='word_1_339' title='bbox 857 4062 960 4102; x_wconf 88' lang='lat' dir='ltr'><strong>non</strong></span> <span class='ocrx_word' id='word_1_340' title='bbox 984 4038 1324 4115; x_wconf 83' lang='lat' dir='ltr'><strong>agnoscendo</strong></span> <span class='ocrx_word' id='word_1_341' title='bbox 1349 4036 1667 4105; x_wconf 80' lang='lat' dir='ltr'><strong>baptismum</strong></span> <span class='ocrx_word' id='word_1_342' title='bbox 1697 4041 1958 4091; x_wconf 41' lang='lat' dir='ltr'><strong>nostrum,</strong></span> <span class='ocrx_word' id='word_1_343' title='bbox 1989 4034 2183 4095; x_wconf 86' lang='lat' dir='ltr'><strong>negant</strong></span> 
     </span>
    </p>
   </div>
   <div class='ocr_carea' id='block_1_41' title="bbox 599 4121 2179 4200">
    <p class='ocr_par' dir='ltr' id='par_1_41' title="bbox 599 4121 2179 4200">
     <span class='ocr_line' id='line_1_41' title="bbox 599 4121 2179 4200; baseline -0.02 0"><span class='ocrx_word' id='word_1_344' title='bbox 599 4157 699 4200; x_wconf 90' lang='lat' dir='ltr'><strong>nos</strong></span> <span class='ocrx_word' id='word_1_345' title='bbox 723 4155 845 4198; x_wconf 87' lang='lat' dir='ltr'><strong>esse</strong></span> <span class='ocrx_word' id='word_1_346' title='bbox 875 4138 1066 4194; x_wconf 81' lang='lat' dir='ltr'><strong>fratres</strong></span> <span class='ocrx_word' id='word_1_347' title='bbox 1095 4152 1108 4188; x_wconf 89' lang='lat'><strong>:</strong></span> <span class='ocrx_word' id='word_1_348' title='bbox 1142 4148 1238 4188; x_wconf 88' lang='lat' dir='ltr'><strong>nos</strong></span> <span class='ocrx_word' id='word_1_349' title='bbox 1265 4141 1439 4184; x_wconf 89' lang='lat' dir='ltr'><strong>autem</strong></span> <span class='ocrx_word' id='word_1_350' title='bbox 1471 4144 1574 4182; x_wconf 86' lang='lat' dir='ltr'><strong>non</strong></span> <span class='ocrx_word' id='word_1_351' title='bbox 1602 4121 1892 4195; x_wconf 85' lang='lat' dir='ltr'><strong>repetendo</strong></span> <span class='ocrx_word' id='word_1_352' title='bbox 1925 4121 2179 4189; x_wconf 87' lang='lat' dir='ltr'><strong>ipsorum,</strong></span> 
     </span>
    </p>
   </div>
   <div class='ocr_carea' id='block_1_42' title="bbox 599 4208 2185 4304">
    <p class='ocr_par' dir='ltr' id='par_1_42' title="bbox 599 4208 2185 4304">
     <span class='ocr_line' id='line_1_42' title="bbox 599 4208 2185 4304; baseline -0.018 -14"><span class='ocrx_word' id='word_1_353' title='bbox 599 4234 693 4290; x_wconf 86' lang='lat' dir='ltr'><strong>sed</strong></span> <span class='ocrx_word' id='word_1_354' title='bbox 723 4227 1058 4304; x_wconf 84' lang='lat' dir='ltr'><strong>agnoscendo</strong></span> <span class='ocrx_word' id='word_1_355' title='bbox 1084 4234 1322 4280; x_wconf 70' lang='lat' dir='ltr'><strong>nostrum</strong></span> <span class='ocrx_word' id='word_1_356' title='bbox 1346 4263 1358 4283; x_wconf 93' lang='lat'><strong>,</strong></span> <span class='ocrx_word' id='word_1_357' title='bbox 1383 4219 1610 4274; x_wconf 69' lang='lat' dir='ltr'><strong>dicimus</strong></span> <span class='ocrx_word' id='word_1_358' title='bbox 1639 4216 1716 4270; x_wconf 89' lang='lat' dir='ltr'><strong>eis</strong></span> <span class='ocrx_word' id='word_1_359' title='bbox 1749 4233 1762 4268; x_wconf 87' lang='lat'>:</span> <span class='ocrx_word' id='word_1_360' title='bbox 1791 4212 1997 4266; x_wconf 80' lang='lat' dir='ltr'><strong>Fratres</strong></span> <span class='ocrx_word' id='word_1_361' title='bbox 2027 4208 2185 4263; x_wconf 82' lang='lat' dir='ltr'><strong>nostri</strong></span> 
     </span>
    </p>
   </div>
   <div class='ocr_carea' id='block_1_43' title="bbox 600 4299 2183 4385">
    <p class='ocr_par' dir='ltr' id='par_1_43' title="bbox 600 4299 2183 4385">
     <span class='ocr_line' id='line_1_43' title="bbox 600 4299 2183 4385; baseline -0.018 -3"><span class='ocrx_word' id='word_1_362' title='bbox 600 4326 739 4382; x_wconf 76' lang='lat' dir='ltr'><strong>estis.</strong></span> <span class='ocrx_word' id='word_1_363' title='bbox 774 4324 957 4379; x_wconf 78' lang='lat' dir='ltr'><strong>Dicant</strong></span> <span class='ocrx_word' id='word_1_364' title='bbox 984 4319 1057 4374; x_wconf 87' lang='lat' dir='ltr'><strong>illi</strong></span> <span class='ocrx_word' id='word_1_365' title='bbox 1093 4315 1266 4385; x_wconf 81' lang='lat' dir='ltr'><strong>:Qnid</strong></span> <span class='ocrx_word' id='word_1_366' title='bbox 1298 4329 1394 4367; x_wconf 56' lang='lat' dir='ltr'><strong>nt-s</strong></span> <span class='ocrx_word' id='word_1_367' title='bbox 1422 4309 1678 4380; x_wconf 71' lang='lat' dir='ltr'><strong>quau-itis,</strong></span> <span class='ocrx_word' id='word_1_368' title='bbox 1708 4305 1832 4376; x_wconf 89' lang='lat' dir='ltr'><strong>quid</strong></span> <span class='ocrx_word' id='word_1_369' title='bbox 1867 4317 1962 4357; x_wconf 91' lang='lat' dir='ltr'><strong>nos</strong></span> <span class='ocrx_word' id='word_1_370' title='bbox 1988 4299 2183 4354; x_wconf 80' lang='lat' dir='ltr'><strong>vultis?</strong></span> 
     </span>
    </p>
   </div>
   <div class='ocr_carea' id='block_1_44' title="bbox 602 4393 2183 4488">
    <p class='ocr_par' dir='ltr' id='par_1_44' title="bbox 602 4393 2183 4488">
     <span class='ocr_line' id='line_1_44' title="bbox 602 4393 2183 4488; baseline -0.018 -13"><span class='ocrx_word' id='word_1_371' title='bbox 602 4415 1041 4488; x_wconf 82' lang='lat' dir='ltr'><strong>Respondeatnus</strong></span> <span class='ocrx_word' id='word_1_372' title='bbox 1074 4429 1087 4464; x_wconf 86' lang='lat'>:</span> <span class='ocrx_word' id='word_1_373' title='bbox 1121 4407 1332 4464; x_wconf 79' lang='lat' dir='ltr'><strong>Fratres</strong></span> <span class='ocrx_word' id='word_1_374' title='bbox 1375 4405 1530 4459; x_wconf 81' lang='lat' dir='ltr'><strong>nostri</strong></span> <span class='ocrx_word' id='word_1_375' title='bbox 1580 4402 1715 4455; x_wconf 80' lang='lat' dir='ltr'><strong>estis.</strong></span> <span class='ocrx_word' id='word_1_376' title='bbox 1765 4399 1949 4453; x_wconf 87' lang='lat' dir='ltr'><strong>Dieant</strong></span> <span class='ocrx_word' id='word_1_377' title='bbox 1991 4413 2004 4448; x_wconf 89' lang='lat'><strong>:</strong></span> <span class='ocrx_word' id='word_1_378' title='bbox 2051 4393 2122 4449; x_wconf 92' lang='lat' dir='ltr'><strong>lte</strong></span> <span class='ocrx_word' id='word_1_379' title='bbox 2154 4409 2183 4447; x_wconf 84' lang='lat' dir='ltr'><strong>a</strong></span> 
     </span>
    </p>
   </div>
   <div class='ocr_carea' id='block_1_45' title="bbox 606 4491 2186 4577">
    <p class='ocr_par' dir='ltr' id='par_1_45' title="bbox 606 4491 2186 4577">
     <span class='ocr_line' id='line_1_45' title="bbox 606 4491 2186 4577; baseline -0.017 -9"><span class='ocrx_word' id='word_1_380' title='bbox 606 4512 782 4577; x_wconf 89' lang='lat' dir='ltr'><strong>nobis,</strong></span> <span class='ocrx_word' id='word_1_381' title='bbox 807 4525 912 4564; x_wconf 90' lang='lat' dir='ltr'><strong>non</strong></span> <span class='ocrx_word' id='word_1_382' title='bbox 937 4505 1208 4560; x_wconf 75' lang='lat' dir='ltr'><strong>vobiscum</strong></span> <span class='ocrx_word' id='word_1_383' title='bbox 1244 4501 1499 4554; x_wconf 81' lang='lat' dir='ltr'><strong>habemus</strong></span> <span class='ocrx_word' id='word_1_384' title='bbox 1527 4496 1808 4550; x_wconf 87' lang='lat' dir='ltr'><strong>ratioaem.</strong></span> <span class='ocrx_word' id='word_1_385' title='bbox 1838 4491 1942 4544; x_wconf 66' lang='lat' dir='ltr'><strong>Nos</strong></span> <span class='ocrx_word' id='word_1_386' title='bbox 1969 4501 2186 4557; x_wconf 66' lang='lat' dir='ltr'><strong>lrorsus</strong></span> 
     </span>
    </p>
   </div>
   <div class='ocr_carea' id='block_1_46' title="bbox 608 4577 2190 4659">
    <p class='ocr_par' dir='ltr' id='par_1_46' title="bbox 608 4577 2190 4659">
     <span class='ocr_line' id='line_1_46' title="bbox 608 4577 2190 4659; baseline -0.016 -3"><span class='ocrx_word' id='word_1_387' title='bbox 608 4604 882 4659; x_wconf 77' lang='lat' dir='ltr'><strong>vobiscum</strong></span> <span class='ocrx_word' id='word_1_388' title='bbox 911 4599 1172 4654; x_wconf 86' lang='lat' dir='ltr'><strong>rationem</strong></span> <span class='ocrx_word' id='word_1_389' title='bbox 1200 4592 1500 4646; x_wconf 80' lang='lat' dir='ltr'><strong>habemus:</strong></span> <span class='ocrx_word' id='word_1_390' title='bbox 1533 4601 1695 4642; x_wconf 84' lang='grc' dir='ltr'>ιιιιιιιιι</span> <span class='ocrx_word' id='word_1_391' title='bbox 1726 4582 1995 4637; x_wconf 85' lang='lat' dir='ltr'><strong>Christum</strong></span> <span class='ocrx_word' id='word_1_392' title='bbox 2023 4577 2190 4632; x_wconf 86' lang='lat' dir='ltr'><strong>conti-</strong></span> 
     </span>
    </p>
   </div>
   <div class='ocr_carea' id='block_1_47' title="bbox 607 4671 2186 4754">
    <p class='ocr_par' dir='ltr' id='par_1_47' title="bbox 607 4671 2186 4754">
     <span class='ocr_line' id='line_1_47' title="bbox 607 4671 2186 4754; baseline -0.018 -5"><span class='ocrx_word' id='word_1_393' title='bbox 607 4704 804 4752; x_wconf 89' lang='lat' dir='ltr'><strong>temnr,</strong></span> <span class='ocrx_word' id='word_1_394' title='bbox 831 4689 883 4744; x_wconf 92' lang='lat' dir='ltr'><strong>in</strong></span> <span class='ocrx_word' id='word_1_395' title='bbox 913 4701 1020 4744; x_wconf 92' lang='lat' dir='ltr'><strong>uno</strong></span> <span class='ocrx_word' id='word_1_396' title='bbox 1044 4698 1290 4754; x_wconf 89' lang='lat' dir='ltr'><strong>corpore,</strong></span> <span class='ocrx_word' id='word_1_397' title='bbox 1313 4681 1410 4736; x_wconf 88' lang='lat' dir='ltr'><strong>sub</strong></span> <span class='ocrx_word' id='word_1_398' title='bbox 1437 4693 1544 4734; x_wconf 92' lang='lat' dir='ltr'><strong>uno</strong></span> <span class='ocrx_word' id='word_1_399' title='bbox 1567 4677 1739 4745; x_wconf 85' lang='lat' dir='ltr'><strong>capite</strong></span> <span class='ocrx_word' id='word_1_400' title='bbox 1769 4688 1888 4729; x_wconf 89' lang='lat' dir='ltr'><strong>esse</strong></span> <span class='ocrx_word' id='word_1_401' title='bbox 1911 4671 2186 4726; x_wconf 75' lang='lat' dir='ltr'><strong>debemus.</strong></span> 
     </span>
    </p>
   </div>
   <div class='ocr_carea' id='block_1_48' title="bbox 612 4761 2185 4852">
    <p class='ocr_par' dir='ltr' id='par_1_48' title="bbox 612 4761 2185 4852">
     <span class='ocr_line' id='line_1_48' title="bbox 612 4761 2185 4852; baseline -0.02 -12"><span class='ocrx_word' id='word_1_402' title='bbox 612 4784 750 4852; x_wconf 85' lang='lat' dir='ltr'><strong>Quid</strong></span> <span class='ocrx_word' id='word_1_403' title='bbox 777 4797 906 4850; x_wconf 85' lang='lat' dir='ltr'><strong>ergo</strong></span> <span class='ocrx_word' id='word_1_404' title='bbox 931 4793 1015 4834; x_wconf 87' lang='lat' dir='ltr'><strong>me</strong></span> <span class='ocrx_word' id='word_1_405' title='bbox 1040 4774 1257 4848; x_wconf 74' lang='lat' dir='ltr'><strong>quteris,</strong></span> <span class='ocrx_word' id='word_1_406' title='bbox 1284 4773 1379 4835; x_wconf 88' lang='lat' dir='ltr'><strong>ait,</strong></span> <span class='ocrx_word' id='word_1_407' title='bbox 1399 4772 1441 4826; x_wconf 89' lang='lat' dir='ltr'><strong>si</strong></span> <span class='ocrx_word' id='word_1_408' title='bbox 1469 4767 1640 4840; x_wconf 79' lang='lat' dir='ltr'><strong>perii?</strong></span> <span class='ocrx_word' id='word_1_409' title='bbox 1667 4767 1849 4836; x_wconf 74' lang='lat' dir='ltr'><strong>.liagna</strong></span> <span class='ocrx_word' id='word_1_410' title='bbox 1869 4761 2185 4823; x_wconf 72' lang='lat' dir='ltr'><strong>ahsurditas,</strong></span> 
     </span>
    </p>
   </div>
   <div class='ocr_carea' id='block_1_49' title="bbox 615 4853 2193 4944">
    <p class='ocr_par' dir='ltr' id='par_1_49' title="bbox 615 4853 2193 4944">
     <span class='ocr_line' id='line_1_49' title="bbox 615 4853 2193 4944; baseline -0.018 -12"><span class='ocrx_word' id='word_1_411' title='bbox 615 4889 805 4944; x_wconf 87' lang='lat' dir='ltr'><strong>magna</strong></span> <span class='ocrx_word' id='word_1_412' title='bbox 855 4868 1087 4926; x_wconf 77' lang='lat' dir='ltr'><strong>vesania.</strong></span> <span class='ocrx_word' id='word_1_413' title='bbox 1137 4863 1273 4935; x_wconf 85' lang='lat' dir='ltr'><strong>Quid</strong></span> <span class='ocrx_word' id='word_1_414' title='bbox 1319 4878 1404 4917; x_wconf 90' lang='lat' dir='ltr'><strong>me</strong></span> <span class='ocrx_word' id='word_1_415' title='bbox 1448 4857 1664 4930; x_wconf 67' lang='lat' dir='ltr'><strong>quieris,</strong></span> <span class='ocrx_word' id='word_1_416' title='bbox 1709 4853 1758 4910; x_wconf 89' lang='lat' dir='ltr'><strong>si</strong></span> <span class='ocrx_word' id='word_1_417' title='bbox 1799 4853 1973 4924; x_wconf 85' lang='lat' dir='ltr'><strong>perii?</strong></span> <span class='ocrx_word' id='word_1_418' title='bbox 2018 4853 2193 4918; x_wconf 84' lang='lat' dir='ltr'><strong>Quare</strong></span> 
     </span>
    </p>
   </div>
   <div class='ocr_carea' id='block_1_50' title="bbox 615 4940 2191 5038">
    <p class='ocr_par' dir='ltr' id='par_1_50' title="bbox 615 4940 2191 5038">
     <span class='ocr_line' id='line_1_50' title="bbox 615 4940 2191 5038; baseline -0.02 -16"><span class='ocrx_word' id='word_1_419' title='bbox 615 4940 944 5038; x_wconf 65' lang='lat' dir='ltr'><strong>quaererem,</strong></span> <span class='ocrx_word' id='word_1_420' title='bbox 975 4960 1072 5014; x_wconf 88' lang='lat' dir='ltr'><strong>nisi</strong></span> <span class='ocrx_word' id='word_1_421' title='bbox 1103 4959 1223 5029; x_wconf 86' lang='lat' dir='ltr'><strong>quia</strong></span> <span class='ocrx_word' id='word_1_422' title='bbox 1252 4951 1501 5026; x_wconf 86' lang='lat' dir='ltr'><strong>periisti?</strong></span> <span class='ocrx_word' id='word_1_423' title='bbox 1542 4949 1596 5005; x_wconf 89' lang='lat' dir='ltr'><strong>Si</strong></span> <span class='ocrx_word' id='word_1_424' title='bbox 1642 4961 1768 5018; x_wconf 81' lang='lat' dir='ltr'><strong>ergo</strong></span> <span class='ocrx_word' id='word_1_425' title='bbox 1809 4944 1960 5016; x_wconf 87' lang='lat' dir='ltr'><strong>perii,</strong></span> <span class='ocrx_word' id='word_1_426' title='bbox 2003 4940 2191 5010; x_wconf 90' lang='lat' dir='ltr'><strong>inquit,</strong></span> 
     </span>
    </p>
   </div>
   <div class='ocr_carea' id='block_1_51' title="bbox 616 5033 2190 5129">
    <p class='ocr_par' dir='ltr' id='par_1_51' title="bbox 616 5033 2190 5129">
     <span class='ocr_line' id='line_1_51' title="bbox 616 5033 2190 5129; baseline -0.019 -15"><span class='ocrx_word' id='word_1_427' title='bbox 616 5033 886 5129; x_wconf 72' lang='lat' dir='ltr'><strong>quomodo</strong></span> <span class='ocrx_word' id='word_1_428' title='bbox 914 5071 1029 5109; x_wconf 85' lang='lat' dir='ltr'><strong>sum</strong></span> <span class='ocrx_word' id='word_1_429' title='bbox 1073 5051 1235 5106; x_wconf 85' lang='lat' dir='ltr'><strong>frater</strong></span> <span class='ocrx_word' id='word_1_430' title='bbox 1263 5047 1426 5104; x_wconf 84' lang='lat' dir='ltr'><strong>tuus?</strong></span> <span class='ocrx_word' id='word_1_431' title='bbox 1469 5042 1540 5099; x_wconf 83' lang='lat' dir='ltr'><strong>Ui</strong></span> <span class='ocrx_word' id='word_1_432' title='bbox 1577 5040 1783 5096; x_wconf 81' lang='lat' dir='ltr'><strong>dicatur</strong></span> <span class='ocrx_word' id='word_1_433' title='bbox 1829 5034 1956 5090; x_wconf 89' lang='lat' dir='ltr'><strong>tuihi</strong></span> <span class='ocrx_word' id='word_1_434' title='bbox 1999 5033 2065 5087; x_wconf 91' lang='lat' dir='ltr'><strong>de</strong></span> <span class='ocrx_word' id='word_1_435' title='bbox 2095 5041 2145 5086; x_wconf 83' lang='lat' dir='ltr'><strong>te</strong></span> <span class='ocrx_word' id='word_1_436' title='bbox 2176 5046 2190 5084; x_wconf 90' lang='lat'><strong>:</strong></span> 
     </span>
    </p>
   </div>
   <div class='ocr_carea' id='block_1_52' title="bbox 623 5125 2198 5205">
    <p class='ocr_par' dir='ltr' id='par_1_52' title="bbox 623 5125 2198 5205">
     <span class='ocr_line' id='line_1_52' title="bbox 623 5125 2198 5205; baseline -0.02 0"><span class='ocrx_word' id='word_1_437' title='bbox 623 5149 807 5205; x_wconf 77' lang='lat' dir='ltr'><strong>Frater</strong></span> <span class='ocrx_word' id='word_1_438' title='bbox 833 5160 946 5200; x_wconf 76' lang='lat' dir='ltr'><strong>tuus</strong></span> <span class='ocrx_word' id='word_1_439' title='bbox 971 5154 1194 5197; x_wconf 81' lang='lat' dir='ltr'><strong>mortuus</strong></span> <span class='ocrx_word' id='word_1_440' title='bbox 1218 5149 1344 5202; x_wconf 90' lang='lat' dir='ltr'><strong>erat,</strong></span> <span class='ocrx_word' id='word_1_441' title='bbox 1371 5147 1414 5191; x_wconf 89' lang='lat' dir='ltr'><strong>et</strong></span> <span class='ocrx_word' id='word_1_442' title='bbox 1445 5133 1659 5197; x_wconf 74' lang='lat' dir='ltr'><strong>revixit;</strong></span> <span class='ocrx_word' id='word_1_443' title='bbox 1693 5129 1924 5199; x_wconf 83' lang='lat' dir='ltr'><strong>perierat,</strong></span> <span class='ocrx_word' id='word_1_444' title='bbox 1951 5135 1996 5178; x_wconf 83' lang='lat' dir='ltr'><strong>et</strong></span> <span class='ocrx_word' id='word_1_445' title='bbox 2025 5125 2198 5177; x_wconf 77' lang='lat' dir='ltr'><strong>inven-</strong></span> 
     </span>
    </p>
   </div>
   <div class='ocr_carea' id='block_1_53' title="bbox 619 5214 2195 5312">
    <p class='ocr_par' dir='ltr' id='par_1_53' title="bbox 619 5214 2195 5312">
     <span class='ocr_line' id='line_1_53' title="bbox 619 5214 2195 5312; baseline -0.019 -16"><span class='ocrx_word' id='word_1_446' title='bbox 619 5256 699 5298; x_wconf 75' lang='lat' dir='ltr'><strong>tus</strong></span> <span class='ocrx_word' id='word_1_447' title='bbox 737 5251 809 5295; x_wconf 86' lang='lat' dir='ltr'><strong>est</strong></span> <span class='ocrx_word' id='word_1_448' title='bbox 841 5236 990 5312; x_wconf 84' lang='lat' dir='ltr'><strong>(Luc.</strong></span> <span class='ocrx_word' id='word_1_449' title='bbox 1019 5249 1088 5290; x_wconf 76' lang='lat' dir='ltr'><strong>xv</strong></span> <span class='ocrx_word' id='word_1_450' title='bbox 1109 5275 1122 5297; x_wconf 91' lang='lat'><strong>,</strong></span> <span class='ocrx_word' id='word_1_451' title='bbox 1149 5231 1276 5300; x_wconf 67' lang='grc' dir='ltr'><strong>δε).</strong></span> <span class='ocrx_word' id='word_1_452' title='bbox 1318 5227 1634 5298; x_wconf 80' lang='lat' dir='ltr'><strong>Adjuramns</strong></span> <span class='ocrx_word' id='word_1_453' title='bbox 1665 5234 1794 5291; x_wconf 85' lang='lat' dir='ltr'><strong>ergo</strong></span> <span class='ocrx_word' id='word_1_454' title='bbox 1823 5232 1948 5295; x_wconf 82' lang='lat' dir='ltr'><strong>vos.</strong></span> <span class='ocrx_word' id='word_1_455' title='bbox 1982 5214 2195 5280; x_wconf 86' lang='lat' dir='ltr'><strong>fratres,</strong></span> 
     </span>
    </p>
   </div>
   <div class='ocr_carea' id='block_1_54' title="bbox 621 5307 2196 5408">
    <p class='ocr_par' dir='ltr' id='par_1_54' title="bbox 621 5307 2196 5408">
     <span class='ocr_line' id='line_1_54' title="bbox 621 5307 2196 5408; baseline -0.022 -15"><span class='ocrx_word' id='word_1_456' title='bbox 621 5353 717 5408; x_wconf 83' lang='lat' dir='ltr'><strong>per</strong></span> <span class='ocrx_word' id='word_1_457' title='bbox 761 5334 874 5405; x_wconf 90' lang='lat' dir='ltr'><strong>ipsa</strong></span> <span class='ocrx_word' id='word_1_458' title='bbox 919 5333 1123 5383; x_wconf 77' lang='lat' dir='ltr'><strong>viscera</strong></span> <span class='ocrx_word' id='word_1_459' title='bbox 1167 5323 1479 5386; x_wconf 87' lang='lat' dir='ltr'><strong>charitatis,</strong></span> <span class='ocrx_word' id='word_1_460' title='bbox 1527 5316 1679 5386; x_wconf 87' lang='lat' dir='ltr'><strong>cujus</strong></span> <span class='ocrx_word' id='word_1_461' title='bbox 1721 5313 1865 5372; x_wconf 84' lang='lat' dir='ltr'><strong>lacte</strong></span> <span class='ocrx_word' id='word_1_462' title='bbox 1912 5307 2196 5372; x_wconf 91' lang='lat' dir='ltr'><strong>nutrimur,</strong></span> 
     </span>
    </p>
   </div>
   <div class='ocr_carea' id='block_1_55' title="bbox 622 5401 2202 5498">
    <p class='ocr_par' dir='ltr' id='par_1_55' title="bbox 622 5401 2202 5498">
     <span class='ocr_line' id='line_1_55' title="bbox 622 5401 2202 5498; baseline -0.02 -15"><span class='ocrx_word' id='word_1_463' title='bbox 622 5429 774 5498; x_wconf 77' lang='lat' dir='ltr'><strong>cujus</strong></span> <span class='ocrx_word' id='word_1_464' title='bbox 803 5437 937 5496; x_wconf 87' lang='lat' dir='ltr'><strong>pane</strong></span> <span class='ocrx_word' id='word_1_465' title='bbox 979 5403 1303 5478; x_wconf 82' lang='lat' dir='ltr'><strong>solidantur,</strong></span> <span class='ocrx_word' id='word_1_466' title='bbox 1350 5428 1444 5484; x_wconf 89' lang='lat' dir='ltr'><strong>per</strong></span> <span class='ocrx_word' id='word_1_467' title='bbox 1481 5410 1750 5465; x_wconf 47' lang='lat' dir='ltr'><strong>Christum</strong></span> <span class='ocrx_word' id='word_1_468' title='bbox 1779 5401 2060 5478; x_wconf 82' lang='lat' dir='ltr'><strong>Dominum</strong></span> <span class='ocrx_word' id='word_1_469' title='bbox 2101 5413 2202 5452; x_wconf 84' lang='lat' dir='ltr'><strong>no-</strong></span> 
     </span>
    </p>
   </div>
   <div class='ocr_carea' id='block_1_56' title="bbox 621 5490 2204 5585">
    <p class='ocr_par' dir='ltr' id='par_1_56' title="bbox 621 5490 2204 5585">
     <span class='ocr_line' id='line_1_56' title="bbox 621 5490 2204 5585; baseline -0.02 -10"><span class='ocrx_word' id='word_1_470' title='bbox 621 5529 814 5582; x_wconf 83' lang='lat' dir='ltr'><strong>stram,</strong></span> <span class='ocrx_word' id='word_1_471' title='bbox 839 5531 931 5585; x_wconf 85' lang='lat' dir='ltr'><strong>per</strong></span> <span class='ocrx_word' id='word_1_472' title='bbox 952 5507 1408 5566; x_wconf 86' lang='lat' dir='ltr'><strong>mansuetudinem</strong></span> <span class='ocrx_word' id='word_1_473' title='bbox 1431 5502 1566 5572; x_wconf 71' lang='lat' dir='ltr'><strong>cjm,</strong></span> <span class='ocrx_word' id='word_1_474' title='bbox 1589 5497 1897 5567; x_wconf 87' lang='lat' dir='ltr'><strong>adjnramus</strong></span> <span class='ocrx_word' id='word_1_475' title='bbox 1918 5507 2012 5546; x_wconf 87' lang='lat' dir='ltr'><strong>vos</strong></span> <span class='ocrx_word' id='word_1_476' title='bbox 2046 5490 2204 5564; x_wconf 87' lang='lat' dir='ltr'><strong>(tem-</strong></span> 
     </span>
    </p>
   </div>
   <div class='ocr_carea' id='block_1_57' title="bbox 625 5580 2200 5680">
    <p class='ocr_par' dir='ltr' id='par_1_57' title="bbox 625 5580 2200 5680">
     <span class='ocr_line' id='line_1_57' title="bbox 625 5580 2200 5680; baseline -0.02 -17"><span class='ocrx_word' id='word_1_477' title='bbox 625 5625 724 5680; x_wconf 85' lang='lat' dir='ltr'><strong>pus</strong></span> <span class='ocrx_word' id='word_1_478' title='bbox 751 5593 834 5662; x_wconf 85' lang='lat' dir='ltr'><strong>est</strong></span> <span class='ocrx_word' id='word_1_479' title='bbox 856 5604 1000 5660; x_wconf 88' lang='lat' dir='ltr'><strong>enim</strong></span> <span class='ocrx_word' id='word_1_480' title='bbox 1031 5610 1089 5656; x_wconf 90' lang='lat' dir='ltr'><strong>ut</strong></span> <span class='ocrx_word' id='word_1_481' title='bbox 1127 5595 1497 5668; x_wconf 87' lang='lat' dir='ltr'><strong>impendamus</strong></span> <span class='ocrx_word' id='word_1_482' title='bbox 1523 5592 1576 5644; x_wconf 93' lang='lat' dir='ltr'><strong>in</strong></span> <span class='ocrx_word' id='word_1_483' title='bbox 1608 5603 1699 5644; x_wconf 90' lang='lat' dir='ltr'><strong>eos</strong></span> <span class='ocrx_word' id='word_1_484' title='bbox 1739 5599 1984 5656; x_wconf 83' lang='lat' dir='ltr'><strong>magnam</strong></span> <span class='ocrx_word' id='word_1_485' title='bbox 2022 5580 2200 5636; x_wconf 87' lang='lat' dir='ltr'><strong>chari-</strong></span> 
     </span>
    </p>
   </div>
   <div class='ocr_carea' id='block_1_58' title="bbox 629 5669 2203 5764">
    <p class='ocr_par' dir='ltr' id='par_1_58' title="bbox 629 5669 2203 5764">
     <span class='ocr_line' id='line_1_58' title="bbox 629 5669 2203 5764; baseline -0.02 -9"><span class='ocrx_word' id='word_1_486' title='bbox 629 5711 787 5755; x_wconf 79' lang='lat' dir='ltr'><strong>tatem</strong></span> <span class='ocrx_word' id='word_1_487' title='bbox 813 5739 829 5764; x_wconf 89' lang='lat'><strong>,</strong></span> <span class='ocrx_word' id='word_1_488' title='bbox 875 5691 1232 5749; x_wconf 87' lang='lat' dir='ltr'><strong>abundantem</strong></span> <span class='ocrx_word' id='word_1_489' title='bbox 1284 5681 1702 5741; x_wconf 86' lang='lat' dir='ltr'><strong>misericordiam</strong></span> <span class='ocrx_word' id='word_1_490' title='bbox 1759 5677 1812 5731; x_wconf 93' lang='lat' dir='ltr'><strong>in</strong></span> <span class='ocrx_word' id='word_1_491' title='bbox 1866 5669 2203 5744; x_wconf 80' lang='lat' dir='ltr'><strong>deprecando</strong></span> 
     </span>
    </p>
   </div>
   <div class='ocr_carea' id='block_1_59' title="bbox 628 5766 2199 5861">
    <p class='ocr_par' dir='ltr' id='par_1_59' title="bbox 628 5766 2199 5861">
     <span class='ocr_line' id='line_1_59' title="bbox 628 5766 2199 5861; baseline -0.021 -12"><span class='ocrx_word' id='word_1_492' title='bbox 628 5795 795 5849; x_wconf 77' lang='lat' dir='ltr'><strong>Deum</strong></span> <span class='ocrx_word' id='word_1_493' title='bbox 821 5807 916 5861; x_wconf 88' lang='lat' dir='ltr'><strong>pro</strong></span> <span class='ocrx_word' id='word_1_494' title='bbox 937 5789 1061 5855; x_wconf 87' lang='lat' dir='ltr'><strong>illis,</strong></span> <span class='ocrx_word' id='word_1_495' title='bbox 1083 5794 1143 5843; x_wconf 90' lang='lat' dir='ltr'><strong>ut</strong></span> <span class='ocrx_word' id='word_1_496' title='bbox 1163 5778 1449 5855; x_wconf 87' lang='lat' dir='ltr'><strong>aliquando</strong></span> <span class='ocrx_word' id='word_1_497' title='bbox 1469 5777 1557 5834; x_wconf 87' lang='lat' dir='ltr'><strong>det</strong></span> <span class='ocrx_word' id='word_1_498' title='bbox 1578 5776 1680 5831; x_wconf 91' lang='lat' dir='ltr'><strong>illis</strong></span> <span class='ocrx_word' id='word_1_499' title='bbox 1706 5786 1917 5828; x_wconf 83' lang='lat' dir='ltr'><strong>sensum</strong></span> <span class='ocrx_word' id='word_1_500' title='bbox 1941 5766 2199 5829; x_wconf 88' lang='lat' dir='ltr'><strong>sobrium,</strong></span> 
     </span>
    </p>
   </div>
   <div class='ocr_carea' id='block_1_60' title="bbox 686 5925 1054 5991">
    <p class='ocr_par' dir='ltr' id='par_1_60' title="bbox 686 5925 1054 5991">
     <span class='ocr_line' id='line_1_60' title="bbox 686 5925 1054 5991; baseline -0.016 -15"><span class='ocrx_word' id='word_1_501' title='bbox 686 5929 760 5991; x_wconf 64' lang='lat' dir='ltr'><strong>(at</strong></span> <span class='ocrx_word' id='word_1_502' title='bbox 785 5925 1054 5974; x_wconf 56' lang='lat' dir='ltr'><strong>laniatum.</strong></span> 
     </span>
    </p>
   </div>
   <div class='ocr_carea' id='block_1_61' title="bbox 1783 424 2576 486">
    <p class='ocr_par' dir='ltr' id='par_1_61' title="bbox 1783 424 2576 486">
     <span class='ocr_line' id='line_1_61' title="bbox 1783 424 2576 486; baseline -0.008 0"><span class='ocrx_word' id='word_1_503' title='bbox 1783 433 1836 486; x_wconf 72' lang='lat' dir='ltr'><strong>S,</strong></span> <span class='ocrx_word' id='word_1_504' title='bbox 1883 428 2018 485; x_wconf 54' lang='lat' dir='ltr'><strong>Alit}</strong></span> <span class='ocrx_word' id='word_1_505' title='bbox 2029 426 2108 482; x_wconf 50' lang='lat' dir='ltr'><strong>liS</strong></span> <span class='ocrx_word' id='word_1_506' title='bbox 2127 425 2243 479; x_wconf 72' lang='lat' dir='ltr'><strong>i&#39;i&#39;Nl</strong></span> <span class='ocrx_word' id='word_1_507' title='bbox 2279 424 2576 480; x_wconf 74' lang='lat' dir='ltr'><strong>Ei’lSCOi’l</strong></span> 
     </span>
    </p>
   </div>
   <div class='ocr_carea' id='block_1_62' title="bbox 3715 409 3816 469">
    <p class='ocr_par' dir='ltr' id='par_1_62' title="bbox 3715 409 3816 469">
     <span class='ocr_line' id='line_1_62' title="bbox 3715 409 3816 469; baseline -0.02 1"><span class='ocrx_word' id='word_1_508' title='bbox 3715 409 3816 469; x_wconf 75' lang='lat'><strong>300</strong></span> 
     </span>
    </p>
   </div>
   <div class='ocr_carea' id='block_1_63' title="bbox 2242 533 3819 610">
    <p class='ocr_par' dir='ltr' id='par_1_63' title="bbox 2242 533 3819 610">
     <span class='ocr_line' id='line_1_63' title="bbox 2242 533 3819 610; baseline -0.007 -14"><span class='ocrx_word' id='word_1_509' title='bbox 2242 550 2298 596; x_wconf 93' lang='lat' dir='ltr'><strong>ut</strong></span> <span class='ocrx_word' id='word_1_510' title='bbox 2334 540 2647 610; x_wconf 89' lang='lat' dir='ltr'><strong>resipiscant</strong></span> <span class='ocrx_word' id='word_1_511' title='bbox 2670 541 2711 606; x_wconf 78' lang='lat'><strong>’,</strong></span> <span class='ocrx_word' id='word_1_512' title='bbox 2743 548 2795 594; x_wconf 91' lang='lat' dir='ltr'><strong>et</strong></span> <span class='ocrx_word' id='word_1_513' title='bbox 2824 537 3039 593; x_wconf 82' lang='lat' dir='ltr'><strong>videant</strong></span> <span class='ocrx_word' id='word_1_514' title='bbox 3060 543 3144 602; x_wconf 79' lang='lat' dir='ltr'><strong>se,</strong></span> <span class='ocrx_word' id='word_1_515' title='bbox 3173 535 3294 606; x_wconf 88' lang='lat' dir='ltr'><strong>quia</strong></span> <span class='ocrx_word' id='word_1_516' title='bbox 3323 551 3426 590; x_wconf 90' lang='lat' dir='ltr'><strong>non</strong></span> <span class='ocrx_word' id='word_1_517' title='bbox 3475 533 3670 589; x_wconf 84' lang='lat' dir='ltr'><strong>habent</strong></span> <span class='ocrx_word' id='word_1_518' title='bbox 3707 546 3819 585; x_wconf 85' lang='lat' dir='ltr'><strong>ont-</strong></span> 
     </span>
    </p>
   </div>
   <div class='ocr_carea' id='block_1_64' title="bbox 2241 622 3818 703">
    <p class='ocr_par' dir='ltr' id='par_1_64' title="bbox 2241 622 3818 703">
     <span class='ocr_line' id='line_1_64' title="bbox 2241 622 3818 703; baseline -0.008 -14"><span class='ocrx_word' id='word_1_519' title='bbox 2241 633 2370 689; x_wconf 92' lang='lat' dir='ltr'><strong>nino</strong></span> <span class='ocrx_word' id='word_1_520' title='bbox 2394 631 2539 703; x_wconf 89' lang='lat' dir='ltr'><strong>quod</strong></span> <span class='ocrx_word' id='word_1_521' title='bbox 2561 631 2738 686; x_wconf 85' lang='lat' dir='ltr'><strong>dicant</strong></span> <span class='ocrx_word' id='word_1_522' title='bbox 2763 640 2950 684; x_wconf 82' lang='lat' dir='ltr'><strong>contra</strong></span> <span class='ocrx_word' id='word_1_523' title='bbox 2976 627 3251 684; x_wconf 79' lang='lat' dir='ltr'><strong>veritatem</strong></span> <span class='ocrx_word' id='word_1_524' title='bbox 3280 644 3293 680; x_wconf 90' lang='lat'><strong>:</strong></span> <span class='ocrx_word' id='word_1_525' title='bbox 3325 643 3431 681; x_wconf 91' lang='lat' dir='ltr'><strong>non</strong></span> <span class='ocrx_word' id='word_1_526' title='bbox 3461 626 3541 680; x_wconf 90' lang='lat' dir='ltr'><strong>eis</strong></span> <span class='ocrx_word' id='word_1_527' title='bbox 3567 622 3818 678; x_wconf 87' lang='lat' dir='ltr'><strong>remansit</strong></span> 
     </span>
    </p>
   </div>
   <div class='ocr_carea' id='block_1_65' title="bbox 2241 713 3820 787">
    <p class='ocr_par' dir='ltr' id='par_1_65' title="bbox 2241 713 3820 787">
     <span class='ocr_line' id='line_1_65' title="bbox 2241 713 3820 787; baseline -0.01 -6"><span class='ocrx_word' id='word_1_528' title='bbox 2241 726 2346 782; x_wconf 81' lang='lat' dir='ltr'><strong>nisi</strong></span> <span class='ocrx_word' id='word_1_529' title='bbox 2379 725 2493 780; x_wconf 84' lang='lat' dir='ltr'><strong>sola</strong></span> <span class='ocrx_word' id='word_1_530' title='bbox 2533 721 2814 778; x_wconf 81' lang='lat' dir='ltr'><strong>infirmitas</strong></span> <span class='ocrx_word' id='word_1_531' title='bbox 2840 718 3192 776; x_wconf 84' lang='lat' dir='ltr'><strong>animositatis</strong></span> <span class='ocrx_word' id='word_1_532' title='bbox 3215 759 3230 780; x_wconf 85' lang='lat'><strong>,</strong></span> <span class='ocrx_word' id='word_1_533' title='bbox 3261 733 3380 787; x_wconf 73' lang='lat' dir='ltr'><strong>qua:</strong></span> <span class='ocrx_word' id='word_1_534' title='bbox 3407 725 3554 770; x_wconf 87' lang='lat' dir='ltr'><strong>tanto</strong></span> <span class='ocrx_word' id='word_1_535' title='bbox 3591 724 3671 768; x_wconf 65' lang='lat' dir='ltr'><strong>est</strong></span> <span class='ocrx_word' id='word_1_536' title='bbox 3704 713 3820 766; x_wconf 77' lang='lat' dir='ltr'><strong>lan-</strong></span> 
     </span>
    </p>
   </div>
   <div class='ocr_carea' id='block_1_66' title="bbox 2242 805 3822 892">
    <p class='ocr_par' dir='ltr' id='par_1_66' title="bbox 2242 805 3822 892">
     <span class='ocr_line' id='line_1_66' title="bbox 2242 805 3822 892; baseline -0.011 -20"><span class='ocrx_word' id='word_1_537' title='bbox 2242 812 2502 892; x_wconf 75' lang='lat' dir='ltr'><strong>g‘uidior,</strong></span> <span class='ocrx_word' id='word_1_538' title='bbox 2527 823 2726 886; x_wconf 88' lang='lat' dir='ltr'><strong>quanto</strong></span> <span class='ocrx_word' id='word_1_539' title='bbox 2779 821 2836 868; x_wconf 73' lang='lat' dir='ltr'><strong>se</strong></span> <span class='ocrx_word' id='word_1_540' title='bbox 2868 811 3096 881; x_wconf 80' lang='lat' dir='ltr'><strong>majores</strong></span> <span class='ocrx_word' id='word_1_541' title='bbox 3122 810 3263 864; x_wconf 89' lang='lat' dir='ltr'><strong>vires</strong></span> <span class='ocrx_word' id='word_1_542' title='bbox 3295 807 3493 862; x_wconf 88' lang='lat' dir='ltr'><strong>habere</strong></span> <span class='ocrx_word' id='word_1_543' title='bbox 3531 805 3822 875; x_wconf 76' lang='lat' dir='ltr'><strong>existimat)</strong></span> 
     </span>
    </p>
   </div>
   <div class='ocr_carea' id='block_1_67' title="bbox 2246 897 3824 982">
    <p class='ocr_par' dir='ltr' id='par_1_67' title="bbox 2246 897 3824 982">
     <span class='ocr_line' id='line_1_67' title="bbox 2246 897 3824 982; baseline -0.01 -17"><span class='ocrx_word' id='word_1_544' title='bbox 2246 927 2341 982; x_wconf 90' lang='lat' dir='ltr'><strong>pro</strong></span> <span class='ocrx_word' id='word_1_545' title='bbox 2373 909 2625 974; x_wconf 82' lang='lat' dir='ltr'><strong>infirmis,</strong></span> <span class='ocrx_word' id='word_1_546' title='bbox 2658 919 2755 976; x_wconf 87' lang='lat' dir='ltr'><strong>pro</strong></span> <span class='ocrx_word' id='word_1_547' title='bbox 2792 904 3081 960; x_wconf 88' lang='lat' dir='ltr'><strong>carnaliter</strong></span> <span class='ocrx_word' id='word_1_548' title='bbox 3119 901 3469 969; x_wconf 78' lang='lat' dir='ltr'><strong>sapientibus,</strong></span> <span class='ocrx_word' id='word_1_549' title='bbox 3504 913 3599 968; x_wconf 89' lang='lat' dir='ltr'><strong>pro</strong></span> <span class='ocrx_word' id='word_1_550' title='bbox 3622 897 3824 950; x_wconf 80' lang='lat' dir='ltr'><strong>anima-</strong></span> 
     </span>
    </p>
   </div>
   <div class='ocr_carea' id='block_1_68' title="bbox 2246 987 3824 1064">
    <p class='ocr_par' dir='ltr' id='par_1_68' title="bbox 2246 987 3824 1064">
     <span class='ocr_line' id='line_1_68' title="bbox 2246 987 3824 1064; baseline -0.013 -7"><span class='ocrx_word' id='word_1_551' title='bbox 2246 1002 2386 1057; x_wconf 90' lang='lat' dir='ltr'><strong>libus</strong></span> <span class='ocrx_word' id='word_1_552' title='bbox 2414 1011 2468 1055; x_wconf 90' lang='lat' dir='ltr'><strong>et</strong></span> <span class='ocrx_word' id='word_1_553' title='bbox 2493 996 2828 1061; x_wconf 84' lang='lat' dir='ltr'><strong>carnalibus,</strong></span> <span class='ocrx_word' id='word_1_554' title='bbox 2857 1003 3031 1049; x_wconf 85' lang='lat' dir='ltr'><strong>tann-n</strong></span> <span class='ocrx_word' id='word_1_555' title='bbox 3060 1010 3157 1064; x_wconf 91' lang='lat' dir='ltr'><strong>pro</strong></span> <span class='ocrx_word' id='word_1_556' title='bbox 3197 987 3447 1046; x_wconf 79' lang='lat' dir='ltr'><strong>fratribus</strong></span> <span class='ocrx_word' id='word_1_557' title='bbox 3482 989 3699 1051; x_wconf 85' lang='lat' dir='ltr'><strong>nostris,</strong></span> <span class='ocrx_word' id='word_1_558' title='bbox 3731 1001 3824 1039; x_wconf 81' lang='lat' dir='ltr'><strong>ra-</strong></span> 
     </span>
    </p>
   </div>
   <div class='ocr_carea' id='block_1_69' title="bbox 2245 1079 3827 1151">
    <p class='ocr_par' dir='ltr' id='par_1_69' title="bbox 2245 1079 3827 1151">
     <span class='ocr_line' id='line_1_69' title="bbox 2245 1079 3827 1151; baseline -0.012 -3"><span class='ocrx_word' id='word_1_559' title='bbox 2245 1092 2366 1149; x_wconf 88' lang='lat' dir='ltr'><strong>detn</strong></span> <span class='ocrx_word' id='word_1_560' title='bbox 2407 1097 2738 1146; x_wconf 85' lang='lat' dir='ltr'><strong>sacramenta</strong></span> <span class='ocrx_word' id='word_1_561' title='bbox 2774 1085 3208 1151; x_wconf 77' lang='lat' dir='ltr'><strong>celebrantibus,</strong></span> <span class='ocrx_word' id='word_1_562' title='bbox 3236 1081 3334 1136; x_wconf 88' lang='lat' dir='ltr'><strong>etsi</strong></span> <span class='ocrx_word' id='word_1_563' title='bbox 3379 1095 3486 1136; x_wconf 91' lang='lat' dir='ltr'><strong>non</strong></span> <span class='ocrx_word' id='word_1_564' title='bbox 3523 1079 3827 1142; x_wconf 90' lang='lat' dir='ltr'><strong>nobiseum,</strong></span> 
     </span>
    </p>
   </div>
   <div class='ocr_carea' id='block_1_70' title="bbox 2247 1169 3825 1246">
    <p class='ocr_par' dir='ltr' id='par_1_70' title="bbox 2247 1169 3825 1246">
     <span class='ocr_line' id='line_1_70' title="bbox 2247 1169 3825 1246; baseline -0.009 -8"><span class='ocrx_word' id='word_1_565' title='bbox 2247 1185 2432 1239; x_wconf 89' lang='lat' dir='ltr'><strong>eadem</strong></span> <span class='ocrx_word' id='word_1_566' title='bbox 2465 1193 2639 1237; x_wconf 78' lang='lat' dir='ltr'><strong>tamen</strong></span> <span class='ocrx_word' id='word_1_567' title='bbox 2664 1195 2681 1243; x_wconf 84' lang='lat'><strong>;</strong></span> <span class='ocrx_word' id='word_1_568' title='bbox 2723 1195 2885 1234; x_wconf 92' lang='lat' dir='ltr'><strong>unum</strong></span> <span class='ocrx_word' id='word_1_569' title='bbox 2913 1181 3079 1232; x_wconf 80' lang='lat' dir='ltr'><strong>Amen</strong></span> <span class='ocrx_word' id='word_1_570' title='bbox 3107 1174 3570 1246; x_wconf 64' lang='lat' dir='ltr'><strong>respondentibus,</strong></span> <span class='ocrx_word' id='word_1_571' title='bbox 3593 1169 3695 1227; x_wconf 87' lang='lat' dir='ltr'><strong>etsi</strong></span> <span class='ocrx_word' id='word_1_572' title='bbox 3721 1185 3825 1225; x_wconf 92' lang='lat' dir='ltr'><strong>non</strong></span> 
     </span>
    </p>
   </div>
   <div class='ocr_carea' id='block_1_71' title="bbox 2249 1265 3831 1340">
    <p class='ocr_par' dir='ltr' id='par_1_71' title="bbox 2249 1265 3831 1340">
     <span class='ocr_line' id='line_1_71' title="bbox 2249 1265 3831 1340; baseline -0.01 -7"><span class='ocrx_word' id='word_1_573' title='bbox 2249 1278 2547 1340; x_wconf 72' lang='lat' dir='ltr'><strong>nobiseum,</strong></span> <span class='ocrx_word' id='word_1_574' title='bbox 2578 1278 2743 1329; x_wconf 70' lang='lat' dir='ltr'><strong>intum</strong></span> <span class='ocrx_word' id='word_1_575' title='bbox 2782 1277 2960 1325; x_wconf 82' lang='lat' dir='ltr'><strong>tamen</strong></span> <span class='ocrx_word' id='word_1_576' title='bbox 2987 1287 3002 1332; x_wconf 83' lang='lat'><strong>;</strong></span> <span class='ocrx_word' id='word_1_577' title='bbox 3033 1267 3292 1324; x_wconf 85' lang='lat' dir='ltr'><strong>medullas</strong></span> <span class='ocrx_word' id='word_1_578' title='bbox 3331 1265 3607 1321; x_wconf 84' lang='lat' dir='ltr'><strong>cbaritatis</strong></span> <span class='ocrx_word' id='word_1_579' title='bbox 3636 1271 3831 1318; x_wconf 74' lang='lat' dir='ltr'><strong>vestra.-</strong></span> 
     </span>
    </p>
   </div>
   <div class='ocr_carea' id='block_1_72' title="bbox 2252 1353 3835 1435">
    <p class='ocr_par' dir='ltr' id='par_1_72' title="bbox 2252 1353 3835 1435">
     <span class='ocr_line' id='line_1_72' title="bbox 2252 1353 3835 1435; baseline -0.01 -13"><span class='ocrx_word' id='word_1_580' title='bbox 2252 1368 2485 1423; x_wconf 85' lang='lat' dir='ltr'><strong>fundatis</strong></span> <span class='ocrx_word' id='word_1_581' title='bbox 2515 1365 2622 1420; x_wconf 88' lang='lat' dir='ltr'><strong>Deo</strong></span> <span class='ocrx_word' id='word_1_582' title='bbox 2664 1379 2757 1435; x_wconf 85' lang='lat' dir='ltr'><strong>pro</strong></span> <span class='ocrx_word' id='word_1_583' title='bbox 2785 1365 2862 1418; x_wconf 83' lang='lat' dir='ltr'><strong>eis</strong></span> <span class='ocrx_word' id='word_1_584' title='bbox 2883 1364 2926 1415; x_wconf 77' lang='grc'><strong>³.</strong></span> <span class='ocrx_word' id='word_1_585' title='bbox 2953 1359 3160 1429; x_wconf 81' lang='lat' dir='ltr'><strong>Aliquid</strong></span> <span class='ocrx_word' id='word_1_586' title='bbox 3185 1359 3325 1412; x_wconf 91' lang='lat' dir='ltr'><strong>enim</strong></span> <span class='ocrx_word' id='word_1_587' title='bbox 3353 1370 3449 1428; x_wconf 92' lang='lat' dir='ltr'><strong>pro</strong></span> <span class='ocrx_word' id='word_1_588' title='bbox 3485 1355 3655 1411; x_wconf 90' lang='lat' dir='ltr'><strong>salute</strong></span> <span class='ocrx_word' id='word_1_589' title='bbox 3688 1353 3835 1423; x_wconf 82' lang='lat' dir='ltr'><strong>ipso-</strong></span> 
     </span>
    </p>
   </div>
   <div class='ocr_carea' id='block_1_73' title="bbox 2252 1443 3836 1528">
    <p class='ocr_par' dir='ltr' id='par_1_73' title="bbox 2252 1443 3836 1528">
     <span class='ocr_line' id='line_1_73' title="bbox 2252 1443 3836 1528; baseline -0.012 -11"><span class='ocrx_word' id='word_1_590' title='bbox 2252 1475 2367 1517; x_wconf 91' lang='lat' dir='ltr'><strong>rum</strong></span> <span class='ocrx_word' id='word_1_591' title='bbox 2393 1460 2599 1528; x_wconf 74' lang='lat' dir='ltr'><strong>eg&#39;zmus</strong></span> <span class='ocrx_word' id='word_1_592' title='bbox 2622 1457 2642 1487; x_wconf 87' lang='grc'>³</span> <span class='ocrx_word' id='word_1_593' title='bbox 2665 1458 2716 1511; x_wconf 93' lang='lat' dir='ltr'><strong>in</strong></span> <span class='ocrx_word' id='word_1_594' title='bbox 2747 1455 3005 1519; x_wconf 84' lang='lat' dir='ltr'><strong>concilio,</strong></span> <span class='ocrx_word' id='word_1_595' title='bbox 3027 1449 3168 1522; x_wconf 92' lang='lat' dir='ltr'><strong>quod</strong></span> <span class='ocrx_word' id='word_1_596' title='bbox 3208 1446 3462 1520; x_wconf 74' lang='lat' dir='ltr'><strong>explicari</strong></span> <span class='ocrx_word' id='word_1_597' title='bbox 3489 1445 3640 1500; x_wconf 83' lang='lat' dir='ltr'><strong>vobis</strong></span> <span class='ocrx_word' id='word_1_598' title='bbox 3677 1443 3836 1498; x_wconf 87' lang='lat' dir='ltr'><strong>hodie</strong></span> 
     </span>
    </p>
   </div>
   <div class='ocr_carea' id='block_1_74' title="bbox 2247 1537 3839 1622">
    <p class='ocr_par' dir='ltr' id='par_1_74' title="bbox 2247 1537 3839 1622">
     <span class='ocr_line' id='line_1_74' title="bbox 2247 1537 3839 1622; baseline -0.013 -16"><span class='ocrx_word' id='word_1_599' title='bbox 2247 1553 2357 1622; x_wconf 76' lang='lat' dir='ltr'><strong>jam</strong></span> <span class='ocrx_word' id='word_1_600' title='bbox 2401 1559 2612 1619; x_wconf 84' lang='lat' dir='ltr'><strong>tempus</strong></span> <span class='ocrx_word' id='word_1_601' title='bbox 2658 1565 2762 1602; x_wconf 87' lang='lat' dir='ltr'><strong>non</strong></span> <span class='ocrx_word' id='word_1_602' title='bbox 2806 1538 3018 1601; x_wconf 87' lang='lat' dir='ltr'><strong>sufficit.</strong></span> <span class='ocrx_word' id='word_1_603' title='bbox 3073 1539 3222 1597; x_wconf 88' lang='lat' dir='ltr'><strong>Unde</strong></span> <span class='ocrx_word' id='word_1_604' title='bbox 3261 1537 3608 1594; x_wconf 82' lang='lat' dir='ltr'><strong>exhortamur</strong></span> <span class='ocrx_word' id='word_1_605' title='bbox 3635 1549 3735 1588; x_wconf 88' lang='lat' dir='ltr'><strong>vos</strong></span> <span class='ocrx_word' id='word_1_606' title='bbox 3781 1542 3839 1587; x_wconf 88' lang='lat' dir='ltr'><strong>ut</strong></span> 
     </span>
    </p>
   </div>
   <div class='ocr_carea' id='block_1_75' title="bbox 2252 1625 3839 1704">
    <p class='ocr_par' dir='ltr' id='par_1_75' title="bbox 2252 1625 3839 1704">
     <span class='ocr_line' id='line_1_75' title="bbox 2252 1625 3839 1704; baseline -0.013 -6"><span class='ocrx_word' id='word_1_607' title='bbox 2252 1642 2540 1698; x_wconf 80' lang='lat' dir='ltr'><strong>alacriores</strong></span> <span class='ocrx_word' id='word_1_608' title='bbox 2583 1648 2638 1695; x_wconf 91' lang='lat' dir='ltr'><strong>et</strong></span> <span class='ocrx_word' id='word_1_609' title='bbox 2684 1636 3077 1693; x_wconf 89' lang='lat' dir='ltr'><strong>numerosiores</strong></span> <span class='ocrx_word' id='word_1_610' title='bbox 3118 1631 3148 1704; x_wconf 72' lang='lat'>‘(</span> <span class='ocrx_word' id='word_1_611' title='bbox 3167 1630 3387 1686; x_wconf 90' lang='lat' dir='ltr'><strong>audient</strong></span> <span class='ocrx_word' id='word_1_612' title='bbox 3421 1628 3563 1683; x_wconf 90' lang='lat' dir='ltr'><strong>enim</strong></span> <span class='ocrx_word' id='word_1_613' title='bbox 3616 1640 3647 1681; x_wconf 86' lang='lat' dir='ltr'><strong>a</strong></span> <span class='ocrx_word' id='word_1_614' title='bbox 3688 1625 3839 1680; x_wconf 81' lang='lat' dir='ltr'><strong>vobis</strong></span> 
     </span>
    </p>
   </div>
   <div class='ocr_carea' id='block_1_76' title="bbox 2255 1716 3842 1800">
    <p class='ocr_par' dir='ltr' id='par_1_76' title="bbox 2255 1716 3842 1800">
     <span class='ocr_line' id='line_1_76' title="bbox 2255 1716 3842 1800; baseline -0.013 -12"><span class='ocrx_word' id='word_1_615' title='bbox 2255 1730 2448 1790; x_wconf 87' lang='lat' dir='ltr'><strong>fratres</strong></span> <span class='ocrx_word' id='word_1_616' title='bbox 2473 1731 2636 1786; x_wconf 90' lang='lat' dir='ltr'><strong>nostri</strong></span> <span class='ocrx_word' id='word_1_617' title='bbox 2669 1730 2757 1800; x_wconf 86' lang='lat' dir='ltr'><strong>qui</strong></span> <span class='ocrx_word' id='word_1_618' title='bbox 2786 1742 2925 1781; x_wconf 85' lang='lat' dir='ltr'><strong>llttllc</strong></span> <span class='ocrx_word' id='word_1_619' title='bbox 2972 1739 3076 1780; x_wconf 93' lang='lat' dir='ltr'><strong>non</strong></span> <span class='ocrx_word' id='word_1_620' title='bbox 3107 1718 3320 1792; x_wconf 86' lang='lat' dir='ltr'><strong>adsunt)</strong></span> <span class='ocrx_word' id='word_1_621' title='bbox 3357 1716 3688 1774; x_wconf 83' lang='lat' dir='ltr'><strong>conveniatis</strong></span> <span class='ocrx_word' id='word_1_622' title='bbox 3713 1725 3842 1770; x_wconf 67' lang='lat' dir='ltr'><strong>“cra-</strong></span> 
     </span>
    </p>
   </div>
   <div class='ocr_carea' id='block_1_77' title="bbox 2256 1811 3308 1880">
    <p class='ocr_par' dir='ltr' id='par_1_77' title="bbox 2256 1811 3308 1880">
     <span class='ocr_line' id='line_1_77' title="bbox 2256 1811 3308 1880; baseline -0.013 0"><span class='ocrx_word' id='word_1_623' title='bbox 2256 1826 2395 1880; x_wconf 71' lang='lat' dir='ltr'><strong>atina</strong></span> <span class='ocrx_word' id='word_1_624' title='bbox 2423 1823 2510 1878; x_wconf 90' lang='lat' dir='ltr'><strong>die</strong></span> <span class='ocrx_word' id='word_1_625' title='bbox 2535 1823 2601 1876; x_wconf 90' lang='lat' dir='ltr'><strong>ad</strong></span> <span class='ocrx_word' id='word_1_626' title='bbox 2631 1821 2900 1876; x_wconf 87' lang='lat' dir='ltr'><strong>basilicam</strong></span> <span class='ocrx_word' id='word_1_627' title='bbox 2931 1815 3244 1871; x_wconf 77' lang='lat' dir='ltr'><strong>&#39;l&#39;ricliarurn</strong></span> <span class='ocrx_word' id='word_1_628' title='bbox 3267 1811 3308 1866; x_wconf 73' lang='grc'><strong>⁸.</strong></span> 
     </span>
    </p>
   </div>
   <div class='ocr_carea' id='block_1_78' title="bbox 2256 1919 3838 1952">
    <p class='ocr_par' dir='ltr' id='par_1_78' title="bbox 2256 1919 3838 1952">
     <span class='ocr_line' id='line_1_78' title="bbox 2256 1919 3838 1952; baseline -0.018 -3"><span class='ocrx_word' id='word_1_629' title='bbox 2256 1919 3838 1952; x_wconf 76' lang='lat'><strong>.______________________.________</strong></span> 
     </span>
    </p>
   </div>
   <div class='ocr_carea' id='block_1_79' title="bbox 2631 1949 3458 2046">
    <p class='ocr_par' dir='ltr' id='par_1_79' title="bbox 2631 1949 3458 2046">
     <span class='ocr_line' id='line_1_79' title="bbox 2631 1949 3458 2046; baseline -0.012 0"><span class='ocrx_word' id='word_1_630' title='bbox 2631 1949 2718 2046; x_wconf 37' lang='lat' dir='ltr'><strong>tN&#39;</strong></span> <span class='ocrx_word' id='word_1_631' title='bbox 2757 1976 3133 2044; x_wconf 77' lang='lat' dir='ltr'><strong>PSALMUM</strong></span> <span class='ocrx_word' id='word_1_632' title='bbox 3177 1954 3458 2038; x_wconf 73' lang='lat' dir='ltr'><strong>xXxn&#39;t</strong></span> 
     </span>
    </p>
   </div>
   <div class='ocr_carea' id='block_1_80' title="bbox 2862 2077 3278 2134">
    <p class='ocr_par' dir='ltr' id='par_1_80' title="bbox 2862 2077 3278 2134">
     <span class='ocr_line' id='line_1_80' title="bbox 2862 2077 3278 2134; baseline -0.01 0"><span class='ocrx_word' id='word_1_633' title='bbox 2862 2081 2993 2134; x_wconf 79' lang='lat' dir='ltr'><strong>ENA</strong></span> <span class='ocrx_word' id='word_1_634' title='bbox 3004 2079 3091 2132; x_wconf 78' lang='lat' dir='ltr'><strong>illi</strong></span> <span class='ocrx_word' id='word_1_635' title='bbox 3102 2077 3184 2131; x_wconf 74' lang='lat' dir='ltr'><strong>AT</strong></span> <span class='ocrx_word' id='word_1_636' title='bbox 3193 2078 3278 2131; x_wconf 83' lang='lat' dir='ltr'><strong>l0.</strong></span> 
     </span>
    </p>
   </div>
   <div class='ocr_carea' id='block_1_81' title="bbox 2615 2169 3488 2241">
    <p class='ocr_par' dir='ltr' id='par_1_81' title="bbox 2615 2169 3488 2241">
     <span class='ocr_line' id='line_1_81' title="bbox 2615 2169 3488 2241; baseline -0.015 -9"><span class='ocrx_word' id='word_1_637' title='bbox 2615 2185 2785 2233; x_wconf 70' lang='lat' dir='ltr'><strong>ssnn’o</strong></span> <span class='ocrx_word' id='word_1_638' title='bbox 2813 2191 2861 2241; x_wconf 91' lang='grc' dir='ltr'>ι,</span> <span class='ocrx_word' id='word_1_639' title='bbox 2887 2185 3109 2228; x_wconf 73' lang='lat' dir='ltr'><strong>manus</strong></span> <span class='ocrx_word' id='word_1_640' title='bbox 3137 2186 3222 2224; x_wconf 75' lang='grc' dir='ltr'><strong>ωε</strong></span> <span class='ocrx_word' id='word_1_641' title='bbox 3250 2169 3488 2223; x_wconf 67' lang='lat' dir='ltr'><strong>suam.</strong></span> 
     </span>
    </p>
   </div>
   <div class='ocr_carea' id='block_1_82' title="bbox 2802 2279 3363 2338">
    <p class='ocr_par' dir='ltr' id='par_1_82' title="bbox 2802 2279 3363 2338">
     <span class='ocr_line' id='line_1_82' title="bbox 2802 2279 3363 2338; baseline -0.018 0"><span class='ocrx_word' id='word_1_642' title='bbox 2802 2283 2881 2338; x_wconf 87' lang='lat' dir='ltr'><strong>De</strong></span> <span class='ocrx_word' id='word_1_643' title='bbox 2909 2281 3053 2337; x_wconf 73' lang='lat' dir='ltr'><strong>tituio</strong></span> <span class='ocrx_word' id='word_1_644' title='bbox 3082 2279 3295 2335; x_wconf 81' lang='lat' dir='ltr'><strong>Psalmi.</strong></span> <span class='ocrx_word' id='word_1_645' title='bbox 3352 2284 3363 2291; x_wconf 80' lang='lat'><strong>‘</strong></span> 
     </span>
    </p>
   </div>
   <div class='ocr_carea' id='block_1_83' title="bbox 2337 2383 3856 2464">
    <p class='ocr_par' dir='ltr' id='par_1_83' title="bbox 2337 2383 3856 2464">
     <span class='ocr_line' id='line_1_83' title="bbox 2337 2383 3856 2464; baseline -0.013 -7"><span class='ocrx_word' id='word_1_646' title='bbox 2337 2395 2388 2458; x_wconf 75' lang='lat' dir='ltr'><strong>i.</strong></span> <span class='ocrx_word' id='word_1_647' title='bbox 2430 2399 2672 2456; x_wconf 81' lang='lat' dir='ltr'><strong>Psahnus</strong></span> <span class='ocrx_word' id='word_1_648' title='bbox 2700 2398 2801 2452; x_wconf 89' lang='lat' dir='ltr'><strong>iste</strong></span> <span class='ocrx_word' id='word_1_649' title='bbox 2823 2394 2952 2450; x_wconf 87' lang='lat' dir='ltr'><strong>ttihii</strong></span> <span class='ocrx_word' id='word_1_650' title='bbox 2974 2391 3186 2464; x_wconf 88' lang='lat' dir='ltr'><strong>quidem</strong></span> <span class='ocrx_word' id='word_1_651' title='bbox 3210 2389 3492 2444; x_wconf 86' lang='lat' dir='ltr'><strong>obscurum</strong></span> <span class='ocrx_word' id='word_1_652' title='bbox 3516 2395 3569 2439; x_wconf 85' lang='lat' dir='ltr'><strong>et</strong></span> <span class='ocrx_word' id='word_1_653' title='bbox 3593 2383 3738 2456; x_wconf 90' lang='lat' dir='ltr'><strong>quod</strong></span> <span class='ocrx_word' id='word_1_654' title='bbox 3762 2390 3856 2438; x_wconf 61' lang='lat' dir='ltr'><strong>exi-</strong></span> 
     </span>
    </p>
   </div>
   <div class='ocr_carea' id='block_1_84' title="bbox 2266 2475 3856 2564">
    <p class='ocr_par' dir='ltr' id='par_1_84' title="bbox 2266 2475 3856 2564">
     <span class='ocr_line' id='line_1_84' title="bbox 2266 2475 3856 2564; baseline -0.013 -17"><span class='ocrx_word' id='word_1_655' title='bbox 2266 2493 2500 2564; x_wconf 90' lang='lat' dir='ltr'><strong>positore</strong></span> <span class='ocrx_word' id='word_1_656' title='bbox 2529 2490 2782 2560; x_wconf 75' lang='lat' dir='ltr'><strong>indigeat,</strong></span> <span class='ocrx_word' id='word_1_657' title='bbox 2812 2485 3026 2541; x_wconf 88' lang='lat' dir='ltr'><strong>videtur</strong></span> <span class='ocrx_word' id='word_1_658' title='bbox 3065 2486 3261 2538; x_wconf 87' lang='lat' dir='ltr'><strong>habere</strong></span> <span class='ocrx_word' id='word_1_659' title='bbox 3288 2481 3340 2534; x_wconf 92' lang='lat' dir='ltr'><strong>in</strong></span> <span class='ocrx_word' id='word_1_660' title='bbox 3372 2488 3514 2534; x_wconf 86' lang='lat' dir='ltr'><strong>textu</strong></span> <span class='ocrx_word' id='word_1_661' title='bbox 3541 2492 3690 2531; x_wconf 91' lang='lat' dir='ltr'><strong>suo:</strong></span> <span class='ocrx_word' id='word_1_662' title='bbox 3726 2475 3856 2529; x_wconf 85' lang='lat' dir='ltr'><strong>titu-</strong></span> 
     </span>
    </p>
   </div>
   <div class='ocr_carea' id='block_1_85' title="bbox 2267 2568 3856 2654">
    <p class='ocr_par' dir='ltr' id='par_1_85' title="bbox 2267 2568 3856 2654">
     <span class='ocr_line' id='line_1_85' title="bbox 2267 2568 3856 2654; baseline -0.014 -13"><span class='ocrx_word' id='word_1_663' title='bbox 2267 2587 2349 2641; x_wconf 84' lang='lat' dir='ltr'><strong>lus</strong></span> <span class='ocrx_word' id='word_1_664' title='bbox 2373 2595 2548 2639; x_wconf 90' lang='lat' dir='ltr'><strong>autem</strong></span> <span class='ocrx_word' id='word_1_665' title='bbox 2578 2582 2693 2654; x_wconf 80' lang='lat' dir='ltr'><strong>eius</strong></span> <span class='ocrx_word' id='word_1_666' title='bbox 2733 2581 2965 2634; x_wconf 91' lang='lat' dir='ltr'><strong>intentos</strong></span> <span class='ocrx_word' id='word_1_667' title='bbox 2995 2576 3148 2642; x_wconf 89' lang='lat' dir='ltr'><strong>facit,</strong></span> <span class='ocrx_word' id='word_1_668' title='bbox 3179 2583 3233 2628; x_wconf 91' lang='lat' dir='ltr'><strong>et</strong></span> <span class='ocrx_word' id='word_1_669' title='bbox 3265 2574 3533 2643; x_wconf 85' lang='lat' dir='ltr'><strong>pulsantes</strong></span> <span class='ocrx_word' id='word_1_670' title='bbox 3559 2568 3856 2624; x_wconf 78' lang='lat' dir='ltr'><strong>desiderat.</strong></span> 
     </span>
    </p>
   </div>
   <div class='ocr_carea' id='block_1_86' title="bbox 2267 2658 3862 2748">
    <p class='ocr_par' dir='ltr' id='par_1_86' title="bbox 2267 2658 3862 2748">
     <span class='ocr_line' id='line_1_86' title="bbox 2267 2658 3862 2748; baseline -0.014 -14"><span class='ocrx_word' id='word_1_671' title='bbox 2267 2678 2370 2734; x_wconf 77' lang='lat' dir='ltr'><strong>Sed</strong></span> <span class='ocrx_word' id='word_1_672' title='bbox 2402 2673 2848 2748; x_wconf 86' lang='lat' dir='ltr'><strong>quemadmodum</strong></span> <span class='ocrx_word' id='word_1_673' title='bbox 2889 2671 2974 2725; x_wconf 90' lang='lat' dir='ltr'><strong>hic</strong></span> <span class='ocrx_word' id='word_1_674' title='bbox 2998 2669 3253 2738; x_wconf 83' lang='lat' dir='ltr'><strong>scriptum</strong></span> <span class='ocrx_word' id='word_1_675' title='bbox 3282 2672 3364 2718; x_wconf 88' lang='lat' dir='ltr'><strong>est.</strong></span> <span class='ocrx_word' id='word_1_676' title='bbox 3382 2705 3395 2727; x_wconf 96' lang='lat'><strong>,</strong></span> <span class='ocrx_word' id='word_1_677' title='bbox 3418 2663 3538 2733; x_wconf 88' lang='lat' dir='ltr'><strong>quia</strong></span> <span class='ocrx_word' id='word_1_678' title='bbox 3566 2661 3753 2715; x_wconf 79' lang='lat' dir='ltr'><strong>beatus</strong></span> <span class='ocrx_word' id='word_1_679' title='bbox 3784 2658 3862 2712; x_wconf 82' lang='lat' dir='ltr'><strong>vi’r&#39;</strong></span> 
     </span>
    </p>
   </div>
   <div class='ocr_carea' id='block_1_87' title="bbox 2265 2752 3864 2840">
    <p class='ocr_par' dir='ltr' id='par_1_87' title="bbox 2265 2752 3864 2840">
     <span class='ocr_line' id='line_1_87' title="bbox 2265 2752 3864 2840; baseline -0.011 -17"><span class='ocrx_word' id='word_1_680' title='bbox 2265 2770 2358 2840; x_wconf 87' lang='lat' dir='ltr'><strong>qui</strong></span> <span class='ocrx_word' id='word_1_681' title='bbox 2379 2776 2557 2839; x_wconf 88' lang='lat' dir='ltr'><strong>sperat</strong></span> <span class='ocrx_word' id='word_1_682' title='bbox 2577 2767 2627 2820; x_wconf 92' lang='lat' dir='ltr'><strong>in</strong></span> <span class='ocrx_word' id='word_1_683' title='bbox 2656 2780 2776 2820; x_wconf 89' lang='lat' dir='ltr'><strong>eum</strong></span> <span class='ocrx_word' id='word_1_684' title='bbox 2805 2782 2817 2817; x_wconf 89' lang='lat'>:</span> <span class='ocrx_word' id='word_1_685' title='bbox 2842 2773 3116 2833; x_wconf 85' lang='lat' dir='ltr'><strong>speremus</strong></span> <span class='ocrx_word' id='word_1_686' title='bbox 3142 2770 3328 2814; x_wconf 77' lang='lat' dir='ltr'><strong>Omnes</strong></span> <span class='ocrx_word' id='word_1_687' title='bbox 3353 2755 3491 2827; x_wconf 88' lang='lat' dir='ltr'><strong>quod</strong></span> <span class='ocrx_word' id='word_1_688' title='bbox 3521 2752 3864 2824; x_wconf 86' lang='lat' dir='ltr'><strong>pulsantibus</strong></span> 
     </span>
    </p>
   </div>
   <div class='ocr_carea' id='block_1_88' title="bbox 2269 2848 3864 2934">
    <p class='ocr_par' dir='ltr' id='par_1_88' title="bbox 2269 2848 3864 2934">
     <span class='ocr_line' id='line_1_88' title="bbox 2269 2848 3864 2934; baseline -0.013 -15"><span class='ocrx_word' id='word_1_689' title='bbox 2269 2871 2553 2934; x_wconf 82' lang='lat' dir='ltr'><strong>aperturus</strong></span> <span class='ocrx_word' id='word_1_690' title='bbox 2577 2867 2679 2914; x_wconf 90' lang='lat' dir='ltr'><strong>est.</strong></span> <span class='ocrx_word' id='word_1_691' title='bbox 2723 2858 2838 2912; x_wconf 84' lang='lat' dir='ltr'><strong>Non</strong></span> <span class='ocrx_word' id='word_1_692' title='bbox 2879 2855 3019 2910; x_wconf 89' lang='lat' dir='ltr'><strong>enim</strong></span> <span class='ocrx_word' id='word_1_693' title='bbox 3069 2853 3373 2907; x_wconf 89' lang='lat' dir='ltr'><strong>hortaretur</strong></span> <span class='ocrx_word' id='word_1_694' title='bbox 3403 2865 3499 2904; x_wconf 70' lang='lat' dir='ltr'><strong>nos.</strong></span> <span class='ocrx_word' id='word_1_695' title='bbox 3527 2857 3585 2902; x_wconf 92' lang='lat' dir='ltr'><strong>ut</strong></span> <span class='ocrx_word' id='word_1_696' title='bbox 3616 2848 3864 2916; x_wconf 80' lang='lat' dir='ltr'><strong>pulsare-</strong></span> 
     </span>
    </p>
   </div>
   <div class='ocr_carea' id='block_1_89' title="bbox 2271 2934 3866 3019">
    <p class='ocr_par' dir='ltr' id='par_1_89' title="bbox 2271 2934 3866 3019">
     <span class='ocr_line' id='line_1_89' title="bbox 2271 2934 3866 3019; baseline -0.011 -10"><span class='ocrx_word' id='word_1_697' title='bbox 2271 2968 2413 3016; x_wconf 90' lang='lat' dir='ltr'><strong>mus,</strong></span> <span class='ocrx_word' id='word_1_698' title='bbox 2451 2952 2496 3007; x_wconf 89' lang='lat' dir='ltr'><strong>si</strong></span> <span class='ocrx_word' id='word_1_699' title='bbox 2524 2951 2685 3005; x_wconf 84' lang='lat' dir='ltr'><strong>nollet</strong></span> <span class='ocrx_word' id='word_1_700' title='bbox 2713 2947 2920 3019; x_wconf 89' lang='lat' dir='ltr'><strong>aperire</strong></span> <span class='ocrx_word' id='word_1_701' title='bbox 2963 2941 3295 3015; x_wconf 87' lang='lat' dir='ltr'><strong>pulsantibus</strong></span> <span class='ocrx_word' id='word_1_702' title='bbox 3324 2938 3530 3011; x_wconf 79' lang='lat' dir='ltr'><strong>(Matth.</strong></span> <span class='ocrx_word' id='word_1_703' title='bbox 3562 2952 3634 2993; x_wconf 79' lang='lat' dir='ltr'><strong>vn</strong></span> <span class='ocrx_word' id='word_1_704' title='bbox 3655 2979 3667 2998; x_wconf 89' lang='lat'><strong>,</strong></span> <span class='ocrx_word' id='word_1_705' title='bbox 3699 2939 3784 3007; x_wconf 76' lang='grc' dir='ltr'><strong>ἲ).</strong></span> <span class='ocrx_word' id='word_1_706' title='bbox 3811 2934 3866 2992; x_wconf 84' lang='lat' dir='ltr'><strong>Si</strong></span> 
     </span>
    </p>
   </div>
   <div class='ocr_carea' id='block_1_90' title="bbox 2272 3030 3866 3113">
    <p class='ocr_par' dir='ltr' id='par_1_90' title="bbox 2272 3030 3866 3113">
     <span class='ocr_line' id='line_1_90' title="bbox 2272 3030 3866 3113; baseline -0.012 -11"><span class='ocrx_word' id='word_1_707' title='bbox 2272 3046 2414 3102; x_wconf 87' lang='lat' dir='ltr'><strong>enim</strong></span> <span class='ocrx_word' id='word_1_708' title='bbox 2445 3042 2730 3113; x_wconf 81' lang='lat' dir='ltr'><strong>aliquando</strong></span> <span class='ocrx_word' id='word_1_709' title='bbox 2766 3039 3055 3108; x_wconf 89' lang='lat' dir='ltr'><strong>contingit,</strong></span> <span class='ocrx_word' id='word_1_710' title='bbox 3104 3044 3162 3089; x_wconf 92' lang='lat' dir='ltr'><strong>ut</strong></span> <span class='ocrx_word' id='word_1_711' title='bbox 3190 3035 3278 3105; x_wconf 90' lang='lat' dir='ltr'><strong>qui</strong></span> <span class='ocrx_word' id='word_1_712' title='bbox 3323 3033 3636 3104; x_wconf 68' lang='lat' dir='ltr'><strong>disponebat</strong></span> <span class='ocrx_word' id='word_1_713' title='bbox 3664 3030 3686 3062; x_wconf 84' lang='lat'><strong>&#39;</strong></span> <span class='ocrx_word' id='word_1_714' title='bbox 3717 3045 3866 3084; x_wconf 74' lang='lat' dir='ltr'><strong>sem-</strong></span> 
     </span>
    </p>
   </div>
   <div class='ocr_carea' id='block_1_91' title="bbox 2275 3119 3869 3210">
    <p class='ocr_par' dir='ltr' id='par_1_91' title="bbox 2275 3119 3869 3210">
     <span class='ocr_line' id='line_1_91' title="bbox 2275 3119 3869 3210; baseline -0.013 -17"><span class='ocrx_word' id='word_1_715' title='bbox 2275 3150 2372 3210; x_wconf 85' lang='lat' dir='ltr'><strong>per</strong></span> <span class='ocrx_word' id='word_1_716' title='bbox 2398 3135 2646 3192; x_wconf 86' lang='lat' dir='ltr'><strong>claudere</strong></span> <span class='ocrx_word' id='word_1_717' title='bbox 2665 3174 2681 3199; x_wconf 95' lang='lat'><strong>,</strong></span> <span class='ocrx_word' id='word_1_718' title='bbox 2725 3131 2880 3185; x_wconf 68' lang='lat' dir='ltr'><strong>lt!!le</strong></span> <span class='ocrx_word' id='word_1_719' title='bbox 2907 3126 3212 3198; x_wconf 86' lang='lat' dir='ltr'><strong>compulsus</strong></span> <span class='ocrx_word' id='word_1_720' title='bbox 3242 3123 3306 3178; x_wconf 87' lang='lat' dir='ltr'><strong>ad</strong></span> <span class='ocrx_word' id='word_1_721' title='bbox 3344 3137 3557 3177; x_wconf 91' lang='lat' dir='ltr'><strong>manum</strong></span> <span class='ocrx_word' id='word_1_722' title='bbox 3604 3119 3869 3190; x_wconf 82' lang='lat' dir='ltr'><strong>pulsantis</strong></span> 
     </span>
    </p>
   </div>
   <div class='ocr_carea' id='block_1_92' title="bbox 2275 3211 3869 3295">
    <p class='ocr_par' dir='ltr' id='par_1_92' title="bbox 2275 3211 3869 3295">
     <span class='ocr_line' id='line_1_92' title="bbox 2275 3211 3869 3295; baseline -0.014 -9"><span class='ocrx_word' id='word_1_723' title='bbox 2275 3237 2459 3285; x_wconf 89' lang='lat' dir='ltr'><strong>contra</strong></span> <span class='ocrx_word' id='word_1_724' title='bbox 2488 3224 2887 3295; x_wconf 76' lang='lat' dir='ltr'><strong>dispositionem</strong></span> <span class='ocrx_word' id='word_1_725' title='bbox 2924 3235 3073 3273; x_wconf 90' lang='lat' dir='ltr'><strong>suam</strong></span> <span class='ocrx_word' id='word_1_726' title='bbox 3101 3225 3282 3286; x_wconf 82' lang='lat' dir='ltr'><strong>surgat</strong></span> <span class='ocrx_word' id='word_1_727' title='bbox 3320 3223 3375 3269; x_wconf 89' lang='lat' dir='ltr'><strong>et</strong></span> <span class='ocrx_word' id='word_1_728' title='bbox 3403 3213 3639 3283; x_wconf 88' lang='lat' dir='ltr'><strong>aperiat,</strong></span> <span class='ocrx_word' id='word_1_729' title='bbox 3677 3228 3749 3265; x_wconf 90' lang='lat' dir='ltr'><strong>ne</strong></span> <span class='ocrx_word' id='word_1_730' title='bbox 3779 3211 3869 3264; x_wconf 89' lang='lat' dir='ltr'><strong>diu</strong></span> 
     </span>
    </p>
   </div>
   <div class='ocr_carea' id='block_1_93' title="bbox 2278 3305 3871 3396">
    <p class='ocr_par' dir='ltr' id='par_1_93' title="bbox 2278 3305 3871 3396">
     <span class='ocr_line' id='line_1_93' title="bbox 2278 3305 3871 3396; baseline -0.014 -18"><span class='ocrx_word' id='word_1_731' title='bbox 2278 3323 2575 3396; x_wconf 80' lang='lat' dir='ltr'><strong>pulsantem</strong></span> <span class='ocrx_word' id='word_1_732' title='bbox 2599 3318 2829 3390; x_wconf 88' lang='lat' dir='ltr'><strong>patiatur</strong></span> <span class='ocrx_word' id='word_1_733' title='bbox 2854 3312 3002 3387; x_wconf 84' lang='lat' dir='ltr'><strong>(Luc.</strong></span> <span class='ocrx_word' id='word_1_734' title='bbox 3033 3327 3106 3376; x_wconf 78' lang='lat' dir='ltr'><strong>st,</strong></span> <span class='ocrx_word' id='word_1_735' title='bbox 3132 3310 3190 3385; x_wconf 88' lang='lat'><strong>8)</strong></span> <span class='ocrx_word' id='word_1_736' title='bbox 3219 3326 3233 3364; x_wconf 89' lang='lat'>:</span> <span class='ocrx_word' id='word_1_737' title='bbox 3257 3319 3456 3381; x_wconf 89' lang='lat' dir='ltr'><strong>quanto</strong></span> <span class='ocrx_word' id='word_1_738' title='bbox 3483 3305 3650 3376; x_wconf 88' lang='lat' dir='ltr'><strong>tnagis</strong></span> <span class='ocrx_word' id='word_1_739' title='bbox 3679 3319 3871 3374; x_wconf 44' lang='lat' dir='ltr'><strong>sperae</strong></span> 
     </span>
    </p>
   </div>
   <div class='ocr_carea' id='block_1_94' title="bbox 2281 3395 3868 3477">
    <p class='ocr_par' dir='ltr' id='par_1_94' title="bbox 2281 3395 3868 3477">
     <span class='ocr_line' id='line_1_94' title="bbox 2281 3395 3868 3477; baseline -0.014 -6"><span class='ocrx_word' id='word_1_740' title='bbox 2281 3433 2339 3471; x_wconf 89' lang='lat' dir='ltr'><strong>re</strong></span> <span class='ocrx_word' id='word_1_741' title='bbox 2363 3415 2618 3470; x_wconf 83' lang='lat' dir='ltr'><strong>debemus</strong></span> <span class='ocrx_word' id='word_1_742' title='bbox 2646 3409 2799 3464; x_wconf 84' lang='lat' dir='ltr'><strong>citius</strong></span> <span class='ocrx_word' id='word_1_743' title='bbox 2824 3415 3127 3477; x_wconf 88' lang='lat' dir='ltr'><strong>aperturum</strong></span> <span class='ocrx_word' id='word_1_744' title='bbox 3159 3403 3304 3457; x_wconf 91' lang='lat' dir='ltr'><strong>illum</strong></span> <span class='ocrx_word' id='word_1_745' title='bbox 3334 3400 3422 3471; x_wconf 90' lang='lat' dir='ltr'><strong>qui</strong></span> <span class='ocrx_word' id='word_1_746' title='bbox 3463 3401 3537 3453; x_wconf 84' lang='lat' dir='ltr'><strong>ait</strong></span> <span class='ocrx_word' id='word_1_747' title='bbox 3565 3413 3579 3450; x_wconf 89' lang='lat'><strong>:</strong></span> <span class='ocrx_word' id='word_1_748' title='bbox 3614 3395 3832 3450; x_wconf 84' lang='lat' dir='ltr'><strong>Pulsate</strong></span> <span class='ocrx_word' id='word_1_749' title='bbox 3853 3437 3868 3459; x_wconf 96' lang='lat'><strong>,</strong></span> 
     </span>
    </p>
   </div>
   <div class='ocr_carea' id='block_1_95' title="bbox 2278 3487 3872 3576">
    <p class='ocr_par' dir='ltr' id='par_1_95' title="bbox 2278 3487 3872 3576">
     <span class='ocr_line' id='line_1_95' title="bbox 2278 3487 3872 3576; baseline -0.013 -14"><span class='ocrx_word' id='word_1_750' title='bbox 2278 3517 2325 3562; x_wconf 88' lang='lat' dir='ltr'><strong>et</strong></span> <span class='ocrx_word' id='word_1_751' title='bbox 2363 3506 2615 3576; x_wconf 86' lang='lat' dir='ltr'><strong>aperietur</strong></span> <span class='ocrx_word' id='word_1_752' title='bbox 2640 3501 2818 3556; x_wconf 73' lang='lat' dir='ltr'><strong>vobis?</strong></span> <span class='ocrx_word' id='word_1_753' title='bbox 2861 3498 3020 3554; x_wconf 85' lang='lat' dir='ltr'><strong>Pulso</strong></span> <span class='ocrx_word' id='word_1_754' title='bbox 3048 3511 3147 3566; x_wconf 85' lang='lat' dir='ltr'><strong>ego</strong></span> <span class='ocrx_word' id='word_1_755' title='bbox 3175 3509 3314 3548; x_wconf 91' lang='lat' dir='ltr'><strong>nunc</strong></span> <span class='ocrx_word' id='word_1_756' title='bbox 3355 3490 3649 3546; x_wconf 85' lang='lat' dir='ltr'><strong>intentione</strong></span> <span class='ocrx_word' id='word_1_757' title='bbox 3687 3487 3872 3542; x_wconf 83' lang='lat' dir='ltr'><strong>cordis</strong></span> 
     </span>
    </p>
   </div>
   <div class='ocr_carea' id='block_1_96' title="bbox 2281 3584 3870 3659">
    <p class='ocr_par' dir='ltr' id='par_1_96' title="bbox 2281 3584 3870 3659">
     <span class='ocr_line' id='line_1_96' title="bbox 2281 3584 3870 3659; baseline -0.014 -3"><span class='ocrx_word' id='word_1_758' title='bbox 2281 3602 2346 3656; x_wconf 85' lang='lat' dir='ltr'><strong>ad</strong></span> <span class='ocrx_word' id='word_1_759' title='bbox 2379 3599 2658 3654; x_wconf 89' lang='lat' dir='ltr'><strong>Dominum</strong></span> <span class='ocrx_word' id='word_1_760' title='bbox 2691 3597 2874 3656; x_wconf 90' lang='lat' dir='ltr'><strong>Deum,</strong></span> <span class='ocrx_word' id='word_1_761' title='bbox 2898 3601 2956 3646; x_wconf 88' lang='lat' dir='ltr'><strong>ut</strong></span> <span class='ocrx_word' id='word_1_762' title='bbox 2980 3591 3224 3659; x_wconf 75' lang='lat' dir='ltr'><strong>dignetur</strong></span> <span class='ocrx_word' id='word_1_763' title='bbox 3246 3587 3398 3642; x_wconf 85' lang='lat' dir='ltr'><strong>nobis</strong></span> <span class='ocrx_word' id='word_1_764' title='bbox 3426 3585 3526 3637; x_wconf 70' lang='lat' dir='ltr'><strong>hoc</strong></span> <span class='ocrx_word' id='word_1_765' title='bbox 3551 3584 3870 3652; x_wconf 77' lang='lat' dir='ltr'><strong>mysterium</strong></span> 
     </span>
    </p>
   </div>
   <div class='ocr_carea' id='block_1_97' title="bbox 2283 3672 3875 3760">
    <p class='ocr_par' dir='ltr' id='par_1_97' title="bbox 2283 3672 3875 3760">
     <span class='ocr_line' id='line_1_97' title="bbox 2283 3672 3875 3760; baseline -0.015 -11"><span class='ocrx_word' id='word_1_766' title='bbox 2283 3693 2520 3749; x_wconf 87' lang='lat' dir='ltr'><strong>revelare</strong></span> <span class='ocrx_word' id='word_1_767' title='bbox 2552 3708 2564 3743; x_wconf 90' lang='lat'>:</span> <span class='ocrx_word' id='word_1_768' title='bbox 2595 3688 2768 3760; x_wconf 89' lang='lat' dir='ltr'><strong>pulset</strong></span> <span class='ocrx_word' id='word_1_769' title='bbox 2795 3698 3000 3738; x_wconf 88' lang='lat' dir='ltr'><strong>meeum</strong></span> <span class='ocrx_word' id='word_1_770' title='bbox 3033 3689 3086 3734; x_wconf 94' lang='lat' dir='ltr'><strong>et</strong></span> <span class='ocrx_word' id='word_1_771' title='bbox 3126 3678 3372 3732; x_wconf 82' lang='lat' dir='ltr'><strong>Charitas</strong></span> <span class='ocrx_word' id='word_1_772' title='bbox 3402 3675 3585 3729; x_wconf 78' lang='lat' dir='ltr'><strong>Vestra</strong></span> <span class='ocrx_word' id='word_1_773' title='bbox 3619 3672 3875 3726; x_wconf 86' lang='lat' dir='ltr'><strong>intentio-</strong></span> 
     </span>
    </p>
   </div>
   <div class='ocr_carea' id='block_1_98' title="bbox 2284 3763 3871 3841">
    <p class='ocr_par' dir='ltr' id='par_1_98' title="bbox 2284 3763 3871 3841">
     <span class='ocr_line' id='line_1_98' title="bbox 2284 3763 3871 3841; baseline -0.017 -1"><span class='ocrx_word' id='word_1_774' title='bbox 2284 3801 2352 3840; x_wconf 89' lang='lat' dir='ltr'><strong>ne</strong></span> <span class='ocrx_word' id='word_1_775' title='bbox 2372 3781 2639 3841; x_wconf 87' lang='lat' dir='ltr'><strong>andiendi,</strong></span> <span class='ocrx_word' id='word_1_776' title='bbox 2663 3789 2716 3833; x_wconf 89' lang='lat' dir='ltr'><strong>et</strong></span> <span class='ocrx_word' id='word_1_777' title='bbox 2741 3775 3036 3830; x_wconf 89' lang='lat' dir='ltr'><strong>humilitate</strong></span> <span class='ocrx_word' id='word_1_778' title='bbox 3057 3769 3242 3824; x_wconf 87' lang='lat' dir='ltr'><strong>orandi</strong></span> <span class='ocrx_word' id='word_1_779' title='bbox 3263 3783 3362 3840; x_wconf 89' lang='lat' dir='ltr'><strong>pro</strong></span> <span class='ocrx_word' id='word_1_780' title='bbox 3383 3765 3556 3820; x_wconf 90' lang='lat' dir='ltr'><strong>nobis.</strong></span> <span class='ocrx_word' id='word_1_781' title='bbox 3587 3763 3679 3816; x_wconf 86' lang='lat' dir='ltr'><strong>Est</strong></span> <span class='ocrx_word' id='word_1_782' title='bbox 3700 3763 3871 3826; x_wconf 85' lang='lat' dir='ltr'><strong>enim,</strong></span> 
     </span>
    </p>
   </div>
   <div class='ocr_carea' id='block_1_99' title="bbox 2284 3855 3809 3946">
    <p class='ocr_par' dir='ltr' id='par_1_99' title="bbox 2284 3855 3809 3946">
     <span class='ocr_line' id='line_1_99' title="bbox 2284 3855 3809 3946; baseline -0.016 -17"><span class='ocrx_word' id='word_1_783' title='bbox 2284 3873 2426 3946; x_wconf 85' lang='lat' dir='ltr'><strong>quod</strong></span> <span class='ocrx_word' id='word_1_784' title='bbox 2454 3870 2722 3926; x_wconf 90' lang='lat' dir='ltr'><strong>fatendutn</strong></span> <span class='ocrx_word' id='word_1_785' title='bbox 2750 3875 2852 3931; x_wconf 68' lang='lat' dir='ltr'><strong>est,</strong></span> <span class='ocrx_word' id='word_1_786' title='bbox 2878 3861 3130 3918; x_wconf 82' lang='lat' dir='ltr'><strong>arcanum</strong></span> <span class='ocrx_word' id='word_1_787' title='bbox 3161 3869 3214 3914; x_wconf 88' lang='lat' dir='ltr'><strong>et</strong></span> <span class='ocrx_word' id='word_1_788' title='bbox 3239 3858 3438 3928; x_wconf 82' lang='lat' dir='ltr'><strong>grande</strong></span> <span class='ocrx_word' id='word_1_789' title='bbox 3464 3855 3809 3925; x_wconf 77' lang='lat' dir='ltr'><strong>mySIerium.</strong></span> 
     </span>
    </p>
   </div>
   <div class='ocr_carea' id='block_1_100' title="bbox 2355 3943 3877 4020">
    <p class='ocr_par' dir='ltr' id='par_1_100' title="bbox 2355 3943 3877 4020">
     <span class='ocr_line' id='line_1_100' title="bbox 2355 3943 3877 4020; baseline -0.016 -1"><span class='ocrx_word' id='word_1_790' title='bbox 2355 3966 2411 4020; x_wconf 70' lang='grc'><strong>2.</strong></span> <span class='ocrx_word' id='word_1_791' title='bbox 2452 3963 2542 4018; x_wconf 88' lang='lat' dir='ltr'><strong>Sic</strong></span> <span class='ocrx_word' id='word_1_792' title='bbox 2570 3960 2711 4016; x_wconf 86' lang='lat' dir='ltr'><strong>enim</strong></span> <span class='ocrx_word' id='word_1_793' title='bbox 2738 3974 2796 4013; x_wconf 89' lang='lat' dir='ltr'><strong>se</strong></span> <span class='ocrx_word' id='word_1_794' title='bbox 2827 3956 2984 4010; x_wconf 88' lang='lat' dir='ltr'><strong>habet</strong></span> <span class='ocrx_word' id='word_1_795' title='bbox 3016 3953 3194 4008; x_wconf 83' lang='lat' dir='ltr'><strong>titulus</strong></span> <span class='ocrx_word' id='word_1_796' title='bbox 3221 3949 3412 4005; x_wconf 83' lang='lat' dir='ltr'><strong>Psaitni</strong></span> <span class='ocrx_word' id='word_1_797' title='bbox 3441 3967 3455 4003; x_wconf 85' lang='lat'><strong>:</strong></span> <span class='ocrx_word' id='word_1_798' title='bbox 3488 3946 3735 4002; x_wconf 85' lang='lat' dir='ltr'><strong>Psalmus</strong></span> <span class='ocrx_word' id='word_1_799' title='bbox 3769 3943 3877 3998; x_wconf 88' lang='lat' dir='ltr'><strong>Da-</strong></span> 
     </span>
    </p>
   </div>
   <div class='ocr_carea' id='block_1_101' title="bbox 2286 4035 3880 4121">
    <p class='ocr_par' dir='ltr' id='par_1_101' title="bbox 2286 4035 3880 4121">
     <span class='ocr_line' id='line_1_101' title="bbox 2286 4035 3880 4121; baseline -0.016 -10"><span class='ocrx_word' id='word_1_800' title='bbox 2286 4056 2390 4121; x_wconf 77' lang='lat' dir='ltr'><strong>vid,</strong></span> <span class='ocrx_word' id='word_1_801' title='bbox 2419 4071 2531 4108; x_wconf 78' lang='lat' dir='ltr'><strong>eum</strong></span> <span class='ocrx_word' id='word_1_802' title='bbox 2559 4051 2764 4106; x_wconf 86' lang='lat' dir='ltr'><strong>mutavit</strong></span> <span class='ocrx_word' id='word_1_803' title='bbox 2801 4046 2992 4101; x_wconf 76' lang='lat' dir='ltr'><strong>vuitnnt</strong></span> <span class='ocrx_word' id='word_1_804' title='bbox 3016 4061 3159 4099; x_wconf 85' lang='lat' dir='ltr'><strong>suum</strong></span> <span class='ocrx_word' id='word_1_805' title='bbox 3187 4057 3356 4096; x_wconf 85' lang='lat' dir='ltr'><strong>coram</strong></span> <span class='ocrx_word' id='word_1_806' title='bbox 3382 4035 3686 4101; x_wconf 83' lang='lat' dir='ltr'><strong>Abimeleclt,</strong></span> <span class='ocrx_word' id='word_1_807' title='bbox 3719 4046 3768 4090; x_wconf 81' lang='lat' dir='ltr'><strong>et</strong></span> <span class='ocrx_word' id='word_1_808' title='bbox 3795 4036 3880 4087; x_wconf 81' lang='lat' dir='ltr'><strong>di-</strong></span> 
     </span>
    </p>
   </div>
   <div class='ocr_carea' id='block_1_102' title="bbox 2289 4128 3880 4211">
    <p class='ocr_par' dir='ltr' id='par_1_102' title="bbox 2289 4128 3880 4211">
     <span class='ocr_line' id='line_1_102' title="bbox 2289 4128 3880 4211; baseline -0.015 -10"><span class='ocrx_word' id='word_1_809' title='bbox 2289 4147 2422 4201; x_wconf 86' lang='lat' dir='ltr'><strong>misit</strong></span> <span class='ocrx_word' id='word_1_810' title='bbox 2448 4161 2582 4211; x_wconf 87' lang='lat' dir='ltr'><strong>eum,</strong></span> <span class='ocrx_word' id='word_1_811' title='bbox 2611 4151 2657 4196; x_wconf 90' lang='lat' dir='ltr'><strong>et</strong></span> <span class='ocrx_word' id='word_1_812' title='bbox 2682 4141 2824 4194; x_wconf 88' lang='lat' dir='ltr'><strong>abiit.</strong></span> <span class='ocrx_word' id='word_1_813' title='bbox 2855 4138 3151 4205; x_wconf 57' lang='lat' dir='ltr'><strong>Quaéritnus</strong></span> <span class='ocrx_word' id='word_1_814' title='bbox 3185 4134 3234 4187; x_wconf 90' lang='lat' dir='ltr'><strong>in</strong></span> <span class='ocrx_word' id='word_1_815' title='bbox 3265 4131 3550 4200; x_wconf 85' lang='lat' dir='ltr'><strong>Scripturis</strong></span> <span class='ocrx_word' id='word_1_816' title='bbox 3577 4128 3880 4182; x_wconf 87' lang='lat' dir='ltr'><strong>secundum</strong></span> 
     </span>
    </p>
   </div>
   <div class='ocr_carea' id='block_1_103' title="bbox 2289 4221 3879 4306">
    <p class='ocr_par' dir='ltr' id='par_1_103' title="bbox 2289 4221 3879 4306">
     <span class='ocr_line' id='line_1_103' title="bbox 2289 4221 3879 4306; baseline -0.014 -14"><span class='ocrx_word' id='word_1_817' title='bbox 2289 4251 2376 4292; x_wconf 90' lang='lat' dir='ltr'><strong>res</strong></span> <span class='ocrx_word' id='word_1_818' title='bbox 2421 4244 2636 4306; x_wconf 81' lang='lat' dir='ltr'><strong>gestas,</strong></span> <span class='ocrx_word' id='word_1_819' title='bbox 2683 4247 2801 4302; x_wconf 68' lang='lat' dir='ltr'><strong>qua:</strong></span> <span class='ocrx_word' id='word_1_820' title='bbox 2849 4229 3001 4284; x_wconf 90' lang='lat' dir='ltr'><strong>nobis</strong></span> <span class='ocrx_word' id='word_1_821' title='bbox 3029 4227 3097 4281; x_wconf 90' lang='lat' dir='ltr'><strong>de</strong></span> <span class='ocrx_word' id='word_1_822' title='bbox 3145 4223 3308 4278; x_wconf 81' lang='lat' dir='ltr'><strong>David</strong></span> <span class='ocrx_word' id='word_1_823' title='bbox 3355 4221 3665 4289; x_wconf 79' lang='lat' dir='ltr'><strong>conscriptae</strong></span> <span class='ocrx_word' id='word_1_824' title='bbox 3708 4226 3879 4280; x_wconf 90' lang='lat' dir='ltr'><strong>sunt,</strong></span> 
     </span>
    </p>
   </div>
   <div class='ocr_carea' id='block_1_104' title="bbox 2290 4307 3882 4401">
    <p class='ocr_par' dir='ltr' id='par_1_104' title="bbox 2290 4307 3882 4401">
     <span class='ocr_line' id='line_1_104' title="bbox 2290 4307 3882 4401; baseline -0.014 -21"><span class='ocrx_word' id='word_1_825' title='bbox 2290 4326 2502 4401; x_wconf 88' lang='lat' dir='ltr'><strong>quando</strong></span> <span class='ocrx_word' id='word_1_826' title='bbox 2525 4325 2596 4379; x_wconf 89' lang='lat' dir='ltr'><strong>sit</strong></span> <span class='ocrx_word' id='word_1_827' title='bbox 2614 4323 2808 4379; x_wconf 88' lang='lat' dir='ltr'><strong>factum</strong></span> <span class='ocrx_word' id='word_1_828' title='bbox 2833 4319 2846 4373; x_wconf 69' lang='grc' dir='ltr'><strong>ξ</strong></span> <span class='ocrx_word' id='word_1_829' title='bbox 2869 4313 3314 4389; x_wconf 82' lang='lat' dir='ltr'><strong>quemadmodum</strong></span> <span class='ocrx_word' id='word_1_830' title='bbox 3342 4310 3639 4366; x_wconf 86' lang='lat' dir='ltr'><strong>invenimus</strong></span> <span class='ocrx_word' id='word_1_831' title='bbox 3660 4307 3882 4361; x_wconf 87' lang='lat' dir='ltr'><strong>titulum</strong></span> 
     </span>
    </p>
   </div>
   <div class='ocr_carea' id='block_1_105' title="bbox 2290 4399 3888 4493">
    <p class='ocr_par' dir='ltr' id='par_1_105' title="bbox 2290 4399 3888 4493">
     <span class='ocr_line' id='line_1_105' title="bbox 2290 4399 3888 4493; baseline -0.016 -16"><span class='ocrx_word' id='word_1_832' title='bbox 2290 4399 2478 4493; x_wconf 79' lang='lat' dir='ltr'><strong>pSalmi</strong></span> <span class='ocrx_word' id='word_1_833' title='bbox 2510 4438 2523 4472; x_wconf 90' lang='lat'><strong>:</strong></span> <span class='ocrx_word' id='word_1_834' title='bbox 2551 4415 2676 4473; x_wconf 86' lang='lat' dir='ltr'><strong>Cum</strong></span> <span class='ocrx_word' id='word_1_835' title='bbox 2715 4419 2908 4487; x_wconf 80' lang='lat' dir='ltr'><strong>fugeret</strong></span> <span class='ocrx_word' id='word_1_836' title='bbox 2943 4408 3106 4463; x_wconf 78' lang='lat' dir='ltr'><strong>David</strong></span> <span class='ocrx_word' id='word_1_837' title='bbox 3130 4424 3163 4460; x_wconf 90' lang='lat' dir='ltr'><strong>a</strong></span> <span class='ocrx_word' id='word_1_838' title='bbox 3205 4406 3336 4479; x_wconf 82' lang='lat' dir='ltr'><strong>facie</strong></span> <span class='ocrx_word' id='word_1_839' title='bbox 3361 4403 3630 4458; x_wconf 77' lang='lat' dir='ltr'><strong>Abessalon</strong></span> <span class='ocrx_word' id='word_1_840' title='bbox 3669 4401 3774 4469; x_wconf 76' lang='lat' dir='ltr'><strong>ﬁlii</strong></span> <span class='ocrx_word' id='word_1_841' title='bbox 3806 4399 3888 4454; x_wconf 83' lang='lat' dir='ltr'><strong>sui</strong></span> 
     </span>
    </p>
   </div>
   <div class='ocr_carea' id='block_1_106' title="bbox 2293 4491 3890 4582">
    <p class='ocr_par' dir='ltr' id='par_1_106' title="bbox 2293 4491 3890 4582">
     <span class='ocr_line' id='line_1_106' title="bbox 2293 4491 3890 4582; baseline -0.014 -15"><span class='ocrx_word' id='word_1_842' title='bbox 2293 4491 2311 4582; x_wconf 65' lang='lat' dir='ltr'><strong>i</strong></span> <span class='ocrx_word' id='word_1_843' title='bbox 2337 4510 2480 4567; x_wconf 82' lang='lat' dir='ltr'><strong>Psai.</strong></span> <span class='ocrx_word' id='word_1_844' title='bbox 2508 4525 2583 4574; x_wconf 90' lang='lat' dir='ltr'><strong>ut,</strong></span> <span class='ocrx_word' id='word_1_845' title='bbox 2618 4507 2642 4561; x_wconf 81' lang='lat' dir='ltr'><strong>i</strong></span> <span class='ocrx_word' id='word_1_846' title='bbox 2669 4505 2711 4577; x_wconf 91' lang='lat'><strong>).</strong></span> <span class='ocrx_word' id='word_1_847' title='bbox 2745 4503 2992 4573; x_wconf 83' lang='lat' dir='ltr'><strong>Legimus</strong></span> <span class='ocrx_word' id='word_1_848' title='bbox 3023 4498 3165 4554; x_wconf 91' lang='lat' dir='ltr'><strong>enim</strong></span> <span class='ocrx_word' id='word_1_849' title='bbox 3208 4497 3261 4551; x_wconf 93' lang='lat' dir='ltr'><strong>iu</strong></span> <span class='ocrx_word' id='word_1_850' title='bbox 3291 4496 3590 4565; x_wconf 79' lang='lat' dir='ltr'><strong>Regnorum</strong></span> <span class='ocrx_word' id='word_1_851' title='bbox 3620 4491 3812 4546; x_wconf 73' lang='lat' dir='ltr'><strong>libris&quot;</strong></span> <span class='ocrx_word' id='word_1_852' title='bbox 3834 4499 3890 4544; x_wconf 87' lang='lat' dir='ltr'><strong>et</strong></span> 
     </span>
    </p>
   </div>
   <div class='ocr_carea' id='block_1_107' title="bbox 2297 4583 3890 4669">
    <p class='ocr_par' dir='ltr' id='par_1_107' title="bbox 2297 4583 3890 4669">
     <span class='ocr_line' id='line_1_107' title="bbox 2297 4583 3890 4669; baseline -0.014 -10"><span class='ocrx_word' id='word_1_853' title='bbox 2297 4602 2592 4659; x_wconf 89' lang='lat' dir='ltr'><strong>invenimus</strong></span> <span class='ocrx_word' id='word_1_854' title='bbox 2617 4597 2828 4669; x_wconf 89' lang='lat' dir='ltr'><strong>quando</strong></span> <span class='ocrx_word' id='word_1_855' title='bbox 2856 4592 3016 4648; x_wconf 85' lang='lat' dir='ltr'><strong>David</strong></span> <span class='ocrx_word' id='word_1_856' title='bbox 3040 4591 3244 4662; x_wconf 79' lang='lat' dir='ltr'><strong>fugeret</strong></span> <span class='ocrx_word' id='word_1_857' title='bbox 3269 4603 3298 4642; x_wconf 89' lang='lat' dir='ltr'><strong>a</strong></span> <span class='ocrx_word' id='word_1_858' title='bbox 3324 4587 3456 4642; x_wconf 90' lang='lat' dir='ltr'><strong>facie</strong></span> <span class='ocrx_word' id='word_1_859' title='bbox 3487 4585 3575 4638; x_wconf 82' lang='lat' dir='ltr'><strong>filii</strong></span> <span class='ocrx_word' id='word_1_860' title='bbox 3603 4583 3684 4638; x_wconf 91' lang='lat' dir='ltr'><strong>sui</strong></span> <span class='ocrx_word' id='word_1_861' title='bbox 3713 4584 3890 4638; x_wconf 84' lang='lat' dir='ltr'><strong>Abes-</strong></span> 
     </span>
    </p>
   </div>
   <div class='ocr_carea' id='block_1_108' title="bbox 2297 4676 3894 4763">
    <p class='ocr_par' dir='ltr' id='par_1_108' title="bbox 2297 4676 3894 4763">
     <span class='ocr_line' id='line_1_108' title="bbox 2297 4676 3894 4763; baseline -0.014 -13"><span class='ocrx_word' id='word_1_862' title='bbox 2297 4697 2444 4750; x_wconf 80' lang='lat' dir='ltr'><strong>salon</strong></span> <span class='ocrx_word' id='word_1_863' title='bbox 2472 4691 2539 4763; x_wconf 82' lang='lat' dir='ltr'><strong>(ii</strong></span> <span class='ocrx_word' id='word_1_864' title='bbox 2569 4691 2694 4760; x_wconf 76' lang='lat' dir='ltr'><strong>Reg.</strong></span> <span class='ocrx_word' id='word_1_865' title='bbox 2727 4703 2816 4754; x_wconf 88' lang='lat' dir='ltr'><strong>xv,</strong></span> <span class='ocrx_word' id='word_1_866' title='bbox 2851 4685 2939 4757; x_wconf 71' lang='grc'><strong>14)</strong></span> <span class='ocrx_word' id='word_1_867' title='bbox 2971 4699 2989 4740; x_wconf 56' lang='lat'><strong>‘:</strong></span> <span class='ocrx_word' id='word_1_868' title='bbox 3018 4692 3076 4741; x_wconf 90' lang='lat' dir='ltr'><strong>et</strong></span> <span class='ocrx_word' id='word_1_869' title='bbox 3108 4680 3440 4736; x_wconf 82' lang='lat' dir='ltr'><strong>verissimum</strong></span> <span class='ocrx_word' id='word_1_870' title='bbox 3467 4687 3570 4742; x_wconf 93' lang='lat' dir='ltr'><strong>est,</strong></span> <span class='ocrx_word' id='word_1_871' title='bbox 3601 4676 3727 4745; x_wconf 83' lang='lat' dir='ltr'><strong>quia</strong></span> <span class='ocrx_word' id='word_1_872' title='bbox 3759 4691 3894 4730; x_wconf 81' lang='lat' dir='ltr'><strong>con-</strong></span> 
     </span>
    </p>
   </div>
   <div class='ocr_carea' id='block_1_109' title="bbox 2299 4767 3892 4856">
    <p class='ocr_par' dir='ltr' id='par_1_109' title="bbox 2299 4767 3892 4856">
     <span class='ocr_line' id='line_1_109' title="bbox 2299 4767 3892 4856; baseline -0.013 -15"><span class='ocrx_word' id='word_1_873' title='bbox 2299 4788 2432 4856; x_wconf 85' lang='lat' dir='ltr'><strong>tigit,</strong></span> <span class='ocrx_word' id='word_1_874' title='bbox 2458 4797 2510 4839; x_wconf 92' lang='lat' dir='ltr'><strong>et</strong></span> <span class='ocrx_word' id='word_1_875' title='bbox 2535 4781 2674 4854; x_wconf 90' lang='lat' dir='ltr'><strong>quod</strong></span> <span class='ocrx_word' id='word_1_876' title='bbox 2701 4779 2922 4848; x_wconf 88' lang='lat' dir='ltr'><strong>contigit</strong></span> <span class='ocrx_word' id='word_1_877' title='bbox 2941 4777 3193 4845; x_wconf 84' lang='lat' dir='ltr'><strong>scriptum</strong></span> <span class='ocrx_word' id='word_1_878' title='bbox 3216 4782 3298 4828; x_wconf 91' lang='lat' dir='ltr'><strong>est</strong></span> <span class='ocrx_word' id='word_1_879' title='bbox 3321 4790 3334 4837; x_wconf 90' lang='lat'><strong>;</strong></span> <span class='ocrx_word' id='word_1_880' title='bbox 3359 4779 3412 4825; x_wconf 87' lang='lat' dir='ltr'><strong>et</strong></span> <span class='ocrx_word' id='word_1_881' title='bbox 3430 4768 3672 4840; x_wconf 82' lang='lat' dir='ltr'><strong>quamvis</strong></span> <span class='ocrx_word' id='word_1_882' title='bbox 3698 4767 3892 4821; x_wconf 92' lang='lat' dir='ltr'><strong>titulus</strong></span> 
     </span>
    </p>
   </div>
   <div class='ocr_carea' id='block_1_110' title="bbox 2301 4857 3897 4948">
    <p class='ocr_par' dir='ltr' id='par_1_110' title="bbox 2301 4857 3897 4948">
     <span class='ocr_line' id='line_1_110' title="bbox 2301 4857 3897 4948; baseline -0.014 -16"><span class='ocrx_word' id='word_1_883' title='bbox 2301 4877 2487 4948; x_wconf 87' lang='lat' dir='ltr'><strong>psaltni</strong></span> <span class='ocrx_word' id='word_1_884' title='bbox 2513 4875 2566 4930; x_wconf 90' lang='lat' dir='ltr'><strong>in</strong></span> <span class='ocrx_word' id='word_1_885' title='bbox 2612 4871 2867 4944; x_wconf 78' lang='lat' dir='ltr'><strong>mysterio</strong></span> <span class='ocrx_word' id='word_1_886' title='bbox 2897 4869 2972 4923; x_wconf 87' lang='lat' dir='ltr'><strong>sic</strong></span> <span class='ocrx_word' id='word_1_887' title='bbox 3001 4868 3232 4936; x_wconf 80' lang='lat' dir='ltr'><strong>scriptus</strong></span> <span class='ocrx_word' id='word_1_888' title='bbox 3258 4865 3345 4927; x_wconf 88' lang='lat' dir='ltr'><strong>sit,</strong></span> <span class='ocrx_word' id='word_1_889' title='bbox 3374 4873 3548 4915; x_wconf 89' lang='lat' dir='ltr'><strong>tatnen</strong></span> <span class='ocrx_word' id='word_1_890' title='bbox 3578 4857 3780 4910; x_wconf 67' lang='lat' dir='ltr'><strong>ductus</strong></span> <span class='ocrx_word' id='word_1_891' title='bbox 3809 4866 3897 4910; x_wconf 82' lang='lat' dir='ltr'><strong>est</strong></span> 
     </span>
    </p>
   </div>
   <div class='ocr_carea' id='block_1_111' title="bbox 2300 4951 3895 5039">
    <p class='ocr_par' dir='ltr' id='par_1_111' title="bbox 2300 4951 3895 5039">
     <span class='ocr_line' id='line_1_111' title="bbox 2300 4951 3895 5039; baseline -0.016 -11"><span class='ocrx_word' id='word_1_892' title='bbox 2300 4972 2367 5028; x_wconf 90' lang='lat' dir='ltr'><strong>de</strong></span> <span class='ocrx_word' id='word_1_893' title='bbox 2397 4986 2455 5025; x_wconf 89' lang='lat' dir='ltr'><strong>re</strong></span> <span class='ocrx_word' id='word_1_894' title='bbox 2492 4984 2608 5039; x_wconf 67' lang='lat' dir='ltr'><strong>quae</strong></span> <span class='ocrx_word' id='word_1_895' title='bbox 2635 4975 2780 5038; x_wconf 74' lang='lat' dir='ltr'><strong>gesta</strong></span> <span class='ocrx_word' id='word_1_896' title='bbox 2807 4971 2906 5018; x_wconf 80' lang='lat' dir='ltr'><strong>est.</strong></span> <span class='ocrx_word' id='word_1_897' title='bbox 2935 4961 3023 5016; x_wconf 90' lang='lat' dir='ltr'><strong>Sic</strong></span> <span class='ocrx_word' id='word_1_898' title='bbox 3047 4959 3210 5014; x_wconf 86' lang='lat' dir='ltr'><strong>credo</strong></span> <span class='ocrx_word' id='word_1_899' title='bbox 3237 4965 3292 5011; x_wconf 85' lang='lat' dir='ltr'><strong>ct</strong></span> <span class='ocrx_word' id='word_1_900' title='bbox 3332 4952 3471 5026; x_wconf 87' lang='lat' dir='ltr'><strong>quod</strong></span> <span class='ocrx_word' id='word_1_901' title='bbox 3500 4951 3587 5007; x_wconf 92' lang='lat' dir='ltr'><strong>hic</strong></span> <span class='ocrx_word' id='word_1_902' title='bbox 3624 4952 3895 5021; x_wconf 73' lang='lat' dir='ltr'><strong>scriptum</strong></span> 
     </span>
    </p>
   </div>
   <div class='ocr_carea' id='block_1_112' title="bbox 2366 5074 3075 5147">
    <p class='ocr_par' dir='ltr' id='par_1_112' title="bbox 2366 5074 3075 5147">
     <span class='ocr_line' id='line_1_112' title="bbox 2366 5074 3075 5147; baseline -0.02 -11"><span class='ocrx_word' id='word_1_903' title='bbox 2366 5089 2382 5120; x_wconf 75' lang='grc' dir='ltr'><strong>ι</strong></span> <span class='ocrx_word' id='word_1_904' title='bbox 2408 5084 2630 5147; x_wconf 82' lang='lat' dir='ltr'><strong>Plerique</strong></span> <span class='ocrx_word' id='word_1_905' title='bbox 2643 5089 2780 5147; x_wconf 14' lang='lat'><strong>73135.,</strong></span> <span class='ocrx_word' id='word_1_906' title='bbox 2804 5074 3075 5147; x_wconf 71' lang='lat' dir='ltr'><strong>respiciant.</strong></span> 
     </span>
    </p>
   </div>
   <div class='ocr_carea' id='block_1_113' title="bbox 2365 5124 3899 5197">
    <p class='ocr_par' dir='ltr' id='par_1_113' title="bbox 2365 5124 3899 5197">
     <span class='ocr_line' id='line_1_113' title="bbox 2365 5124 3899 5197; baseline -0.017 0"><span class='ocrx_word' id='word_1_907' title='bbox 2365 5151 2386 5181; x_wconf 74' lang='grc'>³</span> <span class='ocrx_word' id='word_1_908' title='bbox 2409 5124 3088 5197; x_wconf 40' lang='lat' dir='ltr'><strong>ittec&#39;l&#39;eotio-auimlitiotere</strong></span> <span class='ocrx_word' id='word_1_909' title='bbox 3105 5133 3296 5197; x_wconf 81' lang='lat' dir='ltr'><strong>diversa</strong></span> <span class='ocrx_word' id='word_1_910' title='bbox 3332 5130 3594 5197; x_wconf 75' lang='lat' dir='ltr'><strong>exhibetur</strong></span> <span class='ocrx_word' id='word_1_911' title='bbox 3631 5128 3678 5175; x_wconf 86' lang='lat' dir='ltr'><strong>in</strong></span> <span class='ocrx_word' id='word_1_912' title='bbox 3711 5124 3899 5197; x_wconf 71' lang='lat' dir='ltr'><strong>[leris-</strong></span> 
     </span>
    </p>
   </div>
   <div class='ocr_carea' id='block_1_114' title="bbox 2302 5190 3902 5275">
    <p class='ocr_par' dir='ltr' id='par_1_114' title="bbox 2302 5190 3902 5275">
     <span class='ocr_line' id='line_1_114' title="bbox 2302 5190 3902 5275; baseline -0.016 -15"><span class='ocrx_word' id='word_1_913' title='bbox 2302 5224 2402 5275; x_wconf 91' lang='lat' dir='ltr'><strong>que</strong></span> <span class='ocrx_word' id='word_1_914' title='bbox 2422 5190 2682 5258; x_wconf 52' lang='lat' dir='ltr'><strong>ags-iiii};</strong></span> <span class='ocrx_word' id='word_1_915' title='bbox 2713 5190 2827 5253; x_wconf 61' lang='lat' dir='ltr'><strong>sttit.</strong></span> <span class='ocrx_word' id='word_1_916' title='bbox 2855 5202 3034 5275; x_wconf 72' lang='lat' dir='ltr'><strong>legitur</strong></span> <span class='ocrx_word' id='word_1_917' title='bbox 3065 5198 3165 5275; x_wconf 48' lang='lat' dir='ltr'><strong>sie&#39;:</strong></span> <span class='ocrx_word' id='word_1_918' title='bbox 3189 5194 3390 5275; x_wconf 46' lang='lat' dir='ltr'><strong>etsi‘non</strong></span> <span class='ocrx_word' id='word_1_919' title='bbox 3419 5190 3663 5275; x_wconf 47' lang='lat' dir='ltr'><strong>nobiseum</strong></span> <span class='ocrx_word' id='word_1_920' title='bbox 3698 5192 3902 5240; x_wconf 56' lang='lat' dir='ltr'><strong>eadem,</strong></span> 
     </span>
    </p>
   </div>
   <div class='ocr_carea' id='block_1_115' title="bbox 2305 5248 3906 5323">
    <p class='ocr_par' dir='ltr' id='par_1_115' title="bbox 2305 5248 3906 5323">
     <span class='ocr_line' id='line_1_115' title="bbox 2305 5248 3906 5323; baseline -0.016 0"><span class='ocrx_word' id='word_1_921' title='bbox 2305 5248 2462 5323; x_wconf 60' lang='lat' dir='ltr'><strong>iinnen</strong></span> <span class='ocrx_word' id='word_1_922' title='bbox 2486 5248 2628 5318; x_wconf 74' lang='lat' dir='ltr'><strong>unum</strong></span> <span class='ocrx_word' id='word_1_923' title='bbox 2657 5248 2806 5315; x_wconf 40' lang='lat' dir='ltr'><strong>ante};</strong></span> <span class='ocrx_word' id='word_1_924' title='bbox 2817 5248 3230 5323; x_wconf 46' lang='lat' dir='ltr'><strong>resit’ondentibus,</strong></span> <span class='ocrx_word' id='word_1_925' title='bbox 3254 5253 3342 5305; x_wconf 57' lang='lat' dir='ltr'><strong>etsi</strong></span> <span class='ocrx_word' id='word_1_926' title='bbox 3359 5266 3460 5323; x_wconf 85' lang='lat' dir='ltr'><strong>non_</strong></span> <span class='ocrx_word' id='word_1_927' title='bbox 3474 5248 3728 5323; x_wconf 56' lang='lat' dir='ltr'><strong>nobiscum</strong></span> <span class='ocrx_word' id='word_1_928' title='bbox 3750 5261 3906 5298; x_wconf 77' lang='lat' dir='ltr'><strong>unum</strong></span> 
     </span>
    </p>
   </div>
   <div class='ocr_carea' id='block_1_116' title="bbox 2306 5311 3907 5400">
    <p class='ocr_par' dir='ltr' id='par_1_116' title="bbox 2306 5311 3907 5400">
     <span class='ocr_line' id='line_1_116' title="bbox 2306 5311 3907 5400; baseline -0.015 -16"><span class='ocrx_word' id='word_1_929' title='bbox 2306 5311 2470 5389; x_wconf 38' lang='lat' dir='ltr'><strong>Huni..-</strong></span> <span class='ocrx_word' id='word_1_930' title='bbox 2487 5311 2734 5400; x_wconf 51' lang='lat' dir='ltr'><strong>Bitiam};</strong></span> <span class='ocrx_word' id='word_1_931' title='bbox 2739 5311 2983 5377; x_wconf 62' lang='lat' dir='ltr'><strong>medullas</strong></span> <span class='ocrx_word' id='word_1_932' title='bbox 2996 5311 3243 5372; x_wconf 66' lang='lat' dir='ltr'><strong>dimittitis</strong></span> <span class='ocrx_word' id='word_1_933' title='bbox 3251 5323 3418 5367; x_wconf 64' lang='lat' dir='ltr'><strong>uestrae</strong></span> <span class='ocrx_word' id='word_1_934' title='bbox 3431 5311 3646 5378; x_wconf 80' lang='lat' dir='ltr'><strong>fundatis</strong></span> <span class='ocrx_word' id='word_1_935' title='bbox 3658 5313 3728 5361; x_wconf 84' lang='lat' dir='ltr'><strong>ad</strong></span> <span class='ocrx_word' id='word_1_936' title='bbox 3742 5319 3907 5362; x_wconf 81' lang='lat' dir='ltr'><strong>Deum</strong></span> 
     </span>
    </p>
   </div>
   <div class='ocr_carea' id='block_1_117' title="bbox 2341 5405 2678 5446">
    <p class='ocr_par' dir='ltr' id='par_1_117' title="bbox 2341 5405 2678 5446">
     <span class='ocr_line' id='line_1_117' title="bbox 2341 5405 2678 5446; baseline -0.03 0"><span class='ocrx_word' id='word_1_937' title='bbox 2341 5409 2419 5446; x_wconf 84' lang='lat' dir='ltr'><strong>rec</strong></span> <span class='ocrx_word' id='word_1_938' title='bbox 2421 5409 2471 5444; x_wconf 84' lang='lat' dir='ltr'><strong>es</strong></span> <span class='ocrx_word' id='word_1_939' title='bbox 2492 5405 2579 5446; x_wconf 79' lang='grc' dir='ltr'><strong>υιό</strong></span> <span class='ocrx_word' id='word_1_940' title='bbox 2593 5405 2635 5440; x_wconf 70' lang='grc' dir='ltr'>ει</span> <span class='ocrx_word' id='word_1_941' title='bbox 2642 5407 2660 5439; x_wconf 91' lang='lat' dir='ltr'><strong>s</strong></span> <span class='ocrx_word' id='word_1_942' title='bbox 2667 5425 2678 5436; x_wconf 90' lang='lat'><strong>.</strong></span> 
     </span>
    </p>
   </div>
   <div class='ocr_carea' id='block_1_118' title="bbox 2305 5408 3906 5516">
    <p class='ocr_par' dir='ltr' id='par_1_118' title="bbox 2305 5408 3906 5516">
     <span class='ocr_line' id='line_1_118' title="bbox 2305 5408 3906 5516; baseline -0.016 -11"><span class='ocrx_word' id='word_1_943' title='bbox 2871 5444 3058 5508; x_wconf 82' lang='lat' dir='ltr'><strong>agimus</strong></span> <span class='ocrx_word' id='word_1_944' title='bbox 3075 5443 3142 5514; x_wconf 40' lang='lat' dir='ltr'><strong>&#39;in</strong></span> <span class='ocrx_word' id='word_1_945' title='bbox 3163 5435 3491 5516; x_wconf 33' lang='lat' dir='ltr'><strong>concilioqfdii</strong></span> <span class='ocrx_word' id='word_1_946' title='bbox 3510 5447 3739 5516; x_wconf 38' lang='lat' dir='ltr'><strong>rnameer</strong></span> <span class='ocrx_word' id='word_1_947' title='bbox 3779 5447 3906 5516; x_wconf 64' lang='lat' dir='ltr'><strong>tap-</strong></span> 
     </span>
    </p>
   </div>
   <div class='ocr_carea' id='block_1_119' title="bbox 2306 5495 3909 5570">
    <p class='ocr_par' dir='ltr' id='par_1_119' title="bbox 2306 5495 3909 5570">
     <span class='ocr_line' id='line_1_119' title="bbox 2306 5495 3909 5570; baseline -0.017 0"><span class='ocrx_word' id='word_1_948' title='bbox 2306 5495 2733 5569; x_wconf 29' lang='lat' dir='ltr'><strong>ciore‘sﬁe&#39;uutn&#39;tldd.‘</strong></span> <span class='ocrx_word' id='word_1_949' title='bbox 2744 5495 2972 5560; x_wconf 59' lang='lat' dir='ltr'><strong>habent.</strong></span> <span class='ocrx_word' id='word_1_950' title='bbox 3008 5504 3208 5570; x_wconf 75' lang='lat' dir='ltr'><strong>egimus.</strong></span> <span class='ocrx_word' id='word_1_951' title='bbox 3256 5499 3633 5570; x_wconf 31' lang='lat' dir='ltr'><strong>lpquiturnforte</strong></span> <span class='ocrx_word' id='word_1_952' title='bbox 3656 5497 3724 5547; x_wconf 80' lang='lat' dir='ltr'><strong>de</strong></span> <span class='ocrx_word' id='word_1_953' title='bbox 3751 5495 3909 5546; x_wconf 72' lang='lat' dir='ltr'><strong>coiis-</strong></span> 
     </span>
    </p>
   </div>
   <div class='ocr_carea' id='block_1_120' title="bbox 2289 5561 3586 5633">
    <p class='ocr_par' dir='ltr' id='par_1_120' title="bbox 2289 5561 3586 5633">
     <span class='ocr_line' id='line_1_120' title="bbox 2289 5561 3586 5633; baseline -0.019 -1"><span class='ocrx_word' id='word_1_954' title='bbox 2289 5561 2864 5633; x_wconf 45' lang='lat' dir='ltr'><strong>&#39;tidne&#39;cuinmbonatistis,</strong></span> <span class='ocrx_word' id='word_1_955' title='bbox 2887 5561 3057 5633; x_wconf 61' lang='lat' dir='ltr'><strong>habita&quot;</strong></span> <span class='ocrx_word' id='word_1_956' title='bbox 3069 5561 3454 5633; x_wconf 47' lang='lat' dir='ltr'><strong>Carthaginéan.</strong></span> <span class='ocrx_word' id='word_1_957' title='bbox 3477 5561 3533 5610; x_wconf 83' lang='grc'><strong>41</strong></span> <span class='ocrx_word' id='word_1_958' title='bbox 3546 5563 3586 5610; x_wconf 91' lang='lat' dir='ltr'><strong>t.</strong></span> 
     </span>
    </p>
   </div>
   <div class='ocr_carea' id='block_1_121' title="bbox 2370 5623 3564 5702">
    <p class='ocr_par' dir='ltr' id='par_1_121' title="bbox 2370 5623 3564 5702">
     <span class='ocr_line' id='line_1_121' title="bbox 2370 5623 3564 5702; baseline -0.017 -12"><span class='ocrx_word' id='word_1_959' title='bbox 2370 5623 2615 5702; x_wconf 38' lang='lat' dir='ltr'><strong>{aliquot</strong></span> <span class='ocrx_word' id='word_1_960' title='bbox 2636 5623 2760 5702; x_wconf 64' lang='lat' dir='ltr'><strong>mss,</strong></span> <span class='ocrx_word' id='word_1_961' title='bbox 2791 5623 3091 5702; x_wconf 62' lang='lat' dir='ltr'><strong>vigilarunt.</strong></span> <span class='ocrx_word' id='word_1_962' title='bbox 3106 5627 3222 5702; x_wconf 48' lang='lat' dir='ltr'><strong>alii,</strong></span> <span class='ocrx_word' id='word_1_963' title='bbox 3243 5623 3564 5702; x_wconf 59' lang='lat' dir='ltr'><strong>triciitarum.</strong></span> 
     </span>
    </p>
   </div>
   <div class='ocr_carea' id='block_1_122' title="bbox 2340 5681 3914 5776">
    <p class='ocr_par' dir='ltr' id='par_1_122' title="bbox 2340 5681 3914 5776">
     <span class='ocr_line' id='line_1_122' title="bbox 2340 5681 3914 5776; baseline -0.015 -24"><span class='ocrx_word' id='word_1_964' title='bbox 2340 5765 2352 5776; x_wconf 81' lang='lat'><em>_</em></span> <span class='ocrx_word' id='word_1_965' title='bbox 2370 5705 2392 5736; x_wconf 83' lang='grc'><strong><em>³</em></strong></span> <span class='ocrx_word' id='word_1_966' title='bbox 2415 5681 3015 5776; x_wconf 45' lang='grc' dir='ltr'><strong>έὶίῖὧξξῖὶὲρὸήἀὲιιαι.</strong></span> <span class='ocrx_word' id='word_1_967' title='bbox 3038 5681 3253 5742; x_wconf 77' lang='lat' dir='ltr'><strong>Etiidetu</strong></span> <span class='ocrx_word' id='word_1_968' title='bbox 3277 5694 3444 5750; x_wconf 85' lang='lat' dir='ltr'><strong>postea</strong></span> <span class='ocrx_word' id='word_1_969' title='bbox 3466 5719 3483 5746; x_wconf 89' lang='lat'><strong>,</strong></span> <span class='ocrx_word' id='word_1_970' title='bbox 3516 5689 3682 5734; x_wconf 84' lang='lat' dir='ltr'><strong>contra</strong></span> <span class='ocrx_word' id='word_1_971' title='bbox 3701 5681 3914 5742; x_wconf 81' lang='lat' dir='ltr'><strong>dispon-</strong></span> 
     </span>
    </p>
   </div>
   <div class='ocr_carea' id='block_1_123' title="bbox 2306 5775 3915 5888">
    <p class='ocr_par' dir='ltr' id='par_1_123' title="bbox 2306 5775 3915 5888">
     <span class='ocr_line' id='line_1_123' title="bbox 2306 5775 3915 5888; baseline -0.013 -13"><span class='ocrx_word' id='word_1_972' title='bbox 2306 5775 2786 5888; x_wconf 46' lang='grc' dir='ltr'><strong>ῃοίιειῗέεῗῗπέᾇὶηηιδ</strong></span> <span class='ocrx_word' id='word_1_973' title='bbox 2806 5818 2931 5869; x_wconf 85' lang='lat' dir='ltr'><strong>enim</strong></span> <span class='ocrx_word' id='word_1_974' title='bbox 2967 5816 3016 5866; x_wconf 86' lang='lat' dir='ltr'><strong>in</strong></span> <span class='ocrx_word' id='word_1_975' title='bbox 3061 5821 3339 5878; x_wconf 68' lang='lat' dir='ltr'><strong>Regnorum.</strong></span> <span class='ocrx_word' id='word_1_976' title='bbox 3375 5816 3470 5859; x_wconf 69' lang='lat' dir='ltr'><strong>see</strong></span> <span class='ocrx_word' id='word_1_977' title='bbox 3505 5806 3668 5858; x_wconf 65' lang='lat' dir='ltr'><strong>silent</strong></span> <span class='ocrx_word' id='word_1_978' title='bbox 3691 5805 3915 5866; x_wconf 71' lang='lat' dir='ltr'><strong>mittere,</strong></span> 
     </span>
    </p>
   </div>
   <div class='ocr_carea' id='block_1_124' title="bbox 2313 5890 2462 5942">
    <p class='ocr_par' dir='ltr' id='par_1_124' title="bbox 2313 5890 2462 5942">
     <span class='ocr_line' id='line_1_124' title="bbox 2313 5890 2462 5942; baseline -0.04 0"><span class='ocrx_word' id='word_1_979' title='bbox 2313 5890 2462 5942; x_wconf 69' lang='lat' dir='ltr'><strong>libita.</strong></span> 
     </span>
    </p>
   </div>
  </div>
