4032 6476
221 366 311 425 stu
1109 351 1112 354 ’
1243 361 1636 420 ιλιιιιιιιτιο
1674 363 1738 418 ικ
1781 363 1810 418 r

1917 366 2097 422 HIC.“
2143 371 2380 428 XXXIII.

225 490 321 542 est,
349 478 477 533 Cum
497 478 710 532 mutavit
730 478 918 532 vultum
945 493 1088 530 suum
1115 493 1282 529 coram
1310 475 1592 530 Abimelecli
1614 518 1628 538 .
1657 487 1702 529 et
1728 477 1806 528 di-

229 570 356 623 misit
386 585 526 634 eum,
559 579 608 623 et
629 569 767 629 abiit,
797 569 1054 637 scriptum
1076 581 1194 622 esse
1223 568 1272 621 in
1297 568 1598 637 Regnorum
1623 567 1769 621 libris
1794 610 1811 635 ,

230 660 313 715 ubi
334 660 517 713 ontnia
551 659 706 713 nobis
728 664 920 728 scripta
947 669 1070 713 sunt
1097 674 1213 729 qum
1238 659 1502 728 pertinent
1527 658 1592 712 ad
1621 673 1705 712 res
1722 674 1813 727 ge-

231 762 334 807 Stas
363 748 530 803 David
560 767 575 802 :
608 747 702 804 sed
733 761 835 803 non
868 749 1163 802 invenimus
1187 751 1307 814 huc,
1330 758 1383 803 et
1411 757 1587 802 tamen
1613 745 1811 816 aliquid

234 844 534 900 invenimus
583 842 725 898 unde
768 850 1020 911 appareat
1073 840 1175 895 hoc
1221 853 1339 895 esse
1389 851 1634 894 tractum.
1680 838 1810 894 Nam

233 935 484 1003 scriptum
516 943 601 989 est
640 933 760 1004 quia
798 948 916 987 cum
961 931 1165 1002 fugeret
1210 928 1371 984 David
1421 934 1813 1000 persecutorem

233 1025 374 1085 &u’il.
404 1024 636 1080 centulit
675 1039 732 1077 se
761 1023 826 1077 ad
859 1022 1020 1077 Aclns
1051 1037 1227 1092 regem
1255 1020 1414 1087 Getb,
1447 1020 1499 1075 id
1526 1030 1606 1076 est
1633 1020 1698 1075 ad
1725 1036 1814 1075 re-

232 1133 346 1187 gem
385 1116 667 1185 cujusdam
704 1117 875 1185 gentis
922 1115 1109 1168 vicina:
1149 1122 1312 1184 regno
1341 1113 1646 1169 Judzeorum
1683 1131 1696 1168 :
1744 1113 1813 1166 ibi

236 1209 506 1272 Iatitabat,
540 1218 598 1263 ut
646 1207 1062 1278 persecutionem
1092 1207 1266 1261 Saulis
1315 1208 1559 1262 evitaret.
1611 1207 1814 1260 llecehs

233 1309 402 1352 autem
435 1309 554 1353 erat
578 1299 745 1368 gloria
775 1298 907 1367 ejus,
936 1297 1072 1351 unde
1100 1313 1193 1367 pro
1219 1295 1494 1351 hem-facto
1521 1297 1714 1351 meruit
1736 1297 1818 1350 int-

233 1389 422 1441 vidiam
450 1429 465 1453 ,
497 1387 711 1458 quando
752 1386 956 1442 Goliam
1001 1386 1298 1452 interfecit,
1329 1395 1383 1440 et
1412 1388 1465 1441 in
1497 1401 1596 1440 una
1644 1402 1812 1457 pugna

231 1481 452 1551 gloriam
492 1481 940 1548 securitatemque
967 1479 1113 1548 regni
1143 1488 1197 1532 et
1226 1479 1333 1548 regi
1365 1488 1419 1533 et
1451 1478 1643 1548 popqu
1665 1493 1826 1532 eom-~

235 1573 453 1642 paravit.
488 1572 614 1626 Sat'tl
646 1575 824 1626 autem
850 1586 970 1625 cmn
1001 1581 1325 1642 provocante
1360 1565 1508 1626 Goiia
1539 1569 1810 1636 mstuar'm,

235 1672 498 1731 prestrato
518 1661 668 1718 Golia
701 1663 866 1716 hostis
887 1676 1004 1716 esse
1029 1662 1192 1730 coepit
1215 1663 1286 1726 ei,
1313 1677 1403 1730 per
1427 1661 1576 1729 cujus
1600 1676 1812 1716 rnaumn
1845 1685 1860 1692 -·

234 1755 437 1808 hostem
473 1765 791 1820 necaverat,
829 1762 882 1807 et
913 1754 1094 1807 invidit
1124 1755 1306 1822 gloriae
1343 1753 1504 1806 Datid
1535 1771 1548 1806 :
1584 1753 1815 1809 maxime

233 1847 349 1915 quia
392 1846 621 1916 populus
665 1845 717 1899 in
747 1843 1106 1899 exsultatione
1144 1849 1500 1907 constitutus,
1551 1853 1604 1897 et
1650 1844 1816 1897 choro

231 1939 334 2008 jam
363 1938 503 1993 facto
535 1937 788 1993 mulieres
817 1935 1169 1991 cantaverunt
1192 1937 1413 2006 gloriam
1455 1935 1640 2000 David,
1672 1936 1813 2005 quod

234 2030 357 2085 Saftl
389 2029 742 2100 percussisset
768 2027 822 2082 in
850 2028 1102 2091 millibus,
1135 2035 1184 2080 et
1215 2026 1374 2080 David
1400 2027 1450 2080 in
1479 2025 1631 2081 denis
1657 2025 1816 2080 milli-

234 2123 350 2176 bus.
379 2121 515 2176 Iliue
545 2121 634 2176 ille
662 2123 962 2175 commotus
987 2159 1003 2184 ,
1036 2117 1176 2187 quod
1203 2127 1438 2186 coeperat
1471 2117 1665 2170 habere
1705 2132 1818 2169 ma-

228 2213 397 2282 jorem
426 2211 652 2282 gloriam
677 2227 771 2280 per
795 2225 953 2264 unam
985 2218 1211 2279 pugnam
1237 2223 1386 2278 puer,
1410 2216 1463 2262 et
1483 2206 1592 2276 jam
1618 2207 1667 2261 in
1698 2207 1816 2261 lau-

231 2306 380 2358 dibus
406 2303 650 2359 omnium
681 2302 789 2372 regi
823 2300 1251 2372 praéponebatur,
1286 2308 1342 2353 ut
1367 2315 1426 2354 se
1465 2299 1623 2353 habet
1650 2299 1815 2368 pesti-

231 2396 386 2452 lentia
415 2395 602 2450 livoris
625 2403 682 2450 et
708 2393 954 2464 superbia
980 2393 1181 2458 surculi,
1215 2391 1452 2446 invidere
1476 2399 1733 2460 crepet-at,
1763 2399 1816 2445 et

232 2488 494 2558 persequi.
529 2485 681 2541 Tunc
709 2485 797 2540 ille
826 2501 885 2540 se.
908 2525 922 2547 ,
960 2493 1017 2538 ut
1044 2485 1172 2549 dixi,
1202 2483 1500 2539 contulerat
1527 2483 1590 2537 ad
1634 2491 1813 2588 regem

231 2578 386 2644 Ceth,
413 2577 506 2648 qui
528 2577 820 2631 vocabatur
841 2575 1022 2630 Aehis.
1050 2577 1366 2645 Snggestum
1389 2585 1470 2629 est
1499 2584 1674 2630 autem
1704 2576 1812 2647 regi

231 2667 350 2735 ipsi,
376 2665 523 2737 quod
554 2666 702 2720 illum
729 2664 866 2736 apud
887 2681 944 2720 se
960 2663 1200 2728 haberet,
1222 2664 1309 2736 qui
1329 2680 1571 2736 magnam
1593 2665 1815 2735 gloriam

231 2753 426 2812 habere
470 2765 709 2826 coeperat
738 2757 790 2811 in
832 2757 1024 2824 popqu
1061 2755 1366 2812 Judzeorum
1388 2797 1402 2820 ,
1426 2765 1480 2811 et
1505 2755 1700 2810 dietmn
1732 2766 1816 2812 est

232 2845 305 2902 illi
334 2867 348 2904 ;
379 2846 570 2901 Nonne
594 2848 684 2901 iste
711 2856 779 2900 est
807 2846 990 2911 David,
1016 2848 1097 2900 cui
1115 2849 1323 2900 chorum
1345 2847 1564 2918 [cerium
1586 2847 1816 2901 mulieres

230 2932 496 3001 Israclittv,
530 2938 747 2992 dicentes
777 2953 796 2992 :
827 2938 957 2992 Saftl
978 2939 1216 3009 percussit
1242 2938 1292 2991 in
1318 2937 1555 2999 millibus,
1577 2948 1625 2991 et
1655 2937 1817 2994 David

231 3030 280 3081 in
304 3029 445 3082 denis
475 3027 746 3082 millibus?
773 3028 828 3083 si
855 3039 1030 3082 autem
1061 3038 1274 3098 propter
1303 3028 1440 3084 hanc
1471 3030 1693 3099 gloriam
1723 3031 1806 3085 in-

233 3120 407 3173 videre
435 3119 509 3172 illi
542 3127 782 3188 caeperat
809 3119 958 3182 Saitl.
994 3135 1168 3173 nonne
1200 3119 1542 3174 metuendum
1570 3131 1685 3176 erat
1713 3122 1814 3175 Da-

231 3209 337 3274 vid,
369 3225 439 3264 nc
461 3217 514 3262 et
543 3208 632 3263 ille
660 3223 755 3264 rex
781 3208 844 3262 ad
877 3226 1032 3279 quem
1065 3209 1414 3276 confugerat,
1447 3211 1601 3265 vellet
1633 3223 1715 3281 op,
1741 3211 1814 3266 ri-

231 3307 376 3355 mere
405 3315 554 3366 eum,
585 3315 744 3369 quem
776 3309 956 3369 posset
981 3300 1048 3354 de
1088 3301 1259 3354 vicino
1284 3300 1490 3357 hostem
1525 3302 1738 3367 habere,
1768 3303 1812 3357 si

231 3392 432 3445 salvum
471 3391 746 3446 servaret?
775 3391 962 3446 Timuit
999 3403 1044 3445 et
1073 3393 1250 3456 illum,
1284 3403 1353 3459 et,
1386 3396 1522 3448 sicut
1556 3396 1810 3464 scriptum

231 3487 325 3538 est.
357 3479 568 3530 mutavit
601 3477 789 3531 vultum
817 3494 964 3530 suum
1003 3487 1170 3531 coram
1201 3479 1343 3546 ipsis,
1378 3489 1423 3532 et
1452 3479 1735 3545 a/Tectubat.
1768 3490 1813 3535 et

232 3568 601 3639 tympanizubat
643 3569 710 3621 ad
741 3571 866 3622 ostia
892 3570 1123 3647 civitatis,
1153 3579 1197 3623 et
1223 3568 1471 3642 ferebatur
1494 3572 1546 3626 in
1584 3573 1812 3628 omnibus

228 3660 350 3724 suis,
375 3669 422 3712 et
446 3657 734 3727 procidebat
755 3659 822 3711 ad
845 3660 972 3712 ostia
1001 3671 1175 3729 portw,
1205 3670 1250 3712 et
1276 3659 1448 3713 saliva:
1466 3661 1811 3718 discurrebant

226 3761 376 3819 super
405 3751 611 3804 barbam
643 3753 770 3822 ejus.
807 3751 947 3805 Vidit
971 3768 1091 3806 eum
1120 3769 1210 3806 rex
1237 3753 1322 3806 ille
1347 3752 1483 3822 apud
1507 3770 1660 3824 quem
1693 3757 1813 3812 late-

228 3837 333 3906 bat,
360 3851 412 3895 et
438 3843 514 3894 ait
539 3841 648 3894 suis
677 3857 692 3894 :
728 3841 915 3910 Uti/uid
937 3843 1056 3894 milii
1087 3843 1398 3913 arreptitium
1421 3844 1571 3897 istum
1595 3845 1814 3899 adduxi;

225 3931 312 3985 stis
333 3932 360 3984 .9
397 3933 764 4002 numquidnam
787 3933 1063 3985 intraturus
1093 3944 1161 3985 est
1188 3933 1240 3986 in
1280 3934 1486 3987 domum
1518 3937 1716 3990 meum?
1747 3937 1811 3991 Et

228 4022 300 4076 sic
340 4023 489 4076 illum
534 4022 735 4076 dimisit
775 4022 1057 4092 projieiens
1103 4023 1250 4077 illum
1281 4041 1292 4076 :
1325 4033 1377 4078 et
1420 4028 1639 4080 rect-Ssit
1689 4027 1810 4082 inde

229 4113 385 4167 David
413 4115 692 4168 ἱιιευιιιιιιὶξλ
715 4130 809 4184 per
835 4114 986 4168 istam
1008 4117 1370 4185 ﬁgurationem
1401 4116 1592 4172 furoris
1615 4117 1655 4187 (Ι
1682 4117 1806 4188 lirg.

227 4219 354 4268 χιιι,
386 4220 530 4268 sviti,
563 4221 669 4271 snt,
708 4220 815 4266 χιιι,
843 4204 1032 4270 Ill-IS;
1064 4220 1188 4271 xxu,
1227 4207 1299 4277 I).
1333 4202 1433 4260 Pro
1463 4208 1559 4261 ista
1589 4223 1716 4278 ergo
1745 4211 1776 4263 li

227 4296 502 4363 guratione
544 4294 738 4348 furoris
766 4295 1005 4349 videtur'
1041 4296 1104 4349 ad
1138 4300 1302 4364 ipsam
1344 4296 1614 4352 ItiStbriam
1650 4301 1811 4368 perti-

227 4404 349 4443 nere
377 4390 519 4458 qnod
547 4388 632 4444 hic
657 4390 909 4459 scriptum
939 4399 1019 4443 est
1049 4407 1061 4443 :
1095 4389 1329 4443 Psalmus
1356 4389 1534 4453 I)./reid,
1561 4408 1676 4445 cum
1697 4410 1810 4446 mu-

225 4484 340 4534 tarit
367 4483 560 4534 vultum
599 4497 744 4534 suum
772 4498 940 4535 coram
968 4472 1251 4535 Abimeleclt
1278 4493 1323 4536 et
1359 4483 1545 4536 dimisit
1582 4499 1694 4537 eunt
1713 4525 1729 4551 ,
1760 4491 1810 4540 el

223 4571 360 4626 abiit.
402 4573 509 4626 Sed
557 4570 646 4626 ille
688 4572 850 4626 Achis
893 4582 1024 4637 erat,
1083 4589 1188 4626 non
1240 4573 1569 4628 Abimelcch.
1600 4575 1806 4632 Nomen

224 4665 360 4717 enim
403 4663 578 4717 Solum
625 4678 730 4716 non
777 4662 985 4716 videtur
1033 4664 1319 4718 convenire
1349 4682 1361 4716 :
1392 4679 1512 4718 nam
1545 4681 1629 4719 res
1659 4677 1806 4735 gesta

226 4767 384 4822 prope
425 4753 555 4822 ipsis
587 4752 764 4807 verbis
806 4755 1002 4821 pariter
1041 4753 1309 4824 designata
1342 4763 1421 4808 est
1453 4755 1504 4812 in
1547 4755 1802 4826 Psalmis,

221 4846 407 4914 quibus
428 4847 626 4916 scripta
649 4855 732 4900 est
755 4846 804 4899 iu
833 4845 1134 4916 Reginorum
1160 4847 1313 4900 libro.
1347 4847 1466 4902 Ideo
1495 4850 1660 4920 magis
1687 4867 1803 4905 mo-

221 4952 344 4992 vere
365 4953 466 4992 nm
489 4937 649 4992 debet
671 4938 738 4990 ad
759 4937 1106 5007 quaerendum
1134 4950 1548 5006 sacramentum,
1573 4945 1692 5012 quia
1719 4960 1807 4998 no-

222 5045 338 5081 nn-n
367 5038 632 5082 mutatum
655 5038 756 5082 est.
787 5027 920 5083 Nam
944 5045 1117 5098 neque
1139 5029 1262 5083 illud
1290 5032 1404 5085 sine
1423 5047 1582 5086 causa
1611 5035 1801 5090 factum

217 5119 564 5188 est,qn:unvis
577 5119 644 5171 sit
659 5117 968 5184 factum;sed
983 5118 1104 5188 quia
1118 5119 1313 5189 aliquid
1330 5121 1579 5190 figurabat
1601 5139 1804 5193 :ueqae

218 5212 313 5264 huc
341 5217 456 5268 sine
487 5219 646 5267 eausa
677 5214 928 5280 scriptum
958 5223 1069 5280 cst,-
1099 5222 1152 5268 ct
1194 5215 1408 5269 nomine
1452 5226 1799 5272 Commutato.

283 5304 315 5357 5
380 5304 584 5360 Videtis
609 5313 778 5364 certe,
811 5304 1022 5368 fratres,
1058 5305 1466 5374 profunditatem
1500 5322 1803 5364 Sucronen-

215 5397 402 5450 Iorutn.
443 5397 495 5451 Si
527 5412 632 5450 non
673 5405 753 5451 est
785 5397 835 5449 in
874 5398 1162 5467 mysterio,
1192 5397 1332 5467 quod
1363 5415 1392 5451 a
1425 5414 1591 5469 puero
1619 5399 1801 5456 Golias

212 5475 413 5544 occisus
436 5500 547 5553 est;
584 5507 689 5543 non
713 5498 794 5542 est
821 5489 872 5543 In
901 5489 1175 5560 mysterio,
1208 5491 1333 5559 quia
1361 5491 1656 5564 immolavit
1683 5494 1802 5548 vul-

212 5591 318 5634 tum
349 5601 525 5646 suum,
560 5593 615 5635 et
641 5580 942 5644 affectabat,
985 5591 1036 5635 et
1066 5581 1475 5652 tympanizabal,
1501 5593 1553 5638 et
1579 5580 1799 5641 cadebat

270 5756 284 5788 ι
311 5764 416 5808 ηερε
437 5755 614 5805 verba.
645 5750 845 5822 I'roista
865 5766 980 5817 ergo
999 5749 1302 5822 ﬁguratione,
1325 5753 1549 5806 omittunt
1574 5754 1798 5822 plerique

211 5823 305 5867 ιε...
335 5829 382 5870 et
405 5821 624 5870 uatient:
661 5816 855 5865 Videtur
879 5815 1078 5879 ergout!
1099 5815 1274 5882 ipsum,
1299 5825 1394 5867 etc.

3389 383 3497 451 89!

1923 480 1988 532 ad
2019 483 2151 535 ostia
2178 484 2403 540 civitatis
2429 497 2480 542 et
2503 490 2567 544 ad
2591 493 2721 546 ostia
2749 507 2934 564 portio,
2960 510 3008 554 et
3037 503 3215 558 saliva:
3243 506 3496 564 decurre-

1919 567 2043 624 bant
2073 587 2233 642 super
2263 575 2478 633 barbam
2505 581 2638 652 ejus.
2670 581 2820 642 Unde
2845 589 2955 644 ﬁeri
2987 603 3157 660 potest
3186 608 3240 650 ut
3263 615 3366 655 non
3389 600 3494 658 nne

1919 662 2116 730 aliquid
2145 666 2502 736 signiﬁcaret?
2523 675 2733 741 quando
2757 679 2970 746 quidem
2997 696 3176 752 aperte
3200 687 3328 744 dicit
3349 692 3500 761 Apo-

1917 753 2086 808 stolus
2119 773 2132 808 :
2168 756 2292 812 Ilwc
2309 771 2476 814 autem
2502 764 2552 817 in
2577 766 2742 834 ﬁgura
2771 771 3118 842 centiugebant
3143 777 3279 842 illis;
3308 753 3499 851 scripta

1915 853 2032 897 sunt
2059 855 2223 901 autent
2245 861 2447 920 propter
2467 870 2573 918 nos,
2603 855 2655 910 in
2680 869 2806 925 quos
2827 861 2942 928 finis
2959 865 3256 920 Stl‘CUlOI‘ulil
3282 871 3496 929 obvenit.

1918 930 1975 987 Si
2009 935 2138 989 nihil
2178 938 2440 1008 signiﬁcat
2483 959 2671 999 manna
2699 988 2714 1012 ,
2760 947 2827 1002 de
2854 965 2960 1020 quo
2987 952 3115 1008 dicit
3153 958 3443 1024 Apostolus
3476 980 3494 1018 :

1918 1020 1989 1077 Et
2017 1025 2180 1080 cibum
2209 1029 2522 1098 spiritualem
2549 1039 2972 1096 manducaverunt
3010 1059 3030 1098 :
3062 1045 3106 1099 si
3136 1048 3262 1102 nihil
3294 1051 3465 1122 signifi
3483 1084 3508 1096 -

1918 1122 2004 1167 cat
2024 1116 2162 1184 quod
2195 1117 2420 1174 divisum
2449 1132 2533 1178 est
2552 1142 2717 1190 mare,
2747 1140 2799 1184 et
2833 1147 2926 1199 per
2947 1135 3177 1192 medium
3203 1116 3394 1196 ductds
3417 1157 3499 1203 est

1919 1203 2166 1272 pupulas,
2199 1216 2250 1260 ut
2274 1210 2562 1267 evaderent
2587 1221 3006 1283 persecutionem
3037 1225 3350 1298 Pharaonis,
3377 1249 3498 1290 cum

1920 1291 2060 1348 dicat
2084 1296 2372 1365 Apostolus
2405 1319 2416 1354 :
2450 1302 2587 1358 Nolo
2614 1308 2743 1360 enim
2765 1325 2849 1364 vos
2877 1313 3126 1382 ignorare,
3151 1323 3352 1390 fratres,
3382 1327 3502 1392 quia

1921 1393 2086 1452 patres
2120 1389 2276 1440 nostri
2294 1406 2463 1446 omnes
2491 1395 2580 1447 sub
2610 1398 2740 1452 nube
2764 1402 2983 1470 fuerunt,
3016 1417 3062 1460 et
3087 1426 3255 1464 omnes
3283 1413 3334 1467 in
3360 1414 3503 1487 Moy-

1918 1489 2004 1528 sen
2025 1475 2264 1547 baptismi
2283 1492 2398 1536 sunt
2418 1484 2468 1536 iu
2497 1486 2623 1540 nube
2653 1499 2698 1542 et
2729 1491 2780 1543 iu
2810 1495 2938 1547 mari
2959 1511 2979 1550 :
3007 1499 3050 1550 si
3088 1499 3214 1554 nihil
3239 1475 3499 1573 signiﬁcat

1919 1567 2059 1634 quod
2083 1585 2330 1635 percussa
2356 1585 2502 1642 petra
2520 1592 2653 1647 aqua
2677 1583 2950 1651 proﬂavit,
2974 1602 3091 1642 cum
3114 1591 3253 1646 dicat
3275 1567 3502 1664 posto-

1919 1656 2001 1710 lus
2035 1676 2048 1713 :
2084 1658 2235 1714 Petra
2254 1675 2420 1718 autent
2445 1677 2552 1721 erat
2576 1669 2805 1727 Christus
2835 1674 2876 1744 (l
2903 1675 3019 1731 Cor.
3050 1696 3104 1746 x,
3135 1681 3191 1736 il
3219 1724 3234 1748 ,
3272 1656 3376 1755 ι-ῖι)
3408 1704 3420 1740 :
3454 1688 3502 1743 si

1919 1761 2047 1816 ergo
2076 1747 2165 1803 illa
2194 1751 2320 1806 nihil
2344 1755 2662 1826 signiﬁcant,
2687 1767 2926 1830 quamvis
2955 1768 3060 1823 sint
3079 1747 3228 1839 gesta
3256 1792 3269 1828 :
3298 1747 3503 1832 si'nihil

1919 1835 2148 1908 denique
2187 1843 2487 1912 significant
2529 1847 2635 1904 duo
2668 1852 2759 1906 lilii
2802 1855 3028 1911 Aliralne
3058 1835 3165 1915 nati
3207 1867 3501 1922 secundum

1917 1927 2159 1985 ordinem
2189 1937 2438 1991 nascendi
2467 1937 2770 2007 hominum,
2801 1957 2852 1999 et
2885 1957 3062 2003 tamen
3096 1951 3236 2022 ipsos
3273 1954 3408 2010 duos
3441 1955 3503 2010 fi-

1921 2018 2018 2074 lios
2045 2020 2152 2076 duo
2176 2016 2514 2084 Testamenta
2541 2033 2773 2101 appellat
2805 2016 3297 2106 ApftSIOIIIS,-VCIIIS
3317 2056 3371 2101 et
3395 2047 3504 2102 No-

1918 2124 2069 2173 vum,
2098 2121 2150 2167 et
2175 2113 2302 2169 dicit
2332 2134 2345 2170 :
2381 2116 2507 2173 Hinc
2536 2135 2653 2176 sunt
2681 2123 2783 2180 duo
2808 2125 3154 2198 Testamenta,
3177 2153 3290 2206 qua:
3311 2141 3503 2195 suntin

1918 2200 2162 2274 allegoria
2192 2207 2349 2273 (Gal.
2380 2226 2430 2264 tv
2452 2253 2467 2277 ,
2492 2213 2598 2284 2t)
2624 2231 2638 2267 :
2677 2218 2720 2271 si
2748 2234 2875 2289 ergo
2905 2223 2988 2276 illa
3021 2226 3151 2282 nihil
3181 2200 3500 2302 signiﬁcant,

1918 2309 2037 2363 qua:
2064 2295 2253 2352 videtis
2281 2303 2595 2360 auctoritate
2615 2309 2901 2376 apostolica
2935 2314 2984 2366 in
3015 2295 3267 2387 mysterio
3297 2295 3504 2378 futura;

1917 2399 2035 2439 rum
2063 2401 2239 2442 rerum
2267 2399 2412 2460 gesta
2436 2408 2589 2460 esse;
2620 2397 2876 2454 debemus
2896 2404 3145 2460 arbitrari
3182 2409 3308 2464 nihil
3336 2412 3504 2483 signi-

1921 2475 2079 2531 ﬁcare
2092 2480 2252 2534 etiam
2274 2480 2372 2537 hoc
2387 2484 2527 2554 quod
2545 2486 2694 2542 vobis
2707 2502 2770 2544 ex
2789 2491 2922 2547 libro
2941 2494 3240 2565 Regnorum
3257 2500 3323 2556 de
3339 2475 3504 2559 David

1917 2567 2076 2636 paulo
2096 2583 2217 2625 ante
2247 2575 2476 2628 narravi.
2500 2575 2612 2630 Non
2643 2594 2770 2650 ergo
2799 2582 2926 2637 nihil
2957 2587 3217 2656 signiﬁcat
3236 2641 3248 2655 ,
3279 2603 3334 2646 et
3360 2594 3503 2663 quod

1917 2672 2112 2712 nomen
2142 2671 2401 2717 mutatum
2423 2675 2542 2734 est,
2561 2677 2614 2722 et
2638 2669 2836 2726 dictum
2865 2685 2943 2728 est
2965 2693 3132 2731 coram
3155 2679 3438 2738 Abim'elecli
3458 2686 3500 2738 ⁸.

1988 2751 2043 2804 4.
2086 2751 2345 2810 lntendite
2379 2772 2608 2814 mecum.
2638 2762 2827 2820 Omnia
2854 2767 2994 2824 enim
3030 2785 3148 2841 qum
3177 2774 3285 2829 di'xi
3317 2778 3499 2844 tundo,

1916 2841 2066 2910 quasi
2091 2844 2156 2898 ad
2186 2857 2399 2902 manum
2420 2851 2681 2918 pertinent
2705 2856 2979 2925 pulSantis,
3003 2863 3233 2918 nondum
3256 2841 3500 2934 apertum

1915 2943 2018 2986 est.
2076 2926 2450 3007 Pulsavimus,
2504 2955 2626 2997 cum
2684 2944 2782 3000 ista
2841 2947 3180 3018 diceremus;
3246 2957 3497 3025 pulsastis

1917 3030 1972 3076 et
2010 3039 2126 3087 vos,
2161 3043 2280 3081 cum
2321 3029 2419 3084 ista
2459 3031 2713 3091 audiretis
2756 3055 2770 3090 :
2811 3039 2984 3097 adlmc
3025 3043 3296 3112 pulsemus
3336 3065 3500 3105 oran-

1917 3111 2005 3172 do.
2042 3124 2100 3166 ut
2144 3115 2395 3173 Dominus
2432 3123 2634 3190 aperiat
2677 3127 2894 3183 nobis’.
2943 3111 3225 3191 Nominum
3267 3127 3503 3197 ltebraro-

1918 3221 2034 3260 rmn
2082 3209 2336 3266 habemus
2376 3211 2869 3286 interpretationem
2905 3225 3056 3280 :‘non
3084 3225 3363 3286 defuerunt
3399 3233 3502 3288 do-

1915 3297 1986 3350 cti
2016 3299 2132 3362 viri,
2161 3303 2248 3371 qui
2294 3304 2447 3360 nobis
2481 3310 2693 3363 nomina
2721 3327 2786 3366 ex
2816 3314 3028 3370 hebra-o
3067 3319 3119 3374 in
3155 3339 3380 3388 grmeam
3412 3327 3505 3380 Iin-

1914 3402 2071 3457 guam
2098 3433 2110 3453 ,
2144 3402 2198 3447 'et
2227 3393 2349 3450 inde
2395 3397 2445 3451 in
2500 3399 2714 3456 latinam
2748 3407 3112 3465 transferrent.
3146 3413 3502 3473 Consulentes

1915 3495 2044 3549 ergo
2074 3483 2284 3538 nomina
2317 3487 2438 3554 iSIa,
2477 3489 2778 3549 invenimus
2805 3495 3140 3568 interpretati
3167 3505 3498 3578 Abimeleeh,

1916 3569 2086 3625 Patris
2115 3575 2217 3629 mei
2264 3592 2520 3647 regnum;
2549 3591 2602 3636 et
2630 3583 2964 3656 interpretari
2995 3591 3175 3660 Achis,
3220 3569 3500 3663 Quomodo

1914 3674 2015 3718 est.
2047 3665 2168 3722 Ila‘c
2200 3671 2411 3724 nomina
2442 3675 2797 3744 attendamus,
2831 3680 2953 3736 lude
2981 3685 3161 3755 incipit
3196 3689 3348 3745 nobis
3367 3697 3498 3762 ape-

1914 3757 2006 3810 riri
2036 3759 2384 3826 pulsantibus.
2427 3766 2481 3820 Si
2511 3769 2725 3837 qureris.
2761 3772 2896 3837 Quid
2939 3785 3020 3830 est
3052 3778 3253 3834 dehis?
3283 3757 3526 3854 responv

1914 3847 2087 3909 detur.
2120 3851 2397 3919 Quomodo
2421 3867 2522 3911 est.
2546 3859 2823 3927 Quomodo
2850 3875 2951 3932 est,
2984 3868 3201 3925 verbum
3234 3883 3312 3926 est
3335 3847 3502 3931 admi-

1913 3941 2102 4005 rantis,
2134 3953 2188 3996 et
2215 3948 2317 3998 non
2348 3947 2710 4019 intelligentis.
2741 3954 3074 4023 Abime‘lecb,
3099 3953 3273 4016 Patris
3297 3967 3397 4020 mei
3423 3981 3502 4022 re-

1912 4045 2118 4118 gnum:
2155 4033 2335 4096 David.
2377 4035 2532 4092 Manu
2566 4042 2734 4095 fortis.
2769 4043 2824 4098 In
2859 4045 3020 4116 figura
3051 4049 3248 4107 Christi
3292 4055 3495 4123 David,

1912 4121 2049 4176 sicut
2077 4114 2258 4179 Colias
2283 4125 2336 4180 in
2363 4129 2525 4198 figura
2557 4129 2754 4188 diaboli
2784 4151 2796 4186 :
2829 4145 2882 4190 et
2907 4114 3050 4207 quod
3080 4141 3240 4197 David
3276 4114 3505 4215 prostra-

1915 4211 1988 4266 vit
2025 4212 2252 4280 Goliam,
2280 4216 2527 4274 Christus
2569 4229 2650 4276 est
2689 4225 2777 4295 qui
2810 4229 3003 4282 occidit
3040 4211 3330 4289 diabolum.
3359 4237 3498 4306 Quid

1911 4311 1994 4356 est
2031 4312 2206 4359 autem
2246 4306 2488 4364 Christus
2530 4314 2618 4382 qui
2659 4316 2929 4372 diabolum
2961 4323 3188 4378 occidit?
3219 4326 3500 4387 llmnilitas

1912 4392 2106 4446 occidit
2145 4396 2470 4465 superbiam.
2501 4399 2633 4455 Cum
2662 4419 2789 4474 ergo
2815 4406 3084 4464 Christum
3116 4415 3351 4480 nemino,
3386 4417 3494 4472 fra-

1914 4491 2023 4539 tres
2041 4486 2166 4552 mei,
2188 4489 2414 4544 maxime
2438 4492 2589 4548 nobis
2609 4494 2874 4552 lmmilttas
2890 4505 3312 4563 commendatur.
3345 4509 3493 4566 Viam

1911 4573 2052 4629 enim
2095 4577 2247 4633 nobis
2293 4577 2422 4635 fecit
2460 4597 2556 4651 per
2594 4583 2947 4645 lnnnilitatem
2977 4609 2989 4644 :
3022 4594 3143 4664 quia
3183 4613 3277 4667 per
3316 4617 3496 4672 super-

1911 4663 2051 4720 hiam
2073 4681 2473 4728 recesseramus
2502 4688 2529 4725 a
2553 4675 2680 4740 Deo,
2713 4677 2884 4733 redire
2909 4681 2974 4735 ad
3003 4698 3126 4739 eum
3153 4663 3253 4743 nisi
3285 4663 3498 4760 per'hu-

1911 4757 2186 4814 militatcm
2219 4777 2322 4816 non
2353 4768 2678 4834 pbteramus,
2707 4771 2761 4824 el
2791 4787 2948 4841 quem
2976 4775 3128 4831 nobis
3166 4757 3499 4850 praeponere-

1911 4864 2030 4904 ntus
2048 4850 2115 4905 ad
2133 4851 2467 4921 imitandum,
2492 4873 2596 4912 non
2621 4858 2964 4916 habebamus.
2985 4862 3170 4921 Omnis
3195 4872 3336 4925 enim
3361 4889 3497 4928 inero

1911 4944 2088 5002 talitas
2126 4944 2400 5005 hominum
2445 4952 2692 5020 superbia
2725 4962 3009 5012 tuumerat.
3052 4959 3118 5014 Et
3155 4962 3198 5017 si
3242 4967 3498 5023 existeret

1909 5037 2102 5108 aliquis
2117 5037 2332 5096 humilis
2351 5041 2430 5096 vir
2448 5043 2496 5096 in
2516 5045 2724 5113 Spirlzu,
2748 5047 2885 5103 sicut
2902 5060 3052 5106 erant
3074 5053 3374 5124 Propheta.
3393 5059 3496 5113 Pa-

1911 5128 2175 5194 triarehaz,
2193 5130 2581 5201 dedignabatur
2596 5151 2762 5205 genus
2779 5137 3068 5198 humanum
3099 5145 3290 5201 imitari
3321 5151 3492 5204 lnnni-

1908 5218 1986 5274 les
2003 5219 2265 5275 homines.
2295 5221 2368 5276 Ne
2391 5239 2517 5293 ergo
2536 5225 2911 5298 dedignaretur
2931 5234 3088 5289 homo
3115 5235 3306 5293 imitari
3327 5241 3497 5295 homi-

1909 5322 2028 5365 nem
2045 5311 2464 5379 htnnilem,Deus
2482 5315 2647 5370 laetus
2665 5329 2744 5372 est
2758 5319 3052 5387 lnnnilis,ut
3067 5326 3148 5380 vel
3161 5329 3234 5383 sic
3247 5332 3494 5397 Superbia

1906 5402 2116 5472 generis
2158 5399 2369 5459 humani
2400 5417 2504 5460 non
2531 5407 2907 5480 dedignaretur
2941 5417 3087 5485 sequi
3120 5419 3335 5489 vestigia
3376 5422 3490 5479 Dei.

1977 5479 2030 5548 Β.
2075 5492 2201 5548 Erat
2247 5505 2459 5557 autent.
2494 5507 2551 5550 ιιι
2579 5503 2776 5567 nostis,
2826 5479 3142 5561 sacriﬁcium
3185 5479 3490 5569 Judzeormn

1907 5591 2059 5637 antea
2083 5587 2373 5640 scentulum
2404 5589 2645 5644 ordinem
2675 5597 2849 5649 Aaron
2880 5597 2929 5649 in
2961 5597 3183 5652 tietimis
3210 5615 3483 5671 pecorum,

1971 5699 1985 5783 ξ
2003 5703 2318 5783 Silet-{.0323
2343 5704 2675 5783 qnerlb’ic
2695 5707 2893 5783 dictum
2922 5717 2990 5783 est
3015 5724 3176 5783 coram
3221 5713 3492 5783 μὺίηιινιιτιιι

1907 5760 1992 5833 (ενιΔ
2003 5761 2222 5833 addunt),-
2245 5762 2318 5833 ibi
2333 5760 2497 5833 coram
2523 5766 2659 5833 uehis
2688 5780 2704 5818 :
2729 5773 2856 5833 quod
2879 5785 2906 5819 a
2929 5781 3038 5833 Mss.
3055 5760 3210 5824 abest.

1971 5823 1992 5852 θ
2013 5829 2140 5883 3158.,
2165 5826 2347 5874 ortmth
2372 5832 2419 5875 ul
2436 5828 2621 5892 aperiat
2649 5823 2877 5893 .‘omisso,
2907 5832 3129 5882 [ominus
3151 5823 3302 5889 nam
