4032 6478
542 405 646 465 803

543 535 597 578 ct
617 524 715 578 hoc
740 522 793 577 in
821 520 1072 593 mysterio
1096 538 1110 574 :
1141 516 1372 573 nondum
1400 524 1513 571 erat
1542 513 1856 568 sacriﬁcium
1879 507 2117 580 corporis

541 628 597 673 ct
642 614 914 686 sanguinis
965 611 1194 678 Domini,
1240 608 1384 681 quod
1427 608 1608 663 ﬁdeles
1657 613 1887 667 norunt.
1931 612 1982 658 et
2027 600 2118 672 qui

543 706 887 777 Evangelium
915 704 1175 773 legerunt,
1198 699 1339 772 quod
1362 699 1677 756 sacriﬁcium
1699 710 1838 761 nunc
1860 693 2113 748 diﬁ'usum

539 809 623 856 est
668 806 780 852 toto
819 795 947 869 orbe
980 803 1261 849 terrarum.
1303 789 1586 860 Proponite
1626 801 1753 857 ergo
1801 784 1953 838 vobis
1994 790 2118 838 ante

539 891 726 947 oculos
750 888 857 944 duo
881 873 1162 952 sacriﬁcia,
1197 894 1252 938 et
1276 882 1403 938 illud
1432 879 1724 937 secundum
1744 877 1984 932 ordinem
2006 875 2114 929 Aa-

528 998 669 1047 ron,
705 988 763 1038 et
795 979 898 1035 hoc
924 976 1215 1033 secundum
1256 975 1496 1031 ordinem
1539 968 1949 1027 Melchisedech.
1982 966 2119 1023 Scri-

543 1088 691 1149 ptum
739 1079 823 1127 est
867 1056 1007 1125 enim
1039 1087 1053 1123 :
1084 1066 1283 1122 Iuravit
1328 1064 1608 1145 Dominus,
1649 1075 1695 1117 et
1738 1077 1838 1116 non
1868 1059 2117 1129 paenitebit

539 1146 671 1225 eum,
696 1171 750 1215 tu
775 1177 829 1217 es
852 1158 1154 1215 sacerdosin
1181 1165 1422 1211 (sternam
1446 1152 1716 1209 secundum
1738 1150 1963 1205 ordinem
1993 1146 2118 1203 Mel-

539 1254 771 1309 cliisedec
825 1250 994 1324 (Psal.
1022 1265 1128 1315 εει,
1158 1249 1237 1319 4).
1263 1248 1335 1302 De
1359 1261 1467 1317 quo
1493 1245 1685 1301 dicitur
1714 1259 1728 1297 :
1764 1242 1839 1296 Tu
1867 1257 1917 1296 es
1942 1256 2112 1295 sacer-

538 1349 631 1403 dos
669 1347 720 1400 in
757 1355 996 1400 attentum
1023 1341 1294 1396 secundum
1346 1339 1574 1392 ordinem
1618 1332 1988 1389 Melchisedec?
2037 1331 2114 1386 De

541 1435 764 1491 Domino
795 1442 976 1489 nostro
1002 1433 1125 1487 .Iesu
1150 1431 1378 1486 Clu-isto.
1408 1418 1537 1495 Quis
1562 1436 1679 1482 erat
1725 1420 2115 1480 Melclnsedec?

536 1527 649 1583 Rex
677 1526 875 1582 Salem.
904 1524 1079 1578 Salem
1111 1522 1296 1577 civitas
1323 1519 1422 1580 fuit
1447 1529 1621 1585 antea,
1648 1519 1735 1572 illa
1763 1532 1881 1587 quae
1908 1523 2110 1596 postea,

528 1619 673 1678 sicut
712 1616 855 1673 docti
900 1606 1287 1686 prodiderunt,
1317 1600 1606 1666 Jerusalem
1645 1607 1782 1662 dicta
1827 1615 1927 1664 est.
1969 1604 2112 1676 Ergo
2162 1666 2183 1670 ,ί

526 1696 817 1779 antequam
848 1705 918 1762 ibi
949 1709 1233 1773 regnarent
1258 1700 1449 1765 Juda-i,
1484 1699 1553 1753 ibi
1592 1707 1708 1753 erat
1737 1697 1825 1750 ille
1854 1694 2105 1752 Sacerdos

534 1794 905 1861 blelchisedce,
958 1793 1049 1863 qui
1101 1791 1348 1847 scribitur
1387 1790 1439 1845 in
1479 1787 1674 1845 Genesi
1712 1785 1973 1842 Sacerdos
2017 1785 2109 1840 Dei

526 1872 731 1943 excelsi
765 1884 915 1956 (Ceu.
945 1900 1051 1951 xiv,
1084 1881 1195 1954 l8).
1226 1880 1343 1952 Ipse
1367 1879 1598 1938 occurrit
1617 1869 1865 1944 Abrahae,
1898 1874 2110 1948 quando

533 1978 777 2034 liberavit
812 1976 911 2031 Lot
938 1974 1005 2029 de
1039 1988 1197 2028 manu
1248 1971 1709 2042 persequentium,
1740 1979 1793 2023 et
1824 1967 2111 2039 prostravit

535 2082 627 2122 eos
654 2082 682 2119 a
711 2066 903 2137 quibus
932 2065 1018 2119 ille
1044 2062 1340 2123 tenebatur.
1370 2052 1687 2116 et'liheravit
1708 2059 1922 2114 fratrem
1948 2075 1960 2112 :
1991 2064 2107 2126 post

532 2158 900 2213 liberationem
925 2155 1100 2210 fratris
1119 2155 1348 2209 occurrit
1368 2151 1417 2207 ei
1444 2149 1812 2206 Melchisedcc.
1839 2148 1906 2203 Et
1930 2154 2107 2201 tantus

522 2245 647 2307 erat
662 2248 1030 2313 llelchisedec,
1049 2262 1076 2299 a
1103 2261 1209 2317 quo
1232 2242 1641 2301 benedicere'tur
1661 2235 1947 2297 Abraham.
1971 2239 2107 2295 Pro-

530 2342 650 2396 tulit
677 2356 866 2411 panem
894 2347 947 2395 et
975 2339 1187 2400 vinum,
1224 2343 1280 2391 et
1317 2334 1586 2390 benedixit
1613 2332 1906 2395 Abraham,
1936 2340 1989 2387 et
2017 2330 2106 2385 de-

526 2432 605 2488 dit
642 2410 693 2488 ei
732 2431 969 2487 decimas
1004 2426 1295 2484 Abraham.
1338 2424 1525 2481 Videte
1571 2423 1696 2496 quid
1741 2410 1983 2495 protulit,
2020 2420 2105 2478 et‘

527 2539 689 2594 quem
713 2521 1000 2577 benedixit.
1031 2521 1096 2575 Et
1119 2519 1319 2574 dictum
1345 2526 1427 2574 est
1451 2527 1629 2587 postea
1657 2534 1669 2570 :
1693 2515 1773 2570 Tu
1799 2533 1849 2570 es
1874 2515 2106 2570 sacerdos

526 2614 579 2667 in
604 2625 848 2668 wternum
872 2610 1146 2665 secundum
1177 2608 1403 2665 ordinem
1429 2607 1779 2662 Melcltisedec.
1811 2606 1973 2661 David
2004 2606 2106 2661 hcc

517 2690 582 2760 “in
607 2705 805 2778 Spiritu
826 2689 964 2758 'dixit
991 2703 1148 2773 longe
1178 2710 1296 2771 post
1323 2698 1588 2754 Abraham
1620 2716 1633 2754 :
1663 2697 1988 2768 temporibus
2013 2713 2105 2751 au-

518 2788 632 2853 tem
661 2795 888 2851 Abrahae
911 2794 1010 2851 fuit
1045 2792 1414 2850 Melchisedec.
1454 2793 1527 2847 De
1555 2807 1658 2862 quo
1685 2790 1788 2846 alio
1816 2790 1940 2845 dicit
1960 2831 1976 2857 ,
2013 2790 2089 2845 Tu

523 2907 577 2946 rs
602 2889 834 2945 sacerdos
859 2890 913 2943 in
932 2897 1171 2945 (sternunt
1194 2885 1467 2942 secundum
1489 2884 1713 2939 ordinem
1743 2881 2099 2959 Melchisedec,

525 2984 624 3038 nisi
651 2982 718 3037 de
745 2982 836 3036 illo
863 2981 1017 3051 cujus
1042 2979 1211 3035 nostis
1239 2960 1600 3034 sacriﬁcium?

514 3140 520 3145 ἢ
595 3075 649 3127 6.
688 3072 960 3128 Sublatum
990 3080 1222 3140 estergo
1254 3067 1779 3123 sacriﬁcitnn'Aaron
1803 3105 1819 3131 ,
1851 3074 1904 3119 et
1936 3065 2101 3134 etrapit

523 3179 645 3221 esse
692 3160 1007 3218 sacriﬁcium
1063 3159 1355 3215 secundum
1420 3157 1659 3213 ordinem
1726 3146 2099 3211 Melchisedee.

524 3267 664 3326 ergo
694 3255 901 3308 mutavit
931 3252 1111 3308 nescio
1136 3250 1253 3322 quis
1278 3249 1470 3304 vultum
1504 3263 1670 3303 suum.
1711 3246 1841 3315 Quis
1877 3255 1960 3302 est
2004 3246 2103 3301 iste

524 3348 704 3404 nescio
731 3346 894 3418 quis?
936 3345 1051 3401 Non
1094 3345 1166 3400 sit
1203 3342 1384 3398 nescio
1426 3340 1583 3411 quis:
1616 3347 1773 3394 notus
1799 3347 1883 3395 est
1909 3339 2053 3395 enim
2079 3340 2100 3372 ²

527 3439 781 3493 Dominus
802 3446 981 3492 noster
999 3434 1154 3491 Jesus
1172 3420 1435 3489 Christus.
1453 3429 1509 3486 ln
1531 3443 1756 3500 corpore
1773 3438 1826 3486 et
1847 3429 2102 3500 sanguine

508 3548 619 3605 suo
648 3532 813 3587 voluit
841 3544 960 3587 esse
985 3527 1209 3583 salutem
1238 3533 1491 3580 nostram.
1531 3512 1685 3579 Unde
1723 3531 1901 3576 autem
1949 3535 2099 3576 com-

510 3623 789 3698 _mendavit
817 3608 1009 3690 corpus
1050 3627 1103 3673 et
1144 3617 1453 3687 sanguinem
1495 3626 1648 3669 suum
1678 3608 1906 3684 (Matth.
1936 3628 2095 3682 sxvt,

519 3714 675 3785 26)?
703 3714 777 3768 De
820 3710 1115 3765 humilitate
1157 3722 1271 3763 sua.
1316 3705 1427 3761 Nisi
1473 3705 1613 3761 enim
1659 3713 1800 3760 esset
1847 3702 2093 3767 humilis,

504 3823 619 3879 ~nec
648 3804 1054 3860 manducarctur
1075 3843 1091 3869 ,
1121 3815 1217 3855 nec
1254 3800 1544 3856 biberetur.
1595 3798 1821 3867 Respice
1861 3795 2095 3850 altitudi-

521 3913 640 3955 nem
671 3896 835 3966 ipsius
859 3912 872 3948 :
898 3892 963 3948 In
988 3892 1237 3964 principio
1258 3899 1365 3945 erat
1398 3888 1610 3945 Verbum
1633 3928 1649 3953 ,
1677 3898 1723 3942 et
1755 3879 1968 3943 Verbum
1989 3897 2095 3941 erat

519 3990 659 4060 apud
689 3986 851 4042 Deum
868 4029 884 4052 ,
915 3995 959 4039 et
983 3984 1116 4061 Deus
1142 3991 1247 4037 erat
1282 3980 1497 4036 Verbum
1523 3978 1721 4052 (Joan.
1748 3993 1805 4046 ι,
1838 3980 1862 4034 1
1890 3978 1929 4051 ).
1957 3978 2095 4034 Ecce

511 4066 666 4134 cibus
695 4079 1046 4145 sempiternus
1076 4092 1088 4128 :
1121 4072 1214 4129 sed
1258 4071 1579 4126 manducant
1605 4070 1792 4141 Angeli
1815 4112 1830 4137 ,
1864 4070 2092 4126 mandu-

515 4179 638 4226 rant
661 4168 904 4239 superna:
928 4167 1158 4222 Virtutes
1180 4205 1197 4233 ,
1224 4162 1546 4219 manducant
1567 4163 1812 4219 caelestes
1828 4161 2055 4233 Spiritus
2074 4204 2090 4226 .

514 4273 566 4320 et
599 4261 977 4319 manducanles
1002 4258 1308 4328 saginantur
1333 4297 1346 4321 ,
1373 4263 1429 4310 et
1456 4255 1718 4327 integrum
1745 4265 1925 4312 manet
1950 4257 2091 4327 quod

512 4369 607 4410 eos
635 4354 789 4407 satiat
815 4360 868 4406 et
906 4350 1156 4404 Izctilicat.
1205 4345 1336 4413 Quis
1375 4354 1551 4401 autem
1600 4346 1760 4400 homo
1804 4355 1983 4417 posset
2023 4346 2089 4401 ad

513 4447 658 4501 illum
689 4442 865 4498 cibum
888 4439 912 4495 ἲ
942 4440 1092 4497 Unde
1115 4453 1209 4493 eor
1232 4446 1339 4492 tam
1361 4436 1606 4491 idoneum
1630 4437 1701 4491 illi
1730 4437 1893 4492 cibo?
1914 4436 2091 4504 Opor-

514 4538 652 4590 tc-hat
682 4549 807 4602 ergo
838 4541 893 4585 ut
918 4544 1103 4585 mensa
1130 4529 1216 4582 illa
1242 4528 1557 4582 lactesceret
1578 4567 1592 4593 ,
1636 4535 1695 4605 et
1732 4527 1797 4582 ad
1839 4527 2088 4597 parvulos

500 4627 835 4695 perveniret.
864 4622 1013 4678 Unde
1040 4628 1215 4674 autem
1247 4620 1303 4674 ﬁt
1329 4619 1479 4674 cibus
1507 4618 1630 4673 lac?
1670 4619 1811 4674 unde
1847 4619 1995 4674 cibus
2036 4621 2085 4673 in

515 4721 595 4773 lac
640 4713 1010 4776 convertitur,
1067 4709 1166 4764 nisi
1192 4725 1286 4779 per
1327 4723 1540 4763 carnem
1584 4708 1915 4777 lrajiciatur?
1952 4709 2084 4764 Nam

457 4846 462 4852 -
512 4789 683 4862 mater
709 4804 809 4858 hoc
836 4802 975 4857 facit.
1004 4798 1154 4866 Quod
1179 4797 1463 4853 manducat
1492 4807 1661 4853 mater
1682 4840 1699 4865 ,
1731 4799 1832 4854 hoc
1857 4800 2084 4855 mandu-

506 4906 597 4954 cat
624 4895 836 4953 infans:
865 4893 959 4949 sed
986 4892 1106 4963 quia
1136 4889 1310 4945 minus
1352 4887 1574 4944 idoneus
1619 4897 1705 4944 est
1748 4889 1918 4946 infans
1945 4932 1960 4958 ,
1992 4893 2082 4964 qui

510 5004 646 5062 pane
671 4995 913 5043 vescatur
935 5025 951 5053 ,
980 4984 1148 5055 ipsum
1180 4997 1375 5052 panem
1408 4992 1579 5036 mater
1607 4981 1842 5036 incarnat
1867 5022 1883 5048 ,
1911 4992 1963 5039 et
1992 4964 2085 5054 per

510 5081 862 5139 humilitatem
907 5075 1211 5132 mammilhe
1262 5083 1315 5129 et
1352 5073 1504 5129 tactis
1552 5085 1805 5141 succum,
1855 5073 1923 5130 de
1969 5074 2084 5145 ipso

508 5189 644 5248 pane
681 5172 847 5244 pascit
884 5167 1158 5225 infantem.
1204 5166 1484 5233 Quomodo
1520 5179 1649 5237 ergo
1688 5164 1756 5221 de
1794 5166 1911 5237 ipso
1948 5183 2084 5238 pane

502 5264 650 5337 pavit
674 5276 773 5317 nos
797 5258 1064 5329 Sapientia
1104 5257 1239 5312 Dei?
1283 5256 1413 5323 Quia
1470 5254 1685 5311 Verbum
1732 5273 1850 5311 caro
1892 5262 2083 5331 factum

502 5365 577 5412 est
600 5396 616 5420 ,
648 5364 693 5411 et
713 5353 950 5407 habitavit
972 5349 1026 5404 in
1050 5348 1190 5403 nobis
1231 5345 1408 5418 (Ibid.
1462 5346 1591 5417 14).
1623 5346 1807 5403 Videte
1826 5361 1952 5418 ergo
1980 5350 2080 5404 hu-

500 5434 783 5502 militatem
804 5460 818 5497 :
841 5441 960 5512 quia
979 5453 1167 5509 panem
1195 5437 1864 5503 Auge-lorummanducavit
1890 5437 2047 5492 homo
2064 5482 2077 5504 ,

504 5550 560 5593 ut
593 5538 848 5607 scripturn
873 5542 952 5588 est
976 5571 992 5595 ,
1030 5529 1220 5583 Panem
1245 5527 1355 5581 (teli
1397 5526 1534 5579 dedit
1572 5527 1643 5580 eis
1666 5568 1680 5591 ,
1710 5543 1890 5596 panem
1917 5527 2081 5600 Ange-

567 5653 584 5682 ι
610 5650 678 5721 sic
702 5642 1286 5721 ι,ιριιε·-εςς›)ξξξιζ*μΑξλξξ.ῃίΔ
1300 5637 1466 5721 fidele
1488 5636 1607 5702 quid
1628 5639 1824 5703 protulit
1860 5642 1904 5692 ei
1942 5654 2082 5707 quem

504 5702 760 5761 benedixit.
785 5713 835 5756 Η
856 5705 1037 5757 dictum
1057 5710 1125 5754 est
1147 5702 1193 5753 ei
1213 5707 1389 5764 postea.

567 5760 823 5838 {nonnulli
851 5770 1011 5838 probae
1051 5773 1177 5838 noue
1213 5760 1336 5838 iss,
1376 5760 1489 5822 Quis
1508 5767 1578 5813 est
1609 5761 1698 5814 iste
1733 5762 1891 5815 uestio
1921 5765 2027 5830 qui;
2054 5763 2079 5815 9

506 5833 667 5884 nescio
689 5831 794 5895 quis
816 5835 966 5879 notus.
993 5834 1070 5879 Est
1091 5831 1235 5885 enim,
1262 5833 1354 5878 etc.

1686 354 1687 357 γ
1775 398 1830 451 s.
1874 391 2237 449 Aecusrtxt
2280 395 2578 456 EPISCUPI

3694 411 3796 466 3:34

2227 510 2388 599 lorum
2419 516 2732 599 manducavit
2768 521 2918 573 homo
2961 518 3146 591 ('I’sal.
3181 536 3357 576 uxvn
3384 566 3397 587 ,
3425 522 3494 578 25
3517 524 3571 594 )z
3600 505 3652 578 id
3678 534 3757 579 est
3777 567 3793 589 .

2226 598 2457 693 Verbum
2501 598 2628 661 illud
2663 623 2769 693 quo
2800 612 3097 693 pascuntur
3133 599 3321 693 Angeli
3368 615 3751 685 sempiternum
3778 659 3792 680 ,
3825 634 3834 693 ς

2223 682 2362 762 quod
2405 703 2486 748 cst
2525 682 2731 781 {equile
2779 699 2917 755 Patri
2942 691 2970 769 ,’
3004 682 3345 759 manducavit
3398 682 3557 761 homo
3605 721 3619 760 :
3673 709 3794 778 quia
3825 682 3846 706 ‘

2222 788 2334 837 cum
2363 786 2413 839 in
2450 790 2613 869 [arma
2658 789 2755 844 Dei
2793 803 2917 848 esset
2938 830 2953 859 .
2996 810 3096 849 non
3137 796 3371 867 rapinam
3412 797 3683 855 arbitratus
3724 801 3798 856 es't

2221 890 2328 928 esse
2348 880 2558 946 aqualis
2588 878 2711 961 Deo.
2736 881 3055 953 Saginantur
3091 870 3180 940 illo
3216 886 3406 958 Angeli
3436 906 3451 945 :
3475 887 3564 944 sed
3612 898 3794 944 semet-

2220 964 2389 1033 ipsum
2428 969 2738 1037 exinauivit,
2771 980 2829 1027 ut
2872 964 3217 1031 manduca‘rét
3242 979 3430 1047 panem
3470 980 3794 1051 Angelorum

2221 1053 2382 1111 homo
2404 1097 2420 1124 ,
2449 1059 2664 1129 formam
2689 1064 2818 1117 servi
2843 1064 3093 1134 accipiens
3111 1108 3127 1131 ,
3154 1066 3204 1121 in
3232 1052 3609 1126 similitudinem
3632 1070 3797 1125 Itami-

2218 1161 2339 1200 num
2362 1149 2527 1219 factus
2549 1191 2565 1215 ,
2593 1160 2639 1205 et
2662 1152 2835 1207 Itabitu
2863 1154 3087 1211 inventus
3110 1167 3165 1212 ut
3191 1157 3378 1227 homo;
3415 1143 3701 1215 ltumiliavit
3736 1158 3791 1218 se

2218 1236 2384 1306 factus
2404 1237 2635 1294 obedieus
2659 1258 2813 1314 usque
2833 1242 2903 1298 ad
2930 1257 3138 1301 mortem
3160 1288 3176 1311 ,
3204 1258 3413 1303 mortem
3438 1258 3603 1304 autem
3629 1249 3790 1305 crucis

2218 1326 2487 1402 (Philipp.
2516 1347 2551 1386 ιι
2575 1374 2591 1400 ,
2620 1332 2754 1405 6-8)
2780 1353 2794 1387 :
2823 1345 2880 1391 ut
2898 1338 3008 1407 jam
3034 1337 3102 1393 de
3142 1353 3302 1394 cruce
3325 1341 3795 1397 commendaretur

2217 1418 2369 1473 nobis
2423 1435 2549 1475 caro
2594 1432 2649 1478 et
2692 1427 2907 1497 sanguis
2952 1427 3157 1484 Domini
3202 1445 3398 1486 novum
3446 1432 3786 1488 sacriﬁcium.

2214 1502 2348 1576 Quia
2391 1512 2596 1566 mutavit
2639 1514 2830 1569 vultum
2870 1533 3016 1571 suum
3050 1534 3223 1573 coram
3267 1519 3580 1589 Abimeleclt,
3615 1522 3665 1577 id
3710 1519 3793 1578 est

2215 1612 2394 1689 coram
2424 1616 2589 1672 regno
2629 1606 2818 1676 patris.
2860 1606 3099 1681 Regnum
3142 1612 3285 1666 enim
3326 1613 3526 1683 patris,
3568 1630 3788 1686 regnum

2214 1699 2329 1776 erat
2360 1684 2687 1749 Iudaeorum.
2727 1689 3005 1765 Quomodo
3043 1706 3261 1772 regnum
3305 1699 3510 1773 patris?
3546 1684 3790 1776 Regnum

2212 1770 2379 1838 David
2408 1825 2421 1843 .
2454 1792 2673 1855 regnum
2701 1778 2951 1847 Abrahae.
2996 1770 3128 1848 Nam
3176 1770 3397 1867 regnum
3434 1782 3533 1852 Dei
3573 1770 3744 1853 Patris
3766 1826 3787 1867 -,

2213 1873 2381 1944 magis
2403 1873 2639 1932 Ecclesia
2668 1884 2826 1951 Quam
2855 1884 3080 1954 populus
3099 1876 3399 1942 Iudaeorum
3428 1906 3441 1942 :
3468 1882 3565 1944 'sed
3590 1872 3789 1959 secundi

2211 1961 2337 2019 dum
2380 1979 2593 2022 carnem
2635 1986 2856 2040 regnum
2899 1970 3063 2043 patris
3102 1976 3328 2046 populus
3369 1976 3549 2033 Israel.
3577 1978 3788 2035 Dictum

2211 2064 2295 2147 est
2321 2059 2462 2113 enim
2493 2078 2505 2115 :
2536 2059 2602 2115 Et
2628 2056 2766 2147 dabit
2792 2064 2839 2118 ei
2882 2065 3019 2120 Deus
3057 2067 3223 2121 sedem
3265 2049 3435 2123 David
3478 2071 3637 2139 patris
3676 2071 3790 2143 ejus

2212 2146 2381 2221 (Luc.
2411 2154 2429 2204 ἰ
2454 2192 2468 2216 ,
2501 2148 2570 2205 52
2589 2150 2630 2223 ).
2665 2153 3070 2212 Demonstratur
3094 2173 3221 2229 ergo
3252 2155 3540 2215 secundum
3567 2159 3789 2217 carnem

2210 2248 2361 2310 pater
2389 2241 2593 2298 Domini
2619 2260 2737 2300 esse
2769 2245 2932 2303 David
2958 2265 2970 2301 :
3017 2240 3305 2306 secundum
3324 2239 3656 2307 divinitatem
3684 2267 3787 2307 au-

2211 2337 2316 2384 tem
2348 2330 2588 2389 Christus
2613 2351 2719 2389 non
2750 2335 2888 2392 ﬁlius
2908 2379 2925 2405 ,
2969 2338 3063 2393 sed
3106 2336 3360 2395 Dominus
3401 2339 3582 2395 David.
3614 2327 3789 2398 παιιωῖ

2209 2434 2338 2476 vero
2363 2421 2637 2478 Christum
2669 2426 2960 2482 secundum
2988 2442 3202 2483 carnem
3232 2437 3425 2485 norunt
3446 2471 3464 2498 ,
3492 2431 3789 2487 secundum

2209 2509 2538 2589 divinitatem
2564 2529 2670 2571 non
2697 2525 2911 2573 norunt.
2946 2516 3070 2574 Ideo
3107 2517 3233 2576 fecit
3266 2516 3368 2576 illis
3393 2521 3740 2592 qumstionem
3767 2554 3786 2590 δ

2209 2612 2266 2659 et
2284 2603 2423 2661 dixit
2449 2625 2462 2661 :
2486 2605 2644 2678 Cujus
2664 2609 2826 2677 ﬁlium
2848 2626 2954 2664 esse
2972 2610 3137 2665 dicitis
3163 2610 3413 2667 Christum
3432 2613 3458 2667 2’
3480 2612 3544 2668 Et
3561 2628 3789 2683 respon-

2208 2685 2437 2785 derunt:
2468 2697 2515 2752 F
2516 2699 2657 2754 ilium
2681 2699 2867 2755 David.
2898 2700 2964 2756 Et
2990 2702 3075 2757 ille
3095 2719 3115 2756 :
3158 2704 3419 2772 Quomodo
3453 2721 3570 2776 ergo
3615 2702 3790 2760 David

2207 2790 2263 2843 in
2289 2792 2472 2861 spiritu
2502 2803 2644 2848 vocat
2668 2811 2779 2848 eum
2804 2793 3104 2863 Dominum,
3131 2796 3217 2850 ubi
3239 2799 3348 2852 ait:
3368 2796 3513 2853 Dixit
3535 2798 3790 2853 Dominus

2208 2880 2427 2938 Domino
2454 2900 2561 2939 meo
2584 2920 2601 2953 ,
2635 2875 2768 2940 Sede
2795 2886 2864 2939 ad
2890 2887 3145 2942 dexteram
3187 2904 3348 2944 meam
3370 2931 3386 2954 .
3414 2882 3570 2945 donec
3596 2894 3789 2961 ponant

2207 2989 2378 3028 omnes
2403 2975 2630 3031 inimicos
2654 2984 2764 3031 tuos
2793 2977 2884 3032 sub
2914 2977 3119 3049 pedibus
3147 2980 3245 3035 tuis
3265 2980 3291 3036 .’
3315 2970 3377 3035 Si
3398 2997 3514 3052 ergo
3542 2980 3703 3034 David
3728 2970 3789 3037 in

2205 3066 2385 3135 spiritu
2415 3075 2557 3122 vocat
2585 3085 2697 3123 eum
2725 3067 2996 3125 Dominum
3021 3112 3036 3136 ,
3064 3074 3311 3143 quomodo
3349 3073 3487 3142 ﬁlius
3521 3073 3629 3144 ejus
3666 3072 3788 3127 est.’

2208 3153 2275 3213 Et
2295 3173 2394 3211 non
2416 3167 2682 3229 potuerunt
2704 3161 2782 3214 illi
2800 3150 3132 3231 respondere(
3156 3162 3333 3216 Matth.
3361 3179 3477 3218 χιιι
3502 3203 3520 3231 ,
3548 3163 3718 3235 42-46
3736 3164 3783 3235 ):

2206 3246 2331 3316 quia
2356 3262 2462 3302 non
2496 3259 2756 3305 noverant
2784 3251 2833 3305 in
2866 3252 3088 3306 Domino
3117 3246 3354 3319 Christo,
3384 3253 3482 3308 nisi
3516 3234 3656 3323 quod
3701 3234 3789 3309 vi-

2204 3336 2431 3395 debatur
2476 3339 2684 3408 oculis,
2727 3357 2830 3396 nou
2876 3342 3018 3413 quod
3063 3341 3224 3399 corde
3263 3345 3670 3417 intelligebatur.
3725 3335 3785 3404 Si

2204 3438 2380 3486 autem
2411 3432 2552 3486 intus
2577 3430 2833 3490 haberent
2864 3437 3044 3491 oculos
3066 3437 3200 3492 sicut
3227 3426 3492 3494 habebant
3519 3439 3646 3495 foris
3671 3482 3687 3505 ,
3715 3458 3787 3498 ex

2198 3535 2269 3591 eo
2281 3523 2420 3593 quod
2440 3518 2568 3579 foris
2586 3523 2837 3580 videbant
2864 3526 3214 3595 intelligerent
3244 3528 3404 3582 ﬁlium
3426 3529 3690 3589 Davidzex
3716 3547 3786 3587 eo

2200 3613 2344 3684 quod
2362 3614 2501 3668 intus
2518 3614 2901 3685 intelligebant,
2924 3614 3277 3688 intelligerent
3290 3609 3565 3673 Dominum
3587 3608 3784 3676 David.

2275 3704 2326 3758 7.
2372 3704 2585 3760 Mutavit
2638 3723 2755 3778 ergo
2807 3706 2998 3762 vultum
3049 3725 3196 3762 suum
3243 3725 3414 3764 coram
3468 3700 3781 3767 Abimcleclt.

2201 3798 2338 3867 Quid
2391 3808 2473 3852 est
2498 3841 2512 3865 ,
2565 3814 2735 3852 coram
2779 3799 3110 3854 Abimeleclt?
3151 3800 3342 3855 Coram
3380 3816 3545 3872 regno
3588 3802 3781 3871 patris.

2202 3888 2339 3957 Quid
2369 3897 2485 3952 est,
2515 3888 2707 3943 Coram
2750 3904 2915 3959 regno
2956 3889 3168 3961 patris?
3210 3889 3402 3946 Coram
3440 3891 3655 3946 Judmis.
3714 3892 3786 3949 Et

2200 3980 2391 4035 dimisit
2415 3997 2528 4035 eum
2550 4019 2568 4046 ,
2597 3989 2643 4034 et
2669 3980 2808 4034 abiit.
2837 3980 3004 4049 Quem
3031 3981 3272 4037 dimisit?
3319 3980 3489 4051 Ipsum
3521 3981 3781 4052 populum

2198 4067 2505 4145 Judaeorum
2534 4068 2773 4135 dimisit,
2802 4078 2855 4125 et
2882 4069 3029 4124 abiit.
3075 4069 3278 4138 Qumris
3316 4070 3474 4125 modo
3503 4054 3781 4127 Christum

2200 4159 2341 4229 apud
2365 4158 2580 4214 Judmos
2602 4199 2618 4223 ,
2654 4169 2702 4226 et
2739 4175 2842 4213 non
2870 4159 3097 4215 invenis.
3119 4151 3271 4216 Unde
3295 4148 3497 4214 dimisit
3522 4168 3575 4216 et
3601 4148 3783 4218 abiit?

2199 4250 2328 4317 Quia
2360 4250 2565 4303 mutavit
2594 4249 2785 4304 vultum
2813 4243 2983 4305 suum:
3012 4249 3284 4305 [hercules
3310 4252 3325 4282 ¹
3381 4251 3522 4305 enim
3569 4251 3642 4306 illi
3688 4262 3783 4307 sa-

2195 4342 2398 4398 crificio
2424 4342 2716 4398 secundum
2741 4342 2979 4398 ordinem
3002 4345 3177 4397 Aaron
3202 4385 3218 4408 ,
3248 4358 3351 4397 non
3380 4353 3661 4399 tenuerunt
3690 4361 3782 4401 sa-

2193 4436 2449 4490 criﬁcium
2480 4436 2770 4490 secundum
2796 4434 3035 4490 ordinem
3061 4431 3410 4490 Melchisedee
3437 4434 3629 4509 (Πρω.
3658 4444 3780 4507 vri,

2197 4527 2255 4581 11
2288 4527 2327 4596 );
2359 4535 2414 4581 et
2448 4528 2741 4582 amiserunt
2782 4525 3045 4581 Christum
3071 4563 3086 4591 ,
3128 4535 3182 4581 et
3222 4535 3495 4596 cmperunt
3520 4543 3639 4582 eum
3671 4522 3778 4584 ha;

2194 4615 2322 4673 here
2351 4615 2548 4673 Gentes
2573 4659 2589 4683 ,
2617 4632 2721 4687 quo
2746 4631 2848 4673 non
2878 4615 3095 4672 miserat
3133 4627 3256 4672 ante
3296 4633 3588 4689 prmcones.
3632 4600 3778 4676 Nam

2193 4710 2259 4763 ad
2293 4711 2411 4763 illos
2438 4725 2708 4779 przrcoues
2740 4708 2953 4763 miserat
2977 4751 2992 4775 ,
3019 4708 3189 4778 ipsum
3221 4707 3380 4764 David
3405 4748 3421 4776 ,
3456 4706 3728 4765 Abraham
3760 4753 3777 4780 ,

2192 4799 2338 4855 l-aac
2367 4810 2421 4856 et
2445 4799 2609 4855 Jaeob
2634 4840 2647 4867 ,
2683 4798 2866 4853 Isaiam
2893 4840 2908 4864 ,
2938 4798 3220 4853 Jercmiam
3245 4839 3262 4866 ,
3302 4808 3355 4854 et
3382 4807 3604 4855 ca‘teros
3631 4800 3779 4857 Pro-

2194 4892 2381 4962 phetas
2408 4892 2621 4946 miserat
2645 4932 2659 4953 ,
2698 4900 2752 4945 et
2795 4890 2947 4960 pauci
2995 4890 3114 4944 huic
3153 4898 3553 4959 cognoverunt,
3582 4900 3634 4945 ct
3664 4892 3779 4962 ἰυςῐ
3867 4956 3881 4968 ,

2192 4983 2343 5053 pauci
2376 4984 2427 5037 in
2453 4981 2850 5053 comparatione
2878 4982 3210 5047 pereuntium
3237 4999 3252 5036 :
3278 4997 3396 5035 nam
3419 4982 3569 5037 multi
3592 4998 3779 5044 erant.

2189 5076 2348 5132 Millia
2375 5076 2514 5132 enim
2546 5076 2771 5146 legimus
2787 5074 2983 5140 luisse.
3015 5073 3279 5142 Scriptum
3311 5074 3452 5127 enim
3479 5083 3598 5130 est:
3630 5075 3783 5131 Reli-

2190 5168 2321 5240 quia:
2366 5170 2517 5221 sulm:
2553 5167 2673 5236 ﬁeut
2718 5162 2737 5237 (
2764 5164 2908 5219 Rom.
2939 5180 2986 5218 ις
3014 5205 3028 5230 ,
3054 5166 3123 5218 ‘27
3146 5161 3186 5235 ).
3214 5163 3318 5218 Sed
3365 5164 3558 5235 qumris
3606 5168 3777 5224 modo

2189 5257 2534 5315 circumcisos
2556 5257 2874 5311 christianos
2898 5248 2990 5319 ,et
3015 5270 3121 5309 non
3150 5254 3374 5309 invenis.
3398 5254 3561 5311 Erant
3587 5262 3782 5313 autem
3865 5263 3886 5284 '

2190 5350 2257 5405 de
2295 5347 2695 5404 circumcisione
2741 5345 3039 5399 recentibus
3084 5345 3408 5414 temporibus
3438 5345 3559 5401 ﬁdei
3599 5349 3781 5404 mul'a

2190 5441 2352 5497 millia
2378 5437 2810 5495 Christianorum.
2836 5437 3040 5503 Qtnuris
3069 5436 3227 5492 modo
3249 5478 3265 5505 ,
3291 5445 3345 5492 et
3382 5452 3488 5492 non
3536 5432 3777 5496 invenis.

2193 5532 2380 5588 Merito
2407 5545 2509 5584 non
2538 5527 2764 5583 invenis.
2802 5526 3012 5581 Mutavit
3037 5526 3177 5582 enim
3208 5529 3394 5583 vultum
3421 5544 3565 5581 suum
3593 5544 3779 5584 curam

2191 5618 2474 5678 Abimcleclt
2496 5661 2510 5683 ,
2543 5628 2586 5673 el
2616 5620 2803 5674 dimisit
2839 5636 2982 5685 cum,
3022 5629 3068 5673 et
3105 5620 3245 5675 abiit.
3293 5618 3359 5674 Et
3392 5633 3569 5673 coram
3603 5602 3779 5679 Achis

2188 5715 2408 5773 mutavit
2435 5714 2639 5769 vultum
2670 5729 2822 5769 suum
2847 5755 2861 5776 .
2890 5723 2943 5770 et
2968 5712 3168 5768 dimisit
3190 5729 3311 5768 eum
3340 5756 3353 5779 ,
3385 5722 3437 5769 et
3463 5711 3612 5770 abiit.
3642 5713 3779 5773 ideo

2252 5828 2269 5859 ί
2295 5833 2421 5887 δεδι,
2449 5828 2679 5875 [tabentes
2698 5824 2823 5875 enim
2844 5820 2918 5876 illi
2939 5822 3246 5888 sacriﬁcum.
3272 5834 3279 5839 ‘
