4032 6500
193 419 294 478 805

203 532 336 585 enim
365 533 580 583 mutata
613 534 733 581 sunt
764 523 975 580 nomina
1003 564 1018 588 ,
1052 531 1108 576 ut
1137 520 1203 575 ad
1246 521 1482 592 mysterii
1524 518 1790 592 significas

211 624 402 676 tionem
435 633 542 674 nos
570 619 845 683 excitaret
873 615 1093 669 mutatio
1132 612 1402 666 nominum
1433 628 1448 665 :
1481 626 1548 668 ne
1577 621 1791 682 putare-

214 727 322 767 mus
350 724 461 765 non
485 709 696 768 narrari
716 715 807 776 aut
825 704 1230 763 conuncmorari
1255 703 1304 756 in
1331 703 1619 773 Scripturis
1645 702 1794 770 Psal-

218 817 415 858 morum
440 841 458 866 ,
489 799 595 869 nisi
625 797 770 870 quod
792 798 841 851 in
865 797 1011 853 libris
1034 795 1336 865 Regnorum
1358 805 1563 864 gestum
1593 794 1794 849 inveni-

217 906 295 950 tur
315 935 332 959 ,
362 902 418 949 et
447 908 558 947 non
585 892 655 946 ibi
686 903 1047 962 quaereremus
1091 890 1285 958 figuras
1329 886 1622 942 futurorum
1651 929 1666 954 ,
1701 885 1796 942 sed

217 995 463 1055 tanquam
495 998 584 1039 res
612 992 789 1053 gestas
815 981 1200 1050 acciperemus.
1241 977 1371 1034 Cum
1413 993 1541 1048 ergo
1581 978 1795 1034 nomina

217 1083 488 1139 mutantur
506 1071 673 1149 ,“quid
701 1071 791 1128 tibi
818 1070 1046 1126 dicitur?
1067 1068 1320 1125 Clausum
1347 1077 1431 1124 est
1460 1069 1544 1122 hic
1563 1067 1796 1137 aliquid;

217 1168 360 1237 pulsa
388 1206 403 1228 ,
438 1164 551 1218 noli
584 1163 790 1219 hmrere
828 1163 880 1216 in
927 1162 1141 1226 littera;
1185 1160 1308 1230 quia
1350 1160 1523 1215 littera
1562 1159 1797 1215 occidit:

216 1259 306 1316 sed
358 1256 608 1324 desidera
660 1256 938 1324 spiritum;
982 1254 1201 1324 spiritus
1247 1252 1389 1307 enim
1434 1252 1666 1310 vivificat
1710 1252 1800 1322 (ll

219 1351 332 1410 Cor.
363 1365 465 1414 nr,
494 1349 569 1421 6)
602 1367 616 1404 :
665 1347 966 1404 intellectus
1010 1346 1302 1420 spiritualis
1342 1345 1651 1407 credentem
1691 1346 1800 1401 sal-

218 1459 338 1498 vum
367 1441 516 1496 facit.

284 1538 340 1588 8.
382 1530 667 1598 Quomodo
695 1531 713 1563 ⁸
751 1544 900 1601 ergo,
921 1527 1122 1586 dimisit
1160 1526 1323 1583 Achis
1365 1543 1580 1598 regem.
1626 1536 1802 1590 atten-

219 1625 325 1681 dite
357 1665 372 1691 ,
402 1623 618 1680 fratres.
652 1621 815 1677 Achis
842 1621 954 1678 dixi
984 1620 1317 1692 interpretari
1343 1619 1668 1688 ,_Quomodo
1698 1627 1801 1674 est.

220 1714 597 1772 Recordamini
628 1713 974 1784 Evangelium
1005 1730 1018 1765 :
1050 1711 1261 1783 quando
1281 1711 1596 1782 loquebatur
1629 1710 1806 1765 Domi-

221 1821 320 1861 nus
348 1814 538 1860 noster
566 1804 723 1859 .lesus
750 1801 992 1858 Christus
1017 1802 1084 1858 de
1111 1816 1334 1871 corpore
1363 1815 1462 1856 suo
1484 1841 1499 1864 ,
1527 1801 1602 1855 ait
1631 1819 1644 1855 :
1687 1799 1808 1856 Nisi

221 1897 328 1967 quis
359 1894 740 1948 manducauerit
770 1909 969 1947 carnem
997 1909 1156 1946 meam
1177 1933 1192 1958 ,
1223 1900 1272 1945 et
1299 1890 1473 1946 biberit
1511 1891 1807 1962 sanguinem

219 2001 383 2042 meum
404 2028 419 2051 ,
453 2002 557 2040 non
581 1984 779 2038 habebit
812 1985 866 2037 in
907 2000 962 2040 se
996 1984 1148 2036 vitam
1171 1999 1191 2036 :
1225 1979 1343 2036 caro
1382 1981 1515 2036 enim
1551 1997 1662 2036 mea
1695 1998 1809 2036 vere

219 2096 330 2132 esca
352 2087 432 2132 est
449 2118 467 2144 ,
498 2087 548 2132 et
568 2076 775 2148 sanguis
801 2093 940 2129 meus
965 2092 1079 2130 vere
1097 2084 1244 2145 potus
1273 2081 1342 2128 est
1370 2071 1569 2146 (Joan.
1591 2088 1645 2128 Vt
1667 2114 1684 2140 ,
1715 2073 1805 2141 54,

219 2171 287 2227 56
306 2169 352 2239 ).
385 2169 456 2224 Et
483 2167 730 2236 discipuli
759 2167 874 2237 ejus
895 2167 982 2236 qui
1003 2182 1124 2221 eum
1153 2164 1512 2235 sequebantur
1534 2205 1549 2230 ,
1579 2178 1810 2232 erpave-

220 2271 339 2316 runt
367 2302 380 2325 ,
407 2271 464 2315 et
490 2258 889 2314 exhorruerunt
917 2271 1220 2312 sermonem
1249 2297 1264 2320 ,
1294 2265 1347 2310 et
1377 2270 1482 2309 non
1515 2255 1808 2325 intelligen-

219 2362 296 2408 tcs
327 2357 651 2422 putaverunt
679 2348 860 2404 nescio
899 2347 1023 2419 quid
1068 2347 1259 2404 durum
1307 2345 1485 2401 dicere
1527 2345 1808 2400 Dominum

223 2457 466 2501 nostrum
516 2442 702 2504 Jesum
751 2439 1020 2496 Christum
1046 2481 1059 2501 .
1096 2438 1238 2510 quod
1264 2453 1478 2492 carnem
1509 2437 1623 2507 eius
1650 2453 1808 2507 quam

221 2534 471 2590 videbant
492 2531 900 2604 ,gmanducaturi
926 2538 1078 2586 erant
1103 2571 1124 2597 ι
1147 2538 1200 2584 et
1219 2528 1529 2599 sanguinem
1552 2526 1809 2593 hibituri:

220 2637 273 2682 et
299 2643 406 2680 non
435 2633 726 2696 potuerunt
751 2623 979 2678 tolerare
1003 2661 1019 2687 ,
1049 2621 1199 2691 quasi
1229 2620 1466 2675 dicentes
1487 2660 1503 2686 ,
1531 2618 1811 2691 Quomodo

222 2719 347 2773 est?
376 2717 551 2772 Error
577 2717 716 2771 enim
746 2723 800 2769 et
826 2713 1117 2782 ignorantia
1149 2719 1212 2776 et
1230 2711 1450 2766 stultitia
1489 2711 1539 2765 in
1583 2723 1810 2781 persona

223 2810 361 2879 regis
391 2807 580 2863 Achis.
611 2805 726 2873 Ubi
749 2804 893 2860 enim
943 2803 1137 2861 dicitur
1161 2842 1176 2868 ,
1220 2799 1502 2870 Quomodo
1540 2809 1662 2865 est,
1704 2815 1810 2854 non

225 2902 537 2971 intelligitur
569 2918 583 2955 :
612 2898 828 2967 ubinon
856 2897 1166 2965 intelligitur
1190 2936 1204 2958 ,
1236 2894 1472 2950 tenebrze
1501 2892 1812 2964 ignorantiae

225 3000 367 3052 sunt.
403 2992 537 3051 Erat
570 3005 708 3061 ergo
751 2989 803 3044 in
847 2989 952 3042 illis
1000 3000 1221 3056 regnum
1267 2983 1615 3054 ignorantiae,
1661 2981 1812 3053 quasi

224 3100 312 3143 rex
344 3082 512 3138 Achis
537 3101 551 3138 :
585 3080 638 3135 id
679 3087 763 3135 est
789 3119 804 3145 ,
834 3093 1055 3146 regnum
1085 3075 1287 3132 erroris
1312 3075 1391 3130 eis
1415 3071 1810 3150 dominabatur.

227 3174 316 3230 Ille
356 3170 537 3229 autem
578 3171 829 3236 dicebat,
879 3168 998 3223 Nisi
1037 3169 1148 3242 quis
1192 3166 1566 3221 manducauerit
1613 3181 1815 3220 carnem

227 3285 422 3332 meam,
465 3277 512 3321 et
561 3265 735 3321 biberit
774 3264 1072 3335 sanguinem
1119 3277 1306 3316 meum.
1351 3259 1483 3328 Quia
1520 3265 1816 3315 mutaverat

227 3359 425 3414 vultum
457 3371 615 3412 suum
639 3397 654 3422 ,
678 3355 826 3426 quasi
855 3354 1003 3408 furor
1031 3353 1130 3407 iste
1165 3361 1219 3406 et
1256 3351 1460 3407 insania
1490 3349 1770 3404 videbatur
1794 3389 1812 3417 ,

227 3450 354 3505 dare
381 3463 602 3504 carnem
639 3461 788 3500 suam
818 3442 1239 3500 manducandam
1282 3440 1582 3495 hominibus
1607 3482 1622 3507 ,
1650 3449 1704 3496 et
1732 3439 1817 3494 hi-

231 3540 460 3596 hcndum
489 3536 824 3608 sanguinem.
871 3534 992 3590 Ideo
1035 3534 1184 3603 quasi
1229 3533 1446 3586 insanus
1490 3538 1699 3600 putatus
1737 3538 1820 3585 est

233 3629 438 3693 David,
487 3627 704 3698 quando
750 3625 884 3681 dixit
912 3626 1024 3694 ipse
1063 3622 1261 3678 Achis:
1305 3621 1648 3692 Arreptitium
1680 3620 1821 3674 hunc

231 3722 358 3777 mihi
387 3719 714 3776 adduxistis.
745 3717 930 3772 Nonne
973 3715 1180 3784 videtur
1219 3714 1421 3769 insania
1445 3755 1486 3784 ,Μ
1506 3712 1819 3779 Manducate

231 3828 443 3869 carnem
464 3826 663 3876 meam,
686 3817 739 3864 et
761 3808 920 3862 bibite
939 3805 1252 3878 sanguinem
1271 3819 1446 3860 meum
1468 3805 1492 3858 ?
1516 3803 1580 3858 Et
1599 3803 1780 3858 dicens
1803 3844 1816 3866 ,

236 3903 549 3971 Quicumque
577 3917 678 3954 non
706 3897 1081 3962 manducauerit
1108 3912 1310 3952 carnem
1338 3910 1502 3948 meam
1527 3904 1620 3966 ,Met
1648 3893 1822 3948 biberit

232 3993 533 4066 sanguinem
563 4007 725 4046 meum
749 4031 765 4056 ,
788 4005 888 4043 non
917 3987 1112 4047 habebit
1137 3988 1189 4057 tu
1217 4002 1273 4042 se
1296 3987 1448 4045 vitam
1468 4026 1483 4050 ,
1506 3985 1655 4056 quasi
1683 3986 1825 4048 iusa-

237 4087 352 4141 nire
378 4086 616 4140 videtur.
647 4083 752 4138 Sed
779 4081 890 4152 regi
919 4079 1082 4137 Achis
1111 4079 1342 4134 insanire
1370 4077 1577 4134 videtur
1599 4101 1622 4142 ,~
1650 4075 1702 4130 id
1743 4085 1827 4132 est

235 4177 416 4232 smltis
436 4183 493 4230 et
517 4172 902 4245 ignorantibus.
933 4170 1053 4226 Ideo
1082 4168 1283 4227 dimisit
1307 4183 1401 4223 eos
1416 4177 1478 4224 .et
1502 4167 1667 4222 abiit;
1697 4165 1828 4245 fugit

234 4267 304 4323 de
329 4266 499 4322 corde
527 4240 714 4320 eorum
744 4262 1047 4331 intellectus
1071 4301 1084 4325 ,
1111 4276 1178 4315 ne
1203 4274 1331 4316 eum
1353 4259 1555 4327 possint
1579 4240 1828 4328 compre-

232 4356 494 4412 hendere.
529 4355 598 4410 Et
617 4352 742 4424 quid
762 4352 1012 4407 dixerunt
1043 4350 1116 4404 illi
1138 4350 1161 4403 ?
1182 4349 1340 4416 Quasi
1366 4389 1379 4412 ,
1404 4346 1682 4416 Quomodo
1707 4356 1826 4412 est,

231 4447 377 4518 quod
406 4448 792 4514 interpretatur
816 4442 998 4498 Aehis.
1030 4441 1288 4504 Dixerunt
1316 4440 1456 4495 enim
1499 4458 1512 4495 :
1559 4438 1828 4518 Quomodo

234 4515 399 4608 potest
426 4537 511 4590 hic
548 4532 705 4594 nobis,
730 4532 854 4603 dare
889 4531 1192 4597 manducare
1211 4545 1412 4598 carnem
1441 4545 1586 4582 suam
1650 4525 1786 4580 Ibid.
1804 4567 1822 4592 ,

232 4629 388 4701 53)?
439 4625 790 4697 Arreptltium
845 4622 1104 4701 putabant
1150 4622 1472 4685 Dominum,
1521 4628 1574 4672 et
1624 4617 1830 4672 nescire

229 4699 362 4794 quid
395 4721 705 4790 loqueretur
731 4758 747 4784 ,
776 4725 829 4770 et
857 4699 1106 4769 insanire.
1146 4711 1241 4766 lllc
1279 4720 1453 4765 autem
1483 4709 1572 4779 qui
1612 4715 1832 4762 noverat

230 4811 382 4883 quod
411 4808 622 4864 dicebat
647 4807 702 4863 in
761 4806 848 4860 illa
894 4804 1189 4872 mutatione
1229 4802 1404 4856 vultus
1449 4800 1570 4865 sui,
1599 4810 1650 4853 et
1681 4798 1832 4868 quasi

231 4905 427 4960 furore
445 4911 501 4957 et
523 4900 729 4956 insania
753 4940 767 4964 ,
791 4893 1474 4966 sacramentaprtedicabat
1490 4935 1511 4960 ,
1536 4902 1587 4946 et
1613 4891 1833 4952 affecta-

231 4999 333 5052 bat
366 5041 380 5060 ,
416 5007 471 5050 ct
498 4990 894 5066 tympanizabat
924 4989 990 5044 ad
1017 4989 1150 5044 ostia
1177 4987 1427 5046 civitatis.

306 5091 368 5145 9.
409 5085 770 5157 Quaerendum
793 5092 872 5139 est
895 5081 1020 5154 quid
1042 5082 1149 5149 sit,
1175 5089 1228 5135 et
1249 5081 1419 5151 ipsum
1442 5077 1720 5136 affectabat
1743 5118 1760 5144 ,
1777 5085 1838 5147 et

197 5170 304 5238 'ad
339 5183 481 5238 ostia
514 5177 928 5253 tympanizabat.
951 5162 1074 5230 Non
1118 5174 1235 5228 sine
1273 5159 1432 5227 causa
1477 5170 1674 5226 dictum
1714 5178 1834 5237 est,

230 5273 554 5331 Proeidebat
574 5271 642 5325 ad
663 5270 791 5326 ostia
815 5277 976 5340 porta:
997 5279 1143 5336 :_non
1165 5265 1282 5322 sine
1305 5277 1467 5319 causa
1491 5262 1689 5318 dictum
1715 5268 1835 5328 est,

231 5369 306 5424 Et
339 5361 878 5423 salivw‘decurrebant
899 5375 1052 5430 super
1071 5357 1272 5411 barbam
1295 5355 1446 5424 ejus;
1494 5368 1600 5422 non
1642 5350 1839 5408 frustra

226 5460 385 5516 dicta
437 5464 583 5511 sunt.
632 5451 876 5510 Mercede
915 5448 1276 5518 intelligentia:
1303 5449 1322 5480 ³
1353 5446 1634 5510 diuturnus
1663 5456 1840 5498 sermo

227 5564 513 5607 orici-osus
559 5561 682 5603 esse
725 5559 839 5613 non,
872 5542 1049 5598 debet.
1095 5539 1273 5595 Nostis
1297 5581 1313 5608 ,
1356 5538 1545 5605 fratres
1568 5577 1586 5604 ,
1624 5533 1841 5591 Iudaeos

229 5645 398 5714 ipsos
423 5681 439 5704 ,
467 5651 651 5693 coram
682 5634 874 5705 quibus
917 5633 1006 5688 ille
1047 5629 1271 5686 mutavit
1309 5629 1514 5684 vultum
1557 5639 1710 5682 suum
1739 5664 1754 5689 ,
1789 5631 1846 5679 et

305 5745 319 5769 ι
354 5735 493 5794 εδει,
518 5735 716 5796 quant
735 5735 863 5788 Mss,
888 5724 1138 5796 quomodo.
1294 5789 1307 5796 η
1521 5782 1594 5796 ΛΑ
1634 5780 1675 5796 _._
1690 5727 1749 5796 μς

298 5802 322 5830 ί
353 5777 712 5845 ὲῖεῖεὲῖ
733 5777 869 5846 vero,
888 5777 979 5837 rion
1003 5787 1184 5848 frustra
1208 5782 1338 5834 dicta
1361 5786 1485 5844 sunt,
1510 5782 1594 5832 sed
1629 5777 1867 5843 indigeat}

227 5856 581 5920 auctam.
621 5851 885 5910 οἱιιωηιω
905 5860 1198 5912 minorem;

1239 408 1638 467 ENARRATIO
1676 407 1742 465 IN
1781 408 2102 468 PSALMUEI
2142 410 2379 466 XXXiII.

3370 412 3476 470 306

1897 518 2098 576 dimisit
2124 537 2219 577 eos
2241 563 2257 589 ,
2288 531 2344 576 et
2368 521 2494 576 abiit
2519 564 2534 588 ,
2567 521 2724 578 hodie
2750 537 2955 578 vacare.
2985 523 3041 579 Si
3082 524 3156 579 illi
3199 525 3290 596 qui
3317 524 3472 581 Chri-

1900 621 2037 669 stum
2069 615 2358 668 amiserunt
2384 655 2398 678 ,
2429 629 2560 685 quos
2588 613 2784 669 dimisit
2813 657 2828 683 ,
2857 625 2909 670 et
2935 615 3102 683 abiit,
3135 616 3332 674 habent
3362 619 3478 674 ina-

1905 719 2025 758 nem
2059 705 2385 764 vacationem
2415 721 2430 770 ;
2460 720 2557 760 nos
2586 705 2843 761 habemus
2884 705 3205 763 fructuosam
3243 689 3479 764 vacatio-

1903 813 2023 852 nem
2051 839 2063 860 ,
2095 807 2150 852 ut
2180 799 2531 868 intelligamus
2573 798 2841 854 Christum
2881 801 2972 874 qui
3015 801 3131 854 illos
3157 799 3355 856 dimisit
3383 843 3396 865 ,
3426 813 3484 858 et

1903 890 2045 942 venit
2069 889 2134 943 ad
2165 905 2279 944 nos.
2306 890 2490 944 Omnia
2517 905 2622 944 non
2648 890 2836 944 frustra
2870 890 3004 945 facta
3032 876 3158 946 Sunt
3181 933 3198 958 ,
3225 902 3279 947 et
3309 894 3358 945 in
3389 891 3482 948 illo

1903 977 2081 1034 furore
2111 979 2276 1034 David
2301 1021 2315 1044 ,
2345 980 2485 1049 quod
2512 981 2704 1035 dicitur
2732 980 3000 1047 a/I'ertabat
3020 1023 3044 1047 ,ν
3080 991 3137 1052 ει
3166 983 3485 1054 tympaniza-

1904 1069 1986 1128 bat
2015 1072 2082 1123 ad
2105 1072 2235 1126 ostia
2263 1073 2475 1127 civitatis
2497 1114 2512 1138 ,
2557 1083 2604 1127 et
2644 1073 2894 1143 ferebatur
2923 1075 2972 1127 in
3004 1074 3231 1136 manibus
3264 1077 3369 1129 suis
3389 1116 3405 1139 ,
3440 1085 3489 1129 et

1907 1163 2192 1230 proridcbat
2215 1164 2283 1218 ad
2305 1166 2433 1218 ostia
2463 1174 2647 1236 portat.
2673 1177 2730 1227 et,
2757 1168 2928 1220 salivae
2965 1167 3294 1222 decurrebant
3330 1185 3484 1237 super

1907 1251 2112 1305 barbam
2156 1255 2286 1324 ejus.
2331 1253 2611 1328 A/[ectabat
2647 1256 2771 1312 ille:
2824 1255 2951 1327 quid
2995 1267 3114 1322 est,
3157 1256 3476 1325 affectabat?

1907 1341 2167 1396 Alfenum
2199 1343 2443 1399 habebat.
2493 1345 2628 1412 Quid
2669 1354 2749 1400 est
2792 1345 3038 1401 affectum
3091 1346 3326 1402 habere?
3354 1347 3487 1414 Quia

1905 1449 2216 1502 compassus
2261 1445 2341 1491 est
2390 1436 2784 1492 infirmitatibus
2830 1439 3063 1493 nostris:
3093 1447 3145 1493 ct
3174 1438 3293 1493 ideo
3321 1438 3491 1492 voluit

1909 1525 2077 1592 ipsam
2108 1542 2321 1582 carnem
2351 1531 2620 1598 suscipere
2645 1570 2659 1594 ,
2693 1531 2743 1583 in
2785 1545 2888 1600 qua
2931 1541 3155 1584 mortem
3199 1530 3487 1585 occideret.

1914 1617 2238 1686 Compassus
2271 1633 2398 1688 ergo
2443 1619 2634 1682 nobis,
2683 1619 2960 1675 affectasse
3003 1619 3174 1676 dictus
3221 1630 3321 1676 est.
3365 1619 3492 1677 ldeo

1909 1709 2251 1777 reprehendit
2278 1710 2562 1778 Apostolus
2590 1725 2682 1765 eos
2711 1710 2800 1781 qui
2829 1711 2948 1766 duri
2976 1720 3097 1765 sunt
3126 1720 3180 1765 et
3217 1711 3333 1765 sine
3357 1709 3491 1766 all‘e—

1909 1811 2016 1856 ctu.
2046 1801 2460 1870 Reprehendens
2481 1804 2625 1858 enim
2651 1803 2907 1875 quosdam
2933 1845 2949 1869 ,
2972 1803 3042 1857 ait
3069 1822 3082 1858 :
3108 1803 3232 1858 Sine
3258 1801 3448 1869 affectu
3469 1844 3488 1868 ,

1911 1894 2019 1946 sine
2069 1893 2410 1948 misericordia
2449 1893 2470 1964 (
2493 1893 2727 1962 Rom.t,
2771 1894 2904 1963 51).
2946 1893 3047 1950 Ubi
3096 1903 3179 1948 est
3227 1889 3491 1956 affectus,

1913 1982 1984 2038 ibi
2017 1983 2402 2040 misericordia.
2435 1981 2535 2040 Ubi
2563 1984 2928 2040 misericordia
2954 1984 3080 2039 est?
3107 1983 3384 2040 Miseratus
3408 1993 3494 2039 est

1912 2090 2012 2130 nos
2039 2074 2292 2146 desuper.
2325 2074 2456 2130 Nam
2493 2075 2538 2130 si
2567 2077 2842 2131 exinanire
2870 2091 2927 2129 se
2957 2075 3118 2130 nollet
3144 2117 3159 2141 ,
3189 2089 3412 2129 manens
3439 2075 3495 2130 in

1912 2182 1976 2222 ea
2002 2167 2168 2221 forma
2217 2167 2269 2221 in
2320 2182 2422 2237 qua
2466 2168 2687 2237 mqualis
2741 2177 2856 2222 erat
2903 2166 3048 2222 Patri
3095 2166 3492 2235 sempiternus.

1912 2273 2124 2328 semper
2149 2272 2246 2312 nos
2277 2257 2327 2311 in
2359 2267 2529 2312 morte
2552 2257 2998 2312 remansissemus
3027 2274 3041 2311 :
3071 2255 3167 2312 sed
3193 2263 3252 2310 ut
3291 2269 3389 2310 nos
3427 2255 3498 2310 de

1916 2359 2087 2403 morte
2121 2348 2447 2420 sempiterna
2489 2347 2777 2412 liberaret,
2804 2363 2910 2418 quo
2955 2361 3053 2402 nos
3093 2355 3367 2417 peccatum
3403 2362 3498 2399 suo

1913 2439 2112 2514 perbite
2153 2439 2514 2509 perduxerat,
2555 2438 2852 2493 humiliavit
2891 2453 2949 2493 se
2974 2478 2989 2503 ,
3036 2436 3206 2491 factus
3253 2435 3499 2491 subditus

1913 2545 2082 2601 usque
2109 2530 2174 2584 ad
2201 2539 2428 2586 mortem
2455 2571 2470 2598 ,
2505 2538 2727 2584 mortem
2759 2537 2938 2583 autem
2969 2528 3164 2582 crucis.
3198 2525 3339 2596 Ergo
3368 2525 3500 2579 θαρ-

1913 2623 2114 2690 ctavit,
2141 2622 2260 2693 quia
2311 2621 2555 2692 pervenit
2599 2635 2767 2692 usque
2815 2619 2882 2674 ad
2927 2627 3154 2674 mortem
3202 2614 3396 2672 crucis.
3431 2617 3501 2671 Et

1915 2715 2163 2784 quoniam
2213 2714 2304 2784 qui
2353 2714 2722 2783 crucifigitur,
2767 2713 2819 2767 in
2869 2713 3013 2784 ligno
3053 2711 3393 2776 extenditur;
3442 2721 3503 2765 ut

1915 2815 2093 2860 autem
2151 2814 2459 2877 tympanum
2516 2805 2644 2870 ﬁat,
2697 2819 2862 2871 caro,
2918 2804 2970 2858 id
3021 2812 3104 2859 est
3153 2803 3396 2874 corium,
3443 2801 3499 2856 in

1916 2895 2059 2966 ligno
2091 2895 2428 2951 extenditur:
2457 2895 2656 2951 dictum
2679 2905 2759 2950 est
2783 2936 2797 2961 ,
2828 2903 2875 2948 et
2901 2894 3307 2966 tympanizabat,
3341 2890 3390 2946 id
3419 2901 3502 2945 est

1916 2985 2326 3057 crucifigebatur
2346 3026 2362 3053 ,
2396 2986 2448 3041 in
2478 2986 2630 3055 ligno
2659 2985 3060 3041 extendebatur.
3095 2983 3377 3052 A/fectaimt
3397 3021 3413 3048 ,
3447 2981 3500 3036 id

1917 3086 2000 3132 est
2025 3118 2041 3144 ,
2073 3076 2321 3133 affectum
2351 3077 2402 3131 in
2435 3091 2532 3131 nos
2561 3076 2826 3141 habebat,
2872 3085 2928 3130 ut
2962 3075 3192 3129 animam
3223 3088 3371 3128 suam
3400 3086 3499 3142 po-

1918 3176 2073 3224 neret
2099 3184 2194 3239 pro
2223 3168 2414 3222 ovibus
2443 3168 2554 3223 suis
2585 3167 2602 3238 (
2625 3166 2782 3222 Joan.
2810 3182 2846 3220 ι
2865 3208 2879 3230 ,
2911 3166 2978 3221 15
2999 3164 3040 3237 ).
3081 3164 3502 3237 Tympanizabat.

1919 3261 2241 3330 Quomodo?
2269 3261 2348 3314 Ad
2373 3262 2501 3315 ostia
2524 3261 2757 3315 civitatis.
2799 3258 3006 3320 Ostium
3042 3259 3197 3314 nobis
3237 3266 3321 3314 est
3359 3257 3509 3329 quod

1920 3355 2156 3425 aperitur
2183 3396 2196 3418 ,
2227 3362 2284 3408 ut
2311 3353 2590 3408 credamus
2641 3352 2691 3406 in
2727 3351 2912 3406 Deum.
2953 3350 3327 3407 Clauseramus
3368 3349 3502 3406 ostia

1921 3455 2105 3502 contra
2133 3441 2401 3500 Christum
2427 3487 2443 3511 ,
2497 3455 2567 3499 ct'
2596 3457 2978 3513 aperueramns
3017 3441 3269 3508 diabolo;
3317 3453 3502 3497 contra

1919 3537 2082 3591 vitam
2111 3542 2363 3590 teternam
2407 3534 2644 3588 clausum
2677 3549 2771 3588 cor
2811 3533 3134 3588 habebamus
3164 3549 3176 3586 :
3213 3534 3297 3587 ille
3323 3523 3498 3587 autem

1925 3628 2179 3684 Dominus
2212 3627 2349 3682 Deus
2379 3635 2560 3682 noster
2582 3668 2597 3691 ,
2627 3626 2746 3696 quia
2781 3618 3019 3680 clausum
3049 3640 3144 3680 cor
3172 3623 3503 3679 habebamus

1925 3721 2168 3778 homines
2183 3719 2438 3774 adversus
2458 3718 2618 3771 vitam
2631 3726 2906 3782 teternam,
2927 3730 3024 3770 nec
3043 3723 3344 3784 poteramus
3362 3712 3506 3767 vide-

1924 3826 1984 3866 re
2011 3809 2242 3866 Verbum
2267 3807 2409 3879 quod
2440 3807 2618 3862 vident
2647 3807 2854 3877 Angeli,
2871 3821 3030 3862 cruce
3054 3805 3324 3876 aperiebat
3347 3803 3509 3859 corda

1926 3902 2252 3965 mortalium,
2280 3900 2382 3955 hoc
2408 3907 2490 3956 est
2510 3941 2523 3963 ,
2553 3898 2942 3972 tympanizabat
2983 3898 3048 3953 ad
3089 3899 3224 3954 ostia
3259 3897 3495 3953 civitatis

1999 3995 2088 4050 i0.
2121 3993 2185 4048 Et
2213 3995 2464 4066 ferebatur
2487 3994 2540 4046 in
2571 3993 2800 4046 manibus
2827 3992 2949 4046 suis.
2982 3991 3092 4047 Hoc
3118 4006 3264 4056 vero,
3297 3991 3510 4056 fratres,

1927 4084 2195 4158 quomodo
2225 4094 2406 4155 posset
2433 4083 2545 4140 fieri
2574 4085 2624 4138 in
2652 4083 2886 4150 homine,
2919 4085 3038 4154 quis
3068 4083 3360 4155 intelligat?
3385 4083 3516 4152 Quis

1931 4178 2071 4233 enim
2099 4183 2342 4246 portatur
2365 4175 2418 4230 in
2449 4175 2691 4240 manibus
2719 4174 2869 4229 suis?
2894 4173 3131 4229 Manibus
3159 4175 3381 4229 aliorum
3414 4191 3515 4244 po-

1932 4277 2034 4324 test
2061 4267 2256 4338 portari
2284 4267 2464 4331 homo,
2497 4267 2741 4321 manibus
2767 4267 2877 4320 suis
2903 4282 3060 4322 nemo
3088 4277 3345 4337 portatur.
3372 4267 3516 4335 Quo-
3605 4332 3612 4340 ι

1931 4361 2092 4418 modo
2120 4360 2438 4431 intelligatur
2467 4361 2518 4414 in
2560 4360 2674 4427 ipso
2714 4359 2874 4413 David
2915 4359 3207 4413 secundum
3246 4360 3471 4413 litteram
3498 4401 3514 4416 .

1933 4467 2038 4507 non
2065 4451 2398 4514 invenimus;
2429 4450 2480 4504 in
2508 4449 2720 4504 Christo
2741 4459 2917 4503 autem
2945 4449 3262 4504 invenimus.
3285 4447 3519 4504 Fereba-

1935 4556 2021 4601 tur
2043 4545 2185 4600 enim
2211 4543 2453 4598 Christus
2483 4543 2533 4596 in
2563 4541 2806 4596 manibus
2831 4541 2942 4597 suis
2961 4583 2977 4608 ,
3005 4541 3216 4612 quando
3241 4555 3519 4596 commcn-

1936 4637 2068 4692 dans
2105 4637 2275 4705 ipsum
2314 4649 2507 4704 corpus
2540 4648 2694 4689 suum
2714 4673 2729 4698 ,
2759 4633 2830 4688 ait
2864 4651 2877 4688 :
2911 4632 3024 4688 Hoc
3049 4643 3120 4688 est
3147 4651 3327 4706 corpus
3356 4650 3523 4688 meum

1939 4727 2159 4800 (Matth.
2192 4741 2336 4787 xxvr,
2367 4724 2492 4796 9.6).
2521 4724 2746 4781 Ferehat
2771 4725 2912 4781 enim
2945 4725 3071 4782 illud
3102 4739 3296 4795 corpus
3322 4726 3372 4780 in
3400 4733 3522 4780 ma-

1939 4819 2094 4874 nibus
2135 4818 2244 4873 suis
2269 4817 2308 4870 ’.
2348 4816 2464 4887 Ipsa
2503 4825 2584 4872 est
2624 4817 2896 4872 humilitas
2935 4817 3142 4871 Domini
3185 4817 3354 4874 nostri
3393 4817 3521 4873 Jesu

1938 4909 2169 4976 Christi,
2211 4909 2319 4978 ipsa
2368 4907 2600 4972 multum
2631 4907 3039 4962 commendatur
3082 4907 3402 4962 hominibus.
3442 4907 3528 4962 Ad

1940 5003 2107 5072 ipsam
2135 5016 2232 5056 nos
2259 5001 2518 5062 hortatur,
2549 4997 2760 5063 fratres,
2785 5006 2842 5051 ut
2870 4998 3130 5064 vivamus,
3163 4997 3214 5053 id
3240 5005 3322 5054 est
3347 4997 3524 5053 humi-

1941 5093 2143 5148 litatem
2172 5091 2289 5160 ejus
2320 5089 2625 5144 imitemur:
2649 5095 2705 5142 ut
2730 5089 3091 5159 percutiamus
3119 5088 3348 5157 Goliam,
3374 5097 3428 5144 et
3450 5097 3529 5144 te-

1943 5195 2129 5240 nentes
2144 5183 2410 5238 Christum
2432 5181 2706 5237 vincamus
2725 5170 3047 5251 superbiam.
3072 5178 3374 5234 Procidebat
3395 5178 3530 5234 enim

1942 5277 2011 5330 ad
2036 5277 2163 5330 ostia
2189 5283 2366 5344 porta.
2393 5270 2528 5340 Quid
2556 5280 2660 5338 εει,
2693 5269 3034 5326 Procidebat?
3065 5270 3144 5326 Ad
3174 5270 3528 5326 humilitatem

1944 5382 2002 5422 se
2039 5367 2150 5438 ipse
2178 5363 2478 5434 dejiciebat.
2517 5361 2654 5430 Quid
2683 5371 2796 5429 est,
2829 5362 2897 5416 ad
2923 5363 3052 5417 ostia
3092 5362 3291 5431 portat?
3331 5360 3411 5416 Ad
3443 5359 3530 5414 in-

1945 5457 2093 5513 itium
2122 5455 2379 5523 fidei,quo
2393 5453 2523 5508 salvi
2549 5451 2827 5514 efficimur.
2855 5452 3023 5509 Nemo
3046 5453 3187 5507 enim
3216 5448 3398 5521 incipit
3423 5451 3528 5509 nisi

1947 5549 2016 5604 ab
2052 5548 2201 5602 initio
2241 5545 2360 5605 ﬁdei
2381 5545 2564 5611 ,_sicut
2592 5544 2786 5599 dicitur
2812 5544 2868 5602 in
2897 5542 3129 5599 Cauticis
3153 5542 3481 5597 canticorum
3515 5558 3532 5596 ε

1960 5638 2155 5705 Venies,
2178 5641 2223 5691 et
2260 5635 2560 5708 pertransies
2595 5633 2659 5689 ab
2699 5633 2842 5689 initio
2875 5633 2994 5703 ﬁdei
3023 5630 3200 5703 (Cant.
3243 5646 3321 5700 tv,
3350 5632 3404 5699 8,
3431 5649 3535 5690 sec.

2016 5773 2031 5804 ι
2056 5771 2215 5832 nostri
2233 5782 2405 5820 omnes
2435 5775 2562 5831 mss,
2595 5766 2792 5820 Ferebat
2826 5763 2948 5827 illud
2969 5765 3019 5814 in
3048 5761 3268 5824 matribus
3290 5763 3409 5829 suis,
3431 5778 3542 5832 ipsa

1954 5840 2022 5886 est
2043 5830 2308 5896 humilitas,
2335 5839 2430 5882 etc.
2551 5830 2556 5831 “
3109 5887 3116 5892 _
3453 5830 3459 5832 '
3491 5864 3501 5886 Α,
