  <div class='ocr_page' id='page_1' title='image "/cluster/home/n/w/nwhite01/storage/ocr_20150623/36/hvd.32044015471469/159.png"; bbox 0 0 4032 6458; ppageno 0'>
   <div class='ocr_carea' id='block_1_1' title="bbox 567 440 673 507">
    <p class='ocr_par' dir='ltr' id='par_1_1' title="bbox 567 440 673 507">
     <span class='ocr_line' id='line_1_1' title="bbox 567 440 673 507; baseline -0.019 0"><span class='ocrx_word' id='word_1_1' title='bbox 567 440 673 507; x_wconf 69' lang='lat'><strong>307</strong></span> 
     </span>
    </p>
   </div>
   <div class='ocr_carea' id='block_1_2' title="bbox 566 543 2153 633">
    <p class='ocr_par' dir='ltr' id='par_1_2' title="bbox 566 543 2153 633">
     <span class='ocr_line' id='line_1_2' title="bbox 566 543 2153 633; baseline -0.018 -12"><span class='ocrx_word' id='word_1_2' title='bbox 566 552 757 633; x_wconf 67' lang='lat' dir='ltr'><strong>LXX).</strong></span> <span class='ocrx_word' id='word_1_3' title='bbox 784 557 1003 616; x_wconf 76' lang='lat' dir='ltr'><strong>Venturi</strong></span> <span class='ocrx_word' id='word_1_4' title='bbox 1028 571 1212 613; x_wconf 87' lang='lat' dir='ltr'><strong>sumus</strong></span> <span class='ocrx_word' id='word_1_5' title='bbox 1240 553 1370 611; x_wconf 87' lang='lat' dir='ltr'><strong>facie</strong></span> <span class='ocrx_word' id='word_1_6' title='bbox 1394 550 1459 607; x_wconf 87' lang='lat' dir='ltr'><strong>ad</strong></span> <span class='ocrx_word' id='word_1_7' title='bbox 1492 550 1710 612; x_wconf 88' lang='lat' dir='ltr'><strong>faciem;</strong></span> <span class='ocrx_word' id='word_1_8' title='bbox 1740 547 1877 613; x_wconf 85' lang='lat' dir='ltr'><strong>sicut</strong></span> <span class='ocrx_word' id='word_1_9' title='bbox 1898 543 2153 633; x_wconf 85' lang='lat' dir='ltr'><strong>scriptum</strong></span> 
     </span>
    </p>
   </div>
   <div class='ocr_carea' id='block_1_3' title="bbox 565 630 2156 721">
    <p class='ocr_par' dir='ltr' id='par_1_3' title="bbox 565 630 2156 721">
     <span class='ocr_line' id='line_1_3' title="bbox 565 630 2156 721; baseline -0.018 -10"><span class='ocrx_word' id='word_1_10' title='bbox 565 630 650 710; x_wconf 79' lang='lat' dir='ltr'><strong>est</strong></span> <span class='ocrx_word' id='word_1_11' title='bbox 681 671 696 708; x_wconf 87' lang='lat'><strong>:</strong></span> <span class='ocrx_word' id='word_1_12' title='bbox 720 630 1058 709; x_wconf 79' lang='lat' dir='ltr'><strong>Dilectissimi</strong></span> <span class='ocrx_word' id='word_1_13' title='bbox 1077 690 1092 721; x_wconf 85' lang='lat'><strong>,</strong></span> <span class='ocrx_word' id='word_1_14' title='bbox 1124 647 1220 718; x_wconf 76' lang='lat' dir='ltr'><strong>ﬁlii</strong></span> <span class='ocrx_word' id='word_1_15' title='bbox 1246 643 1340 705; x_wconf 82' lang='lat' dir='ltr'><strong>Dei</strong></span> <span class='ocrx_word' id='word_1_16' title='bbox 1367 659 1569 705; x_wconf 89' lang='lat' dir='ltr'><strong>sumus,</strong></span> <span class='ocrx_word' id='word_1_17' title='bbox 1597 651 1643 694; x_wconf 92' lang='lat' dir='ltr'><strong>et</strong></span> <span class='ocrx_word' id='word_1_18' title='bbox 1672 639 1894 692; x_wconf 85' lang='lat' dir='ltr'><strong>nondum</strong></span> <span class='ocrx_word' id='word_1_19' title='bbox 1919 630 2156 705; x_wconf 80' lang='lat' dir='ltr'><strong>apparuit</strong></span> 
     </span>
    </p>
   </div>
   <div class='ocr_carea' id='block_1_4' title="bbox 567 722 2158 815">
    <p class='ocr_par' dir='ltr' id='par_1_4' title="bbox 567 722 2158 815">
     <span class='ocr_line' id='line_1_4' title="bbox 567 722 2158 815; baseline -0.016 -15"><span class='ocrx_word' id='word_1_20' title='bbox 567 744 691 815; x_wconf 78' lang='lat' dir='ltr'><strong>quid</strong></span> <span class='ocrx_word' id='word_1_21' title='bbox 710 743 932 805; x_wconf 84' lang='lat' dir='ltr'><strong>erimus;</strong></span> <span class='ocrx_word' id='word_1_22' title='bbox 957 740 1141 794; x_wconf 88' lang='lat' dir='ltr'><strong>scimus</strong></span> <span class='ocrx_word' id='word_1_23' title='bbox 1166 737 1283 805; x_wconf 86' lang='lat' dir='ltr'><strong>quia</strong></span> <span class='ocrx_word' id='word_1_24' title='bbox 1307 750 1421 792; x_wconf 83' lang='lat' dir='ltr'><strong>cum</strong></span> <span class='ocrx_word' id='word_1_25' title='bbox 1441 730 1754 802; x_wconf 80' lang='lat' dir='ltr'><strong>apparuerit,</strong></span> <span class='ocrx_word' id='word_1_26' title='bbox 1780 726 1967 780; x_wconf 86' lang='lat' dir='ltr'><strong>similes</strong></span> <span class='ocrx_word' id='word_1_27' title='bbox 1991 724 2036 777; x_wconf 84' lang='lat' dir='ltr'><strong>ei</strong></span> <span class='ocrx_word' id='word_1_28' title='bbox 2059 722 2158 776; x_wconf 87' lang='lat' dir='ltr'><strong>eri-</strong></span> 
     </span>
    </p>
   </div>
   <div class='ocr_carea' id='block_1_5' title="bbox 565 812 2153 903">
    <p class='ocr_par' dir='ltr' id='par_1_5' title="bbox 565 812 2153 903">
     <span class='ocr_line' id='line_1_5' title="bbox 565 812 2153 903; baseline -0.014 -14"><span class='ocrx_word' id='word_1_29' title='bbox 565 812 699 894; x_wconf 75' lang='lat' dir='ltr'><strong>mus.</strong></span> <span class='ocrx_word' id='word_1_30' title='bbox 731 834 970 903; x_wconf 88' lang='lat' dir='ltr'><strong>quoniam</strong></span> <span class='ocrx_word' id='word_1_31' title='bbox 999 830 1276 886; x_wconf 77' lang='lat' dir='ltr'><strong>uidebimus</strong></span> <span class='ocrx_word' id='word_1_32' title='bbox 1303 843 1416 881; x_wconf 89' lang='lat' dir='ltr'><strong>eum</strong></span> <span class='ocrx_word' id='word_1_33' title='bbox 1444 824 1594 881; x_wconf 83' lang='lat' dir='ltr'><strong>sicuti</strong></span> <span class='ocrx_word' id='word_1_34' title='bbox 1621 832 1691 879; x_wconf 84' lang='lat' dir='ltr'><strong>est</strong></span> <span class='ocrx_word' id='word_1_35' title='bbox 1720 820 1761 893; x_wconf 88' lang='lat' dir='ltr'><strong>(l</strong></span> <span class='ocrx_word' id='word_1_36' title='bbox 1787 818 1944 873; x_wconf 77' lang='lat' dir='ltr'><strong>Joan.</strong></span> <span class='ocrx_word' id='word_1_37' title='bbox 1972 832 2047 881; x_wconf 84' lang='lat' dir='ltr'><strong>ut,</strong></span> <span class='ocrx_word' id='word_1_38' title='bbox 2074 812 2153 886; x_wconf 70' lang='lat'><strong>2).</strong></span> 
     </span>
    </p>
   </div>
   <div class='ocr_carea' id='block_1_6' title="bbox 576 907 2156 993">
    <p class='ocr_par' dir='ltr' id='par_1_6' title="bbox 576 907 2156 993">
     <span class='ocr_line' id='line_1_6' title="bbox 576 907 2156 993; baseline -0.013 -14"><span class='ocrx_word' id='word_1_39' title='bbox 576 924 866 987; x_wconf 66' lang='lat' dir='ltr'><strong>Videbimus</strong></span> <span class='ocrx_word' id='word_1_40' title='bbox 888 939 908 977; x_wconf 86' lang='lat'><em>:</em></span> <span class='ocrx_word' id='word_1_41' title='bbox 931 919 1178 993; x_wconf 83' lang='lat' dir='ltr'><strong>quando?</strong></span> <span class='ocrx_word' id='word_1_42' title='bbox 1198 919 1328 978; x_wconf 88' lang='lat' dir='ltr'><strong>Cum</strong></span> <span class='ocrx_word' id='word_1_43' title='bbox 1358 918 1458 971; x_wconf 90' lang='lat' dir='ltr'><strong>ista</strong></span> <span class='ocrx_word' id='word_1_44' title='bbox 1484 913 1808 970; x_wconf 89' lang='lat' dir='ltr'><strong>transierint.</strong></span> <span class='ocrx_word' id='word_1_45' title='bbox 1835 907 1969 967; x_wconf 84' lang='lat' dir='ltr'><strong>Audi</strong></span> <span class='ocrx_word' id='word_1_46' title='bbox 1997 907 2156 962; x_wconf 90' lang='lat' dir='ltr'><strong>etiam</strong></span> 
     </span>
    </p>
   </div>
   <div class='ocr_carea' id='block_1_7' title="bbox 568 997 2159 1086">
    <p class='ocr_par' dir='ltr' id='par_1_7' title="bbox 568 997 2159 1086">
     <span class='ocr_line' id='line_1_7' title="bbox 568 997 2159 1086; baseline -0.014 -15"><span class='ocrx_word' id='word_1_47' title='bbox 568 1012 793 1086; x_wconf 66' lang='lat' dir='ltr'><strong>Paulum</strong></span> <span class='ocrx_word' id='word_1_48' title='bbox 833 1012 1131 1085; x_wconf 75' lang='lat' dir='ltr'><strong>apostolum</strong></span> <span class='ocrx_word' id='word_1_49' title='bbox 1178 1027 1191 1063; x_wconf 94' lang='lat'>:</span> <span class='ocrx_word' id='word_1_50' title='bbox 1236 1008 1473 1065; x_wconf 84' lang='lat' dir='ltr'><strong>Videmus</strong></span> <span class='ocrx_word' id='word_1_51' title='bbox 1511 1021 1643 1065; x_wconf 83' lang='lat' dir='ltr'><strong>nunc</strong></span> <span class='ocrx_word' id='word_1_52' title='bbox 1682 1019 1773 1074; x_wconf 86' lang='lat' dir='ltr'><strong>per</strong></span> <span class='ocrx_word' id='word_1_53' title='bbox 1812 999 2071 1073; x_wconf 87' lang='lat' dir='ltr'><strong>speculum</strong></span> <span class='ocrx_word' id='word_1_54' title='bbox 2105 997 2159 1050; x_wconf 86' lang='lat' dir='ltr'><strong>in</strong></span> 
     </span>
    </p>
   </div>
   <div class='ocr_carea' id='block_1_8' title="bbox 568 1088 2157 1178">
    <p class='ocr_par' dir='ltr' id='par_1_8' title="bbox 568 1088 2157 1178">
     <span class='ocr_line' id='line_1_8' title="bbox 568 1088 2157 1178; baseline -0.013 -16"><span class='ocrx_word' id='word_1_55' title='bbox 568 1106 856 1178; x_wconf 60' lang='lat' dir='ltr'><strong>aenigmate,</strong></span> <span class='ocrx_word' id='word_1_56' title='bbox 885 1113 1003 1159; x_wconf 80' lang='lat' dir='ltr'><strong>tunc</strong></span> <span class='ocrx_word' id='word_1_57' title='bbox 1027 1112 1195 1157; x_wconf 87' lang='lat' dir='ltr'><strong>autem</strong></span> <span class='ocrx_word' id='word_1_58' title='bbox 1219 1101 1347 1171; x_wconf 81' lang='lat' dir='ltr'><strong>[acie</strong></span> <span class='ocrx_word' id='word_1_59' title='bbox 1370 1099 1438 1153; x_wconf 92' lang='lat' dir='ltr'><strong>ad</strong></span> <span class='ocrx_word' id='word_1_60' title='bbox 1464 1098 1645 1170; x_wconf 80' lang='lat' dir='ltr'><strong>faciem</strong></span> <span class='ocrx_word' id='word_1_61' title='bbox 1672 1094 1726 1170; x_wconf 91' lang='grc' dir='ltr'>(Ι</span> <span class='ocrx_word' id='word_1_62' title='bbox 1753 1092 1869 1150; x_wconf 89' lang='lat' dir='ltr'><strong>Cor.</strong></span> <span class='ocrx_word' id='word_1_63' title='bbox 1900 1107 2019 1157; x_wconf 88' lang='lat' dir='ltr'><strong>xm,</strong></span> <span class='ocrx_word' id='word_1_64' title='bbox 2044 1088 2157 1161; x_wconf 74' lang='grc'><strong>12).</strong></span> 
     </span>
    </p>
   </div>
   <div class='ocr_carea' id='block_1_9' title="bbox 568 1179 2160 1268">
    <p class='ocr_par' dir='ltr' id='par_1_9' title="bbox 568 1179 2160 1268">
     <span class='ocr_line' id='line_1_9' title="bbox 568 1179 2160 1268; baseline -0.013 -14"><span class='ocrx_word' id='word_1_65' title='bbox 568 1199 612 1254; x_wconf 81' lang='grc' dir='ltr'><strong>Α</strong></span> <span class='ocrx_word' id='word_1_66' title='bbox 623 1206 869 1268; x_wconf 86' lang='lat' dir='ltr'><strong>ntequam</strong></span> <span class='ocrx_word' id='word_1_67' title='bbox 886 1211 1012 1266; x_wconf 85' lang='lat' dir='ltr'><strong>ergo</strong></span> <span class='ocrx_word' id='word_1_68' title='bbox 1027 1193 1300 1259; x_wconf 82' lang='lat' dir='ltr'><strong>videamus</strong></span> <span class='ocrx_word' id='word_1_69' title='bbox 1314 1191 1445 1246; x_wconf 72' lang='lat' dir='ltr'><strong>facie</strong></span> <span class='ocrx_word' id='word_1_70' title='bbox 1461 1188 1526 1244; x_wconf 91' lang='lat' dir='ltr'><strong>ad</strong></span> <span class='ocrx_word' id='word_1_71' title='bbox 1546 1187 1731 1243; x_wconf 78' lang='lat' dir='ltr'><strong>faciem</strong></span> <span class='ocrx_word' id='word_1_72' title='bbox 1749 1184 1998 1245; x_wconf 81' lang='lat' dir='ltr'><strong>Verbum,</strong></span> <span class='ocrx_word' id='word_1_73' title='bbox 2018 1179 2160 1252; x_wconf 87' lang='lat' dir='ltr'><strong>quod</strong></span> 
     </span>
    </p>
   </div>
   <div class='ocr_carea' id='block_1_10' title="bbox 570 1270 2161 1357">
    <p class='ocr_par' dir='ltr' id='par_1_10' title="bbox 570 1270 2161 1357">
     <span class='ocr_line' id='line_1_10' title="bbox 570 1270 2161 1357; baseline -0.009 -15"><span class='ocrx_word' id='word_1_74' title='bbox 570 1287 755 1345; x_wconf 88' lang='lat' dir='ltr'><strong>vident</strong></span> <span class='ocrx_word' id='word_1_75' title='bbox 780 1286 966 1357; x_wconf 83' lang='lat' dir='ltr'><strong>Angeli</strong></span> <span class='ocrx_word' id='word_1_76' title='bbox 986 1325 1001 1347; x_wconf 91' lang='lat'><strong>.</strong></span> <span class='ocrx_word' id='word_1_77' title='bbox 1031 1300 1166 1354; x_wconf 86' lang='lat' dir='ltr'><strong>opus</strong></span> <span class='ocrx_word' id='word_1_78' title='bbox 1193 1282 1347 1338; x_wconf 86' lang='lat' dir='ltr'><strong>nobis</strong></span> <span class='ocrx_word' id='word_1_79' title='bbox 1373 1288 1456 1336; x_wconf 92' lang='lat' dir='ltr'><strong>est</strong></span> <span class='ocrx_word' id='word_1_80' title='bbox 1482 1278 1656 1341; x_wconf 83' lang='lat' dir='ltr'><strong>adhuc</strong></span> <span class='ocrx_word' id='word_1_81' title='bbox 1683 1276 1835 1345; x_wconf 84' lang='lat' dir='ltr'><strong>ostiis</strong></span> <span class='ocrx_word' id='word_1_82' title='bbox 1863 1284 2030 1345; x_wconf 75' lang='lat' dir='ltr'><strong>parun</strong></span> <span class='ocrx_word' id='word_1_83' title='bbox 2047 1270 2161 1345; x_wconf 34' lang='grc' dir='ltr'><strong>,ιειά</strong></span> 
     </span>
    </p>
   </div>
   <div class='ocr_carea' id='block_1_11' title="bbox 570 1367 2159 1453">
    <p class='ocr_par' dir='ltr' id='par_1_11' title="bbox 570 1367 2159 1453">
     <span class='ocr_line' id='line_1_11' title="bbox 570 1367 2159 1453; baseline -0.01 -18"><span class='ocrx_word' id='word_1_84' title='bbox 570 1395 694 1453; x_wconf 77' lang='lat' dir='ltr'><strong>qua:</strong></span> <span class='ocrx_word' id='word_1_85' title='bbox 724 1378 948 1451; x_wconf 75' lang='lat' dir='ltr'><strong>procidit</strong></span> <span class='ocrx_word' id='word_1_86' title='bbox 966 1375 1245 1439; x_wconf 84' lang='lat' dir='ltr'><strong>Dominus,</strong></span> <span class='ocrx_word' id='word_1_87' title='bbox 1265 1369 1549 1433; x_wconf 51' lang='lat' dir='ltr'><strong>ltumilia’ns</strong></span> <span class='ocrx_word' id='word_1_88' title='bbox 1570 1386 1628 1427; x_wconf 92' lang='lat' dir='ltr'><strong>se</strong></span> <span class='ocrx_word' id='word_1_89' title='bbox 1646 1384 1810 1441; x_wconf 86' lang='lat' dir='ltr'><strong>usque</strong></span> <span class='ocrx_word' id='word_1_90' title='bbox 1830 1367 1895 1422; x_wconf 89' lang='lat' dir='ltr'><strong>ad</strong></span> <span class='ocrx_word' id='word_1_91' title='bbox 1912 1373 2159 1422; x_wconf 87' lang='lat' dir='ltr'><strong>mortem.</strong></span> 
     </span>
    </p>
   </div>
   <div class='ocr_carea' id='block_1_12' title="bbox 606 1457 2164 1540">
    <p class='ocr_par' dir='ltr' id='par_1_12' title="bbox 606 1457 2164 1540">
     <span class='ocr_line' id='line_1_12' title="bbox 606 1457 2164 1540; baseline -0.012 -13"><span class='ocrx_word' id='word_1_92' title='bbox 606 1529 614 1540; x_wconf 65' lang='grc'><strong>,</strong></span> <span class='ocrx_word' id='word_1_93' title='bbox 648 1472 738 1526; x_wconf 83' lang='grc' dir='ltr'>ιι.</span> <span class='ocrx_word' id='word_1_94' title='bbox 764 1470 901 1539; x_wconf 84' lang='lat' dir='ltr'><strong>Quid</strong></span> <span class='ocrx_word' id='word_1_95' title='bbox 927 1479 1010 1524; x_wconf 91' lang='lat' dir='ltr'><strong>est</strong></span> <span class='ocrx_word' id='word_1_96' title='bbox 1036 1467 1177 1539; x_wconf 89' lang='lat' dir='ltr'><strong>quod</strong></span> <span class='ocrx_word' id='word_1_97' title='bbox 1206 1466 1379 1521; x_wconf 79' lang='lat' dir='ltr'><strong>saliva:</strong></span> <span class='ocrx_word' id='word_1_98' title='bbox 1406 1463 1736 1519; x_wconf 69' lang='lat' dir='ltr'><strong>decurrebant</strong></span> <span class='ocrx_word' id='word_1_99' title='bbox 1769 1476 1921 1531; x_wconf 86' lang='lat' dir='ltr'><strong>super</strong></span> <span class='ocrx_word' id='word_1_100' title='bbox 1957 1457 2164 1515; x_wconf 80' lang='lat' dir='ltr'><strong>barbam</strong></span> 
     </span>
    </p>
   </div>
   <div class='ocr_carea' id='block_1_13' title="bbox 572 1547 2163 1633">
    <p class='ocr_par' dir='ltr' id='par_1_13' title="bbox 572 1547 2163 1633">
     <span class='ocr_line' id='line_1_13' title="bbox 572 1547 2163 1633; baseline -0.009 -17"><span class='ocrx_word' id='word_1_101' title='bbox 572 1561 727 1633; x_wconf 69' lang='lat' dir='ltr'><strong>ejus?</strong></span> <span class='ocrx_word' id='word_1_102' title='bbox 755 1561 809 1616; x_wconf 92' lang='lat' dir='ltr'><strong>In</strong></span> <span class='ocrx_word' id='word_1_103' title='bbox 839 1558 941 1616; x_wconf 88' lang='lat' dir='ltr'><strong>hoc</strong></span> <span class='ocrx_word' id='word_1_104' title='bbox 969 1558 1110 1615; x_wconf 90' lang='lat' dir='ltr'><strong>enim</strong></span> <span class='ocrx_word' id='word_1_105' title='bbox 1138 1555 1416 1612; x_wconf 71' lang='lat' dir='ltr'><strong>immutavit</strong></span> <span class='ocrx_word' id='word_1_106' title='bbox 1449 1554 1640 1608; x_wconf 81' lang='lat' dir='ltr'><strong>vultum</strong></span> <span class='ocrx_word' id='word_1_107' title='bbox 1668 1568 1815 1607; x_wconf 88' lang='lat' dir='ltr'><strong>suum</strong></span> <span class='ocrx_word' id='word_1_108' title='bbox 1843 1565 2014 1605; x_wconf 86' lang='lat' dir='ltr'><strong>coram</strong></span> <span class='ocrx_word' id='word_1_109' title='bbox 2038 1547 2163 1602; x_wconf 84' lang='lat' dir='ltr'><strong>Abi-</strong></span> 
     </span>
    </p>
   </div>
   <div class='ocr_carea' id='block_1_14' title="bbox 574 1640 2164 1718">
    <p class='ocr_par' dir='ltr' id='par_1_14' title="bbox 574 1640 2164 1718">
     <span class='ocr_line' id='line_1_14' title="bbox 574 1640 2164 1718; baseline -0.013 -7"><span class='ocrx_word' id='word_1_110' title='bbox 574 1652 787 1718; x_wconf 82' lang='lat' dir='ltr'><strong>melech,</strong></span> <span class='ocrx_word' id='word_1_111' title='bbox 813 1651 897 1711; x_wconf 81' lang='lat' dir='ltr'><strong>vel</strong></span> <span class='ocrx_word' id='word_1_112' title='bbox 926 1649 1111 1716; x_wconf 82' lang='lat' dir='ltr'><strong>Achis,</strong></span> <span class='ocrx_word' id='word_1_113' title='bbox 1141 1658 1188 1703; x_wconf 91' lang='lat' dir='ltr'><strong>et</strong></span> <span class='ocrx_word' id='word_1_114' title='bbox 1216 1647 1404 1702; x_wconf 84' lang='lat' dir='ltr'><strong>dimisit</strong></span> <span class='ocrx_word' id='word_1_115' title='bbox 1428 1662 1561 1711; x_wconf 86' lang='lat' dir='ltr'><strong>eum,</strong></span> <span class='ocrx_word' id='word_1_116' title='bbox 1589 1653 1635 1697; x_wconf 90' lang='lat' dir='ltr'><strong>et</strong></span> <span class='ocrx_word' id='word_1_117' title='bbox 1660 1642 1800 1696; x_wconf 88' lang='lat' dir='ltr'><strong>abiit.</strong></span> <span class='ocrx_word' id='word_1_118' title='bbox 1827 1640 1940 1696; x_wconf 81' lang='lat' dir='ltr'><strong>Non</strong></span> <span class='ocrx_word' id='word_1_119' title='bbox 1969 1640 2164 1694; x_wconf 86' lang='lat' dir='ltr'><strong>intelli-</strong></span> 
     </span>
    </p>
   </div>
   <div class='ocr_carea' id='block_1_15' title="bbox 570 1732 2167 1817">
    <p class='ocr_par' dir='ltr' id='par_1_15' title="bbox 570 1732 2167 1817">
     <span class='ocr_line' id='line_1_15' title="bbox 570 1732 2167 1817; baseline -0.009 -16"><span class='ocrx_word' id='word_1_120' title='bbox 570 1735 765 1817; x_wconf 78' lang='lat' dir='ltr'><strong>gentes</strong></span> <span class='ocrx_word' id='word_1_121' title='bbox 798 1742 1017 1800; x_wconf 92' lang='lat' dir='ltr'><strong>dimisit.</strong></span> <span class='ocrx_word' id='word_1_122' title='bbox 1059 1740 1141 1796; x_wconf 88' lang='lat' dir='ltr'><strong>Ad</strong></span> <span class='ocrx_word' id='word_1_123' title='bbox 1179 1755 1314 1810; x_wconf 91' lang='lat' dir='ltr'><strong>quos</strong></span> <span class='ocrx_word' id='word_1_124' title='bbox 1342 1738 1507 1794; x_wconf 86' lang='lat' dir='ltr'><strong>abiit?</strong></span> <span class='ocrx_word' id='word_1_125' title='bbox 1534 1736 1615 1792; x_wconf 89' lang='lat' dir='ltr'><strong>Ad</strong></span> <span class='ocrx_word' id='word_1_126' title='bbox 1644 1734 1860 1792; x_wconf 89' lang='lat' dir='ltr'><strong>Gentes.</strong></span> <span class='ocrx_word' id='word_1_127' title='bbox 1894 1732 2033 1802; x_wconf 86' lang='lat' dir='ltr'><strong>Ergo</strong></span> <span class='ocrx_word' id='word_1_128' title='bbox 2067 1745 2167 1787; x_wconf 85' lang='lat' dir='ltr'><strong>nos</strong></span> 
     </span>
    </p>
   </div>
   <div class='ocr_carea' id='block_1_16' title="bbox 573 1823 2167 1906">
    <p class='ocr_par' dir='ltr' id='par_1_16' title="bbox 573 1823 2167 1906">
     <span class='ocr_line' id='line_1_16' title="bbox 573 1823 2167 1906; baseline -0.008 -12"><span class='ocrx_word' id='word_1_129' title='bbox 573 1835 933 1906; x_wconf 81' lang='lat' dir='ltr'><strong>intelligamus</strong></span> <span class='ocrx_word' id='word_1_130' title='bbox 967 1832 1109 1905; x_wconf 85' lang='lat' dir='ltr'><strong>quod</strong></span> <span class='ocrx_word' id='word_1_131' title='bbox 1152 1830 1251 1904; x_wconf 88' lang='lat' dir='ltr'><strong>ipsi</strong></span> <span class='ocrx_word' id='word_1_132' title='bbox 1299 1846 1403 1886; x_wconf 91' lang='lat' dir='ltr'><strong>non</strong></span> <span class='ocrx_word' id='word_1_133' title='bbox 1450 1838 1757 1901; x_wconf 87' lang='lat' dir='ltr'><strong>potuerunt.</strong></span> <span class='ocrx_word' id='word_1_134' title='bbox 1802 1823 2167 1881; x_wconf 87' lang='lat' dir='ltr'><strong>Decurrehant</strong></span> 
     </span>
    </p>
   </div>
   <div class='ocr_carea' id='block_1_17' title="bbox 576 1915 2167 1999">
    <p class='ocr_par' dir='ltr' id='par_1_17' title="bbox 576 1915 2167 1999">
     <span class='ocr_line' id='line_1_17' title="bbox 576 1915 2167 1999; baseline -0.008 -16"><span class='ocrx_word' id='word_1_135' title='bbox 576 1942 742 1997; x_wconf 82' lang='lat' dir='ltr'><strong>super</strong></span> <span class='ocrx_word' id='word_1_136' title='bbox 768 1925 987 1999; x_wconf 82' lang='lat' dir='ltr'><strong><em>barbam</em></strong></span> <span class='ocrx_word' id='word_1_137' title='bbox 1021 1924 1185 1980; x_wconf 82' lang='lat' dir='ltr'><strong>David</strong></span> <span class='ocrx_word' id='word_1_138' title='bbox 1213 1922 1393 1981; x_wconf 76' lang='lat' dir='ltr'><strong>saliva:</strong></span> <span class='ocrx_word' id='word_1_139' title='bbox 1423 1939 1437 1976; x_wconf 92' lang='lat'><strong>:</strong></span> <span class='ocrx_word' id='word_1_140' title='bbox 1465 1920 1590 1992; x_wconf 90' lang='lat' dir='ltr'><strong>quid</strong></span> <span class='ocrx_word' id='word_1_141' title='bbox 1617 1927 1742 1975; x_wconf 89' lang='lat' dir='ltr'><strong>sunt</strong></span> <span class='ocrx_word' id='word_1_142' title='bbox 1768 1916 1981 1975; x_wconf 67' lang='lat' dir='ltr'><strong>saliva?</strong></span> <span class='ocrx_word' id='word_1_143' title='bbox 2007 1915 2167 1984; x_wconf 84' lang='lat' dir='ltr'><strong>Quasi</strong></span> 
     </span>
    </p>
   </div>
   <div class='ocr_carea' id='block_1_18' title="bbox 577 2005 2169 2075">
    <p class='ocr_par' dir='ltr' id='par_1_18' title="bbox 577 2005 2169 2075">
     <span class='ocr_line' id='line_1_18' title="bbox 577 2005 2169 2075; baseline -0.007 -5"><span class='ocrx_word' id='word_1_144' title='bbox 577 2016 739 2075; x_wconf 80' lang='lat' dir='ltr'><strong>verba</strong></span> <span class='ocrx_word' id='word_1_145' title='bbox 768 2014 1029 2071; x_wconf 90' lang='lat' dir='ltr'><strong>infautilia</strong></span> <span class='ocrx_word' id='word_1_146' title='bbox 1052 2033 1067 2070; x_wconf 88' lang='lat'><strong>:</strong></span> <span class='ocrx_word' id='word_1_147' title='bbox 1089 2013 1269 2073; x_wconf 73' lang='lat' dir='ltr'><strong>saliva:</strong></span> <span class='ocrx_word' id='word_1_148' title='bbox 1291 2010 1432 2069; x_wconf 89' lang='lat' dir='ltr'><strong>enim</strong></span> <span class='ocrx_word' id='word_1_149' title='bbox 1454 2020 1677 2075; x_wconf 86' lang='lat' dir='ltr'><strong>currunt</strong></span> <span class='ocrx_word' id='word_1_150' title='bbox 1698 2006 2004 2064; x_wconf 85' lang='lat' dir='ltr'><strong>infantibus.</strong></span> <span class='ocrx_word' id='word_1_151' title='bbox 2026 2005 2169 2061; x_wconf 86' lang='lat' dir='ltr'><strong>Non-</strong></span> 
     </span>
    </p>
   </div>
   <div class='ocr_carea' id='block_1_19' title="bbox 574 2099 2166 2176">
    <p class='ocr_par' dir='ltr' id='par_1_19' title="bbox 574 2099 2166 2176">
     <span class='ocr_line' id='line_1_19' title="bbox 574 2099 2166 2176; baseline -0.008 -12"><span class='ocrx_word' id='word_1_152' title='bbox 574 2112 646 2164; x_wconf 61' lang='lat' dir='ltr'><strong>‘ne</strong></span> <span class='ocrx_word' id='word_1_153' title='bbox 666 2110 819 2165; x_wconf 84' lang='lat' dir='ltr'><strong>erant</strong></span> <span class='ocrx_word' id='word_1_154' title='bbox 844 2116 1091 2176; x_wconf 89' lang='lat' dir='ltr'><strong>tanquam</strong></span> <span class='ocrx_word' id='word_1_155' title='bbox 1119 2103 1374 2167; x_wconf 78' lang='lat' dir='ltr'><strong>infantilia</strong></span> <span class='ocrx_word' id='word_1_156' title='bbox 1396 2103 1553 2164; x_wconf 88' lang='lat' dir='ltr'><strong>verba</strong></span> <span class='ocrx_word' id='word_1_157' title='bbox 1579 2099 1924 2159; x_wconf 86' lang='lat' dir='ltr'><strong>:Manducate</strong></span> <span class='ocrx_word' id='word_1_158' title='bbox 1950 2113 2166 2154; x_wconf 90' lang='lat' dir='ltr'><strong>carnem</strong></span> 
     </span>
    </p>
   </div>
   <div class='ocr_carea' id='block_1_20' title="bbox 576 2188 2167 2265">
    <p class='ocr_par' dir='ltr' id='par_1_20' title="bbox 576 2188 2167 2265">
     <span class='ocr_line' id='line_1_20' title="bbox 576 2188 2167 2265; baseline -0.007 -10"><span class='ocrx_word' id='word_1_159' title='bbox 576 2212 774 2265; x_wconf 84' lang='lat' dir='ltr'><strong>meam,</strong></span> <span class='ocrx_word' id='word_1_160' title='bbox 802 2205 856 2253; x_wconf 90' lang='lat' dir='ltr'><strong>et</strong></span> <span class='ocrx_word' id='word_1_161' title='bbox 879 2196 1044 2253; x_wconf 83' lang='lat' dir='ltr'><strong>bibite</strong></span> <span class='ocrx_word' id='word_1_162' title='bbox 1072 2195 1382 2265; x_wconf 87' lang='lat' dir='ltr'><strong>sanguinem</strong></span> <span class='ocrx_word' id='word_1_163' title='bbox 1413 2192 1630 2255; x_wconf 87' lang='lat' dir='ltr'><strong>meum?</strong></span> <span class='ocrx_word' id='word_1_164' title='bbox 1654 2190 1761 2247; x_wconf 85' lang='lat' dir='ltr'><strong>Sed</strong></span> <span class='ocrx_word' id='word_1_165' title='bbox 1787 2191 1883 2246; x_wconf 87' lang='lat' dir='ltr'><strong>ista</strong></span> <span class='ocrx_word' id='word_1_166' title='bbox 1911 2188 2167 2250; x_wconf 87' lang='lat' dir='ltr'><strong>infamilia</strong></span> 
     </span>
    </p>
   </div>
   <div class='ocr_carea' id='block_1_21' title="bbox 570 2278 2169 2360">
    <p class='ocr_par' dir='ltr' id='par_1_21' title="bbox 570 2278 2169 2360">
     <span class='ocr_line' id='line_1_21' title="bbox 570 2278 2169 2360; baseline -0.004 -20"><span class='ocrx_word' id='word_1_167' title='bbox 570 2278 740 2345; x_wconf 77' lang='lat' dir='ltr'><strong>verba</strong></span> <span class='ocrx_word' id='word_1_168' title='bbox 773 2288 1023 2360; x_wconf 87' lang='lat' dir='ltr'><strong>tegebant</strong></span> <span class='ocrx_word' id='word_1_169' title='bbox 1050 2289 1296 2343; x_wconf 73' lang='lat' dir='ltr'><strong>virtutem</strong></span> <span class='ocrx_word' id='word_1_170' title='bbox 1328 2285 1513 2356; x_wconf 89' lang='lat' dir='ltr'><strong>ipsius.</strong></span> <span class='ocrx_word' id='word_1_171' title='bbox 1540 2283 1723 2340; x_wconf 82' lang='lat' dir='ltr'><strong>Virtus</strong></span> <span class='ocrx_word' id='word_1_172' title='bbox 1751 2282 1891 2338; x_wconf 91' lang='lat' dir='ltr'><strong>enim</strong></span> <span class='ocrx_word' id='word_1_173' title='bbox 1924 2281 1977 2336; x_wconf 91' lang='lat' dir='ltr'><strong>in</strong></span> <span class='ocrx_word' id='word_1_174' title='bbox 2007 2281 2169 2335; x_wconf 83' lang='lat' dir='ltr'><strong>barba</strong></span> 
     </span>
    </p>
   </div>
   <div class='ocr_carea' id='block_1_22' title="bbox 571 2368 2168 2451">
    <p class='ocr_par' dir='ltr' id='par_1_22' title="bbox 571 2368 2168 2451">
     <span class='ocr_line' id='line_1_22' title="bbox 571 2368 2168 2451; baseline -0.006 -14"><span class='ocrx_word' id='word_1_175' title='bbox 571 2368 912 2451; x_wconf 74' lang='lat' dir='ltr'><strong>intelligitur.</strong></span> <span class='ocrx_word' id='word_1_176' title='bbox 952 2378 1145 2435; x_wconf 61' lang='lat' dir='ltr'><strong>Saliva‘.</strong></span> <span class='ocrx_word' id='word_1_177' title='bbox 1183 2377 1342 2449; x_wconf 80' lang='lat' dir='ltr'><strong>igitur</strong></span> <span class='ocrx_word' id='word_1_178' title='bbox 1366 2375 1714 2443; x_wconf 78' lang='lat' dir='ltr'><strong>decurrentes</strong></span> <span class='ocrx_word' id='word_1_179' title='bbox 1754 2389 1914 2444; x_wconf 82' lang='lat' dir='ltr'><strong>super</strong></span> <span class='ocrx_word' id='word_1_180' title='bbox 1950 2372 2168 2427; x_wconf 79' lang='lat' dir='ltr'><strong>barbam</strong></span> 
     </span>
    </p>
   </div>
   <div class='ocr_carea' id='block_1_23' title="bbox 579 2463 2172 2542">
    <p class='ocr_par' dir='ltr' id='par_1_23' title="bbox 579 2463 2172 2542">
     <span class='ocr_line' id='line_1_23' title="bbox 579 2463 2172 2542; baseline -0.006 -15"><span class='ocrx_word' id='word_1_181' title='bbox 579 2471 732 2542; x_wconf 85' lang='lat' dir='ltr'><strong>ejus,</strong></span> <span class='ocrx_word' id='word_1_182' title='bbox 759 2470 884 2541; x_wconf 90' lang='lat' dir='ltr'><strong>quid</strong></span> <span class='ocrx_word' id='word_1_183' title='bbox 915 2478 1070 2533; x_wconf 90' lang='lat' dir='ltr'><strong>sunt,</strong></span> <span class='ocrx_word' id='word_1_184' title='bbox 1099 2468 1201 2524; x_wconf 88' lang='lat' dir='ltr'><strong>nisi</strong></span> <span class='ocrx_word' id='word_1_185' title='bbox 1235 2467 1394 2524; x_wconf 87' lang='lat' dir='ltr'><strong>verba</strong></span> <span class='ocrx_word' id='word_1_186' title='bbox 1433 2466 1644 2538; x_wconf 79' lang='lat' dir='ltr'><strong>infirma</strong></span> <span class='ocrx_word' id='word_1_187' title='bbox 1674 2463 1918 2529; x_wconf 80' lang='lat' dir='ltr'><strong>virtutem</strong></span> <span class='ocrx_word' id='word_1_188' title='bbox 1949 2463 2065 2532; x_wconf 86' lang='lat' dir='ltr'><strong>ejus</strong></span> <span class='ocrx_word' id='word_1_189' title='bbox 2091 2470 2172 2518; x_wconf 88' lang='lat' dir='ltr'><strong>te-</strong></span> 
     </span>
    </p>
   </div>
   <div class='ocr_carea' id='block_1_24' title="bbox 578 2551 2171 2633">
    <p class='ocr_par' dir='ltr' id='par_1_24' title="bbox 578 2551 2171 2633">
     <span class='ocr_line' id='line_1_24' title="bbox 578 2551 2171 2633; baseline -0.006 -16"><span class='ocrx_word' id='word_1_190' title='bbox 578 2561 795 2633; x_wconf 79' lang='lat' dir='ltr'><strong>gentia?</strong></span> <span class='ocrx_word' id='word_1_191' title='bbox 823 2559 1120 2628; x_wconf 76' lang='lat' dir='ltr'><strong>Intellexit,</strong></span> <span class='ocrx_word' id='word_1_192' title='bbox 1151 2568 1211 2614; x_wconf 92' lang='lat' dir='ltr'><strong>ut</strong></span> <span class='ocrx_word' id='word_1_193' title='bbox 1242 2558 1495 2624; x_wconf 86' lang='lat' dir='ltr'><strong>arbitror,</strong></span> <span class='ocrx_word' id='word_1_194' title='bbox 1525 2555 1794 2625; x_wconf 73' lang='lat' dir='ltr'><strong>Sanctitas</strong></span> <span class='ocrx_word' id='word_1_195' title='bbox 1823 2552 2011 2609; x_wconf 85' lang='lat' dir='ltr'><strong>Vestra</strong></span> <span class='ocrx_word' id='word_1_196' title='bbox 2042 2551 2171 2609; x_wconf 88' lang='lat' dir='ltr'><strong>titu-</strong></span> 
     </span>
    </p>
   </div>
   <div class='ocr_carea' id='block_1_25' title="bbox 576 2640 2168 2722">
    <p class='ocr_par' dir='ltr' id='par_1_25' title="bbox 576 2640 2168 2722">
     <span class='ocr_line' id='line_1_25' title="bbox 576 2640 2168 2722; baseline -0.006 -15"><span class='ocrx_word' id='word_1_197' title='bbox 576 2640 689 2707; x_wconf 85' lang='lat' dir='ltr'><strong>lum</strong></span> <span class='ocrx_word' id='word_1_198' title='bbox 716 2650 902 2722; x_wconf 80' lang='lat' dir='ltr'><strong>psalmi</strong></span> <span class='ocrx_word' id='word_1_199' title='bbox 928 2649 1104 2722; x_wconf 90' lang='lat' dir='ltr'><strong>hujus.</strong></span> <span class='ocrx_word' id='word_1_200' title='bbox 1132 2647 1190 2706; x_wconf 91' lang='lat' dir='ltr'><strong>Si</strong></span> <span class='ocrx_word' id='word_1_201' title='bbox 1212 2649 1437 2705; x_wconf 78' lang='lat' dir='ltr'><strong>velimus</strong></span> <span class='ocrx_word' id='word_1_202' title='bbox 1453 2647 1564 2719; x_wconf 90' lang='lat' dir='ltr'><strong>jam</strong></span> <span class='ocrx_word' id='word_1_203' title='bbox 1586 2646 1854 2703; x_wconf 87' lang='lat' dir='ltr'><strong>Psalmum</strong></span> <span class='ocrx_word' id='word_1_204' title='bbox 1878 2659 2168 2715; x_wconf 81' lang='lat' dir='ltr'><strong>exponere,</strong></span> 
     </span>
    </p>
   </div>
   <div class='ocr_carea' id='block_1_26' title="bbox 581 2734 2173 2815">
    <p class='ocr_par' dir='ltr' id='par_1_26' title="bbox 581 2734 2173 2815">
     <span class='ocr_line' id='line_1_26' title="bbox 581 2734 2173 2815; baseline -0.003 -19"><span class='ocrx_word' id='word_1_205' title='bbox 581 2741 875 2815; x_wconf 82' lang='lat' dir='ltr'><strong>timendum</strong></span> <span class='ocrx_word' id='word_1_206' title='bbox 904 2750 987 2798; x_wconf 88' lang='lat' dir='ltr'><strong>est</strong></span> <span class='ocrx_word' id='word_1_207' title='bbox 1013 2756 1083 2798; x_wconf 91' lang='lat' dir='ltr'><strong>ne</strong></span> <span class='ocrx_word' id='word_1_208' title='bbox 1112 2740 1198 2796; x_wconf 87' lang='lat' dir='ltr'><strong>illa</strong></span> <span class='ocrx_word' id='word_1_209' title='bbox 1226 2755 1346 2812; x_wconf 66' lang='lat' dir='ltr'><strong>quae</strong></span> <span class='ocrx_word' id='word_1_210' title='bbox 1373 2738 1597 2803; x_wconf 84' lang='lat' dir='ltr'><strong>audistis</strong></span> <span class='ocrx_word' id='word_1_211' title='bbox 1634 2737 1878 2795; x_wconf 87' lang='lat' dir='ltr'><strong>labantur</strong></span> <span class='ocrx_word' id='word_1_212' title='bbox 1901 2736 1969 2793; x_wconf 89' lang='lat' dir='ltr'><strong>de</strong></span> <span class='ocrx_word' id='word_1_213' title='bbox 1996 2734 2173 2792; x_wconf 87' lang='lat' dir='ltr'><strong>cordi-</strong></span> 
     </span>
    </p>
   </div>
   <div class='ocr_carea' id='block_1_27' title="bbox 576 2825 2172 2901">
    <p class='ocr_par' dir='ltr' id='par_1_27' title="bbox 576 2825 2172 2901">
     <span class='ocr_line' id='line_1_27' title="bbox 576 2825 2172 2901; baseline -0.006 -12"><span class='ocrx_word' id='word_1_214' title='bbox 576 2831 682 2889; x_wconf 86' lang='lat' dir='ltr'><strong>bus</strong></span> <span class='ocrx_word' id='word_1_215' title='bbox 722 2832 933 2888; x_wconf 84' lang='lat' dir='ltr'><strong>vestris.</strong></span> <span class='ocrx_word' id='word_1_216' title='bbox 976 2831 1205 2887; x_wconf 84' lang='lat' dir='ltr'><strong>Titulum</strong></span> <span class='ocrx_word' id='word_1_217' title='bbox 1253 2830 1441 2901; x_wconf 84' lang='lat' dir='ltr'><strong>psalmi</strong></span> <span class='ocrx_word' id='word_1_218' title='bbox 1485 2828 1645 2901; x_wconf 89' lang='lat' dir='ltr'><strong>hujus</strong></span> <span class='ocrx_word' id='word_1_219' title='bbox 1685 2826 2088 2898; x_wconf 76' lang='lat' dir='ltr'><strong>exposuerimus</strong></span> <span class='ocrx_word' id='word_1_220' title='bbox 2118 2825 2172 2881; x_wconf 90' lang='lat' dir='ltr'><strong>in</strong></span> 
     </span>
    </p>
   </div>
   <div class='ocr_carea' id='block_1_28' title="bbox 581 2917 2174 2992">
    <p class='ocr_par' dir='ltr' id='par_1_28' title="bbox 581 2917 2174 2992">
     <span class='ocr_line' id='line_1_28' title="bbox 581 2917 2174 2992; baseline -0.005 -10"><span class='ocrx_word' id='word_1_221' title='bbox 581 2925 798 2982; x_wconf 86' lang='lat' dir='ltr'><strong>nomine</strong></span> <span class='ocrx_word' id='word_1_222' title='bbox 818 2924 1028 2981; x_wconf 86' lang='lat' dir='ltr'><strong>Domini</strong></span> <span class='ocrx_word' id='word_1_223' title='bbox 1049 2924 1217 2979; x_wconf 88' lang='lat' dir='ltr'><strong>nostri</strong></span> <span class='ocrx_word' id='word_1_224' title='bbox 1236 2923 1364 2991; x_wconf 82' lang='lat' dir='ltr'><strong>.lesu</strong></span> <span class='ocrx_word' id='word_1_225' title='bbox 1384 2921 1580 2978; x_wconf 87' lang='lat' dir='ltr'><strong>Christi</strong></span> <span class='ocrx_word' id='word_1_226' title='bbox 1603 2938 1618 2976; x_wconf 69' lang='grc' dir='ltr'>ς</span> <span class='ocrx_word' id='word_1_227' title='bbox 1640 2920 1889 2992; x_wconf 83' lang='lat' dir='ltr'><strong>quoniam</strong></span> <span class='ocrx_word' id='word_1_228' title='bbox 1910 2917 2174 2975; x_wconf 88' lang='lat' dir='ltr'><strong>crastinus</strong></span> 
     </span>
    </p>
   </div>
   <div class='ocr_carea' id='block_1_29' title="bbox 582 3007 2174 3085">
    <p class='ocr_par' dir='ltr' id='par_1_29' title="bbox 582 3007 2174 3085">
     <span class='ocr_line' id='line_1_29' title="bbox 582 3007 2174 3085; baseline -0.008 -11"><span class='ocrx_word' id='word_1_229' title='bbox 582 3019 700 3085; x_wconf 68' lang='lat' dir='ltr'><strong>dies</strong></span> <span class='ocrx_word' id='word_1_230' title='bbox 725 3017 1024 3075; x_wconf 89' lang='lat' dir='ltr'><strong>dominicus</strong></span> <span class='ocrx_word' id='word_1_231' title='bbox 1046 3025 1149 3083; x_wconf 89' lang='lat' dir='ltr'><strong>est,</strong></span> <span class='ocrx_word' id='word_1_232' title='bbox 1176 3024 1231 3071; x_wconf 93' lang='lat' dir='ltr'><strong>et</strong></span> <span class='ocrx_word' id='word_1_233' title='bbox 1255 3015 1511 3071; x_wconf 89' lang='lat' dir='ltr'><strong>debemus</strong></span> <span class='ocrx_word' id='word_1_234' title='bbox 1539 3013 1689 3068; x_wconf 90' lang='lat' dir='ltr'><strong>vobis</strong></span> <span class='ocrx_word' id='word_1_235' title='bbox 1717 3025 2039 3073; x_wconf 87' lang='lat' dir='ltr'><strong>sermonem,</strong></span> <span class='ocrx_word' id='word_1_236' title='bbox 2066 3007 2174 3063; x_wconf 88' lang='lat' dir='ltr'><strong>dif-</strong></span> 
     </span>
    </p>
   </div>
   <div class='ocr_carea' id='block_1_30' title="bbox 583 3101 2178 3187">
    <p class='ocr_par' dir='ltr' id='par_1_30' title="bbox 583 3101 2178 3187">
     <span class='ocr_line' id='line_1_30' title="bbox 583 3101 2178 3187; baseline -0.006 -22"><span class='ocrx_word' id='word_1_237' title='bbox 583 3109 822 3165; x_wconf 81' lang='lat' dir='ltr'><strong>feramus</strong></span> <span class='ocrx_word' id='word_1_238' title='bbox 850 3109 906 3177; x_wconf 78' lang='lat' dir='ltr'><strong>in</strong></span> <span class='ocrx_word' id='word_1_239' title='bbox 932 3108 1254 3187; x_wconf 77' lang='lat' dir='ltr'><strong>crastinum,</strong></span> <span class='ocrx_word' id='word_1_240' title='bbox 1279 3115 1340 3165; x_wconf 90' lang='lat' dir='ltr'><strong>ut</strong></span> <span class='ocrx_word' id='word_1_241' title='bbox 1365 3105 1525 3162; x_wconf 89' lang='lat' dir='ltr'><strong>etiam</strong></span> <span class='ocrx_word' id='word_1_242' title='bbox 1553 3104 1750 3175; x_wconf 83' lang='lat' dir='ltr'><strong>Psalmi</strong></span> <span class='ocrx_word' id='word_1_243' title='bbox 1779 3110 1978 3161; x_wconf 81' lang='lat' dir='ltr'><strong>textum</strong></span> <span class='ocrx_word' id='word_1_244' title='bbox 2007 3101 2178 3166; x_wconf 85' lang='lat' dir='ltr'><strong>liben-</strong></span> 
     </span>
    </p>
   </div>
   <div class='ocr_carea' id='block_1_31' title="bbox 587 3200 941 3267">
    <p class='ocr_par' dir='ltr' id='par_1_31' title="bbox 587 3200 941 3267">
     <span class='ocr_line' id='line_1_31' title="bbox 587 3200 941 3267; baseline -0.011 -9"><span class='ocrx_word' id='word_1_245' title='bbox 587 3211 670 3267; x_wconf 87' lang='lat' dir='ltr'><strong>ter</strong></span> <span class='ocrx_word' id='word_1_246' title='bbox 692 3200 941 3257; x_wconf 87' lang='lat' dir='ltr'><strong>audiatis.</strong></span> 
     </span>
    </p>
   </div>
   <div class='ocr_carea' id='block_1_32' title="bbox 910 3300 1852 3359">
    <p class='ocr_par' dir='ltr' id='par_1_32' title="bbox 910 3300 1852 3359">
     <span class='ocr_line' id='line_1_32' title="bbox 910 3300 1852 3359; baseline -0.006 -12"><span class='ocrx_word' id='word_1_247' title='bbox 910 3305 1080 3348; x_wconf 76' lang='lat' dir='ltr'><strong>SEBIO</strong></span> <span class='ocrx_word' id='word_1_248' title='bbox 1109 3306 1176 3359; x_wconf 82' lang='lat' dir='ltr'><strong>ll,</strong></span> <span class='ocrx_word' id='word_1_249' title='bbox 1221 3303 1446 3351; x_wconf 76' lang='grc' dir='ltr'>ιιΑιιιτιιε</span> <span class='ocrx_word' id='word_1_250' title='bbox 1470 3303 1559 3344; x_wconf 75' lang='lat' dir='ltr'><strong>DIE</strong></span> <span class='ocrx_word' id='word_1_251' title='bbox 1586 3300 1852 3344; x_wconf 72' lang='grc' dir='ltr'>υοιιιιιιεο.</span> 
     </span>
    </p>
   </div>
   <div class='ocr_carea' id='block_1_33' title="bbox 582 3396 2179 3483">
    <p class='ocr_par' dir='ltr' id='par_1_33' title="bbox 582 3396 2179 3483">
     <span class='ocr_line' id='line_1_33' title="bbox 582 3396 2179 3483; baseline -0.003 -26"><span class='ocrx_word' id='word_1_252' title='bbox 582 3462 587 3483; x_wconf 50' lang='grc' dir='ltr'><strong>Ι</strong></span> <span class='ocrx_word' id='word_1_253' title='bbox 661 3404 711 3473; x_wconf 69' lang='lat' dir='ltr'><strong>t.</strong></span> <span class='ocrx_word' id='word_1_254' title='bbox 742 3403 843 3471; x_wconf 87' lang='lat' dir='ltr'><strong>Qui</strong></span> <span class='ocrx_word' id='word_1_255' title='bbox 873 3402 1123 3467; x_wconf 84' lang='lat' dir='ltr'><strong>hesterno</strong></span> <span class='ocrx_word' id='word_1_256' title='bbox 1145 3400 1234 3475; x_wconf 85' lang='lat' dir='ltr'><strong>die</strong></span> <span class='ocrx_word' id='word_1_257' title='bbox 1255 3398 1520 3468; x_wconf 82' lang='lat' dir='ltr'><strong>adfuistis,</strong></span> <span class='ocrx_word' id='word_1_258' title='bbox 1546 3413 1653 3455; x_wconf 90' lang='lat' dir='ltr'><strong>non</strong></span> <span class='ocrx_word' id='word_1_259' title='bbox 1679 3397 1869 3457; x_wconf 85' lang='lat' dir='ltr'><strong>dubito</strong></span> <span class='ocrx_word' id='word_1_260' title='bbox 1897 3396 2036 3469; x_wconf 91' lang='lat' dir='ltr'><strong>quod</strong></span> <span class='ocrx_word' id='word_1_261' title='bbox 2062 3412 2179 3461; x_wconf 85' lang='lat' dir='ltr'><strong>me-</strong></span> 
     </span>
    </p>
   </div>
   <div class='ocr_carea' id='block_1_34' title="bbox 587 3486 2180 3563">
    <p class='ocr_par' dir='ltr' id='par_1_34' title="bbox 587 3486 2180 3563">
     <span class='ocr_line' id='line_1_34' title="bbox 587 3486 2180 3563; baseline -0.005 -14"><span class='ocrx_word' id='word_1_262' title='bbox 587 3492 851 3550; x_wconf 86' lang='lat' dir='ltr'><strong>mineritis</strong></span> <span class='ocrx_word' id='word_1_263' title='bbox 878 3490 1273 3563; x_wconf 85' lang='lat' dir='ltr'><strong>pollicitationis</strong></span> <span class='ocrx_word' id='word_1_264' title='bbox 1298 3498 1514 3557; x_wconf 84' lang='lat' dir='ltr'><strong>nostrae.</strong></span> <span class='ocrx_word' id='word_1_265' title='bbox 1540 3487 1774 3559; x_wconf 87' lang='lat' dir='ltr'><strong>Tempus</strong></span> <span class='ocrx_word' id='word_1_266' title='bbox 1796 3486 1941 3544; x_wconf 87' lang='lat' dir='ltr'><strong>enim</strong></span> <span class='ocrx_word' id='word_1_267' title='bbox 1958 3487 2069 3557; x_wconf 89' lang='lat' dir='ltr'><strong>jam</strong></span> <span class='ocrx_word' id='word_1_268' title='bbox 2095 3495 2180 3555; x_wconf 89' lang='lat' dir='ltr'><strong>est</strong></span> 
     </span>
    </p>
   </div>
   <div class='ocr_carea' id='block_1_35' title="bbox 582 3578 2181 3659">
    <p class='ocr_par' dir='ltr' id='par_1_35' title="bbox 582 3578 2181 3659">
     <span class='ocr_line' id='line_1_35' title="bbox 582 3578 2181 3659; baseline -0.004 -19"><span class='ocrx_word' id='word_1_269' title='bbox 582 3585 647 3659; x_wconf 78' lang='lat' dir='ltr'><strong>ip</strong></span> <span class='ocrx_word' id='word_1_270' title='bbox 676 3583 892 3647; x_wconf 83' lang='lat' dir='ltr'><strong>nomine</strong></span> <span class='ocrx_word' id='word_1_271' title='bbox 921 3582 1128 3655; x_wconf 80' lang='lat' dir='ltr'><strong>Domini</strong></span> <span class='ocrx_word' id='word_1_272' title='bbox 1158 3581 1395 3647; x_wconf 89' lang='lat' dir='ltr'><strong>debitum</strong></span> <span class='ocrx_word' id='word_1_273' title='bbox 1423 3581 1650 3638; x_wconf 90' lang='lat' dir='ltr'><strong>solvere.</strong></span> <span class='ocrx_word' id='word_1_274' title='bbox 1680 3579 1797 3650; x_wconf 89' lang='lat' dir='ltr'><strong>Ipse</strong></span> <span class='ocrx_word' id='word_1_275' title='bbox 1821 3578 2097 3648; x_wconf 86' lang='lat' dir='ltr'><strong>inspiravit</strong></span> <span class='ocrx_word' id='word_1_276' title='bbox 2122 3587 2181 3633; x_wconf 92' lang='lat' dir='ltr'><strong>ut</strong></span> 
     </span>
    </p>
   </div>
   <div class='ocr_carea' id='block_1_36' title="bbox 578 3668 2178 3751">
    <p class='ocr_par' dir='ltr' id='par_1_36' title="bbox 578 3668 2178 3751">
     <span class='ocr_line' id='line_1_36' title="bbox 578 3668 2178 3751; baseline -0.005 -20"><span class='ocrx_word' id='word_1_277' title='bbox 578 3676 1024 3751; x_wconf 75' lang='lat' dir='ltr'><strong>promitteremus</strong></span> <span class='ocrx_word' id='word_1_278' title='bbox 1042 3714 1056 3740; x_wconf 91' lang='lat'><strong>,</strong></span> <span class='ocrx_word' id='word_1_279' title='bbox 1087 3673 1203 3745; x_wconf 90' lang='lat' dir='ltr'><strong>ipse</strong></span> <span class='ocrx_word' id='word_1_280' title='bbox 1229 3672 1377 3728; x_wconf 87' lang='lat' dir='ltr'><strong>dabit</strong></span> <span class='ocrx_word' id='word_1_281' title='bbox 1406 3680 1463 3726; x_wconf 88' lang='lat' dir='ltr'><strong>ut</strong></span> <span class='ocrx_word' id='word_1_282' title='bbox 1495 3671 1795 3738; x_wconf 84' lang='lat' dir='ltr'><strong>solvamus,</strong></span> <span class='ocrx_word' id='word_1_283' title='bbox 1822 3684 2036 3739; x_wconf 85' lang='lat' dir='ltr'><strong>semper</strong></span> <span class='ocrx_word' id='word_1_284' title='bbox 2062 3668 2178 3725; x_wconf 83' lang='lat' dir='ltr'><strong>exi-</strong></span> 
     </span>
    </p>
   </div>
   <div class='ocr_carea' id='block_1_37' title="bbox 588 3761 2181 3837">
    <p class='ocr_par' dir='ltr' id='par_1_37' title="bbox 588 3761 2181 3837">
     <span class='ocr_line' id='line_1_37' title="bbox 588 3761 2181 3837; baseline -0.006 -13"><span class='ocrx_word' id='word_1_285' title='bbox 588 3777 792 3824; x_wconf 75' lang='lat' dir='ltr'><strong>stentes</strong></span> <span class='ocrx_word' id='word_1_286' title='bbox 811 3766 1081 3829; x_wconf 82' lang='lat' dir='ltr'><strong>debitores</strong></span> <span class='ocrx_word' id='word_1_287' title='bbox 1103 3764 1394 3837; x_wconf 84' lang='lat' dir='ltr'><strong>charitatis.</strong></span> <span class='ocrx_word' id='word_1_288' title='bbox 1419 3761 1536 3833; x_wconf 77' lang='lat' dir='ltr'><strong>Ipsa</strong></span> <span class='ocrx_word' id='word_1_289' title='bbox 1558 3772 1640 3818; x_wconf 89' lang='lat' dir='ltr'><strong>est</strong></span> <span class='ocrx_word' id='word_1_290' title='bbox 1662 3763 1804 3818; x_wconf 90' lang='lat' dir='ltr'><strong>enim</strong></span> <span class='ocrx_word' id='word_1_291' title='bbox 1826 3777 1945 3833; x_wconf 79' lang='lat' dir='ltr'><strong>quae</strong></span> <span class='ocrx_word' id='word_1_292' title='bbox 1967 3775 2181 3829; x_wconf 82' lang='lat' dir='ltr'><strong>semper</strong></span> 
     </span>
    </p>
   </div>
   <div class='ocr_carea' id='block_1_38' title="bbox 591 3850 2177 3933">
    <p class='ocr_par' dir='ltr' id='par_1_38' title="bbox 591 3850 2177 3933">
     <span class='ocr_line' id='line_1_38' title="bbox 591 3850 2177 3933; baseline -0.004 -22"><span class='ocrx_word' id='word_1_293' title='bbox 591 3855 863 3924; x_wconf 77' lang='lat' dir='ltr'><strong>redditur,</strong></span> <span class='ocrx_word' id='word_1_294' title='bbox 891 3865 946 3911; x_wconf 91' lang='lat' dir='ltr'><strong>et</strong></span> <span class='ocrx_word' id='word_1_295' title='bbox 982 3870 1193 3932; x_wconf 85' lang='lat' dir='ltr'><strong>semper</strong></span> <span class='ocrx_word' id='word_1_296' title='bbox 1226 3854 1487 3933; x_wconf 80' lang='lat' dir='ltr'><strong>debetur,</strong></span> <span class='ocrx_word' id='word_1_297' title='bbox 1518 3853 1655 3908; x_wconf 85' lang='lat' dir='ltr'><strong>sicut</strong></span> <span class='ocrx_word' id='word_1_298' title='bbox 1687 3851 1815 3906; x_wconf 88' lang='lat' dir='ltr'><strong>dicit</strong></span> <span class='ocrx_word' id='word_1_299' title='bbox 1848 3850 2134 3923; x_wconf 73' lang='lat' dir='ltr'><strong>Apostolus</strong></span> <span class='ocrx_word' id='word_1_300' title='bbox 2163 3867 2177 3904; x_wconf 93' lang='lat'><strong>:</strong></span> 
     </span>
    </p>
   </div>
   <div class='ocr_carea' id='block_1_39' title="bbox 593 3930 2183 4021">
    <p class='ocr_par' dir='ltr' id='par_1_39' title="bbox 593 3930 2183 4021">
     <span class='ocr_line' id='line_1_39' title="bbox 593 3930 2183 4021; baseline -0.004 -18"><span class='ocrx_word' id='word_1_301' title='bbox 593 3946 803 4003; x_wconf 84' lang='lat' dir='ltr'><strong>Nemini</strong></span> <span class='ocrx_word' id='word_1_302' title='bbox 827 3947 1100 4016; x_wconf 82' lang='lat' dir='ltr'><strong>quidquam</strong></span> <span class='ocrx_word' id='word_1_303' title='bbox 1126 3930 1376 4011; x_wconf 80' lang='lat' dir='ltr'><strong>debeatis,</strong></span> <span class='ocrx_word' id='word_1_304' title='bbox 1403 3944 1500 3999; x_wconf 81' lang='lat' dir='ltr'><strong>nisi</strong></span> <span class='ocrx_word' id='word_1_305' title='bbox 1528 3955 1582 4021; x_wconf 85' lang='lat' dir='ltr'><strong>ut</strong></span> <span class='ocrx_word' id='word_1_306' title='bbox 1610 3944 1820 4006; x_wconf 73' lang='lat' dir='ltr'><strong>invicem</strong></span> <span class='ocrx_word' id='word_1_307' title='bbox 1846 3957 1931 4009; x_wconf 59' lang='lat' dir='ltr'><strong>eos</strong></span> <span class='ocrx_word' id='word_1_308' title='bbox 1958 3942 2183 4013; x_wconf 75' lang='lat' dir='ltr'><strong>diligatis</strong></span> 
     </span>
    </p>
   </div>
   <div class='ocr_carea' id='block_1_40' title="bbox 584 4028 2178 4111">
    <p class='ocr_par' dir='ltr' id='par_1_40' title="bbox 584 4028 2178 4111">
     <span class='ocr_line' id='line_1_40' title="bbox 584 4028 2178 4111; baseline -0.002 -19"><span class='ocrx_word' id='word_1_309' title='bbox 584 4028 771 4111; x_wconf 74' lang='grc' dir='ltr'><strong>’(Ιίοηι.</strong></span> <span class='ocrx_word' id='word_1_310' title='bbox 797 4052 914 4101; x_wconf 89' lang='lat' dir='ltr'><strong>xm,</strong></span> <span class='ocrx_word' id='word_1_311' title='bbox 936 4036 1015 4108; x_wconf 82' lang='lat'><strong>8).</strong></span> <span class='ocrx_word' id='word_1_312' title='bbox 1038 4035 1236 4091; x_wconf 88' lang='lat' dir='ltr'><strong>Psalmi</strong></span> <span class='ocrx_word' id='word_1_313' title='bbox 1261 4036 1416 4100; x_wconf 80' lang='lat' dir='ltr'><strong>hujus</strong></span> <span class='ocrx_word' id='word_1_314' title='bbox 1442 4035 1649 4093; x_wconf 85' lang='lat' dir='ltr'><strong>titulum</strong></span> <span class='ocrx_word' id='word_1_315' title='bbox 1672 4033 1785 4090; x_wconf 92' lang='lat' dir='ltr'><strong>heri</strong></span> <span class='ocrx_word' id='word_1_316' title='bbox 1806 4033 2178 4104; x_wconf 83' lang='lat' dir='ltr'><strong>exposuimus;</strong></span> 
     </span>
    </p>
   </div>
   <div class='ocr_carea' id='block_1_41' title="bbox 580 4114 2183 4206">
    <p class='ocr_par' dir='ltr' id='par_1_41' title="bbox 580 4114 2183 4206">
     <span class='ocr_line' id='line_1_41' title="bbox 580 4114 2183 4206; baseline -0.002 -22"><span class='ocrx_word' id='word_1_317' title='bbox 580 4114 746 4206; x_wconf 50' lang='lat' dir='ltr'><strong>:cujus</strong></span> <span class='ocrx_word' id='word_1_318' title='bbox 785 4127 1045 4198; x_wconf 83' lang='lat' dir='ltr'><strong>expositio</strong></span> <span class='ocrx_word' id='word_1_319' title='bbox 1081 4142 1201 4181; x_wconf 92' lang='lat' dir='ltr'><strong>cum</strong></span> <span class='ocrx_word' id='word_1_320' title='bbox 1242 4141 1340 4191; x_wconf 75' lang='lat' dir='ltr'><strong>nos</strong></span> <span class='ocrx_word' id='word_1_321' title='bbox 1364 4114 1899 4205; x_wconf 77' lang='lat' dir='ltr'><strong>diutiusrelincret,</strong></span> <span class='ocrx_word' id='word_1_322' title='bbox 1941 4124 2183 4194; x_wconf 83' lang='lat' dir='ltr'><strong>ejusdem</strong></span> 
     </span>
    </p>
   </div>
   <div class='ocr_carea' id='block_1_42' title="bbox 579 4204 2185 4299">
    <p class='ocr_par' dir='ltr' id='par_1_42' title="bbox 579 4204 2185 4299">
     <span class='ocr_line' id='line_1_42' title="bbox 579 4204 2185 4299; baseline -0.002 -25"><span class='ocrx_word' id='word_1_323' title='bbox 579 4204 785 4299; x_wconf 17' lang='lat' dir='ltr'><strong>“psalmi</strong></span> <span class='ocrx_word' id='word_1_324' title='bbox 813 4227 1012 4289; x_wconf 72' lang='lat' dir='ltr'><strong>textum</strong></span> <span class='ocrx_word' id='word_1_325' title='bbox 1041 4204 1411 4290; x_wconf 77' lang='lat' dir='ltr'><strong>exponendum</strong></span> <span class='ocrx_word' id='word_1_326' title='bbox 1434 4215 1754 4272; x_wconf 76' lang='lat' dir='ltr'><strong>distulimus.</strong></span> <span class='ocrx_word' id='word_1_327' title='bbox 1784 4216 2076 4274; x_wconf 83' lang='lat' dir='ltr'><strong>Audiamus</strong></span> <span class='ocrx_word' id='word_1_328' title='bbox 2099 4232 2185 4271; x_wconf 89' lang='lat' dir='ltr'><strong>er-</strong></span> 
     </span>
    </p>
   </div>
   <div class='ocr_carea' id='block_1_43' title="bbox 593 4307 2184 4384">
    <p class='ocr_par' dir='ltr' id='par_1_43' title="bbox 593 4307 2184 4384">
     <span class='ocr_line' id='line_1_43' title="bbox 593 4307 2184 4384; baseline -0.003 -14"><span class='ocrx_word' id='word_1_329' title='bbox 593 4329 665 4383; x_wconf 85' lang='lat' dir='ltr'><strong>go</strong></span> <span class='ocrx_word' id='word_1_330' title='bbox 690 4311 815 4384; x_wconf 87' lang='lat' dir='ltr'><strong>quid</strong></span> <span class='ocrx_word' id='word_1_331' title='bbox 840 4311 1077 4384; x_wconf 79' lang='lat' dir='ltr'><strong>Spiritus</strong></span> <span class='ocrx_word' id='word_1_332' title='bbox 1097 4320 1311 4366; x_wconf 89' lang='lat' dir='ltr'><strong>sanctus</strong></span> <span class='ocrx_word' id='word_1_333' title='bbox 1351 4325 1445 4379; x_wconf 89' lang='lat' dir='ltr'><strong>per</strong></span> <span class='ocrx_word' id='word_1_334' title='bbox 1482 4324 1543 4364; x_wconf 93' lang='lat' dir='ltr'><strong>os</strong></span> <span class='ocrx_word' id='word_1_335' title='bbox 1581 4307 1860 4383; x_wconf 61' lang='lat' dir='ltr'><strong>Protiheta:</strong></span> <span class='ocrx_word' id='word_1_336' title='bbox 1893 4309 2060 4364; x_wconf 87' lang='lat' dir='ltr'><strong>sancti</strong></span> <span class='ocrx_word' id='word_1_337' title='bbox 2100 4309 2184 4365; x_wconf 92' lang='lat' dir='ltr'><strong>sui</strong></span> 
     </span>
    </p>
   </div>
   <div class='ocr_carea' id='block_1_44' title="bbox 578 4398 2183 4483">
    <p class='ocr_par' dir='ltr' id='par_1_44' title="bbox 578 4398 2183 4483">
     <span class='ocr_line' id='line_1_44' title="bbox 578 4398 2183 4483; baseline -0.003 -23"><span class='ocrx_word' id='word_1_338' title='bbox 578 4399 739 4483; x_wconf 42' lang='lat' dir='ltr'><strong>:dicat</strong></span> <span class='ocrx_word' id='word_1_339' title='bbox 784 4404 835 4477; x_wconf 80' lang='lat' dir='ltr'><strong>in</strong></span> <span class='ocrx_word' id='word_1_340' title='bbox 880 4402 981 4467; x_wconf 90' lang='lat' dir='ltr'><strong>isto</strong></span> <span class='ocrx_word' id='word_1_341' title='bbox 1018 4416 1264 4469; x_wconf 87' lang='lat' dir='ltr'><strong>sermone</strong></span> <span class='ocrx_word' id='word_1_342' title='bbox 1304 4399 1531 4481; x_wconf 84' lang='lat' dir='ltr'><strong>Psalmi,</strong></span> <span class='ocrx_word' id='word_1_343' title='bbox 1569 4399 1708 4470; x_wconf 89' lang='lat' dir='ltr'><strong>quod</strong></span> <span class='ocrx_word' id='word_1_344' title='bbox 1745 4408 2002 4472; x_wconf 81' lang='lat' dir='ltr'><strong>congruat</strong></span> <span class='ocrx_word' id='word_1_345' title='bbox 2030 4398 2183 4455; x_wconf 92' lang='lat' dir='ltr'><strong>titulo</strong></span> 
     </span>
    </p>
   </div>
   <div class='ocr_carea' id='block_1_45' title="bbox 592 4480 2182 4571">
    <p class='ocr_par' dir='ltr' id='par_1_45' title="bbox 592 4480 2182 4571">
     <span class='ocr_line' id='line_1_45' title="bbox 592 4480 2182 4571; baseline -0.004 -21"><span class='ocrx_word' id='word_1_346' title='bbox 592 4511 756 4571; x_wconf 82' lang='lat' dir='ltr'><strong>quem</strong></span> <span class='ocrx_word' id='word_1_347' title='bbox 790 4486 1047 4550; x_wconf 84' lang='lat' dir='ltr'><strong>hesterno</strong></span> <span class='ocrx_word' id='word_1_348' title='bbox 1075 4492 1160 4546; x_wconf 88' lang='lat' dir='ltr'><strong>die</strong></span> <span class='ocrx_word' id='word_1_349' title='bbox 1187 4480 1547 4546; x_wconf 83' lang='lat' dir='ltr'><strong>tractavimus.</strong></span> <span class='ocrx_word' id='word_1_350' title='bbox 1583 4490 1683 4558; x_wconf 90' lang='lat' dir='ltr'><strong>Qui</strong></span> <span class='ocrx_word' id='word_1_351' title='bbox 1724 4505 1829 4546; x_wconf 91' lang='lat' dir='ltr'><strong>non</strong></span> <span class='ocrx_word' id='word_1_352' title='bbox 1866 4489 2182 4557; x_wconf 87' lang='lat' dir='ltr'><strong>adfuerunt,</strong></span> 
     </span>
    </p>
   </div>
   <div class='ocr_carea' id='block_1_46' title="bbox 596 4579 2186 4656">
    <p class='ocr_par' dir='ltr' id='par_1_46' title="bbox 596 4579 2186 4656">
     <span class='ocr_line' id='line_1_46' title="bbox 596 4579 2186 4656; baseline -0.003 -17"><span class='ocrx_word' id='word_1_353' title='bbox 596 4594 849 4656; x_wconf 86' lang='lat' dir='ltr'><strong>tanquam</strong></span> <span class='ocrx_word' id='word_1_354' title='bbox 873 4584 888 4615; x_wconf 83' lang='grc'>¹</span> <span class='ocrx_word' id='word_1_355' title='bbox 920 4592 974 4655; x_wconf 81' lang='lat' dir='ltr'><strong>et</strong></span> <span class='ocrx_word' id='word_1_356' title='bbox 1012 4582 1113 4652; x_wconf 85' lang='lat' dir='ltr'><strong>hoc</strong></span> <span class='ocrx_word' id='word_1_357' title='bbox 1140 4581 1377 4639; x_wconf 88' lang='lat' dir='ltr'><strong>debitum</strong></span> <span class='ocrx_word' id='word_1_358' title='bbox 1421 4589 1605 4651; x_wconf 89' lang='lat' dir='ltr'><strong>petunt</strong></span> <span class='ocrx_word' id='word_1_359' title='bbox 1635 4598 1648 4636; x_wconf 88' lang='lat'><strong>:</strong></span> <span class='ocrx_word' id='word_1_360' title='bbox 1680 4579 1777 4656; x_wconf 81' lang='lat' dir='ltr'><strong>sed</strong></span> <span class='ocrx_word' id='word_1_361' title='bbox 1813 4596 1882 4637; x_wconf 95' lang='lat' dir='ltr'><strong>ne</strong></span> <span class='ocrx_word' id='word_1_362' title='bbox 1920 4581 2056 4636; x_wconf 81' lang='lat' dir='ltr'><strong>forte</strong></span> <span class='ocrx_word' id='word_1_363' title='bbox 2093 4596 2186 4650; x_wconf 89' lang='lat' dir='ltr'><strong>per</strong></span> 
     </span>
    </p>
   </div>
   <div class='ocr_carea' id='block_1_47' title="bbox 582 4670 2186 4745">
    <p class='ocr_par' dir='ltr' id='par_1_47' title="bbox 582 4670 2186 4745">
     <span class='ocr_line' id='line_1_47' title="bbox 582 4670 2186 4745; baseline -0.002 -14"><span class='ocrx_word' id='word_1_364' title='bbox 582 4670 731 4735; x_wconf 77' lang='lat' dir='ltr'><strong>alias</strong></span> <span class='ocrx_word' id='word_1_365' title='bbox 762 4684 932 4730; x_wconf 80' lang='lat' dir='ltr'><strong>tantas</strong></span> <span class='ocrx_word' id='word_1_366' title='bbox 965 4688 1142 4733; x_wconf 79' lang='lat' dir='ltr'><strong>meras</strong></span> <span class='ocrx_word' id='word_1_367' title='bbox 1161 4674 1206 4745; x_wconf 75' lang='lat'><strong>’,</strong></span> <span class='ocrx_word' id='word_1_368' title='bbox 1237 4671 1540 4727; x_wconf 84' lang='lat' dir='ltr'><strong>fraudemus</strong></span> <span class='ocrx_word' id='word_1_369' title='bbox 1571 4687 1666 4726; x_wconf 91' lang='lat' dir='ltr'><strong>eos</strong></span> <span class='ocrx_word' id='word_1_370' title='bbox 1698 4672 1890 4745; x_wconf 83' lang='lat' dir='ltr'><strong>quibus</strong></span> <span class='ocrx_word' id='word_1_371' title='bbox 1920 4672 2029 4742; x_wconf 91' lang='lat' dir='ltr'><strong>jam</strong></span> <span class='ocrx_word' id='word_1_372' title='bbox 2060 4672 2186 4728; x_wconf 91' lang='lat' dir='ltr'><strong>red-</strong></span> 
     </span>
    </p>
   </div>
   <div class='ocr_carea' id='block_1_48' title="bbox 584 4749 2185 4841">
    <p class='ocr_par' dir='ltr' id='par_1_48' title="bbox 584 4749 2185 4841">
     <span class='ocr_line' id='line_1_48' title="bbox 584 4749 2185 4841; baseline -0.001 -20"><span class='ocrx_word' id='word_1_373' title='bbox 584 4764 833 4841; x_wconf 81' lang='lat' dir='ltr'><strong>dendum</strong></span> <span class='ocrx_word' id='word_1_374' title='bbox 863 4772 944 4820; x_wconf 91' lang='lat' dir='ltr'><strong>est</strong></span> <span class='ocrx_word' id='word_1_375' title='bbox 971 4761 1115 4835; x_wconf 91' lang='lat' dir='ltr'><strong>quod</strong></span> <span class='ocrx_word' id='word_1_376' title='bbox 1144 4749 1420 4829; x_wconf 87' lang='lat' dir='ltr'><strong>debemus,</strong></span> <span class='ocrx_word' id='word_1_377' title='bbox 1452 4762 1683 4817; x_wconf 88' lang='lat' dir='ltr'><strong>breviter</strong></span> <span class='ocrx_word' id='word_1_378' title='bbox 1710 4774 2185 4819; x_wconf 90' lang='lat' dir='ltr'><strong>commemoratum</strong></span> 
     </span>
    </p>
   </div>
   <div class='ocr_carea' id='block_1_49' title="bbox 582 4854 2279 4939">
    <p class='ocr_par' dir='ltr' id='par_1_49' title="bbox 582 4854 2279 4939">
     <span class='ocr_line' id='line_1_49' title="bbox 582 4854 2279 4939; baseline -0.001 -26"><span class='ocrx_word' id='word_1_379' title='bbox 582 4866 911 4939; x_wconf 76' lang='lat' dir='ltr'><strong>agnoscant,</strong></span> <span class='ocrx_word' id='word_1_380' title='bbox 934 4865 1188 4933; x_wconf 87' lang='lat' dir='ltr'><strong>quantum</strong></span> <span class='ocrx_word' id='word_1_381' title='bbox 1216 4863 1461 4927; x_wconf 90' lang='lat' dir='ltr'><strong>possunt,</strong></span> <span class='ocrx_word' id='word_1_382' title='bbox 1484 4854 1574 4927; x_wconf 90' lang='lat' dir='ltr'><strong>qui</strong></span> <span class='ocrx_word' id='word_1_383' title='bbox 1599 4854 1757 4911; x_wconf 92' lang='lat' dir='ltr'><strong>hodie</strong></span> <span class='ocrx_word' id='word_1_384' title='bbox 1777 4854 1972 4911; x_wconf 84' lang='lat' dir='ltr'><strong>adsunt</strong></span> <span class='ocrx_word' id='word_1_385' title='bbox 1992 4864 2048 4911; x_wconf 89' lang='lat' dir='ltr'><strong>et</strong></span> <span class='ocrx_word' id='word_1_386' title='bbox 2072 4855 2187 4912; x_wconf 87' lang='lat' dir='ltr'><strong>heri</strong></span> <span class='ocrx_word' id='word_1_387' title='bbox 2272 4896 2279 4900; x_wconf 79' lang='lat'><strong>-</strong></span> 
     </span>
    </p>
   </div>
   <div class='ocr_carea' id='block_1_50' title="bbox 598 4947 2191 5030">
    <p class='ocr_par' dir='ltr' id='par_1_50' title="bbox 598 4947 2191 5030">
     <span class='ocr_line' id='line_1_50' title="bbox 598 4947 2191 5030; baseline -0.001 -23"><span class='ocrx_word' id='word_1_388' title='bbox 598 4968 705 5007; x_wconf 87' lang='lat' dir='ltr'><strong>non</strong></span> <span class='ocrx_word' id='word_1_389' title='bbox 732 4949 1034 5015; x_wconf 88' lang='lat' dir='ltr'><strong>adfuerunt.</strong></span> <span class='ocrx_word' id='word_1_390' title='bbox 1061 4949 1116 5005; x_wconf 92' lang='lat' dir='ltr'><strong>Si</strong></span> <span class='ocrx_word' id='word_1_391' title='bbox 1139 4948 1264 5030; x_wconf 83' lang='lat' dir='ltr'><strong>quid</strong></span> <span class='ocrx_word' id='word_1_392' title='bbox 1283 4956 1461 5003; x_wconf 90' lang='lat' dir='ltr'><strong>autem</strong></span> <span class='ocrx_word' id='word_1_393' title='bbox 1482 4962 1577 5015; x_wconf 77' lang='lat' dir='ltr'><strong>eos</strong></span> <span class='ocrx_word' id='word_1_394' title='bbox 1603 4955 1779 5003; x_wconf 89' lang='lat' dir='ltr'><strong>movet</strong></span> <span class='ocrx_word' id='word_1_395' title='bbox 1798 4948 1940 5019; x_wconf 89' lang='lat' dir='ltr'><strong>quod</strong></span> <span class='ocrx_word' id='word_1_396' title='bbox 1965 4947 2191 5020; x_wconf 83' lang='lat' dir='ltr'><strong>diligen-</strong></span> 
     </span>
    </p>
   </div>
   <div class='ocr_carea' id='block_1_51' title="bbox 578 5040 2188 5121">
    <p class='ocr_par' dir='ltr' id='par_1_51' title="bbox 578 5040 2188 5121">
     <span class='ocr_line' id='line_1_51' title="bbox 578 5040 2188 5121; baseline -0.001 -23"><span class='ocrx_word' id='word_1_397' title='bbox 578 5045 706 5121; x_wconf 64' lang='lat' dir='ltr'><strong>tius</strong></span> <span class='ocrx_word' id='word_1_398' title='bbox 740 5043 1072 5113; x_wconf 88' lang='lat' dir='ltr'><strong>interrogare</strong></span> <span class='ocrx_word' id='word_1_399' title='bbox 1105 5040 1365 5105; x_wconf 84' lang='lat' dir='ltr'><strong>debeant,</strong></span> <span class='ocrx_word' id='word_1_400' title='bbox 1400 5047 1638 5111; x_wconf 90' lang='lat' dir='ltr'><strong>patentes</strong></span> <span class='ocrx_word' id='word_1_401' title='bbox 1667 5053 1826 5095; x_wconf 89' lang='lat' dir='ltr'><strong>aures</strong></span> <span class='ocrx_word' id='word_1_402' title='bbox 1864 5047 2077 5103; x_wconf 88' lang='lat' dir='ltr'><strong>nostras</strong></span> <span class='ocrx_word' id='word_1_403' title='bbox 2104 5042 2188 5097; x_wconf 85' lang='lat' dir='ltr'><strong>in-</strong></span> 
     </span>
    </p>
   </div>
   <div class='ocr_carea' id='block_1_52' title="bbox 548 5126 2190 5205">
    <p class='ocr_par' dir='ltr' id='par_1_52' title="bbox 548 5126 2190 5205">
     <span class='ocr_line' id='line_1_52' title="bbox 548 5126 2190 5205; baseline -0.002 -14"><span class='ocrx_word' id='word_1_404' title='bbox 548 5154 551 5159; x_wconf 53' lang='lat'>‘</span> <span class='ocrx_word' id='word_1_405' title='bbox 598 5126 816 5191; x_wconf 81' lang='lat' dir='ltr'><strong>venient</strong></span> <span class='ocrx_word' id='word_1_406' title='bbox 856 5132 908 5189; x_wconf 91' lang='lat' dir='ltr'><strong>in</strong></span> <span class='ocrx_word' id='word_1_407' title='bbox 948 5131 1163 5204; x_wconf 82' lang='lat' dir='ltr'><strong>nomine</strong></span> <span class='ocrx_word' id='word_1_408' title='bbox 1190 5129 1386 5198; x_wconf 83' lang='lat' dir='ltr'><strong>Christi</strong></span> <span class='ocrx_word' id='word_1_409' title='bbox 1424 5130 1543 5186; x_wconf 89' lang='lat' dir='ltr'><strong>aliis</strong></span> <span class='ocrx_word' id='word_1_410' title='bbox 1582 5129 1914 5205; x_wconf 70' lang='lat' dir='ltr'><strong>temporibus</strong></span> <span class='ocrx_word' id='word_1_411' title='bbox 1928 5171 1943 5199; x_wconf 88' lang='lat'><strong>,</strong></span> <span class='ocrx_word' id='word_1_412' title='bbox 1980 5147 2051 5202; x_wconf 86' lang='lat' dir='ltr'><strong>ne</strong></span> <span class='ocrx_word' id='word_1_413' title='bbox 2089 5132 2190 5203; x_wconf 71' lang='lat' dir='ltr'><strong>ista</strong></span> 
     </span>
    </p>
   </div>
   <div class='ocr_carea' id='block_1_53' title="bbox 599 5222 1401 5301">
    <p class='ocr_par' dir='ltr' id='par_1_53' title="bbox 599 5222 1401 5301">
     <span class='ocr_line' id='line_1_53' title="bbox 599 5222 1401 5301; baseline -0.015 -18"><span class='ocrx_word' id='word_1_414' title='bbox 599 5235 926 5296; x_wconf 85' lang='lat' dir='ltr'><strong>occupentur</strong></span> <span class='ocrx_word' id='word_1_415' title='bbox 945 5222 987 5277; x_wconf 70' lang='grc'><strong>⁸.</strong></span> <span class='ocrx_word' id='word_1_416' title='bbox 1396 5296 1401 5301; x_wconf 21' lang='grc'><strong>⁵</strong></span> 
     </span>
    </p>
   </div>
   <div class='ocr_carea' id='block_1_54' title="bbox 670 5300 2187 5391">
    <p class='ocr_par' dir='ltr' id='par_1_54' title="bbox 670 5300 2187 5391">
     <span class='ocr_line' id='line_1_54' title="bbox 670 5300 2187 5391; baseline -0.004 -16"><span class='ocrx_word' id='word_1_417' title='bbox 670 5319 725 5376; x_wconf 70' lang='grc' dir='ltr'><strong>Ξ.</strong></span> <span class='ocrx_word' id='word_1_418' title='bbox 762 5318 998 5391; x_wconf 78' lang='lat' dir='ltr'><strong>Diximus</strong></span> <span class='ocrx_word' id='word_1_419' title='bbox 1027 5315 1283 5386; x_wconf 80' lang='lat' dir='ltr'><strong>scriptum</strong></span> <span class='ocrx_word' id='word_1_420' title='bbox 1310 5300 1428 5371; x_wconf 85' lang='lat' dir='ltr'><strong>esse</strong></span> <span class='ocrx_word' id='word_1_421' title='bbox 1450 5300 1511 5377; x_wconf 85' lang='lat' dir='ltr'><strong>in</strong></span> <span class='ocrx_word' id='word_1_422' title='bbox 1534 5313 1671 5369; x_wconf 90' lang='lat' dir='ltr'><strong>libro</strong></span> <span class='ocrx_word' id='word_1_423' title='bbox 1697 5314 2021 5389; x_wconf 78' lang='lat' dir='ltr'><strong>Regnorum,</strong></span> <span class='ocrx_word' id='word_1_424' title='bbox 2047 5315 2187 5385; x_wconf 92' lang='lat' dir='ltr'><strong>quod</strong></span> 
     </span>
    </p>
   </div>
   <div class='ocr_carea' id='block_1_55' title="bbox 601 5406 2188 5481">
    <p class='ocr_par' dir='ltr' id='par_1_55' title="bbox 601 5406 2188 5481">
     <span class='ocr_line' id='line_1_55' title="bbox 601 5406 2188 5481; baseline -0.005 -12"><span class='ocrx_word' id='word_1_425' title='bbox 601 5410 771 5469; x_wconf 82' lang='lat' dir='ltr'><strong>David</strong></span> <span class='ocrx_word' id='word_1_426' title='bbox 810 5426 930 5466; x_wconf 92' lang='lat' dir='ltr'><strong>cum</strong></span> <span class='ocrx_word' id='word_1_427' title='bbox 969 5407 1175 5480; x_wconf 82' lang='lat' dir='ltr'><strong>fugeret</strong></span> <span class='ocrx_word' id='word_1_428' title='bbox 1215 5406 1374 5475; x_wconf 69' lang='lat' dir='ltr'><strong>Sani,</strong></span> <span class='ocrx_word' id='word_1_429' title='bbox 1417 5407 1580 5462; x_wconf 90' lang='lat' dir='ltr'><strong>latere</strong></span> <span class='ocrx_word' id='word_1_430' title='bbox 1620 5406 1789 5462; x_wconf 89' lang='lat' dir='ltr'><strong>voluit</strong></span> <span class='ocrx_word' id='word_1_431' title='bbox 1827 5406 1966 5478; x_wconf 89' lang='lat' dir='ltr'><strong>apud</strong></span> <span class='ocrx_word' id='word_1_432' title='bbox 2007 5421 2188 5481; x_wconf 80' lang='lat' dir='ltr'><strong>regem</strong></span> 
     </span>
    </p>
   </div>
   <div class='ocr_carea' id='block_1_56' title="bbox 668 5518 1721 5585">
    <p class='ocr_par' dir='ltr' id='par_1_56' title="bbox 668 5518 1721 5585">
     <span class='ocr_line' id='line_1_56' title="bbox 668 5518 1721 5585; baseline -0.005 -13"><span class='ocrx_word' id='word_1_433' title='bbox 668 5531 683 5557; x_wconf 78' lang='grc' dir='ltr'><strong>ι</strong></span> <span class='ocrx_word' id='word_1_434' title='bbox 714 5522 848 5585; x_wconf 60' lang='grc' dir='ltr'>ῐθιιιιη</span> <span class='ocrx_word' id='word_1_435' title='bbox 865 5528 1044 5585; x_wconf 76' lang='lat' dir='ltr'><strong>tamen.</strong></span> <span class='ocrx_word' id='word_1_436' title='bbox 1070 5518 1263 5585; x_wconf 65' lang='lat' dir='ltr'><strong>Aliquot</strong></span> <span class='ocrx_word' id='word_1_437' title='bbox 1273 5526 1412 5585; x_wconf 76' lang='lat' dir='ltr'><strong>_uss.,</strong></span> <span class='ocrx_word' id='word_1_438' title='bbox 1434 5523 1721 5585; x_wconf 62' lang='lat' dir='ltr'><strong>tanqmun._~</strong></span> 
     </span>
    </p>
   </div>
   <div class='ocr_carea' id='block_1_57' title="bbox 664 5579 2195 5650">
    <p class='ocr_par' dir='ltr' id='par_1_57' title="bbox 664 5579 2195 5650">
     <span class='ocr_line' id='line_1_57' title="bbox 664 5579 2195 5650; baseline -0.002 -16"><span class='ocrx_word' id='word_1_439' title='bbox 664 5587 686 5617; x_wconf 80' lang='grc'>¹</span> <span class='ocrx_word' id='word_1_440' title='bbox 711 5579 846 5644; x_wconf 70' lang='lat' dir='ltr'><strong>Edd.,</strong></span> <span class='ocrx_word' id='word_1_441' title='bbox 862 5597 921 5634; x_wconf 87' lang='lat' dir='ltr'><strong>ne</strong></span> <span class='ocrx_word' id='word_1_442' title='bbox 944 5583 1077 5650; x_wconf 66' lang='lat' dir='ltr'><strong>forte</strong></span> <span class='ocrx_word' id='word_1_443' title='bbox 1088 5579 1178 5645; x_wconf 72' lang='lat' dir='ltr'><strong>pra</strong></span> <span class='ocrx_word' id='word_1_444' title='bbox 1196 5579 1307 5631; x_wconf 84' lang='lat' dir='ltr'><strong>aliis</strong></span> <span class='ocrx_word' id='word_1_445' title='bbox 1323 5587 1479 5650; x_wconf 71' lang='lat' dir='ltr'><strong>tantas</strong></span> <span class='ocrx_word' id='word_1_446' title='bbox 1497 5579 1657 5650; x_wconf 72' lang='lat' dir='ltr'><strong>moras</strong></span> <span class='ocrx_word' id='word_1_447' title='bbox 1678 5579 1901 5650; x_wconf 70' lang='lat' dir='ltr'><strong>[ueientes</strong></span> <span class='ocrx_word' id='word_1_448' title='bbox 1913 5579 2195 5650; x_wconf 78' lang='lat' dir='ltr'><strong>fraudenws</strong></span> 
     </span>
    </p>
   </div>
   <div class='ocr_carea' id='block_1_58' title="bbox 602 5640 2195 5717">
    <p class='ocr_par' dir='ltr' id='par_1_58' title="bbox 602 5640 2195 5717">
     <span class='ocr_line' id='line_1_58' title="bbox 602 5640 2195 5717; baseline -0.003 -20"><span class='ocrx_word' id='word_1_449' title='bbox 602 5656 701 5697; x_wconf 76' lang='lat' dir='ltr'><strong>eos.</strong></span> <span class='ocrx_word' id='word_1_450' title='bbox 725 5640 931 5717; x_wconf 55' lang='lat' dir='ltr'><strong>noxque</strong></span> <span class='ocrx_word' id='word_1_451' title='bbox 944 5640 1230 5717; x_wconf 47' lang='lat' dir='ltr'><strong>spuitur,</strong></span> <span class='ocrx_word' id='word_1_452' title='bbox 1252 5640 1422 5706; x_wconf 81' lang='lat' dir='ltr'><strong>quibus</strong></span> <span class='ocrx_word' id='word_1_453' title='bbox 1434 5642 1548 5705; x_wconf 77' lang='lat' dir='ltr'><strong>jam</strong></span> <span class='ocrx_word' id='word_1_454' title='bbox 1568 5640 1816 5693; x_wconf 76' lang='lat' dir='ltr'><strong>redditum</strong></span> <span class='ocrx_word' id='word_1_455' title='bbox 1835 5640 1922 5694; x_wconf 71' lang='lat' dir='ltr'><strong>est;</strong></span> <span class='ocrx_word' id='word_1_456' title='bbox 1944 5649 2036 5692; x_wconf 72' lang='lat' dir='ltr'><strong>Nos</strong></span> <span class='ocrx_word' id='word_1_457' title='bbox 2063 5650 2195 5707; x_wconf 84' lang='lat' dir='ltr'><strong>utro-</strong></span> 
     </span>
    </p>
   </div>
   <div class='ocr_carea' id='block_1_59' title="bbox 604 5706 2194 5836">
    <p class='ocr_par' dir='ltr' id='par_1_59' title="bbox 604 5706 2194 5836">
     <span class='ocr_line' id='line_1_59' title="bbox 604 5706 2082 5772; baseline 0.003 -15"><span class='ocrx_word' id='word_1_458' title='bbox 604 5721 706 5772; x_wconf 83' lang='lat' dir='ltr'><strong>que</strong></span> <span class='ocrx_word' id='word_1_459' title='bbox 729 5706 834 5757; x_wconf 86' lang='lat' dir='ltr'><strong>loco</strong></span> <span class='ocrx_word' id='word_1_460' title='bbox 852 5706 1106 5770; x_wconf 79' lang='lat' dir='ltr'><strong>sequimur</strong></span> <span class='ocrx_word' id='word_1_461' title='bbox 1127 5713 1234 5754; x_wconf 73' lang='lat' dir='ltr'><strong>Mss.</strong></span> <span class='ocrx_word' id='word_1_462' title='bbox 2079 5706 2082 5707; x_wconf 54' lang='grc'><strong><em>⁷</em></strong></span> 
     </span>
     <span class='ocr_line' id='line_1_60' title="bbox 669 5762 2194 5836; baseline 0.01 -33"><span class='ocrx_word' id='word_1_463' title='bbox 669 5768 691 5803; x_wconf 87' lang='lat' dir='ltr'><strong>s</strong></span> <span class='ocrx_word' id='word_1_464' title='bbox 713 5774 782 5836; x_wconf 47' lang='grc' dir='ltr'>ειη</span> <span class='ocrx_word' id='word_1_465' title='bbox 813 5775 866 5820; x_wconf 71' lang='grc' dir='ltr'><strong>ει</strong></span> <span class='ocrx_word' id='word_1_466' title='bbox 886 5773 1016 5825; x_wconf 60' lang='grc' dir='ltr'><strong>ωι,</strong></span> <span class='ocrx_word' id='word_1_467' title='bbox 1034 5776 1095 5817; x_wconf 76' lang='grc' dir='ltr'>πε</span> <span class='ocrx_word' id='word_1_468' title='bbox 1113 5762 1350 5836; x_wconf 44' lang='lat' dir='ltr'><strong>ferme</strong></span> <span class='ocrx_word' id='word_1_469' title='bbox 1368 5769 1675 5836; x_wconf 70' lang='lat' dir='ltr'><strong>oceupentur.</strong></span> <span class='ocrx_word' id='word_1_470' title='bbox 1704 5769 1758 5815; x_wconf 81' lang='lat' dir='ltr'><strong>At</strong></span> <span class='ocrx_word' id='word_1_471' title='bbox 1773 5768 1904 5833; x_wconf 55' lang='lat' dir='ltr'><strong>usa,</strong></span> <span class='ocrx_word' id='word_1_472' title='bbox 1927 5775 1989 5817; x_wconf 79' lang='lat' dir='ltr'><strong>ue</strong></span> <span class='ocrx_word' id='word_1_473' title='bbox 2004 5763 2097 5825; x_wconf 79' lang='lat' dir='ltr'><strong>ista</strong></span> <span class='ocrx_word' id='word_1_474' title='bbox 2113 5776 2194 5819; x_wconf 87' lang='lat' dir='ltr'><strong>oc-</strong></span> 
     </span>
    </p>
   </div>
   <div class='ocr_carea' id='block_1_60' title="bbox 606 5825 1503 5893">
    <p class='ocr_par' dir='ltr' id='par_1_60' title="bbox 606 5825 1503 5893">
     <span class='ocr_line' id='line_1_61' title="bbox 606 5825 1503 5893; baseline -0.006 -12"><span class='ocrx_word' id='word_1_475' title='bbox 606 5834 858 5893; x_wconf 73' lang='lat' dir='ltr'><strong>cupentur.</strong></span> <span class='ocrx_word' id='word_1_476' title='bbox 886 5838 1006 5891; x_wconf 78' lang='lat' dir='ltr'><strong>Am.,</strong></span> <span class='ocrx_word' id='word_1_477' title='bbox 1028 5839 1087 5879; x_wconf 79' lang='lat' dir='ltr'><strong>ne</strong></span> <span class='ocrx_word' id='word_1_478' title='bbox 1109 5825 1203 5885; x_wconf 80' lang='lat' dir='ltr'><strong>ista</strong></span> <span class='ocrx_word' id='word_1_479' title='bbox 1221 5825 1384 5887; x_wconf 76' lang='lat' dir='ltr'><strong>modo,</strong></span> <span class='ocrx_word' id='word_1_480' title='bbox 1406 5825 1503 5876; x_wconf 84' lang='lat' dir='ltr'><strong>etc.</strong></span> 
     </span>
    </p>
   </div>
   <div class='ocr_carea' id='block_1_61' title="bbox 1806 378 2174 489">
    <p class='ocr_par' dir='ltr' id='par_1_61' title="bbox 1806 421 2169 489">
     <span class='ocr_line' id='line_1_62' title="bbox 1806 421 2169 489; baseline -0.022 -5"><span class='ocrx_word' id='word_1_481' title='bbox 1806 427 1865 484; x_wconf 81' lang='lat' dir='ltr'><strong>S.</strong></span> <span class='ocrx_word' id='word_1_482' title='bbox 1895 421 2169 489; x_wconf 78' lang='lat' dir='ltr'><strong>AUCUST</strong></span> 
     </span>
    </p>
   </div>
   <div class='ocr_carea' id='block_1_62' title="bbox 2277 378 3817 489">
    <p class='ocr_par' dir='ltr' id='par_1_62' title="bbox 2304 378 3817 478">
     <span class='ocr_line' id='line_1_63' title="bbox 2304 378 3817 478; baseline 0 -4"><span class='ocrx_word' id='word_1_483' title='bbox 2304 419 2607 478; x_wconf 66' lang='lat' dir='ltr'><strong>l‘ZPlSt&#39;Ol’t</strong></span> <span class='ocrx_word' id='word_1_484' title='bbox 2784 378 2789 383; x_wconf 29' lang='lat'>&#39;</span> <span class='ocrx_word' id='word_1_485' title='bbox 3723 414 3817 474; x_wconf 73' lang='lat'><strong>303</strong></span> 
     </span>
    </p>
   </div>
   <div class='ocr_carea' id='block_1_63' title="bbox 2260 526 3816 607">
    <p class='ocr_par' dir='ltr' id='par_1_63' title="bbox 2260 526 3816 607">
     <span class='ocr_line' id='line_1_64' title="bbox 2260 526 3816 607; baseline 0 -23"><span class='ocrx_word' id='word_1_486' title='bbox 2260 534 2542 607; x_wconf 85' lang='lat' dir='ltr'><strong>quemdam</strong></span> <span class='ocrx_word' id='word_1_487' title='bbox 2573 532 2708 601; x_wconf 78' lang='lat' dir='ltr'><strong>Gctlt</strong></span> <span class='ocrx_word' id='word_1_488' title='bbox 2728 576 2740 599; x_wconf 91' lang='lat'><strong>,</strong></span> <span class='ocrx_word' id='word_1_489' title='bbox 2773 531 2986 588; x_wconf 88' lang='lat' dir='ltr'><strong>nomine</strong></span> <span class='ocrx_word' id='word_1_490' title='bbox 3021 529 3203 595; x_wconf 69' lang='lat' dir='ltr'><strong>Atthis.</strong></span> <span class='ocrx_word' id='word_1_491' title='bbox 3242 528 3347 584; x_wconf 84' lang='lat' dir='ltr'><strong>Sed</strong></span> <span class='ocrx_word' id='word_1_492' title='bbox 3377 543 3496 584; x_wconf 91' lang='lat' dir='ltr'><strong>cum</strong></span> <span class='ocrx_word' id='word_1_493' title='bbox 3528 526 3684 600; x_wconf 77' lang='lat' dir='ltr'><strong>gloria</strong></span> <span class='ocrx_word' id='word_1_494' title='bbox 3714 529 3816 600; x_wconf 82' lang='lat' dir='ltr'><strong>ejus</strong></span> 
     </span>
    </p>
   </div>
   <div class='ocr_carea' id='block_1_64' title="bbox 2261 606 3818 692">
    <p class='ocr_par' dir='ltr' id='par_1_64' title="bbox 2261 606 3818 692">
     <span class='ocr_line' id='line_1_65' title="bbox 2261 606 3818 692; baseline -0.003 -12"><span class='ocrx_word' id='word_1_495' title='bbox 2261 606 2331 682; x_wconf 90' lang='lat' dir='ltr'><strong>ibi</strong></span> <span class='ocrx_word' id='word_1_496' title='bbox 2360 623 2543 682; x_wconf 87' lang='lat' dir='ltr'><strong>fuisset</strong></span> <span class='ocrx_word' id='word_1_497' title='bbox 2566 606 3008 689; x_wconf 84' lang='lat' dir='ltr'><strong>commemorata,</strong></span> <span class='ocrx_word' id='word_1_498' title='bbox 3034 637 3100 677; x_wconf 89' lang='lat' dir='ltr'><strong>ne</strong></span> <span class='ocrx_word' id='word_1_499' title='bbox 3125 636 3220 692; x_wconf 88' lang='lat' dir='ltr'><strong>per</strong></span> <span class='ocrx_word' id='word_1_500' title='bbox 3243 620 3462 675; x_wconf 88' lang='lat' dir='ltr'><strong>livorem</strong></span> <span class='ocrx_word' id='word_1_501' title='bbox 3488 618 3530 674; x_wconf 78' lang='lat' dir='ltr'><strong>it</strong></span> <span class='ocrx_word' id='word_1_502' title='bbox 3543 635 3625 674; x_wconf 91' lang='lat' dir='ltr'><strong>em</strong></span> <span class='ocrx_word' id='word_1_503' title='bbox 3651 635 3735 674; x_wconf 78' lang='lat' dir='ltr'><strong>rex</strong></span> <span class='ocrx_word' id='word_1_504' title='bbox 3761 620 3818 676; x_wconf 84' lang='lat' dir='ltr'><strong>ad</strong></span> 
     </span>
    </p>
   </div>
   <div class='ocr_carea' id='block_1_65' title="bbox 2259 711 3823 789">
    <p class='ocr_par' dir='ltr' id='par_1_65' title="bbox 2259 711 3823 789">
     <span class='ocr_line' id='line_1_66' title="bbox 2259 711 3823 789; baseline -0.003 -18"><span class='ocrx_word' id='word_1_505' title='bbox 2259 733 2418 789; x_wconf 90' lang='lat' dir='ltr'><strong>quem</strong></span> <span class='ocrx_word' id='word_1_506' title='bbox 2448 716 2773 786; x_wconf 79' lang='lat' dir='ltr'><strong>confugerat,</strong></span> <span class='ocrx_word' id='word_1_507' title='bbox 2804 714 2998 784; x_wconf 86' lang='lat' dir='ltr'><strong>aliquid</strong></span> <span class='ocrx_word' id='word_1_508' title='bbox 3026 714 3078 768; x_wconf 93' lang='lat' dir='ltr'><strong>in</strong></span> <span class='ocrx_word' id='word_1_509' title='bbox 3103 730 3224 770; x_wconf 90' lang='lat' dir='ltr'><strong>eum</strong></span> <span class='ocrx_word' id='word_1_510' title='bbox 3255 711 3660 781; x_wconf 73' lang='lat' dir='ltr'><strong>machinare-tur,</strong></span> <span class='ocrx_word' id='word_1_511' title='bbox 3688 711 3823 767; x_wconf 79' lang='lat' dir='ltr'><strong>finxit</strong></span> 
     </span>
    </p>
   </div>
   <div class='ocr_carea' id='block_1_66' title="bbox 2261 804 3823 877">
    <p class='ocr_par' dir='ltr' id='par_1_66' title="bbox 2261 804 3823 877">
     <span class='ocr_line' id='line_1_67' title="bbox 2261 804 3823 877; baseline -0.003 -17"><span class='ocrx_word' id='word_1_512' title='bbox 2261 806 2522 862; x_wconf 86' lang='lat' dir='ltr'><strong>insaniam</strong></span> <span class='ocrx_word' id='word_1_513' title='bbox 2544 848 2559 874; x_wconf 87' lang='lat'><strong>,</strong></span> <span class='ocrx_word' id='word_1_514' title='bbox 2588 818 2641 862; x_wconf 92' lang='lat' dir='ltr'><strong>et</strong></span> <span class='ocrx_word' id='word_1_515' title='bbox 2666 806 2816 877; x_wconf 89' lang='lat' dir='ltr'><strong>quasi</strong></span> <span class='ocrx_word' id='word_1_516' title='bbox 2859 806 3037 860; x_wconf 91' lang='lat' dir='ltr'><strong>furore</strong></span> <span class='ocrx_word' id='word_1_517' title='bbox 3074 814 3350 873; x_wconf 86' lang='lat' dir='ltr'><strong>correptus</strong></span> <span class='ocrx_word' id='word_1_518' title='bbox 3374 845 3391 870; x_wconf 89' lang='lat'><strong>,</strong></span> <span class='ocrx_word' id='word_1_519' title='bbox 3420 804 3620 856; x_wconf 81' lang='lat' dir='ltr'><strong>mutarit</strong></span> <span class='ocrx_word' id='word_1_520' title='bbox 3652 805 3823 857; x_wconf 82' lang='lat' dir='ltr'><strong>vultum</strong></span> 
     </span>
    </p>
   </div>
   <div class='ocr_carea' id='block_1_67' title="bbox 2261 891 3825 964">
    <p class='ocr_par' dir='ltr' id='par_1_67' title="bbox 2261 891 3825 964">
     <span class='ocr_line' id='line_1_68' title="bbox 2261 891 3825 964; baseline -0.004 -13"><span class='ocrx_word' id='word_1_521' title='bbox 2261 911 2428 959; x_wconf 76' lang='lat' dir='ltr'><strong>suum,</strong></span> <span class='ocrx_word' id='word_1_522' title='bbox 2461 905 2524 959; x_wconf 90' lang='lat' dir='ltr'><strong>et,</strong></span> <span class='ocrx_word' id='word_1_523' title='bbox 2559 896 2695 957; x_wconf 81' lang='lat' dir='ltr'><strong>sicut</strong></span> <span class='ocrx_word' id='word_1_524' title='bbox 2722 895 2963 964; x_wconf 76' lang='lat' dir='ltr'><strong>legimus,</strong></span> <span class='ocrx_word' id='word_1_525' title='bbox 2990 891 3277 961; x_wconf 58' lang='lat' dir='ltr'><strong>allectabat,</strong></span> <span class='ocrx_word' id='word_1_526' title='bbox 3307 902 3352 947; x_wconf 92' lang='lat' dir='ltr'><strong>et</strong></span> <span class='ocrx_word' id='word_1_527' title='bbox 3380 892 3740 963; x_wconf 80' lang='lat' dir='ltr'><strong>tgmpanizabat</strong></span> <span class='ocrx_word' id='word_1_528' title='bbox 3766 894 3825 944; x_wconf 90' lang='lat' dir='ltr'><strong>ad</strong></span> 
     </span>
    </p>
   </div>
   <div class='ocr_carea' id='block_1_68' title="bbox 2263 984 3827 1058">
    <p class='ocr_par' dir='ltr' id='par_1_68' title="bbox 2263 984 3827 1058">
     <span class='ocr_line' id='line_1_69' title="bbox 2263 984 3827 1058; baseline -0.003 -16"><span class='ocrx_word' id='word_1_529' title='bbox 2263 988 2393 1043; x_wconf 85' lang='lat' dir='ltr'><strong>ostia</strong></span> <span class='ocrx_word' id='word_1_530' title='bbox 2418 987 2657 1052; x_wconf 82' lang='lat' dir='ltr'><strong>civitatis,</strong></span> <span class='ocrx_word' id='word_1_531' title='bbox 2690 995 2735 1040; x_wconf 92' lang='lat' dir='ltr'><strong>et</strong></span> <span class='ocrx_word' id='word_1_532' title='bbox 2762 987 3013 1058; x_wconf 78' lang='lat' dir='ltr'><strong>ferebatur</strong></span> <span class='ocrx_word' id='word_1_533' title='bbox 3037 986 3091 1041; x_wconf 84' lang='lat' dir='ltr'><strong>in</strong></span> <span class='ocrx_word' id='word_1_534' title='bbox 3118 985 3348 1053; x_wconf 75' lang='lat' dir='ltr'><strong>manibus</strong></span> <span class='ocrx_word' id='word_1_535' title='bbox 3376 987 3512 1052; x_wconf 87' lang='lat' dir='ltr'><strong>suis,</strong></span> <span class='ocrx_word' id='word_1_536' title='bbox 3543 994 3588 1038; x_wconf 86' lang='lat' dir='ltr'><strong>et</strong></span> <span class='ocrx_word' id='word_1_537' title='bbox 3616 984 3827 1054; x_wconf 82' lang='lat' dir='ltr'><strong>procide-</strong></span> 
     </span>
    </p>
   </div>
   <div class='ocr_carea' id='block_1_69' title="bbox 2266 1074 3828 1146">
    <p class='ocr_par' dir='ltr' id='par_1_69' title="bbox 2266 1074 3828 1146">
     <span class='ocr_line' id='line_1_70' title="bbox 2266 1074 3828 1146; baseline -0.002 -16"><span class='ocrx_word' id='word_1_538' title='bbox 2266 1076 2349 1130; x_wconf 89' lang='lat' dir='ltr'><strong>bat</strong></span> <span class='ocrx_word' id='word_1_539' title='bbox 2378 1076 2446 1131; x_wconf 91' lang='lat' dir='ltr'><strong>ad</strong></span> <span class='ocrx_word' id='word_1_540' title='bbox 2472 1076 2600 1130; x_wconf 89' lang='lat' dir='ltr'><strong>ostia</strong></span> <span class='ocrx_word' id='word_1_541' title='bbox 2625 1085 2805 1146; x_wconf 70' lang='lat' dir='ltr'><strong>portas.</strong></span> <span class='ocrx_word' id='word_1_542' title='bbox 2836 1074 2901 1130; x_wconf 82' lang='lat' dir='ltr'><strong>Et</strong></span> <span class='ocrx_word' id='word_1_543' title='bbox 2930 1076 3059 1131; x_wconf 71' lang='lat' dir='ltr'><strong>dixit</strong></span> <span class='ocrx_word' id='word_1_544' title='bbox 3091 1091 3182 1130; x_wconf 75' lang='lat' dir='ltr'><strong>rea:</strong></span> <span class='ocrx_word' id='word_1_545' title='bbox 3210 1075 3364 1131; x_wconf 75' lang='lat' dir='ltr'><strong>Arius</strong></span> <span class='ocrx_word' id='word_1_546' title='bbox 3390 1090 3409 1128; x_wconf 92' lang='lat'><strong><em>:</em></strong></span> <span class='ocrx_word' id='word_1_547' title='bbox 3440 1074 3572 1141; x_wconf 80' lang='lat' dir='ltr'><strong>Quid</strong></span> <span class='ocrx_word' id='word_1_548' title='bbox 3598 1074 3690 1127; x_wconf 83' lang='lat' dir='ltr'><strong>huc</strong></span> <span class='ocrx_word' id='word_1_549' title='bbox 3717 1075 3828 1127; x_wconf 83' lang='lat' dir='ltr'><strong>mihi</strong></span> 
     </span>
    </p>
   </div>
   <div class='ocr_carea' id='block_1_70' title="bbox 2265 1164 3828 1237">
    <p class='ocr_par' dir='ltr' id='par_1_70' title="bbox 2265 1164 3828 1237">
     <span class='ocr_line' id='line_1_71' title="bbox 2265 1164 3828 1237; baseline -0.003 -17"><span class='ocrx_word' id='word_1_550' title='bbox 2265 1167 2550 1221; x_wconf 75' lang='lat' dir='ltr'><strong>adduxistis</strong></span> <span class='ocrx_word' id='word_1_551' title='bbox 2573 1168 2720 1221; x_wconf 85' lang='lat' dir='ltr'><strong>istum</strong></span> <span class='ocrx_word' id='word_1_552' title='bbox 2732 1167 2758 1220; x_wconf 81' lang='lat'><strong>.’</strong></span> <span class='ocrx_word' id='word_1_553' title='bbox 2787 1164 3045 1231; x_wconf 85' lang='lat' dir='ltr'><strong>Numquid</strong></span> <span class='ocrx_word' id='word_1_554' title='bbox 3062 1166 3375 1236; x_wconf 83' lang='lat' dir='ltr'><strong>arreptitium</strong></span> <span class='ocrx_word' id='word_1_555' title='bbox 3395 1181 3485 1237; x_wconf 86' lang='lat' dir='ltr'><strong>ego</strong></span> <span class='ocrx_word' id='word_1_556' title='bbox 3505 1180 3629 1233; x_wconf 81' lang='lat' dir='ltr'><strong>Opus</strong></span> <span class='ocrx_word' id='word_1_557' title='bbox 3647 1164 3791 1217; x_wconf 78' lang='lat' dir='ltr'><strong>habeo</strong></span> <span class='ocrx_word' id='word_1_558' title='bbox 3807 1164 3828 1215; x_wconf 77' lang='lat'><strong>1’</strong></span> 
     </span>
    </p>
   </div>
   <div class='ocr_carea' id='block_1_71' title="bbox 2267 1252 3829 1329">
    <p class='ocr_par' dir='ltr' id='par_1_71' title="bbox 2267 1252 3829 1329">
     <span class='ocr_line' id='line_1_72' title="bbox 2267 1252 3829 1329; baseline -0.004 -16"><span class='ocrx_word' id='word_1_559' title='bbox 2267 1257 2336 1313; x_wconf 81' lang='lat' dir='ltr'><strong>Et</strong></span> <span class='ocrx_word' id='word_1_560' title='bbox 2369 1259 2447 1314; x_wconf 91' lang='lat' dir='ltr'><strong>sic</strong></span> <span class='ocrx_word' id='word_1_561' title='bbox 2478 1273 2600 1313; x_wconf 91' lang='lat' dir='ltr'><strong>eum</strong></span> <span class='ocrx_word' id='word_1_562' title='bbox 2631 1256 2864 1329; x_wconf 77' lang='lat' dir='ltr'><strong>dimisit,</strong></span> <span class='ocrx_word' id='word_1_563' title='bbox 2896 1264 2954 1312; x_wconf 89' lang='lat' dir='ltr'><strong>ut</strong></span> <span class='ocrx_word' id='word_1_564' title='bbox 2991 1256 3271 1326; x_wconf 85' lang='lat' dir='ltr'><strong>impleatur</strong></span> <span class='ocrx_word' id='word_1_565' title='bbox 3300 1252 3442 1326; x_wconf 85' lang='lat' dir='ltr'><strong>quod</strong></span> <span class='ocrx_word' id='word_1_566' title='bbox 3473 1253 3559 1316; x_wconf 86' lang='lat' dir='ltr'><strong>hic</strong></span> <span class='ocrx_word' id='word_1_567' title='bbox 3591 1254 3829 1324; x_wconf 88' lang='lat' dir='ltr'><strong>scriptum</strong></span> 
     </span>
    </p>
   </div>
   <div class='ocr_carea' id='block_1_72' title="bbox 2256 1344 3830 1416">
    <p class='ocr_par' dir='ltr' id='par_1_72' title="bbox 2256 1344 3830 1416">
     <span class='ocr_line' id='line_1_73' title="bbox 2256 1344 3830 1416; baseline -0.005 -11"><span class='ocrx_word' id='word_1_568' title='bbox 2256 1348 2367 1416; x_wconf 79' lang='lat' dir='ltr'><strong>est,</strong></span> <span class='ocrx_word' id='word_1_569' title='bbox 2402 1346 2617 1403; x_wconf 69' lang='lat' dir='ltr'><strong>Mutavit</strong></span> <span class='ocrx_word' id='word_1_570' title='bbox 2644 1349 2835 1404; x_wconf 79' lang='lat' dir='ltr'><strong>cultum</strong></span> <span class='ocrx_word' id='word_1_571' title='bbox 2863 1363 3029 1414; x_wconf 80' lang='lat' dir='ltr'><strong>suum,</strong></span> <span class='ocrx_word' id='word_1_572' title='bbox 3060 1356 3107 1406; x_wconf 76' lang='lat' dir='ltr'><strong>et</strong></span> <span class='ocrx_word' id='word_1_573' title='bbox 3143 1347 3330 1401; x_wconf 86' lang='lat' dir='ltr'><strong>dimisit</strong></span> <span class='ocrx_word' id='word_1_574' title='bbox 3357 1362 3490 1411; x_wconf 88' lang='lat' dir='ltr'><strong>eum,</strong></span> <span class='ocrx_word' id='word_1_575' title='bbox 3517 1354 3562 1399; x_wconf 91' lang='lat' dir='ltr'><strong>et</strong></span> <span class='ocrx_word' id='word_1_576' title='bbox 3589 1344 3722 1398; x_wconf 86' lang='lat' dir='ltr'><strong>abiit.</strong></span> <span class='ocrx_word' id='word_1_577' title='bbox 3752 1344 3830 1398; x_wconf 88' lang='lat' dir='ltr'><strong>Di-</strong></span> 
     </span>
    </p>
   </div>
   <div class='ocr_carea' id='block_1_73' title="bbox 2267 1435 3830 1508">
    <p class='ocr_par' dir='ltr' id='par_1_73' title="bbox 2267 1435 3830 1508">
     <span class='ocr_line' id='line_1_74' title="bbox 2267 1435 3830 1508; baseline -0.003 -13"><span class='ocrx_word' id='word_1_578' title='bbox 2267 1439 2413 1495; x_wconf 91' lang='lat' dir='ltr'><strong>misit</strong></span> <span class='ocrx_word' id='word_1_579' title='bbox 2450 1448 2628 1494; x_wconf 90' lang='lat' dir='ltr'><strong>autem</strong></span> <span class='ocrx_word' id='word_1_580' title='bbox 2667 1453 2845 1508; x_wconf 87' lang='lat' dir='ltr'><strong>regem</strong></span> <span class='ocrx_word' id='word_1_581' title='bbox 2878 1437 3039 1493; x_wconf 87' lang='lat' dir='ltr'><strong>Achis</strong></span> <span class='ocrx_word' id='word_1_582' title='bbox 3066 1455 3081 1492; x_wconf 87' lang='lat'><strong>:</strong></span> <span class='ocrx_word' id='word_1_583' title='bbox 3108 1437 3196 1492; x_wconf 91' lang='lat' dir='ltr'><strong>hic</strong></span> <span class='ocrx_word' id='word_1_584' title='bbox 3220 1452 3346 1492; x_wconf 86' lang='lat' dir='ltr'><strong>vero</strong></span> <span class='ocrx_word' id='word_1_585' title='bbox 3373 1435 3568 1491; x_wconf 91' lang='lat' dir='ltr'><strong>dictum</strong></span> <span class='ocrx_word' id='word_1_586' title='bbox 3596 1444 3674 1490; x_wconf 88' lang='lat' dir='ltr'><strong>est</strong></span> <span class='ocrx_word' id='word_1_587' title='bbox 3701 1435 3830 1504; x_wconf 83' lang='lat' dir='ltr'><strong>quod</strong></span> 
     </span>
    </p>
   </div>
   <div class='ocr_carea' id='block_1_74' title="bbox 2267 1527 3830 1595">
    <p class='ocr_par' dir='ltr' id='par_1_74' title="bbox 2267 1527 3830 1595">
     <span class='ocr_line' id='line_1_75' title="bbox 2267 1527 3830 1595; baseline -0.004 -9"><span class='ocrx_word' id='word_1_588' title='bbox 2267 1533 2478 1587; x_wconf 83' lang='lat' dir='ltr'><strong>mutavit</strong></span> <span class='ocrx_word' id='word_1_589' title='bbox 2501 1531 2693 1585; x_wconf 83' lang='lat' dir='ltr'><strong>vultum</strong></span> <span class='ocrx_word' id='word_1_590' title='bbox 2718 1547 2864 1585; x_wconf 83' lang='lat' dir='ltr'><strong>suum</strong></span> <span class='ocrx_word' id='word_1_591' title='bbox 2891 1545 3063 1595; x_wconf 79' lang='lat' dir='ltr'><strong>raram</strong></span> <span class='ocrx_word' id='word_1_592' title='bbox 3092 1528 3397 1594; x_wconf 79' lang='lat' dir='ltr'><strong>Abimeleclt,</strong></span> <span class='ocrx_word' id='word_1_593' title='bbox 3425 1537 3473 1582; x_wconf 84' lang='lat' dir='ltr'><strong>et</strong></span> <span class='ocrx_word' id='word_1_594' title='bbox 3501 1527 3686 1581; x_wconf 88' lang='lat' dir='ltr'><strong>dimisit</strong></span> <span class='ocrx_word' id='word_1_595' title='bbox 3710 1543 3830 1592; x_wconf 69' lang='lat' dir='ltr'><strong>enin,</strong></span> 
     </span>
    </p>
   </div>
   <div class='ocr_carea' id='block_1_75' title="bbox 2268 1620 3834 1685">
    <p class='ocr_par' dir='ltr' id='par_1_75' title="bbox 2268 1620 3834 1685">
     <span class='ocr_line' id='line_1_76' title="bbox 2268 1620 3834 1685; baseline -0.003 -7"><span class='ocrx_word' id='word_1_596' title='bbox 2268 1632 2315 1678; x_wconf 92' lang='lat' dir='ltr'><strong>et</strong></span> <span class='ocrx_word' id='word_1_597' title='bbox 2339 1622 2481 1676; x_wconf 88' lang='lat' dir='ltr'><strong>abiit.</strong></span> <span class='ocrx_word' id='word_1_598' title='bbox 2503 1622 2743 1677; x_wconf 78' lang='lat' dir='ltr'><strong>Diximus</strong></span> <span class='ocrx_word' id='word_1_599' title='bbox 2766 1631 2941 1678; x_wconf 89' lang='lat' dir='ltr'><strong>autem</strong></span> <span class='ocrx_word' id='word_1_600' title='bbox 2968 1620 3181 1679; x_wconf 87' lang='lat' dir='ltr'><strong>nomina</strong></span> <span class='ocrx_word' id='word_1_601' title='bbox 3208 1628 3405 1675; x_wconf 88' lang='lat' dir='ltr'><strong>mutata</strong></span> <span class='ocrx_word' id='word_1_602' title='bbox 3429 1634 3569 1685; x_wconf 88' lang='lat' dir='ltr'><strong>esse,</strong></span> <span class='ocrx_word' id='word_1_603' title='bbox 3595 1627 3649 1672; x_wconf 92' lang='lat' dir='ltr'><strong>ut</strong></span> <span class='ocrx_word' id='word_1_604' title='bbox 3672 1632 3834 1673; x_wconf 71' lang='lat' dir='ltr'><strong>sacra-</strong></span> 
     </span>
    </p>
   </div>
   <div class='ocr_carea' id='block_1_76' title="bbox 2266 1708 3831 1778">
    <p class='ocr_par' dir='ltr' id='par_1_76' title="bbox 2266 1708 3831 1778">
     <span class='ocr_line' id='line_1_77' title="bbox 2266 1708 3831 1778; baseline -0.005 -10"><span class='ocrx_word' id='word_1_605' title='bbox 2266 1721 2505 1776; x_wconf 85' lang='lat' dir='ltr'><strong>mentum</strong></span> <span class='ocrx_word' id='word_1_606' title='bbox 2539 1711 2910 1773; x_wconf 87' lang='lat' dir='ltr'><strong>ostenderetur</strong></span> <span class='ocrx_word' id='word_1_607' title='bbox 2938 1728 2951 1764; x_wconf 88' lang='lat'><strong>:</strong></span> <span class='ocrx_word' id='word_1_608' title='bbox 2985 1724 3053 1767; x_wconf 84' lang='lat' dir='ltr'><strong>ne</strong></span> <span class='ocrx_word' id='word_1_609' title='bbox 3079 1710 3123 1765; x_wconf 91' lang='lat' dir='ltr'><strong>si</strong></span> <span class='ocrx_word' id='word_1_610' title='bbox 3154 1709 3294 1765; x_wconf 89' lang='lat' dir='ltr'><strong>idem</strong></span> <span class='ocrx_word' id='word_1_611' title='bbox 3335 1723 3528 1767; x_wconf 86' lang='lat' dir='ltr'><strong>nomen</strong></span> <span class='ocrx_word' id='word_1_612' title='bbox 3566 1708 3831 1778; x_wconf 90' lang='lat' dir='ltr'><strong>repetitum</strong></span> 
     </span>
    </p>
   </div>
   <div class='ocr_carea' id='block_1_77' title="bbox 2268 1798 3835 1873">
    <p class='ocr_par' dir='ltr' id='par_1_77' title="bbox 2268 1798 3835 1873">
     <span class='ocr_line' id='line_1_78' title="bbox 2268 1798 3835 1873; baseline -0.004 -12"><span class='ocrx_word' id='word_1_613' title='bbox 2268 1814 2414 1861; x_wconf 88' lang='lat' dir='ltr'><strong>esset</strong></span> <span class='ocrx_word' id='word_1_614' title='bbox 2442 1803 2494 1858; x_wconf 89' lang='lat' dir='ltr'><strong>in</strong></span> <span class='ocrx_word' id='word_1_615' title='bbox 2527 1802 2679 1858; x_wconf 88' lang='lat' dir='ltr'><strong>titulo</strong></span> <span class='ocrx_word' id='word_1_616' title='bbox 2707 1802 2921 1873; x_wconf 72' lang='lat' dir='ltr'><strong>Psalmi,</strong></span> <span class='ocrx_word' id='word_1_617' title='bbox 2957 1818 3060 1857; x_wconf 89' lang='lat' dir='ltr'><strong>non</strong></span> <span class='ocrx_word' id='word_1_618' title='bbox 3091 1801 3244 1857; x_wconf 88' lang='lat' dir='ltr'><strong>nobis</strong></span> <span class='ocrx_word' id='word_1_619' title='bbox 3284 1800 3629 1872; x_wconf 80' lang='lat' dir='ltr'><strong>pr0phetasse</strong></span> <span class='ocrx_word' id='word_1_620' title='bbox 3655 1798 3835 1870; x_wconf 75' lang='lat' dir='ltr'><strong>aliquid</strong></span> 
     </span>
    </p>
   </div>
   <div class='ocr_carea' id='block_1_78' title="bbox 2271 1890 3832 1965">
    <p class='ocr_par' dir='ltr' id='par_1_78' title="bbox 2271 1890 3832 1965">
     <span class='ocr_line' id='line_1_79' title="bbox 2271 1890 3832 1965; baseline -0.005 -13"><span class='ocrx_word' id='word_1_621' title='bbox 2271 1896 2324 1952; x_wconf 92' lang='lat' dir='ltr'><strong>in</strong></span> <span class='ocrx_word' id='word_1_622' title='bbox 2366 1904 2735 1962; x_wconf 89' lang='lat' dir='ltr'><strong>sacramento,</strong></span> <span class='ocrx_word' id='word_1_623' title='bbox 2777 1894 2872 1950; x_wconf 89' lang='lat' dir='ltr'><strong>sed</strong></span> <span class='ocrx_word' id='word_1_624' title='bbox 2912 1896 3061 1965; x_wconf 91' lang='lat' dir='ltr'><strong>quasi</strong></span> <span class='ocrx_word' id='word_1_625' title='bbox 3096 1903 3246 1965; x_wconf 81' lang='lat' dir='ltr'><strong>gesta</strong></span> <span class='ocrx_word' id='word_1_626' title='bbox 3288 1907 3533 1957; x_wconf 83' lang='lat' dir='ltr'><strong>narrasse</strong></span> <span class='ocrx_word' id='word_1_627' title='bbox 3562 1890 3832 1946; x_wconf 84' lang='lat' dir='ltr'><strong>videretur.</strong></span> 
     </span>
    </p>
   </div>
   <div class='ocr_carea' id='block_1_79' title="bbox 2270 1986 3835 2059">
    <p class='ocr_par' dir='ltr' id='par_1_79' title="bbox 2270 1986 3835 2059">
     <span class='ocr_line' id='line_1_80' title="bbox 2270 1986 3835 2059; baseline -0.004 -14"><span class='ocrx_word' id='word_1_628' title='bbox 2270 1987 2567 2059; x_wconf 85' lang='lat' dir='ltr'><strong>Utrumque</strong></span> <span class='ocrx_word' id='word_1_629' title='bbox 2593 2002 2722 2058; x_wconf 89' lang='lat' dir='ltr'><strong>ergo</strong></span> <span class='ocrx_word' id='word_1_630' title='bbox 2767 2002 2959 2043; x_wconf 91' lang='lat' dir='ltr'><strong>nomen</strong></span> <span class='ocrx_word' id='word_1_631' title='bbox 3003 2002 3249 2056; x_wconf 84' lang='lat' dir='ltr'><strong>magnum</strong></span> <span class='ocrx_word' id='word_1_632' title='bbox 3280 1986 3515 2041; x_wconf 87' lang='lat' dir='ltr'><strong>continet</strong></span> <span class='ocrx_word' id='word_1_633' title='bbox 3548 1999 3835 2040; x_wconf 81' lang='lat' dir='ltr'><strong>sacramen-</strong></span> 
     </span>
    </p>
   </div>
   <div class='ocr_carea' id='block_1_80' title="bbox 2271 2075 3839 2151">
    <p class='ocr_par' dir='ltr' id='par_1_80' title="bbox 2271 2075 3839 2151">
     <span class='ocr_line' id='line_1_81' title="bbox 2271 2075 3839 2151; baseline -0.003 -17"><span class='ocrx_word' id='word_1_634' title='bbox 2271 2087 2403 2134; x_wconf 90' lang='lat' dir='ltr'><strong>tum.</strong></span> <span class='ocrx_word' id='word_1_635' title='bbox 2429 2079 2561 2134; x_wconf 83' lang='lat' dir='ltr'><strong>Nam</strong></span> <span class='ocrx_word' id='word_1_636' title='bbox 2587 2079 2749 2136; x_wconf 88' lang='lat' dir='ltr'><strong>Achis</strong></span> <span class='ocrx_word' id='word_1_637' title='bbox 2775 2078 3167 2149; x_wconf 84' lang='lat' dir='ltr'><strong>interpretatur,</strong></span> <span class='ocrx_word' id='word_1_638' title='bbox 3194 2076 3470 2151; x_wconf 84' lang='lat' dir='ltr'><strong>Quomodo</strong></span> <span class='ocrx_word' id='word_1_639' title='bbox 3490 2085 3574 2132; x_wconf 85' lang='lat' dir='ltr'><strong>est</strong></span> <span class='ocrx_word' id='word_1_640' title='bbox 3601 2094 3614 2129; x_wconf 93' lang='lat'>:</span> <span class='ocrx_word' id='word_1_641' title='bbox 3642 2075 3839 2131; x_wconf 86' lang='lat' dir='ltr'><strong>Abimc-</strong></span> 
     </span>
    </p>
   </div>
   <div class='ocr_carea' id='block_1_81' title="bbox 2270 2154 3839 2240">
    <p class='ocr_par' dir='ltr' id='par_1_81' title="bbox 2270 2154 3839 2240">
     <span class='ocr_line' id='line_1_82' title="bbox 2270 2154 3839 2240; baseline -0.003 -15"><span class='ocrx_word' id='word_1_642' title='bbox 2270 2168 2389 2225; x_wconf 89' lang='lat' dir='ltr'><strong>lech</strong></span> <span class='ocrx_word' id='word_1_643' title='bbox 2429 2169 2826 2239; x_wconf 84' lang='lat' dir='ltr'><strong>interpretatur,</strong></span> <span class='ocrx_word' id='word_1_644' title='bbox 2856 2168 3029 2227; x_wconf 87' lang='lat' dir='ltr'><strong>Patris</strong></span> <span class='ocrx_word' id='word_1_645' title='bbox 3063 2168 3164 2224; x_wconf 91' lang='lat' dir='ltr'><strong>mei</strong></span> <span class='ocrx_word' id='word_1_646' title='bbox 3198 2154 3439 2240; x_wconf 70' lang='lat' dir='ltr'><strong>regnum.</strong></span> <span class='ocrx_word' id='word_1_647' title='bbox 3474 2166 3533 2223; x_wconf 85' lang='lat' dir='ltr'><strong>in</strong></span> <span class='ocrx_word' id='word_1_648' title='bbox 3568 2166 3659 2223; x_wconf 92' lang='lat' dir='ltr'><strong>illo</strong></span> <span class='ocrx_word' id='word_1_649' title='bbox 3691 2164 3839 2223; x_wconf 86' lang='lat' dir='ltr'><strong>verbo</strong></span> 
     </span>
    </p>
   </div>
   <div class='ocr_carea' id='block_1_82' title="bbox 2271 2246 3836 2336">
    <p class='ocr_par' dir='ltr' id='par_1_82' title="bbox 2271 2246 3836 2336">
     <span class='ocr_line' id='line_1_83' title="bbox 2271 2246 3836 2336; baseline -0.003 -21"><span class='ocrx_word' id='word_1_650' title='bbox 2271 2260 2412 2332; x_wconf 85' lang='lat' dir='ltr'><strong>quod</strong></span> <span class='ocrx_word' id='word_1_651' title='bbox 2440 2246 2659 2327; x_wconf 81' lang='lat' dir='ltr'><strong>dicitur,</strong></span> <span class='ocrx_word' id='word_1_652' title='bbox 2694 2260 2973 2336; x_wconf 87' lang='lat' dir='ltr'><strong>Quomodo</strong></span> <span class='ocrx_word' id='word_1_653' title='bbox 3010 2268 3125 2325; x_wconf 91' lang='lat' dir='ltr'><strong>est,</strong></span> <span class='ocrx_word' id='word_1_654' title='bbox 3170 2259 3462 2331; x_wconf 74' lang='lat' dir='ltr'><strong>ignorantia</strong></span> <span class='ocrx_word' id='word_1_655' title='bbox 3500 2257 3836 2330; x_wconf 86' lang='lat' dir='ltr'><strong>significatur,</strong></span> 
     </span>
    </p>
   </div>
   <div class='ocr_carea' id='block_1_83' title="bbox 2273 2346 3841 2421">
    <p class='ocr_par' dir='ltr' id='par_1_83' title="bbox 2273 2346 3841 2421">
     <span class='ocr_line' id='line_1_84' title="bbox 2273 2346 3841 2421; baseline -0.003 -15"><span class='ocrx_word' id='word_1_656' title='bbox 2273 2362 2331 2406; x_wconf 91' lang='lat' dir='ltr'><strong>ut</strong></span> <span class='ocrx_word' id='word_1_657' title='bbox 2356 2351 2575 2408; x_wconf 84' lang='lat' dir='ltr'><strong>verbum</strong></span> <span class='ocrx_word' id='word_1_658' title='bbox 2610 2351 2851 2406; x_wconf 88' lang='lat' dir='ltr'><strong>mirantis</strong></span> <span class='ocrx_word' id='word_1_659' title='bbox 2876 2359 2931 2406; x_wconf 89' lang='lat' dir='ltr'><strong>et</strong></span> <span class='ocrx_word' id='word_1_660' title='bbox 2959 2366 3065 2405; x_wconf 90' lang='lat' dir='ltr'><strong>non</strong></span> <span class='ocrx_word' id='word_1_661' title='bbox 3096 2351 3433 2421; x_wconf 80' lang='lat' dir='ltr'><strong>agnoscentis</strong></span> <span class='ocrx_word' id='word_1_662' title='bbox 3466 2350 3724 2419; x_wconf 84' lang='lat' dir='ltr'><strong>intelligas</strong></span> <span class='ocrx_word' id='word_1_663' title='bbox 3752 2365 3766 2402; x_wconf 88' lang='lat'><strong>:</strong></span> <span class='ocrx_word' id='word_1_664' title='bbox 3793 2346 3841 2401; x_wconf 90' lang='lat' dir='ltr'><strong>in</strong></span> 
     </span>
    </p>
   </div>
   <div class='ocr_carea' id='block_1_84' title="bbox 2274 2438 3838 2514">
    <p class='ocr_par' dir='ltr' id='par_1_84' title="bbox 2274 2438 3838 2514">
     <span class='ocr_line' id='line_1_85' title="bbox 2274 2438 3838 2514; baseline -0.003 -16"><span class='ocrx_word' id='word_1_665' title='bbox 2274 2443 2587 2499; x_wconf 84' lang='lat' dir='ltr'><strong>isto‘autem</strong></span> <span class='ocrx_word' id='word_1_666' title='bbox 2618 2441 2757 2514; x_wconf 91' lang='lat' dir='ltr'><strong>quod</strong></span> <span class='ocrx_word' id='word_1_667' title='bbox 2790 2442 2987 2498; x_wconf 91' lang='lat' dir='ltr'><strong>dicitur</strong></span> <span class='ocrx_word' id='word_1_668' title='bbox 3019 2441 3330 2497; x_wconf 86' lang='lat' dir='ltr'><strong>Abimelech</strong></span> <span class='ocrx_word' id='word_1_669' title='bbox 3350 2484 3365 2508; x_wconf 95' lang='lat'><strong>,</strong></span> <span class='ocrx_word' id='word_1_670' title='bbox 3397 2456 3619 2512; x_wconf 79' lang='lat' dir='ltr'><strong>regnum</strong></span> <span class='ocrx_word' id='word_1_671' title='bbox 3644 2438 3838 2495; x_wconf 63' lang='lat' dir='ltr'><strong>Iudaeo-</strong></span> 
     </span>
    </p>
   </div>
   <div class='ocr_carea' id='block_1_85' title="bbox 2272 2529 3840 2607">
    <p class='ocr_par' dir='ltr' id='par_1_85' title="bbox 2272 2529 3840 2607">
     <span class='ocr_line' id='line_1_86' title="bbox 2272 2529 3840 2607; baseline -0.004 -17"><span class='ocrx_word' id='word_1_672' title='bbox 2272 2550 2391 2590; x_wconf 91' lang='lat' dir='ltr'><strong>rum</strong></span> <span class='ocrx_word' id='word_1_673' title='bbox 2414 2534 2769 2607; x_wconf 83' lang='lat' dir='ltr'><strong>signiflcatur.‘</strong></span> <span class='ocrx_word' id='word_1_674' title='bbox 2786 2534 2870 2590; x_wconf 83' lang='lat' dir='ltr'><strong>Ex</strong></span> <span class='ocrx_word' id='word_1_675' title='bbox 2891 2533 3089 2590; x_wconf 89' lang='lat' dir='ltr'><strong>Christi</strong></span> <span class='ocrx_word' id='word_1_676' title='bbox 3115 2535 3255 2591; x_wconf 87' lang='lat' dir='ltr'><strong>enim</strong></span> <span class='ocrx_word' id='word_1_677' title='bbox 3282 2549 3506 2606; x_wconf 88' lang='lat' dir='ltr'><strong>persona</strong></span> <span class='ocrx_word' id='word_1_678' title='bbox 3537 2540 3708 2605; x_wconf 89' lang='lat' dir='ltr'><strong>potest</strong></span> <span class='ocrx_word' id='word_1_679' title='bbox 3728 2529 3840 2597; x_wconf 90' lang='lat' dir='ltr'><strong>dici,</strong></span> 
     </span>
    </p>
   </div>
   <div class='ocr_carea' id='block_1_86' title="bbox 2275 2624 3841 2697">
    <p class='ocr_par' dir='ltr' id='par_1_86' title="bbox 2275 2624 3841 2697">
     <span class='ocr_line' id='line_1_87' title="bbox 2275 2624 3841 2697; baseline -0.003 -16"><span class='ocrx_word' id='word_1_680' title='bbox 2275 2624 2447 2691; x_wconf 85' lang='lat' dir='ltr'><strong>Patris</strong></span> <span class='ocrx_word' id='word_1_681' title='bbox 2475 2626 2577 2683; x_wconf 90' lang='lat' dir='ltr'><strong>mei</strong></span> <span class='ocrx_word' id='word_1_682' title='bbox 2608 2641 2866 2697; x_wconf 82' lang='lat' dir='ltr'><strong>regnum;</strong></span> <span class='ocrx_word' id='word_1_683' title='bbox 2897 2626 3019 2697; x_wconf 85' lang='lat' dir='ltr'><strong>quia</strong></span> <span class='ocrx_word' id='word_1_684' title='bbox 3050 2636 3199 2697; x_wconf 88' lang='lat' dir='ltr'><strong>pater</strong></span> <span class='ocrx_word' id='word_1_685' title='bbox 3226 2626 3391 2696; x_wconf 87' lang='lat' dir='ltr'><strong>ipsius</strong></span> <span class='ocrx_word' id='word_1_686' title='bbox 3416 2626 3709 2682; x_wconf 90' lang='lat' dir='ltr'><strong>secundum</strong></span> <span class='ocrx_word' id='word_1_687' title='bbox 3734 2638 3841 2679; x_wconf 82' lang='lat' dir='ltr'><strong>ear-</strong></span> 
     </span>
    </p>
   </div>
   <div class='ocr_carea' id='block_1_87' title="bbox 2275 2714 3841 2788">
    <p class='ocr_par' dir='ltr' id='par_1_87' title="bbox 2275 2714 3841 2788">
     <span class='ocr_line' id='line_1_88' title="bbox 2275 2714 3841 2788; baseline -0.002 -17"><span class='ocrx_word' id='word_1_688' title='bbox 2275 2730 2420 2782; x_wconf 89' lang='lat' dir='ltr'><strong>ncm,</strong></span> <span class='ocrx_word' id='word_1_689' title='bbox 2453 2715 2647 2785; x_wconf 82' lang='lat' dir='ltr'><strong>David;</strong></span> <span class='ocrx_word' id='word_1_690' title='bbox 2674 2724 2729 2772; x_wconf 93' lang='lat' dir='ltr'><strong>et</strong></span> <span class='ocrx_word' id='word_1_691' title='bbox 2761 2731 2981 2787; x_wconf 79' lang='lat' dir='ltr'><strong>regnum</strong></span> <span class='ocrx_word' id='word_1_692' title='bbox 3015 2716 3177 2771; x_wconf 89' lang='lat' dir='ltr'><strong>David</strong></span> <span class='ocrx_word' id='word_1_693' title='bbox 3215 2727 3331 2773; x_wconf 89' lang='lat' dir='ltr'><strong>erat</strong></span> <span class='ocrx_word' id='word_1_694' title='bbox 3364 2717 3417 2773; x_wconf 91' lang='lat' dir='ltr'><strong>in</strong></span> <span class='ocrx_word' id='word_1_695' title='bbox 3453 2728 3615 2788; x_wconf 87' lang='lat' dir='ltr'><strong>gente</strong></span> <span class='ocrx_word' id='word_1_696' title='bbox 3646 2714 3841 2771; x_wconf 67' lang='lat' dir='ltr'><strong>Iudaeo-</strong></span> 
     </span>
    </p>
   </div>
   <div class='ocr_carea' id='block_1_88' title="bbox 2276 2803 3845 2882">
    <p class='ocr_par' dir='ltr' id='par_1_88' title="bbox 2276 2803 3845 2882">
     <span class='ocr_line' id='line_1_89' title="bbox 2276 2803 3845 2882; baseline -0.002 -21"><span class='ocrx_word' id='word_1_697' title='bbox 2276 2820 2418 2862; x_wconf 90' lang='lat' dir='ltr'><strong>rum.</strong></span> <span class='ocrx_word' id='word_1_698' title='bbox 2456 2803 2647 2861; x_wconf 90' lang='lat' dir='ltr'><strong>Coram</strong></span> <span class='ocrx_word' id='word_1_699' title='bbox 2700 2821 2866 2878; x_wconf 89' lang='lat' dir='ltr'><strong>regno</strong></span> <span class='ocrx_word' id='word_1_700' title='bbox 2911 2823 3041 2879; x_wconf 89' lang='lat' dir='ltr'><strong>ergo</strong></span> <span class='ocrx_word' id='word_1_701' title='bbox 3089 2809 3253 2879; x_wconf 85' lang='lat' dir='ltr'><strong>patris</strong></span> <span class='ocrx_word' id='word_1_702' title='bbox 3295 2808 3378 2864; x_wconf 91' lang='lat' dir='ltr'><strong>sui</strong></span> <span class='ocrx_word' id='word_1_703' title='bbox 3418 2809 3631 2882; x_wconf 76' lang='lat' dir='ltr'><strong>mutavit</strong></span> <span class='ocrx_word' id='word_1_704' title='bbox 3671 2805 3845 2861; x_wconf 74' lang='lat' dir='ltr'><strong>vultum</strong></span> 
     </span>
    </p>
   </div>
   <div class='ocr_carea' id='block_1_89' title="bbox 2275 2898 3843 2973">
    <p class='ocr_par' dir='ltr' id='par_1_89' title="bbox 2275 2898 3843 2973">
     <span class='ocr_line' id='line_1_90' title="bbox 2275 2898 3843 2973; baseline -0.001 -20"><span class='ocrx_word' id='word_1_705' title='bbox 2275 2915 2445 2966; x_wconf 82' lang='lat' dir='ltr'><strong>suunt,</strong></span> <span class='ocrx_word' id='word_1_706' title='bbox 2466 2908 2512 2954; x_wconf 89' lang='lat' dir='ltr'><strong>et</strong></span> <span class='ocrx_word' id='word_1_707' title='bbox 2536 2899 2725 2971; x_wconf 82' lang='lat' dir='ltr'><strong>dimisit</strong></span> <span class='ocrx_word' id='word_1_708' title='bbox 2750 2915 2882 2973; x_wconf 78' lang='lat' dir='ltr'><strong>eum,</strong></span> <span class='ocrx_word' id='word_1_709' title='bbox 2905 2909 2950 2954; x_wconf 83' lang='lat' dir='ltr'><strong>et</strong></span> <span class='ocrx_word' id='word_1_710' title='bbox 2974 2900 3133 2967; x_wconf 85' lang='lat' dir='ltr'><strong>abiit;</strong></span> <span class='ocrx_word' id='word_1_711' title='bbox 3156 2899 3277 2971; x_wconf 88' lang='lat' dir='ltr'><strong>quia</strong></span> <span class='ocrx_word' id='word_1_712' title='bbox 3305 2909 3419 2956; x_wconf 89' lang='lat' dir='ltr'><strong>erat</strong></span> <span class='ocrx_word' id='word_1_713' title='bbox 3446 2898 3516 2955; x_wconf 91' lang='lat' dir='ltr'><strong>ibi</strong></span> <span class='ocrx_word' id='word_1_714' title='bbox 3546 2898 3843 2956; x_wconf 85' lang='lat' dir='ltr'><strong>sacrificium</strong></span> 
     </span>
    </p>
   </div>
   <div class='ocr_carea' id='block_1_90' title="bbox 2277 2989 3846 3063">
    <p class='ocr_par' dir='ltr' id='par_1_90' title="bbox 2277 2989 3846 3063">
     <span class='ocr_line' id='line_1_91' title="bbox 2277 2989 3846 3063; baseline -0.003 -16"><span class='ocrx_word' id='word_1_715' title='bbox 2277 2989 2568 3047; x_wconf 84' lang='lat' dir='ltr'><strong>secundum</strong></span> <span class='ocrx_word' id='word_1_716' title='bbox 2596 2991 2839 3047; x_wconf 89' lang='lat' dir='ltr'><strong>ordinem</strong></span> <span class='ocrx_word' id='word_1_717' title='bbox 2868 2992 3049 3047; x_wconf 84' lang='lat' dir='ltr'><strong>Aaron</strong></span> <span class='ocrx_word' id='word_1_718' title='bbox 3067 3036 3083 3062; x_wconf 90' lang='lat'><strong>,</strong></span> <span class='ocrx_word' id='word_1_719' title='bbox 3112 3001 3165 3048; x_wconf 84' lang='lat' dir='ltr'><strong>et</strong></span> <span class='ocrx_word' id='word_1_720' title='bbox 3193 3002 3374 3063; x_wconf 87' lang='lat' dir='ltr'><strong>postea</strong></span> <span class='ocrx_word' id='word_1_721' title='bbox 3404 2991 3517 3063; x_wconf 88' lang='lat' dir='ltr'><strong>ipse</strong></span> <span class='ocrx_word' id='word_1_722' title='bbox 3544 2991 3615 3047; x_wconf 91' lang='lat' dir='ltr'><strong>de</strong></span> <span class='ocrx_word' id='word_1_723' title='bbox 3640 3003 3846 3061; x_wconf 88' lang='lat' dir='ltr'><strong>corpore</strong></span> 
     </span>
    </p>
   </div>
   <div class='ocr_carea' id='block_1_91' title="bbox 2278 3080 3843 3152">
    <p class='ocr_par' dir='ltr' id='par_1_91' title="bbox 2278 3080 3843 3152">
     <span class='ocr_line' id='line_1_92' title="bbox 2278 3080 3843 3152; baseline -0.002 -14"><span class='ocrx_word' id='word_1_724' title='bbox 2278 3088 2334 3138; x_wconf 87' lang='lat' dir='ltr'><strong>et</strong></span> <span class='ocrx_word' id='word_1_725' title='bbox 2360 3082 2614 3152; x_wconf 88' lang='lat' dir='ltr'><strong>sanguine</strong></span> <span class='ocrx_word' id='word_1_726' title='bbox 2646 3097 2745 3139; x_wconf 91' lang='lat' dir='ltr'><strong>suo</strong></span> <span class='ocrx_word' id='word_1_727' title='bbox 2781 3083 3005 3144; x_wconf 89' lang='lat' dir='ltr'><strong>instituit</strong></span> <span class='ocrx_word' id='word_1_728' title='bbox 3038 3084 3357 3149; x_wconf 84' lang='lat' dir='ltr'><strong>sacrificium</strong></span> <span class='ocrx_word' id='word_1_729' title='bbox 3394 3083 3685 3139; x_wconf 89' lang='lat' dir='ltr'><strong>secundum</strong></span> <span class='ocrx_word' id='word_1_730' title='bbox 3713 3080 3843 3137; x_wconf 82' lang='lat' dir='ltr'><strong>ordi-</strong></span> 
     </span>
    </p>
   </div>
   <div class='ocr_carea' id='block_1_92' title="bbox 2278 3172 3847 3247">
    <p class='ocr_par' dir='ltr' id='par_1_92' title="bbox 2278 3172 3847 3247">
     <span class='ocr_line' id='line_1_93' title="bbox 2278 3172 3847 3247; baseline -0.001 -20"><span class='ocrx_word' id='word_1_731' title='bbox 2278 3185 2401 3230; x_wconf 89' lang='lat' dir='ltr'><strong>nem</strong></span> <span class='ocrx_word' id='word_1_732' title='bbox 2431 3172 2806 3238; x_wconf 79' lang='lat' dir='ltr'><strong>Melchisedec.</strong></span> <span class='ocrx_word' id='word_1_733' title='bbox 2838 3174 3057 3232; x_wconf 76' lang='lat' dir='ltr'><strong>Mutavit</strong></span> <span class='ocrx_word' id='word_1_734' title='bbox 3093 3191 3221 3247; x_wconf 87' lang='lat' dir='ltr'><strong>ergo</strong></span> <span class='ocrx_word' id='word_1_735' title='bbox 3253 3174 3457 3239; x_wconf 85' lang='lat' dir='ltr'><strong>vultum</strong></span> <span class='ocrx_word' id='word_1_736' title='bbox 3493 3189 3648 3230; x_wconf 89' lang='lat' dir='ltr'><strong>suum</strong></span> <span class='ocrx_word' id='word_1_737' title='bbox 3683 3174 3731 3228; x_wconf 89' lang='lat' dir='ltr'><strong>in</strong></span> <span class='ocrx_word' id='word_1_738' title='bbox 3767 3186 3847 3226; x_wconf 81' lang='lat' dir='ltr'><strong>sa-</strong></span> 
     </span>
    </p>
   </div>
   <div class='ocr_carea' id='block_1_93' title="bbox 2280 3257 3848 3336">
    <p class='ocr_par' dir='ltr' id='par_1_93' title="bbox 2280 3257 3848 3336">
     <span class='ocr_line' id='line_1_94' title="bbox 2280 3257 3848 3336; baseline -0.002 -19"><span class='ocrx_word' id='word_1_739' title='bbox 2280 3260 2545 3327; x_wconf 89' lang='lat' dir='ltr'><strong>cerdotio,</strong></span> <span class='ocrx_word' id='word_1_740' title='bbox 2578 3272 2632 3318; x_wconf 92' lang='lat' dir='ltr'><strong>et</strong></span> <span class='ocrx_word' id='word_1_741' title='bbox 2667 3262 2867 3325; x_wconf 85' lang='lat' dir='ltr'><strong>dimisit</strong></span> <span class='ocrx_word' id='word_1_742' title='bbox 2906 3274 3119 3336; x_wconf 87' lang='lat' dir='ltr'><strong>gentem</strong></span> <span class='ocrx_word' id='word_1_743' title='bbox 3155 3263 3460 3327; x_wconf 72' lang='lat' dir='ltr'><strong>Judmorum</strong></span> <span class='ocrx_word' id='word_1_744' title='bbox 3484 3304 3501 3332; x_wconf 93' lang='lat'><strong>,</strong></span> <span class='ocrx_word' id='word_1_745' title='bbox 3538 3272 3596 3320; x_wconf 92' lang='lat' dir='ltr'><strong>et</strong></span> <span class='ocrx_word' id='word_1_746' title='bbox 3626 3263 3765 3319; x_wconf 85' lang='lat' dir='ltr'><strong>venit</strong></span> <span class='ocrx_word' id='word_1_747' title='bbox 3787 3257 3848 3315; x_wconf 87' lang='lat' dir='ltr'><strong>ad</strong></span> 
     </span>
    </p>
   </div>
   <div class='ocr_carea' id='block_1_94' title="bbox 2271 3353 3847 3429">
    <p class='ocr_par' dir='ltr' id='par_1_94' title="bbox 2271 3353 3847 3429">
     <span class='ocr_line' id='line_1_95' title="bbox 2271 3353 3847 3429; baseline -0.004 -17"><span class='ocrx_word' id='word_1_748' title='bbox 2271 3353 2499 3412; x_wconf 80' lang='lat' dir='ltr'><strong>‘Gentes.</strong></span> <span class='ocrx_word' id='word_1_749' title='bbox 2523 3355 2658 3425; x_wconf 90' lang='lat' dir='ltr'><strong>Quid</strong></span> <span class='ocrx_word' id='word_1_750' title='bbox 2682 3365 2765 3413; x_wconf 88' lang='lat' dir='ltr'><strong>est</strong></span> <span class='ocrx_word' id='word_1_751' title='bbox 2786 3373 2935 3429; x_wconf 88' lang='lat' dir='ltr'><strong>ergo,</strong></span> <span class='ocrx_word' id='word_1_752' title='bbox 2966 3356 3281 3427; x_wconf 71' lang='lat' dir='ltr'><strong>A/I&#39;ectabat?</strong></span> <span class='ocrx_word' id='word_1_753' title='bbox 3300 3356 3501 3412; x_wconf 78' lang='lat' dir='ltr'><strong>All‘cctu</strong></span> <span class='ocrx_word' id='word_1_754' title='bbox 3523 3357 3709 3428; x_wconf 90' lang='lat' dir='ltr'><strong>plenus</strong></span> <span class='ocrx_word' id='word_1_755' title='bbox 3726 3362 3847 3408; x_wconf 87' lang='lat' dir='ltr'><strong>erat.</strong></span> 
     </span>
    </p>
   </div>
   <div class='ocr_carea' id='block_1_95' title="bbox 2280 3443 3848 3518">
    <p class='ocr_par' dir='ltr' id='par_1_95' title="bbox 2280 3443 3848 3518">
     <span class='ocr_line' id='line_1_96' title="bbox 2280 3443 3848 3518; baseline -0.004 -17"><span class='ocrx_word' id='word_1_756' title='bbox 2280 3445 2418 3514; x_wconf 86' lang='lat' dir='ltr'><strong>Quid</strong></span> <span class='ocrx_word' id='word_1_757' title='bbox 2457 3447 2598 3502; x_wconf 86' lang='lat' dir='ltr'><strong>enim</strong></span> <span class='ocrx_word' id='word_1_758' title='bbox 2640 3456 2745 3502; x_wconf 89' lang='lat' dir='ltr'><strong>tam</strong></span> <span class='ocrx_word' id='word_1_759' title='bbox 2785 3447 2999 3518; x_wconf 91' lang='lat' dir='ltr'><strong>plenum</strong></span> <span class='ocrx_word' id='word_1_760' title='bbox 3039 3448 3265 3514; x_wconf 75' lang='lat' dir='ltr'><strong>affectu,</strong></span> <span class='ocrx_word' id='word_1_761' title='bbox 3307 3463 3464 3518; x_wconf 90' lang='lat' dir='ltr'><strong>quam</strong></span> <span class='ocrx_word' id='word_1_762' title='bbox 3505 3443 3848 3501; x_wconf 83' lang='lat' dir='ltr'><strong>misericordia</strong></span> 
     </span>
    </p>
   </div>
   <div class='ocr_carea' id='block_1_96' title="bbox 2284 3537 3850 3610">
    <p class='ocr_par' dir='ltr' id='par_1_96' title="bbox 2284 3537 3850 3610">
     <span class='ocr_line' id='line_1_97' title="bbox 2284 3537 3850 3610; baseline -0.003 -16"><span class='ocrx_word' id='word_1_763' title='bbox 2284 3537 2496 3594; x_wconf 90' lang='lat' dir='ltr'><strong>Domini</strong></span> <span class='ocrx_word' id='word_1_764' title='bbox 2538 3539 2705 3594; x_wconf 90' lang='lat' dir='ltr'><strong>nostri</strong></span> <span class='ocrx_word' id='word_1_765' title='bbox 2744 3539 2873 3598; x_wconf 76' lang='lat' dir='ltr'><strong>Jesu</strong></span> <span class='ocrx_word' id='word_1_766' title='bbox 2909 3539 3139 3604; x_wconf 89' lang='lat' dir='ltr'><strong>Christi,</strong></span> <span class='ocrx_word' id='word_1_767' title='bbox 3171 3539 3259 3610; x_wconf 92' lang='lat' dir='ltr'><strong>qui</strong></span> <span class='ocrx_word' id='word_1_768' title='bbox 3289 3538 3476 3594; x_wconf 87' lang='lat' dir='ltr'><strong>videns</strong></span> <span class='ocrx_word' id='word_1_769' title='bbox 3505 3538 3850 3593; x_wconf 87' lang='lat' dir='ltr'><strong>infirmitatem</strong></span> 
     </span>
    </p>
   </div>
   <div class='ocr_carea' id='block_1_97' title="bbox 2283 3629 3851 3703">
    <p class='ocr_par' dir='ltr' id='par_1_97' title="bbox 2283 3629 3851 3703">
     <span class='ocr_line' id='line_1_98' title="bbox 2283 3629 3851 3703; baseline -0.003 -19"><span class='ocrx_word' id='word_1_770' title='bbox 2283 3638 2521 3684; x_wconf 88' lang='lat' dir='ltr'><strong>nostram</strong></span> <span class='ocrx_word' id='word_1_771' title='bbox 2542 3671 2557 3696; x_wconf 94' lang='lat'><strong>,</strong></span> <span class='ocrx_word' id='word_1_772' title='bbox 2584 3638 2643 3684; x_wconf 92' lang='lat' dir='ltr'><strong>ut</strong></span> <span class='ocrx_word' id='word_1_773' title='bbox 2671 3646 2769 3685; x_wconf 91' lang='lat' dir='ltr'><strong>nos</strong></span> <span class='ocrx_word' id='word_1_774' title='bbox 2795 3646 2825 3685; x_wconf 90' lang='lat' dir='ltr'><strong>a</strong></span> <span class='ocrx_word' id='word_1_775' title='bbox 2856 3631 3177 3703; x_wconf 88' lang='lat' dir='ltr'><strong>sempiterna</strong></span> <span class='ocrx_word' id='word_1_776' title='bbox 3217 3639 3386 3685; x_wconf 88' lang='lat' dir='ltr'><strong>morte</strong></span> <span class='ocrx_word' id='word_1_777' title='bbox 3417 3629 3697 3695; x_wconf 90' lang='lat' dir='ltr'><strong>liberaret,</strong></span> <span class='ocrx_word' id='word_1_778' title='bbox 3727 3636 3851 3681; x_wconf 83' lang='lat' dir='ltr'><strong>tem-</strong></span> 
     </span>
    </p>
   </div>
   <div class='ocr_carea' id='block_1_98' title="bbox 2284 3722 3855 3793">
    <p class='ocr_par' dir='ltr' id='par_1_98' title="bbox 2284 3722 3855 3793">
     <span class='ocr_line' id='line_1_99' title="bbox 2284 3722 3855 3793; baseline -0.002 -18"><span class='ocrx_word' id='word_1_779' title='bbox 2284 3722 2520 3791; x_wconf 89' lang='lat' dir='ltr'><strong>poralem</strong></span> <span class='ocrx_word' id='word_1_780' title='bbox 2549 3730 2773 3777; x_wconf 90' lang='lat' dir='ltr'><strong>mortem</strong></span> <span class='ocrx_word' id='word_1_781' title='bbox 2798 3738 2918 3781; x_wconf 89' lang='lat' dir='ltr'><strong>cum</strong></span> <span class='ocrx_word' id='word_1_782' title='bbox 2945 3731 3087 3791; x_wconf 78' lang='lat' dir='ltr'><strong>tanta</strong></span> <span class='ocrx_word' id='word_1_783' title='bbox 3119 3722 3307 3793; x_wconf 90' lang='lat' dir='ltr'><strong>injuria</strong></span> <span class='ocrx_word' id='word_1_784' title='bbox 3332 3722 3750 3792; x_wconf 87' lang='lat' dir='ltr'><strong>contumeliaque</strong></span> <span class='ocrx_word' id='word_1_785' title='bbox 3775 3734 3855 3772; x_wconf 86' lang='lat' dir='ltr'><strong>su-</strong></span> 
     </span>
    </p>
   </div>
   <div class='ocr_carea' id='block_1_99' title="bbox 2284 3807 3853 3885">
    <p class='ocr_par' dir='ltr' id='par_1_99' title="bbox 2284 3807 3853 3885">
     <span class='ocr_line' id='line_1_100' title="bbox 2284 3807 3853 3885; baseline -0.004 -17"><span class='ocrx_word' id='word_1_786' title='bbox 2284 3812 2490 3883; x_wconf 75' lang='lat' dir='ltr'><strong>scepit?</strong></span> <span class='ocrx_word' id='word_1_787' title='bbox 2517 3810 2588 3870; x_wconf 83' lang='lat' dir='ltr'><strong>Et</strong></span> <span class='ocrx_word' id='word_1_788' title='bbox 2613 3813 2988 3885; x_wconf 74' lang='lat' dir='ltr'><strong>tympanizabat</strong></span> <span class='ocrx_word' id='word_1_789' title='bbox 3015 3832 3036 3869; x_wconf 91' lang='lat'><strong><em>:</em></strong></span> <span class='ocrx_word' id='word_1_790' title='bbox 3060 3814 3179 3885; x_wconf 89' lang='lat' dir='ltr'><strong>quia</strong></span> <span class='ocrx_word' id='word_1_791' title='bbox 3210 3823 3515 3885; x_wconf 85' lang='lat' dir='ltr'><strong>tympanum</strong></span> <span class='ocrx_word' id='word_1_792' title='bbox 3549 3829 3655 3868; x_wconf 88' lang='lat' dir='ltr'><strong>non</strong></span> <span class='ocrx_word' id='word_1_793' title='bbox 3683 3812 3737 3866; x_wconf 86' lang='lat' dir='ltr'><strong>fit</strong></span> <span class='ocrx_word' id='word_1_794' title='bbox 3764 3807 3853 3863; x_wconf 90' lang='lat' dir='ltr'><strong>nisi</strong></span> 
     </span>
    </p>
   </div>
   <div class='ocr_carea' id='block_1_100' title="bbox 2285 3899 3858 3977">
    <p class='ocr_par' dir='ltr' id='par_1_100' title="bbox 2285 3899 3858 3977">
     <span class='ocr_line' id='line_1_101' title="bbox 2285 3899 3858 3977; baseline -0.004 -17"><span class='ocrx_word' id='word_1_795' title='bbox 2285 3919 2406 3960; x_wconf 92' lang='lat' dir='ltr'><strong>cum</strong></span> <span class='ocrx_word' id='word_1_796' title='bbox 2454 3904 2656 3961; x_wconf 88' lang='lat' dir='ltr'><strong>corium</strong></span> <span class='ocrx_word' id='word_1_797' title='bbox 2705 3905 2757 3961; x_wconf 91' lang='lat' dir='ltr'><strong>in</strong></span> <span class='ocrx_word' id='word_1_798' title='bbox 2808 3906 2951 3976; x_wconf 87' lang='lat' dir='ltr'><strong>ligno</strong></span> <span class='ocrx_word' id='word_1_799' title='bbox 2997 3905 3336 3974; x_wconf 77' lang='lat' dir='ltr'><strong>extenditur;</strong></span> <span class='ocrx_word' id='word_1_800' title='bbox 3384 3914 3439 3961; x_wconf 91' lang='lat' dir='ltr'><strong>et</strong></span> <span class='ocrx_word' id='word_1_801' title='bbox 3481 3899 3858 3977; x_wconf 80' lang='lat' dir='ltr'><strong>tympanizabat</strong></span> 
     </span>
    </p>
   </div>
   <div class='ocr_carea' id='block_1_101' title="bbox 2287 3991 3854 4067">
    <p class='ocr_par' dir='ltr' id='par_1_101' title="bbox 2287 3991 3854 4067">
     <span class='ocr_line' id='line_1_102' title="bbox 2287 3991 3854 4067; baseline -0.006 -16"><span class='ocrx_word' id='word_1_802' title='bbox 2287 3994 2455 4051; x_wconf 81' lang='lat' dir='ltr'><strong>David</strong></span> <span class='ocrx_word' id='word_1_803' title='bbox 2495 3994 2799 4067; x_wconf 85' lang='lat' dir='ltr'><strong>significans</strong></span> <span class='ocrx_word' id='word_1_804' title='bbox 2837 3995 2978 4066; x_wconf 87' lang='lat' dir='ltr'><strong>quod</strong></span> <span class='ocrx_word' id='word_1_805' title='bbox 3015 3994 3400 4066; x_wconf 86' lang='lat' dir='ltr'><strong>crucifigendus</strong></span> <span class='ocrx_word' id='word_1_806' title='bbox 3438 4001 3585 4050; x_wconf 84' lang='lat' dir='ltr'><strong>esset</strong></span> <span class='ocrx_word' id='word_1_807' title='bbox 3609 3991 3854 4049; x_wconf 87' lang='lat' dir='ltr'><strong>Christus.</strong></span> 
     </span>
    </p>
   </div>
   <div class='ocr_carea' id='block_1_102' title="bbox 2290 4080 3860 4158">
    <p class='ocr_par' dir='ltr' id='par_1_102' title="bbox 2290 4080 3860 4158">
     <span class='ocr_line' id='line_1_103' title="bbox 2290 4080 3860 4158; baseline -0.006 -13"><span class='ocrx_word' id='word_1_808' title='bbox 2290 4084 2688 4158; x_wconf 75' lang='lat' dir='ltr'><strong>Tympanisabat</strong></span> <span class='ocrx_word' id='word_1_809' title='bbox 2716 4096 2892 4142; x_wconf 89' lang='lat' dir='ltr'><strong>autem</strong></span> <span class='ocrx_word' id='word_1_810' title='bbox 2920 4089 2988 4141; x_wconf 87' lang='lat' dir='ltr'><strong>ad</strong></span> <span class='ocrx_word' id='word_1_811' title='bbox 3015 4088 3145 4142; x_wconf 87' lang='lat' dir='ltr'><strong>ostia</strong></span> <span class='ocrx_word' id='word_1_812' title='bbox 3166 4088 3378 4142; x_wconf 77' lang='lat' dir='ltr'><strong>civitatis</strong></span> <span class='ocrx_word' id='word_1_813' title='bbox 3407 4102 3426 4141; x_wconf 91' lang='lat'><strong><em>:</em></strong></span> <span class='ocrx_word' id='word_1_814' title='bbox 3452 4101 3573 4157; x_wconf 66' lang='lat' dir='ltr'><strong>quas</strong></span> <span class='ocrx_word' id='word_1_815' title='bbox 3601 4092 3722 4140; x_wconf 86' lang='lat' dir='ltr'><strong>sunt</strong></span> <span class='ocrx_word' id='word_1_816' title='bbox 3745 4080 3860 4136; x_wconf 84' lang='lat' dir='ltr'><strong>ostia</strong></span> 
     </span>
    </p>
   </div>
   <div class='ocr_carea' id='block_1_103' title="bbox 2288 4177 3859 4249">
    <p class='ocr_par' dir='ltr' id='par_1_103' title="bbox 2288 4177 3859 4249">
     <span class='ocr_line' id='line_1_104' title="bbox 2288 4177 3859 4249; baseline -0.005 -17"><span class='ocrx_word' id='word_1_817' title='bbox 2288 4177 2533 4249; x_wconf 75' lang='lat' dir='ltr'><strong>civitatis,</strong></span> <span class='ocrx_word' id='word_1_818' title='bbox 2576 4177 2678 4233; x_wconf 87' lang='lat' dir='ltr'><strong>nisi</strong></span> <span class='ocrx_word' id='word_1_819' title='bbox 2716 4177 2875 4233; x_wconf 88' lang='lat' dir='ltr'><strong>corda</strong></span> <span class='ocrx_word' id='word_1_820' title='bbox 2915 4187 3094 4232; x_wconf 90' lang='lat' dir='ltr'><strong>nostra</strong></span> <span class='ocrx_word' id='word_1_821' title='bbox 3133 4193 3251 4248; x_wconf 82' lang='lat' dir='ltr'><strong>quae</strong></span> <span class='ocrx_word' id='word_1_822' title='bbox 3292 4178 3654 4233; x_wconf 82' lang='lat' dir='ltr'><strong>clauseramus</strong></span> <span class='ocrx_word' id='word_1_823' title='bbox 3690 4181 3859 4228; x_wconf 83' lang='lat' dir='ltr'><strong>contra</strong></span> 
     </span>
    </p>
   </div>
   <div class='ocr_carea' id='block_1_104' title="bbox 2288 4265 3859 4351">
    <p class='ocr_par' dir='ltr' id='par_1_104' title="bbox 2288 4265 3859 4351">
     <span class='ocr_line' id='line_1_105' title="bbox 2288 4265 3859 4351; baseline -0.004 -29"><span class='ocrx_word' id='word_1_824' title='bbox 2288 4268 2593 4351; x_wconf 77' lang='lat' dir='ltr'><strong>Christum,</strong></span> <span class='ocrx_word' id='word_1_825' title='bbox 2620 4269 2707 4337; x_wconf 89' lang='lat' dir='ltr'><strong>qui</strong></span> <span class='ocrx_word' id='word_1_826' title='bbox 2735 4268 2803 4339; x_wconf 81' lang='lat' dir='ltr'><strong>de</strong></span> <span class='ocrx_word' id='word_1_827' title='bbox 2832 4279 3083 4341; x_wconf 75' lang='lat' dir='ltr'><strong>tympano</strong></span> <span class='ocrx_word' id='word_1_828' title='bbox 3110 4268 3283 4325; x_wconf 91' lang='lat' dir='ltr'><strong>crucis</strong></span> <span class='ocrx_word' id='word_1_829' title='bbox 3306 4267 3513 4338; x_wconf 86' lang='lat' dir='ltr'><strong>aperuit</strong></span> <span class='ocrx_word' id='word_1_830' title='bbox 3538 4265 3700 4323; x_wconf 88' lang='lat' dir='ltr'><strong>corda</strong></span> <span class='ocrx_word' id='word_1_831' title='bbox 3728 4276 3859 4317; x_wconf 81' lang='lat' dir='ltr'><strong>mor-</strong></span> 
     </span>
    </p>
   </div>
   <div class='ocr_carea' id='block_1_105' title="bbox 2290 4353 3861 4439">
    <p class='ocr_par' dir='ltr' id='par_1_105' title="bbox 2290 4353 3861 4439">
     <span class='ocr_line' id='line_1_106' title="bbox 2290 4353 3861 4439; baseline -0.007 -23"><span class='ocrx_word' id='word_1_832' title='bbox 2290 4361 2511 4416; x_wconf 82' lang='lat' dir='ltr'><strong>talium?</strong></span> <span class='ocrx_word' id='word_1_833' title='bbox 2544 4359 2611 4439; x_wconf 74' lang='lat' dir='ltr'><strong>Et</strong></span> <span class='ocrx_word' id='word_1_834' title='bbox 2641 4359 2890 4433; x_wconf 78' lang='lat' dir='ltr'><strong>ferebatur</strong></span> <span class='ocrx_word' id='word_1_835' title='bbox 2916 4359 2971 4416; x_wconf 81' lang='lat' dir='ltr'><strong>iu</strong></span> <span class='ocrx_word' id='word_1_836' title='bbox 3007 4359 3236 4415; x_wconf 79' lang='lat' dir='ltr'><strong>manibus</strong></span> <span class='ocrx_word' id='word_1_837' title='bbox 3271 4360 3374 4413; x_wconf 87' lang='lat' dir='ltr'><strong>suis</strong></span> <span class='ocrx_word' id='word_1_838' title='bbox 3401 4374 3421 4413; x_wconf 92' lang='lat'><strong><em>:</em></strong></span> <span class='ocrx_word' id='word_1_839' title='bbox 3449 4355 3717 4429; x_wconf 90' lang='lat' dir='ltr'><strong>quomodo</strong></span> <span class='ocrx_word' id='word_1_840' title='bbox 3740 4353 3861 4424; x_wconf 53' lang='lat' dir='ltr'><strong>fere»</strong></span> 
     </span>
    </p>
   </div>
   <div class='ocr_carea' id='block_1_106' title="bbox 2289 4447 3859 4523">
    <p class='ocr_par' dir='ltr' id='par_1_106' title="bbox 2289 4447 3859 4523">
     <span class='ocr_line' id='line_1_107' title="bbox 2289 4447 3859 4523; baseline -0.008 -16"><span class='ocrx_word' id='word_1_841' title='bbox 2289 4452 2437 4507; x_wconf 89' lang='lat' dir='ltr'><strong>batur</strong></span> <span class='ocrx_word' id='word_1_842' title='bbox 2463 4453 2516 4508; x_wconf 88' lang='lat' dir='ltr'><strong>iu</strong></span> <span class='ocrx_word' id='word_1_843' title='bbox 2542 4451 2770 4523; x_wconf 83' lang='lat' dir='ltr'><strong>manibus</strong></span> <span class='ocrx_word' id='word_1_844' title='bbox 2798 4452 2946 4507; x_wconf 80' lang='lat' dir='ltr'><strong>suis?</strong></span> <span class='ocrx_word' id='word_1_845' title='bbox 2970 4451 3101 4521; x_wconf 89' lang='lat' dir='ltr'><strong>Quia</strong></span> <span class='ocrx_word' id='word_1_846' title='bbox 3131 4467 3251 4507; x_wconf 91' lang='lat' dir='ltr'><strong>cum</strong></span> <span class='ocrx_word' id='word_1_847' title='bbox 3279 4449 3679 4506; x_wconf 87' lang='lat' dir='ltr'><strong>commendaret</strong></span> <span class='ocrx_word' id='word_1_848' title='bbox 3704 4447 3859 4518; x_wconf 88' lang='lat' dir='ltr'><strong>ipsum</strong></span> 
     </span>
    </p>
   </div>
   <div class='ocr_carea' id='block_1_107' title="bbox 2276 4542 3863 4616">
    <p class='ocr_par' dir='ltr' id='par_1_107' title="bbox 2276 4542 3863 4616">
     <span class='ocr_line' id='line_1_108' title="bbox 2276 4542 3863 4616; baseline -0.008 -15"><span class='ocrx_word' id='word_1_849' title='bbox 2276 4544 2483 4616; x_wconf 75' lang='lat' dir='ltr'><strong>corpus</strong></span> <span class='ocrx_word' id='word_1_850' title='bbox 2519 4561 2672 4600; x_wconf 91' lang='lat' dir='ltr'><strong>suum</strong></span> <span class='ocrx_word' id='word_1_851' title='bbox 2709 4554 2762 4600; x_wconf 89' lang='lat' dir='ltr'><strong>et</strong></span> <span class='ocrx_word' id='word_1_852' title='bbox 2801 4545 3111 4616; x_wconf 78' lang='lat' dir='ltr'><strong>sanguinem</strong></span> <span class='ocrx_word' id='word_1_853' title='bbox 3154 4560 3335 4609; x_wconf 91' lang='lat' dir='ltr'><strong>suum,</strong></span> <span class='ocrx_word' id='word_1_854' title='bbox 3368 4543 3575 4612; x_wconf 89' lang='lat' dir='ltr'><strong>accepit</strong></span> <span class='ocrx_word' id='word_1_855' title='bbox 3608 4542 3659 4597; x_wconf 93' lang='lat' dir='ltr'><strong>in</strong></span> <span class='ocrx_word' id='word_1_856' title='bbox 3689 4549 3863 4595; x_wconf 84' lang='lat' dir='ltr'><strong>manus</strong></span> 
     </span>
    </p>
   </div>
   <div class='ocr_carea' id='block_1_108' title="bbox 2290 4630 3862 4711">
    <p class='ocr_par' dir='ltr' id='par_1_108' title="bbox 2290 4630 3862 4711">
     <span class='ocr_line' id='line_1_109' title="bbox 2290 4630 3862 4711; baseline -0.006 -18"><span class='ocrx_word' id='word_1_857' title='bbox 2290 4652 2416 4693; x_wconf 89' lang='lat' dir='ltr'><strong>suas</strong></span> <span class='ocrx_word' id='word_1_858' title='bbox 2439 4637 2581 4711; x_wconf 88' lang='lat' dir='ltr'><strong>quod</strong></span> <span class='ocrx_word' id='word_1_859' title='bbox 2612 4647 2806 4695; x_wconf 86' lang='lat' dir='ltr'><strong>norunt</strong></span> <span class='ocrx_word' id='word_1_860' title='bbox 2834 4637 3050 4701; x_wconf 76' lang='lat' dir='ltr'><strong>fideles;</strong></span> <span class='ocrx_word' id='word_1_861' title='bbox 3078 4646 3132 4695; x_wconf 90' lang='lat' dir='ltr'><strong>et</strong></span> <span class='ocrx_word' id='word_1_862' title='bbox 3159 4639 3271 4707; x_wconf 88' lang='lat' dir='ltr'><strong>ipse</strong></span> <span class='ocrx_word' id='word_1_863' title='bbox 3296 4652 3357 4693; x_wconf 88' lang='lat' dir='ltr'><strong>se</strong></span> <span class='ocrx_word' id='word_1_864' title='bbox 3380 4635 3623 4706; x_wconf 77' lang='lat' dir='ltr'><strong>portabat</strong></span> <span class='ocrx_word' id='word_1_865' title='bbox 3648 4630 3862 4705; x_wconf 77' lang='lat' dir='ltr'><strong>qundam</strong></span> 
     </span>
    </p>
   </div>
   <div class='ocr_carea' id='block_1_109' title="bbox 2290 4722 3862 4797">
    <p class='ocr_par' dir='ltr' id='par_1_109' title="bbox 2290 4722 3862 4797">
     <span class='ocr_line' id='line_1_110' title="bbox 2290 4722 3862 4797; baseline -0.008 -13"><span class='ocrx_word' id='word_1_866' title='bbox 2290 4728 2484 4794; x_wconf 84' lang='lat' dir='ltr'><strong>modo,</strong></span> <span class='ocrx_word' id='word_1_867' title='bbox 2526 4743 2647 4783; x_wconf 91' lang='lat' dir='ltr'><strong>cum</strong></span> <span class='ocrx_word' id='word_1_868' title='bbox 2685 4726 2886 4783; x_wconf 79' lang='lat' dir='ltr'><strong>diceret</strong></span> <span class='ocrx_word' id='word_1_869' title='bbox 2917 4746 2929 4782; x_wconf 90' lang='lat'><strong>:</strong></span> <span class='ocrx_word' id='word_1_870' title='bbox 2966 4726 3077 4782; x_wconf 82' lang='lat' dir='ltr'><strong>Hoc</strong></span> <span class='ocrx_word' id='word_1_871' title='bbox 3113 4738 3183 4782; x_wconf 91' lang='lat' dir='ltr'><strong>est</strong></span> <span class='ocrx_word' id='word_1_872' title='bbox 3223 4744 3407 4796; x_wconf 85' lang='lat' dir='ltr'><strong>corpus</strong></span> <span class='ocrx_word' id='word_1_873' title='bbox 3446 4742 3612 4780; x_wconf 85' lang='lat' dir='ltr'><strong>meum</strong></span> <span class='ocrx_word' id='word_1_874' title='bbox 3652 4722 3862 4797; x_wconf 75' lang='lat' dir='ltr'><strong>(Matth.</strong></span> 
     </span>
    </p>
   </div>
   <div class='ocr_carea' id='block_1_110' title="bbox 2293 4808 3869 4894">
    <p class='ocr_par' dir='ltr' id='par_1_110' title="bbox 2293 4808 3869 4894">
     <span class='ocr_line' id='line_1_111' title="bbox 2293 4808 3869 4894; baseline -0.008 -20"><span class='ocrx_word' id='word_1_875' title='bbox 2293 4834 2445 4886; x_wconf 64' lang='grc' dir='ltr'>χχιιι,</span> <span class='ocrx_word' id='word_1_876' title='bbox 2471 4815 2586 4890; x_wconf 72' lang='lat'><strong>26).</strong></span> <span class='ocrx_word' id='word_1_877' title='bbox 2619 4815 2682 4871; x_wconf 80' lang='lat' dir='ltr'><strong>Et</strong></span> <span class='ocrx_word' id='word_1_878' title='bbox 2713 4819 3000 4886; x_wconf 80' lang='lat' dir='ltr'><strong>proridebat</strong></span> <span class='ocrx_word' id='word_1_879' title='bbox 3025 4818 3095 4893; x_wconf 83' lang='lat' dir='ltr'><strong>ad</strong></span> <span class='ocrx_word' id='word_1_880' title='bbox 3119 4819 3246 4872; x_wconf 88' lang='lat' dir='ltr'><strong>ostia</strong></span> <span class='ocrx_word' id='word_1_881' title='bbox 3275 4826 3431 4894; x_wconf 76' lang='lat' dir='ltr'><strong>parta:</strong></span> <span class='ocrx_word' id='word_1_882' title='bbox 3453 4832 3472 4870; x_wconf 90' lang='lat'><strong><em>:</em></strong></span> <span class='ocrx_word' id='word_1_883' title='bbox 3500 4816 3551 4871; x_wconf 90' lang='lat' dir='ltr'><strong>id</strong></span> <span class='ocrx_word' id='word_1_884' title='bbox 3579 4824 3682 4882; x_wconf 87' lang='lat' dir='ltr'><strong>est,</strong></span> <span class='ocrx_word' id='word_1_885' title='bbox 3709 4808 3869 4867; x_wconf 90' lang='lat' dir='ltr'><strong>humi-</strong></span> 
     </span>
    </p>
   </div>
   <div class='ocr_carea' id='block_1_111' title="bbox 2292 4901 3869 4979">
    <p class='ocr_par' dir='ltr' id='par_1_111' title="bbox 2292 4901 3869 4979">
     <span class='ocr_line' id='line_1_112' title="bbox 2292 4901 3869 4979; baseline -0.008 -14"><span class='ocrx_word' id='word_1_886' title='bbox 2292 4911 2438 4966; x_wconf 88' lang='lat' dir='ltr'><strong>liavit</strong></span> <span class='ocrx_word' id='word_1_887' title='bbox 2476 4924 2553 4963; x_wconf 90' lang='lat' dir='ltr'><strong>se.</strong></span> <span class='ocrx_word' id='word_1_888' title='bbox 2595 4907 2708 4963; x_wconf 81' lang='lat' dir='ltr'><strong>Hoc</strong></span> <span class='ocrx_word' id='word_1_889' title='bbox 2747 4920 2829 4962; x_wconf 88' lang='lat' dir='ltr'><strong>est</strong></span> <span class='ocrx_word' id='word_1_890' title='bbox 2866 4908 3006 4962; x_wconf 89' lang='lat' dir='ltr'><strong>enim</strong></span> <span class='ocrx_word' id='word_1_891' title='bbox 3049 4908 3324 4979; x_wconf 89' lang='lat' dir='ltr'><strong>procidere</strong></span> <span class='ocrx_word' id='word_1_892' title='bbox 3359 4921 3522 4976; x_wconf 85' lang='lat' dir='ltr'><strong>usque</strong></span> <span class='ocrx_word' id='word_1_893' title='bbox 3562 4904 3630 4962; x_wconf 91' lang='lat' dir='ltr'><strong>ad</strong></span> <span class='ocrx_word' id='word_1_894' title='bbox 3676 4901 3869 4957; x_wconf 89' lang='lat' dir='ltr'><strong>initium</strong></span> 
     </span>
    </p>
   </div>
   <div class='ocr_carea' id='block_1_112' title="bbox 2293 4988 3870 5078">
    <p class='ocr_par' dir='ltr' id='par_1_112' title="bbox 2293 4988 3870 5078">
     <span class='ocr_line' id='line_1_113' title="bbox 2293 4988 3870 5078; baseline -0.008 -20"><span class='ocrx_word' id='word_1_895' title='bbox 2293 5002 2415 5062; x_wconf 85' lang='lat' dir='ltr'><strong>fidei</strong></span> <span class='ocrx_word' id='word_1_896' title='bbox 2456 5011 2674 5057; x_wconf 72' lang='lat' dir='ltr'><strong>nostrze.</strong></span> <span class='ocrx_word' id='word_1_897' title='bbox 2705 5000 2919 5078; x_wconf 32' lang='lat' dir='ltr'><strong>Ostium.</strong></span> <span class='ocrx_word' id='word_1_898' title='bbox 2941 5000 3086 5065; x_wconf 90' lang='lat' dir='ltr'><strong>enim</strong></span> <span class='ocrx_word' id='word_1_899' title='bbox 3119 5008 3285 5069; x_wconf 75' lang='lat' dir='ltr'><strong>porta:</strong></span> <span class='ocrx_word' id='word_1_900' title='bbox 3315 4997 3522 5064; x_wconf 85' lang='lat' dir='ltr'><strong>initium</strong></span> <span class='ocrx_word' id='word_1_901' title='bbox 3554 4993 3709 5059; x_wconf 85' lang='lat' dir='ltr'><strong>fidei,</strong></span> <span class='ocrx_word' id='word_1_902' title='bbox 3741 4988 3870 5048; x_wconf 83' lang='lat' dir='ltr'><strong>unde</strong></span> 
     </span>
    </p>
   </div>
   <div class='ocr_carea' id='block_1_113' title="bbox 2295 5087 3873 5164">
    <p class='ocr_par' dir='ltr' id='par_1_113' title="bbox 2295 5087 3873 5164">
     <span class='ocr_line' id='line_1_114' title="bbox 2295 5087 3873 5164; baseline -0.009 -16"><span class='ocrx_word' id='word_1_903' title='bbox 2295 5091 2477 5163; x_wconf 74' lang='lat' dir='ltr'><strong>incipit</strong></span> <span class='ocrx_word' id='word_1_904' title='bbox 2499 5090 2753 5159; x_wconf 84' lang='lat' dir='ltr'><strong>Ecclesia,</strong></span> <span class='ocrx_word' id='word_1_905' title='bbox 2775 5100 2830 5146; x_wconf 90' lang='lat' dir='ltr'><strong>et</strong></span> <span class='ocrx_word' id='word_1_906' title='bbox 2854 5090 3097 5164; x_wconf 88' lang='lat' dir='ltr'><strong>pervenit</strong></span> <span class='ocrx_word' id='word_1_907' title='bbox 3116 5104 3282 5160; x_wconf 88' lang='lat' dir='ltr'><strong>usque</strong></span> <span class='ocrx_word' id='word_1_908' title='bbox 3305 5087 3372 5143; x_wconf 89' lang='lat' dir='ltr'><strong>ad</strong></span> <span class='ocrx_word' id='word_1_909' title='bbox 3391 5087 3624 5158; x_wconf 90' lang='lat' dir='ltr'><strong>speciem</strong></span> <span class='ocrx_word' id='word_1_910' title='bbox 3642 5099 3661 5154; x_wconf 67' lang='grc' dir='ltr'><strong>ι,</strong></span> <span class='ocrx_word' id='word_1_911' title='bbox 3681 5091 3739 5139; x_wconf 87' lang='grc' dir='ltr'><strong>ιιι</strong></span> <span class='ocrx_word' id='word_1_912' title='bbox 3760 5094 3873 5137; x_wconf 90' lang='lat' dir='ltr'><strong>cum</strong></span> 
     </span>
    </p>
   </div>
   <div class='ocr_carea' id='block_1_114' title="bbox 2274 5170 3874 5254">
    <p class='ocr_par' dir='ltr' id='par_1_114' title="bbox 2274 5170 3874 5254">
     <span class='ocr_line' id='line_1_115' title="bbox 2274 5170 3874 5254; baseline -0.011 -12"><span class='ocrx_word' id='word_1_913' title='bbox 2274 5184 2463 5245; x_wconf 86' lang='lat' dir='ltr'><strong>&#39;credit</strong></span> <span class='ocrx_word' id='word_1_914' title='bbox 2490 5199 2553 5249; x_wconf 83' lang='lat' dir='ltr'><strong>ea</strong></span> <span class='ocrx_word' id='word_1_915' title='bbox 2578 5198 2695 5254; x_wconf 81' lang='lat' dir='ltr'><strong>quae</strong></span> <span class='ocrx_word' id='word_1_916' title='bbox 2724 5197 2830 5237; x_wconf 92' lang='lat' dir='ltr'><strong>non</strong></span> <span class='ocrx_word' id='word_1_917' title='bbox 2862 5173 3024 5247; x_wconf 75' lang='lat' dir='ltr'><strong>videt,</strong></span> <span class='ocrx_word' id='word_1_918' title='bbox 3055 5188 3320 5251; x_wconf 84' lang='lat' dir='ltr'><strong>mereatur</strong></span> <span class='ocrx_word' id='word_1_919' title='bbox 3348 5175 3570 5249; x_wconf 90' lang='lat' dir='ltr'><strong>perfrui,</strong></span> <span class='ocrx_word' id='word_1_920' title='bbox 3599 5192 3721 5233; x_wconf 88' lang='lat' dir='ltr'><strong>cum</strong></span> <span class='ocrx_word' id='word_1_921' title='bbox 3751 5170 3874 5228; x_wconf 84' lang='lat' dir='ltr'><strong>facie</strong></span> 
     </span>
    </p>
   </div>
   <div class='ocr_carea' id='block_1_115' title="bbox 2276 5263 3873 5349">
    <p class='ocr_par' dir='ltr' id='par_1_115' title="bbox 2276 5263 3873 5349">
     <span class='ocr_line' id='line_1_116' title="bbox 2276 5263 3873 5349; baseline -0.009 -17"><span class='ocrx_word' id='word_1_922' title='bbox 2276 5275 2362 5332; x_wconf 83' lang='lat' dir='ltr'><strong>ad</strong></span> <span class='ocrx_word' id='word_1_923' title='bbox 2384 5274 2570 5332; x_wconf 87' lang='lat' dir='ltr'><strong>faciem</strong></span> <span class='ocrx_word' id='word_1_924' title='bbox 2594 5273 2776 5330; x_wconf 80' lang='lat' dir='ltr'><strong>videre</strong></span> <span class='ocrx_word' id='word_1_925' title='bbox 2794 5273 3038 5344; x_wconf 72' lang='lat' dir='ltr'><strong>cmperit.</strong></span> <span class='ocrx_word' id='word_1_926' title='bbox 3065 5270 3155 5328; x_wconf 91' lang='lat' dir='ltr'><strong>Sic</strong></span> <span class='ocrx_word' id='word_1_927' title='bbox 3176 5286 3237 5327; x_wconf 88' lang='lat' dir='ltr'><strong>se</strong></span> <span class='ocrx_word' id='word_1_928' title='bbox 3261 5269 3420 5325; x_wconf 86' lang='lat' dir='ltr'><strong>habet</strong></span> <span class='ocrx_word' id='word_1_929' title='bbox 3443 5268 3627 5349; x_wconf 80' lang='lat' dir='ltr'><strong>titulus</strong></span> <span class='ocrx_word' id='word_1_930' title='bbox 3653 5263 3873 5326; x_wconf 87' lang='lat' dir='ltr'><strong>Psalmi;</strong></span> 
     </span>
    </p>
   </div>
   <div class='ocr_carea' id='block_1_116' title="bbox 2297 5352 3877 5443">
    <p class='ocr_par' dir='ltr' id='par_1_116' title="bbox 2297 5352 3877 5443">
     <span class='ocr_line' id='line_1_117' title="bbox 2297 5352 3877 5443; baseline -0.009 -22"><span class='ocrx_word' id='word_1_931' title='bbox 2297 5366 2529 5443; x_wconf 83' lang='lat' dir='ltr'><strong>breviter</strong></span> <span class='ocrx_word' id='word_1_932' title='bbox 2568 5364 2910 5420; x_wconf 85' lang='lat' dir='ltr'><strong>audivimus:</strong></span> <span class='ocrx_word' id='word_1_933' title='bbox 2940 5362 3217 5425; x_wconf 84' lang='lat' dir='ltr'><strong>audiamus</strong></span> <span class='ocrx_word' id='word_1_934' title='bbox 3253 5360 3362 5431; x_wconf 88' lang='lat' dir='ltr'><strong>jam</strong></span> <span class='ocrx_word' id='word_1_935' title='bbox 3401 5360 3512 5430; x_wconf 86' lang='lat' dir='ltr'><strong>ipsa</strong></span> <span class='ocrx_word' id='word_1_936' title='bbox 3551 5358 3715 5413; x_wconf 88' lang='lat' dir='ltr'><strong>verba</strong></span> <span class='ocrx_word' id='word_1_937' title='bbox 3750 5352 3877 5410; x_wconf 81' lang='lat' dir='ltr'><strong>affe-</strong></span> 
     </span>
    </p>
   </div>
   <div class='ocr_carea' id='block_1_117' title="bbox 2297 5450 3616 5531">
    <p class='ocr_par' dir='ltr' id='par_1_117' title="bbox 2297 5450 3616 5531">
     <span class='ocr_line' id='line_1_118' title="bbox 2297 5450 3616 5531; baseline -0.009 -16"><span class='ocrx_word' id='word_1_938' title='bbox 2297 5458 2492 5523; x_wconf 78' lang='lat' dir='ltr'><strong>ctantis</strong></span> <span class='ocrx_word' id='word_1_939' title='bbox 2519 5464 2574 5516; x_wconf 86' lang='lat' dir='ltr'><strong>ct</strong></span> <span class='ocrx_word' id='word_1_940' title='bbox 2602 5454 3010 5531; x_wconf 77' lang='lat' dir='ltr'><strong>tympanizantis</strong></span> <span class='ocrx_word' id='word_1_941' title='bbox 3035 5453 3104 5510; x_wconf 86' lang='lat' dir='ltr'><strong>ad</strong></span> <span class='ocrx_word' id='word_1_942' title='bbox 3132 5461 3338 5525; x_wconf 87' lang='lat' dir='ltr'><strong>portam</strong></span> <span class='ocrx_word' id='word_1_943' title='bbox 3364 5450 3616 5507; x_wconf 88' lang='lat' dir='ltr'><strong>civitatis.</strong></span> 
     </span>
    </p>
   </div>
   <div class='ocr_carea' id='block_1_118' title="bbox 2368 5540 3877 5622">
    <p class='ocr_par' dir='ltr' id='par_1_118' title="bbox 2368 5540 3877 5622">
     <span class='ocr_line' id='line_1_119' title="bbox 2368 5540 3877 5622; baseline -0.009 -18"><span class='ocrx_word' id='word_1_944' title='bbox 2368 5550 2422 5604; x_wconf 80' lang='grc'><strong>5.</strong></span> <span class='ocrx_word' id='word_1_945' title='bbox 2451 5545 2602 5622; x_wconf 54' lang='lat' dir='ltr'><strong>[vera</strong></span> <span class='ocrx_word' id='word_1_946' title='bbox 2632 5544 2714 5621; x_wconf 76' lang='grc'><strong>2.]</strong></span> <span class='ocrx_word' id='word_1_947' title='bbox 2740 5545 3042 5607; x_wconf 81' lang='lat' dir='ltr'><strong>Benediram</strong></span> <span class='ocrx_word' id='word_1_948' title='bbox 3071 5544 3342 5599; x_wconf 81' lang='lat' dir='ltr'><strong>Dominum</strong></span> <span class='ocrx_word' id='word_1_949' title='bbox 3375 5542 3429 5613; x_wconf 81' lang='lat' dir='ltr'><strong>in</strong></span> <span class='ocrx_word' id='word_1_950' title='bbox 3465 5540 3604 5596; x_wconf 85' lang='lat' dir='ltr'><strong>omni</strong></span> <span class='ocrx_word' id='word_1_951' title='bbox 3632 5548 3877 5609; x_wconf 80' lang='lat' dir='ltr'><strong>tempore.</strong></span> 
     </span>
    </p>
   </div>
   <div class='ocr_carea' id='block_1_119' title="bbox 2301 5627 3881 5708">
    <p class='ocr_par' dir='ltr' id='par_1_119' title="bbox 2301 5627 3881 5708">
     <span class='ocr_line' id='line_1_120' title="bbox 2301 5627 3881 5708; baseline -0.01 -14"><span class='ocrx_word' id='word_1_952' title='bbox 2301 5651 2492 5707; x_wconf 82' lang='lat' dir='ltr'><strong>semper</strong></span> <span class='ocrx_word' id='word_1_953' title='bbox 2520 5635 2632 5690; x_wconf 87' lang='lat' dir='ltr'><strong>laus</strong></span> <span class='ocrx_word' id='word_1_954' title='bbox 2672 5636 2783 5708; x_wconf 78' lang='lat' dir='ltr'><strong>ejus</strong></span> <span class='ocrx_word' id='word_1_955' title='bbox 2818 5634 2872 5689; x_wconf 85' lang='lat' dir='ltr'><strong>in</strong></span> <span class='ocrx_word' id='word_1_956' title='bbox 2902 5651 2989 5689; x_wconf 84' lang='lat' dir='ltr'><strong>ore</strong></span> <span class='ocrx_word' id='word_1_957' title='bbox 3020 5649 3151 5690; x_wconf 85' lang='lat' dir='ltr'><strong>meo.</strong></span> <span class='ocrx_word' id='word_1_958' title='bbox 3193 5632 3330 5688; x_wconf 90' lang='lat' dir='ltr'><strong>Dicit</strong></span> <span class='ocrx_word' id='word_1_959' title='bbox 3355 5628 3637 5697; x_wconf 73' lang='lat' dir='ltr'><strong>Christus,</strong></span> <span class='ocrx_word' id='word_1_960' title='bbox 3666 5627 3805 5683; x_wconf 82' lang='lat' dir='ltr'><strong>dicat</strong></span> <span class='ocrx_word' id='word_1_961' title='bbox 3831 5632 3881 5679; x_wconf 89' lang='lat' dir='ltr'><strong>et</strong></span> 
     </span>
    </p>
   </div>
   <div class='ocr_carea' id='block_1_120' title="bbox 2276 5717 3877 5796">
    <p class='ocr_par' dir='ltr' id='par_1_120' title="bbox 2276 5717 3877 5796">
     <span class='ocr_line' id='line_1_121' title="bbox 2276 5717 3877 5796; baseline -0.009 -13"><span class='ocrx_word' id='word_1_962' title='bbox 2276 5720 2651 5791; x_wconf 75' lang='lat' dir='ltr'><strong>christianos;</strong></span> <span class='ocrx_word' id='word_1_963' title='bbox 2673 5726 2795 5796; x_wconf 88' lang='lat' dir='ltr'><strong>quia</strong></span> <span class='ocrx_word' id='word_1_964' title='bbox 2816 5735 2872 5781; x_wconf 89' lang='lat' dir='ltr'><strong>et</strong></span> <span class='ocrx_word' id='word_1_965' title='bbox 2891 5724 3215 5781; x_wconf 84' lang='lat' dir='ltr'><strong>christianus</strong></span> <span class='ocrx_word' id='word_1_966' title='bbox 3238 5723 3291 5779; x_wconf 91' lang='lat' dir='ltr'><strong>in</strong></span> <span class='ocrx_word' id='word_1_967' title='bbox 3312 5735 3532 5793; x_wconf 90' lang='lat' dir='ltr'><strong>corpore</strong></span> <span class='ocrx_word' id='word_1_968' title='bbox 3550 5717 3753 5774; x_wconf 83' lang='lat' dir='ltr'><strong>Christi</strong></span> <span class='ocrx_word' id='word_1_969' title='bbox 3773 5723 3877 5779; x_wconf 83' lang='lat' dir='ltr'><strong>est;</strong></span> 
     </span>
    </p>
   </div>
   <div class='ocr_carea' id='block_1_121' title="bbox 2309 5803 3885 5891">
    <p class='ocr_par' dir='ltr' id='par_1_121' title="bbox 2309 5803 3885 5891">
     <span class='ocr_line' id='line_1_122' title="bbox 2309 5803 3885 5891; baseline -0.009 -17"><span class='ocrx_word' id='word_1_970' title='bbox 2309 5827 2367 5891; x_wconf 81' lang='lat' dir='ltr'><strong>et</strong></span> <span class='ocrx_word' id='word_1_971' title='bbox 2392 5823 2668 5890; x_wconf 77' lang='lat' dir='ltr'><strong>propterea</strong></span> <span class='ocrx_word' id='word_1_972' title='bbox 2697 5805 2942 5880; x_wconf 78' lang='lat' dir='ltr'><strong>Christus</strong></span> <span class='ocrx_word' id='word_1_973' title='bbox 2958 5816 3130 5872; x_wconf 76' lang='lat' dir='ltr'><strong>homo</strong></span> <span class='ocrx_word' id='word_1_974' title='bbox 3149 5844 3177 5877; x_wconf 89' lang='lat'><strong>.-</strong></span> <span class='ocrx_word' id='word_1_975' title='bbox 3196 5822 3256 5877; x_wconf 82' lang='lat' dir='ltr'><strong>ut</strong></span> <span class='ocrx_word' id='word_1_976' title='bbox 3285 5820 3471 5886; x_wconf 80' lang='lat' dir='ltr'><strong>posset</strong></span> <span class='ocrx_word' id='word_1_977' title='bbox 3493 5824 3615 5874; x_wconf 82' lang='lat' dir='ltr'><strong>esse</strong></span> <span class='ocrx_word' id='word_1_978' title='bbox 3641 5803 3885 5867; x_wconf 79' lang='lat' dir='ltr'><strong>christia.</strong></span> 
     </span>
    </p>
   </div>
  </div>
