4032 6494
204 543 300 587 ltus
323 528 581 597 angelus,
609 530 703 599 qui
728 530 866 593 ait‘,
905 528 1203 581 Benedicam
1242 525 1533 580 Dominum.
1572 524 1797 593 Quando

211 618 492 675 benedicens
517 618 840 674 Dominum?
866 619 1088 686 Quando
1122 618 1213 672 tibi
1253 616 1557 673 benefacit?
1587 616 1805 686 quando

213 712 480 768 abundant
523 712 841 767 utecularia?
880 711 1091 781 quando
1139 709 1363 763 multum
1409 708 1643 765 abundat
1686 707 1802 761 fru-

216 805 394 870 menti,
425 804 554 867 olei,
587 804 719 868 vini,
751 804 886 867 anri,
928 803 1151 872 argenti,
1192 801 1598 870 mancipiorum,
1641 815 1802 869 peco-

217 912 355 959 rum,
379 895 637 965 salusque
666 895 763 953 ista
794 896 1031 949 mortalis
1061 893 1390 951 invulnerata
1418 901 1473 947 et
1498 892 1803 960 incorrupta

218 988 473 1059 persistit,
502 1003 565 1041 ea
592 1003 712 1055 qua:
741 995 1027 1040 nascuntur
1052 993 1300 1040 crescunt
1322 984 1521 1049 omnia,
1550 982 1679 1038 nihil
1706 983 1807 1037 im-

217 1090 413 1135 matura
463 1088 638 1133 morte
674 1078 1022 1142 subtrahitur,
1055 1076 1278 1132 felicitas
1326 1082 1435 1129 tota
1464 1073 1697 1129 abundat
1751 1074 1803 1127 in

214 1171 393 1235 domo,
416 1168 795 1223 circumﬂuunt
814 1169 1010 1234 omnia,
1035 1178 1159 1222 tunc
1180 1166 1467 1225 benedices
1488 1162 1805 1219 Dominum?

215 1260 324 1315 Non
354 1275 370 1311 :
399 1259 496 1313 sed
525 1259 579 1312 in
604 1260 742 1312 omni
768 1269 1005 1327 tempore.
1046 1258 1187 1327 Ergo
1222 1265 1277 1311 et
1317 1266 1440 1311 tunc
1459 1298 1474 1322 ,
1502 1263 1559 1310 et
1589 1252 1809 1324 quando

216 1352 310 1405 ista
349 1349 659 1405 secundum
686 1359 891 1419 tempus
925 1357 981 1403 et
1018 1347 1309 1404 secundum
1349 1346 1556 1416 ﬂagella
1596 1344 1807 1400 Dumiui

218 1441 306 1495 Dei
352 1442 525 1495 nostri
570 1440 867 1505 turbantur,
903 1438 1236 1504 auferuntur,
1280 1438 1452 1492 minus
1493 1446 1805 1501 nascuntur,

214 1535 315 1604 jam
351 1543 478 1589 nata
508 1533 833 1588 dilabuntur.
865 1533 1020 1588 Fiunt
1049 1532 1190 1589 enim
1221 1531 1363 1597 haec,
1395 1538 1447 1586 et
1476 1529 1598 1584 inde
1628 1528 1809 1597 sequi-

221 1636 300 1679 tur
340 1626 589 1693 penuria,
619 1635 848 1694 egeStas,
884 1625 1053 1688 labor,
1086 1623 1239 1677 dolor
1266 1629 1323 1678 et
1350 1622 1588 1677 teutatio.
1619 1619 1724 1675 Sed
1754 1630 1809 1674 tu

219 1718 302 1787 qui
339 1717 605 1782 eantasti,
645 1715 947 1770 Benedicam
991 1715 1264 1769 Dominum
1292 1713 1346 1767 in
1375 1713 1511 1767 omni
1552 1721 1807 1782 tempore,

223 1830 415 1882 semper
445 1811 562 1866 laus
586 1812 694 1885 ejus
724 1811 776 1864 in
802 1827 887 1865 ore
911 1826 1040 1875 meo,
1072 1819 1125 1863 et
1149 1808 1361 1877 quando
1385 1806 1485 1861 ista
1511 1805 1621 1867 dat,
1651 1804 1812 1857 bene-

221 1906 336 1967 dic;
367 1912 423 1957 et
450 1902 667 1973 quando
696 1903 796 1957 ista
823 1901 993 1965 tollit,
1026 1898 1267 1955 benedic.
1297 1897 1429 1965 Quia
1461 1896 1548 1952 ille
1576 1895 1694 1958 dat,
1723 1894 1813 1951 ille

224 1996 359 2049 tollit
387 2011 401 2047 :
434 1994 532 2049 sed
563 1994 797 2065 seipsum
823 2008 851 2046 a
884 1992 1232 2048 benedicente
1256 2005 1316 2045 se
1342 2004 1447 2043 non
1476 1986 1632 2043 tollit.

288 2088 341 2140 6.
370 2085 504 2153 Quis
539 2094 624 2139 est
657 2095 834 2139 autem
863 2084 951 2152 qtti
984 2081 1247 2137 benedicit
1277 2080 1555 2134 Dominum
1586 2080 1636 2132 in
1666 2076 1811 2130 omni

224 2188 493 2246 tempore.
531 2177 631 2231 nisi
672 2175 890 2229 humilis
929 2173 1127 2227 corde?
1164 2172 1333 2241 Ipsam
1363 2171 1503 2224 enim
1544 2168 1811 2221 humilita-

225 2280 324 2325 tem
365 2269 845 2327 docnitDominus
891 2278 1071 2321 noster
1116 2266 1167 2319 in
1208 2278 1429 2334 corpore
1468 2271 1527 2320 et,
1558 2260 1815 2330 sanguine

224 2377 316 2415 sui
361 2378 376 2415 :
417 2359 539 2429 quia
589 2375 708 2412 cum
762 2357 1101 2411 commendat
1151 2368 1345 2423 corpus
1394 2362 1449 2406 et
1500 2351 1812 2420 sanguinem

222 2466 371 2505 Suum
392 2492 407 2513 ,
445 2452 794 2515 humilitatem
828 2463 979 2502 suam
1018 2445 1386 2509 commendat,
1416 2444 1469 2497 in
1504 2458 1569 2497 eo
1592 2441 1732 2512 quod
1763 2444 1813 2494 in

226 2542 329 2612 ipsa
362 2543 587 2597 historia
627 2544 883 2610 scriptum
911 2549 1014 2604 est,
1048 2540 1100 2593 iu
1130 2540 1220 2593 illo
1243 2536 1394 2608 quasi
1424 2535 1600 2592 furore
1631 2531 1813 2599 David,

226 2634 359 2702 quod
389 2632 852 2703 pra-termisinms,
880 2630 942 2683 Et
970 2631 1142 2687 saliva:
1164 2627 1491 2681 decurrebant
1520 2641 1671 2695 super
1699 2624 1817 2677 bar-

228 2724 335 2777 bam
362 2726 493 2794 ejus
524 2724 655 2776 (lum
686 2723 951 2792 legeretur
981 2720 1285 2791 Apostolus,
1319 2717 1541 2772 audistis
1569 2718 1708 2785 ipsas
1732 2729 1817 2769 sa-

229 2813 389 2879 livas,
419 2814 515 2868 sed
546 2814 894 2869 decurrentes
934 2828 1096 2881 super
1131 2812 1370 2867 barbam.
1414 2810 1548 2864 Dicit
1586 2808 1812 2876 aliquis,

226 2907 363 2972 Quas
391 2905 592 2972 salivas
622 2904 955 2959 audivimus?
976 2903 1163 2958 Nonne
1188 2902 1347 2957 modo
1371 2902 1536 2955 lectus
1562 2909 1645 2955 cst
1673 2900 1816 2968 Apo-

226 2998 421 3060 stolus,
466 3013 587 3065 cum
631 2998 834 3055 diceret
866 3013 880 3051 :
908 2996 1082 3050 Iudici
1124 2997 1269 3067 signa
1308 3004 1519 3065 petunt,
1560 3004 1607 3046 et
1646 2991 1812 3047 (ἐνωεί

232 3091 528 3157 sapientiam
567 3091 843 3159 quierunt?
886 3088 1040 3143 Modo
1087 3088 1278 3143 lectum
1318 3095 1400 3141 est
1436 3105 1449 3140 :
1494 3085 1613 3139 Nos‘
1646 3095 1813 3138 autem

228 3180 558 3246 praedicamus
577 3223 590 3241 ,
636 3180 835 3250 inquit,
869 3178 1123 3231 Christum
1153 3178 1450 3244 cruciﬁxum
1481 3175 1645 3246 (tunc
1670 3177 1813 3232 enim

228 3270 639 3339 tympanizahat)
664 3268 862 3335 ludatis
888 3270 1089 3339 quidem
1114 3267 1430 3329 scandalum,
1456 3268 1694 3322 Gentibus
1715 3284 1813 3321 au-

225 3366 315 3413 tem
353 3361 663 3425 stultitiam;
706 3361 831 3429 ipsis
872 3376 987 3413 vero
1026 3360 1211 3414 vocatis
1258 3359 1452 3414 Iuda-is
1495 3370 1540 3412 et
1585 3358 1809 3426 ercis,

226 3450 475 3505 Christum
507 3450 598 3503 Dei
645 3450 886 3505 Virtutem
921 3460 966 3503 et
1011 3451 1103 3504 Dei
1138 3452 1452 3518 Sapientiam
1482 3466 1501 3505 :
1529 3452 1646 3520 quia
1679 3452 1815 3521 quod

225 3545 426 3595 stultum
456 3552 529 3596 est
557 3541 674 3608 Dei,
699 3543 973 3613 sapientius
992 3553 1062 3595 est
1090 3542 1409 3605 hominibus;
1438 3552 1482 3595 et
1508 3541 1643 3611 quod
1668 3542 1815 3609 inﬁr-

226 3651 356 3685 mum
394 3644 468 3687 est
503 3632 633 3698 Dei,
665 3633 843 3702 fortius
875 3643 948 3685 cst
974 3648 1126 3702 quant
1162 3632 1386 3685 homines
1416 3630 1467 3702 (I
1497 3631 1613 3684 Cor.
1646 3645 1681 3691 t.
1709 3630 1807 3685 92-

225 3724 329 3792 26).
357 3724 555 3779 Satira:
585 3726 726 3777 enim
763 3724 1060 3791 significant
1090 3723 1365 3777 stultitiam
1387 3763 1401 3786 ,
1434 3722 1615 3776 saliva:
1644 3722 1810 3791 signi-

229 3815 381 3868 ficant
436 3814 820 3868 inﬁrmitatem.
868 3814 972 3868 Sed
1011 3814 1055 3868 si
1094 3813 1234 3882 quod
1280 3814 1499 3871 stultum
1547 3824 1630 3869 est
1680 3814 1808 3878 Dei,

224 3907 515 3975 sapientius
541 3914 625 3961 est
656 3907 961 3961 hominibus
982 3948 996 3969 ,
1026 3916 1076 3963 et
1105 3906 1245 3977 quod
1277 3906 1542 3962 inﬁrmum
1574 3907 1809 3973 estDe't,

225 3997 409 4053 fortius
428 4007 515 4052 est
538 4012 697 4066 quam
726 3997 1005 4052 homines:
1029 4014 1133 4052 non
1162 4006 1408 4067 Iamnam
1435 3998 1618 4053 saliva:
1642 3997 1812 4053 allen-

222 4088 377 4154 dant,
420 4088 516 4143 sed
562 4088 809 4153 attende,
858 4088 981 4158 quia
1026 4102 1187 4157 super
1232 4088 1450 4143 barbam
1497 4087 1807 4146 decurrunt.

222 4179 501 4247 Quomodo
544 4181 687 4233 enim
734 4180 915 4235 salivis
960 4180 1276 4246 inﬁrmitas,
1319 4179 1398 4235 sic
1440 4180 1601 4234 barba
1644 4181 1811 4235 virtus

219 4272 540 4326 Ostenditur.
574 4270 727 4326 Texit
767 4286 896 4341 ergo
927 4271 1174 4325 virtutem
1217 4286 1366 4325 suam
1397 4285 1621 4339 corpore
1658 4270 1811 4324 inﬁr-

222 4363 419 4417 mitatis
458 4377 574 4416 suae
606 4380 621 4416 :
652 4369 707 4416 et
742 4362 883 4431 quod
926 4361 1223 4417 forinsecus
1265 4361 1660 4424 inﬁrmabatur,
1694 4370 1811 4415 tan-

220 4469 374 4523 quam
404 4454 459 4508 in
488 4453 651 4507 saliva
681 4453 1003 4523 apparebat;
1045 4454 1185 4507 intus
1220 4462 1399 4509 autem
1434 4452 1609 4507 divina
1643 4453 1809 4507 virtus

221 4556 471 4616 tanquam
504 4546 667 4601 barba
701 4546 993 4617 tegebatur.
1026 4546 1166 4616 Ergo
1194 4545 1460 4599 humilitas
1487 4543 1640 4598 nobis
1663 4559 1810 4598 com-

220 4639 520 4695 mendatur.
556 4638 685 4693 Esto
724 4638 969 4702 humilis,
1000 4639 1044 4692 si
1073 4638 1153 4693 vis
1183 4636 1495 4692 benedicere
1530 4637 1807 4692 Dominum

217 4732 270 4785 in
293 4732 441 4785 omni
474 4740 715 4800 tempore
735 4773 750 4795 ,
778 4738 832 4784 et
870 4745 1084 4800 semper
1111 4730 1222 4784 laus
1248 4729 1363 4798 ejus
1390 4729 1458 4783 sit
1490 4728 1540 4783 in
1572 4744 1665 4783 ore
1694 4739 1804 4786 tuo.

215 4823 347 4892 Quia
393 4822 500 4877 Joh
542 4837 647 4877 non
689 4831 889 4876 tantum
937 4822 1205 4876 benedixit
1246 4821 1556 4886 Dominum,
1594 4820 1808 4889 quando

212 4914 560 4969 abundabant
592 4914 665 4968 illi
696 4914 904 4979 omnia,
938 4912 1131 4983 quibus
1169 4927 1292 4967 eum
1329 4911 1552 4981 legimus
1586 4911 1804 4966 divitem

214 5007 378 5064 fuisse
403 5016 461 5063 et
499 5007 731 5069 felicem,
761 5017 813 5061 et
842 5022 1053 5077 pecore,
1083 5015 1137 5062 et
1174 5007 1363 5071 servis,
1397 5014 1452 5061 et
1478 5005 1657 5071 domo,
1692 5006 1809 5063 feli-

212 5113 328 5154 cem
362 5100 519 5168 ﬁliis,
549 5109 603 5153 et
640 5100 890 5154 omnibus
922 5099 1100 5154 rebus.
1130 5100 1315 5155 Ablata
1347 5108 1467 5154 sunt
1495 5102 1668 5154 omnia
1700 5116 1805 5156 uno

214 5198 479 5262 tempore,
501 5201 553 5247 et
578 5190 813 5259 implevit
832 5189 971 5260 quod
997 5191 1047 5244 in
1076 5189 1177 5243 hoc
1201 5189 1405 5257 psalmo
1424 5190 1678 5258 scriptum
1700 5199 1800 5255 est,

211 5280 396 5338 dicens
421 5301 435 5340 :
463 5282 713 5336 Dominus
733 5281 888 5347 dedit,
913 5279 1161 5335 Dominus
1179 5280 1421 5346 abstulit;
1440 5281 1566 5334 sicut
1586 5280 1804 5334 Domina

212 5376 434 5444 placuit,
466 5376 539 5427 ita
568 5375 758 5444 factum
789 5382 859 5427 est
888 5388 908 5427 .'
935 5375 998 5427 sit
1031 5389 1210 5427 nomen
1252 5371 1455 5426 Domini
1494 5372 1803 5426 benedictum

214 5467 342 5523 (Job
374 5484 412 5533 ι,
440 5466 505 5522 21
531 5468 575 5539 ).
609 5466 748 5521 Ecce
778 5465 941 5519 habes
966 5466 1270 5535 exemplum
1301 5462 1665 5520 benedicentis
1695 5464 1802 5517 Do-

214 5560 410 5613 tninum
442 5561 493 5614 in
526 5557 672 5612 omni
704 5566 963 5625 tempore.

280 5653 329 5709 5.
352 5652 506 5727 [vers.
541 5648 623 5723 5.]
654 5649 828 5716 Quare
848 5659 1022 5703 autem
1046 5648 1311 5704 benetlicit
1338 5646 1614 5700 Dominum
1642 5644 1802 5699 homo

213 5743 260 5797 in
292 5746 433 5800 omni
485 5740 771 5811 tempore?
815 5739 945 5807 Quia
997 5739 1213 5795 humilis
1250 5748 1349 5793 est.
1378 5736 1514 5804 Quid
1558 5745 1641 5791 est
1682 5751 1802 5792 esse

268 5858 280 5926 _'
306 5855 494 5923 ,ιιιφιοι
517 5848 895 5926 psalmodiis,
922 5849 1005 5914 qui
1015 5849 1123 5914 jam
1147 5850 1297 5900 dicat.
1326 5847 1404 5897 alii
1431 5845 1645 5897 nonnulli
1672 5862 1683 5895 :
1712 5859 1801 5896 an-

204 5920 339 5974 «las.
368 5917 423 5972 Et
448 5917 575 5972 quid
601 5917 691 5964 ait.

1290 410 1685 466 EN.\RR.-\Tl0
1730 410 1792 465 IN
1833 408 2154 469 PSALSIUBI
2190 413 2423 470 XXXIII.

3387 426 3493 480 illi!

1913 527 2205 582 humilem?
2234 530 2383 585 Nolle
2413 532 2463 584 in
2494 548 2551 585 se
2577 532 2799 588 laudari.
2831 535 2931 603 Qui
2963 536 3015 590 itt
3038 552 3095 591 se
3116 537 3227 592 vult
3257 537 3490 601 laudari.

1912 622 2170 689 Superbus
2198 632 2299 677 est.
2328 623 2428 689 Qui
2450 626 2710 695 superbus
2737 643 2843 680 non
2873 637 2972 691 est,
3005 629 3220 685 humilis
3243 641 3344 685 est.
3374 630 3491 687 Non

1915 713 1996 765 vis
2026 729 2154 782 ergo
2192 728 2309 767 esse
2352 716 2649 784 superbus?
2681 716 2747 772 Ut
2777 719 2951 785 possis
2977 734 3097 775 esse
3132 720 3344 775 humilis
3365 764 3379 784 ,
3407 722 3494 778 dic

1914 802 2053 872 quod
2083 803 2279 858 dictum
2323 816 2406 860 est
2430 825 2443 861 :
2470 805 2537 860 In
2577 806 2793 861 Domino
2837 810 3125 865 laudabitur
3150 814 3320 865 anima
3347 830 3495 876 mea;

1911 895 2122 948 audiant
2149 899 2415 962 mansueti,
2441 908 2485 950 et
2510 898 2759 954 lcetentur.
2787 899 2925 969 Ergo
2946 901 3031 969 qui
3056 916 3159 955 non
3189 903 3239 955 in
3272 903 3494 957 Domino

1914 983 2097 1039 volunt
2126 985 2350 1050 laudari,
2374 1003 2479 1041 non
2501 998 2623 1042 sunt
2644 990 2935 1054 mansueti;
2964 990 3055 1043 sed
3078 998 3273 1056 truces,
3298 994 3495 1061 asperi.

1915 1075 2059 1140 elati,
2089 1076 2325 1146 superbi.
2356 1076 2601 1133 Iumenta
2631 1090 2905 1135 mansueta
2936 1084 3047 1135 vult
3084 1082 3279 1137 habere
3313 1085 3494 1139 Domi~

1917 1181 2016 1220 nus
2040 1182 2053 1217 :
2077 1176 2194 1220 esto
2218 1168 2517 1237 iumentum
2550 1170 2782 1235 Domini,
2814 1172 2862 1226 id
2889 1182 2991 1237 est,
3022 1181 3138 1227 esto
3168 1185 3496 1229 mansuetus.

1914 1254 2070 1312 Sedet
2123 1256 2211 1312 ille
2253 1273 2418 1327 super
2458 1269 2542 1324 te,
2592 1260 2706 1330 ipse
2749 1263 2882 1332 regit
2926 1274 3020 1318 te:
3052 1265 3156 1318 noli
3202 1266 3388 1319 timere
3430 1280 3500 1321 ne

1917 1345 2185 1414 oft‘endas,
2232 1357 2287 1403 et
2328 1364 2420 1405 eas
2464 1350 2514 1403 in
2558 1366 2814 1421 prmccps.
2848 1352 3129 1407 lnﬁrmitas
3165 1356 3375 1424 quidem
3411 1365 3498 1411 tua

1918 1447 2019 1497 est,
2052 1438 2144 1489 sed
2174 1439 2387 1494 attende
2415 1440 2534 1509 quis
2566 1440 2656 1494 tibi
2691 1443 2990 1510 pra-sulcat.
3026 1444 3209 1499 I’ullus
3237 1446 3370 1498 asini
3402 1461 3494 1511 es,

1916 1527 2010 1585 sed
2034 1527 2304 1589 Christum
2337 1542 2537 1600 portas.
2568 1531 2701 1587 Nam
2728 1544 2781 1587 et
2812 1536 2923 1602 ipse
2949 1536 2999 1587 in
3030 1536 3171 1602 pullo
3192 1536 3323 1590 asini
3354 1537 3500 1592 venit

1916 1619 1980 1673 ad
2022 1621 2325 1686 civitatem,
2378 1630 2434 1675 et
2478 1620 2573 1676 fuit
2620 1623 2747 1678 illud
2792 1624 3088 1692 jumentum
3140 1637 3497 1682 mansuetum.

1916 1710 2179 1781 Numquid
2222 1712 2534 1768 laudabatur
2557 1713 2859 1783 jumentuai
2906 1715 3065 1769 illud?
3111 1716 3370 1787 Numquid
3409 1718 3501 1787 juo

1918 1802 2400 1863 memodicebatur
2424 1823 2437 1861 :
2461 1804 2705 1859 Hosauna
2726 1849 2740 1871 ,
2773 1808 2848 1872 ﬁli
2877 1807 3040 1860 David
3057 1851 3069 1870 ,
3105 1810 3389 1864 b.uedictus
3416 1813 3502 1880 qui

1917 1892 2046 1945 renit
2074 1892 2125 1945 in
2156 1894 2357 1946 nomine
2387 1894 2590 1949 Domini
2620 1894 2833 1963 (Matth.
2868 1913 2979 1962 ut,
3007 1899 3102 1966 9)?
3132 1900 3341 1953 Asellus
3374 1916 3501 1967 pur-

1920 1983 2063 2038 tabat
2094 2002 2105 2037 :
2135 1984 2229 2039 sed
2271 1984 2360 2041 ille
2402 1986 2492 2056 qui
2543 1989 2869 2055 portabatur,
2911 2005 2940 2041 a
2982 1988 3406 2057 priceedemibus
3446 2000 3503 2045 et

1917 2076 2367 2145 consequentibus
2406 2077 2739 2132 laudabatur.
2784 2078 2850 2133 Et
2878 2081 3085 2135 dicebat
3117 2080 3252 2135 forte
3288 2081 3503 2151 jumen-

1922 2174 2031 2223 tum
2053 2183 2066 2221 :
2086 2165 2151 2220 In
2184 2166 2398 2222 Domino
2436 2169 2919 2225 lutulubiturmuima
2948 2188 3089 2238 mea;
3115 2173 3323 2227 audiant
3354 2190 3505 2227 nuut-

1916 2259 2076 2323 sueti,
2122 2268 2166 2313 et
2206 2258 2457 2313 lwtentur.
2509 2260 2785 2329 Nunquam
2831 2262 2957 2314 illud
2996 2262 3126 2317 dixit
3160 2264 3245 2316 ille
3280 2265 3499 2331 asinus,

1920 2348 2112 2411 fratres
2131 2368 2141 2401 :
2162 2348 2255 2404 sed
2275 2348 2416 2404 dicat
2438 2351 2560 2405 ilhul
2590 2353 2811 2422 populus
2833 2351 2922 2423 qui
2943 2354 3175 2407 imitatur
3196 2353 3498 2423 jnmentutn

1920 2440 2047 2498 Illud
2070 2482 2086 2507 ,
2119 2442 2163 2496 si
2194 2442 2305 2497 vult
2332 2452 2543 2512 portare
2572 2444 2851 2498 Dominum
2881 2460 3057 2500 suum.
3090 2445 3339 2501 Irascitur
3369 2447 3504 2503 forte

1923 2534 2149 2603 populus
2170 2576 2184 2601 ,
2212 2536 2337 2603 quia
2358 2547 2704 2605 comparatur
2732 2537 2898 2597 asello
2929 2538 2980 2592 in
3025 2555 3131 2609 quo
3156 2540 3294 2595 sedit
3322 2541 3503 2596 Domi-

1921 2639 2058 2689 nus;
2105 2633 2157 2679 et
2199 2625 2379 2683 dicent
2419 2626 2550 2681 mihi
2598 2627 2758 2698 aliqui
2809 2628 3021 2698 superbi
3069 2640 3124 2684 et
3168 2631 3335 2684 elati:
3368 2632 3507 2687 Ecce

1921 2717 2102 2772 asinos
2126 2732 2222 2773 nos
2252 2718 2392 2773 fecit.
2421 2718 2499 2773 Sit
2520 2720 2930 2779 asinusllomini
2959 2721 3199 2791 quisquis
3225 2723 3323 2776 hoc
3345 2723 3502 2785 dicit;

1921 2824 1988 2865 ne
2024 2810 2093 2864 sit
2132 2825 2299 2879 equus
2345 2820 2399 2865 et
2440 2812 2648 2875 mulus,
2680 2812 2872 2880 quibus
2915 2827 3018 2866 non
3061 2823 3141 2867 est
3181 2813 3501 2869 intellectus.

1919 2900 2098 2955 Nostis
2142 2902 2285 2955 enim
2326 2903 2585 2971 psalmum
2629 2904 2714 2957 ubi
2757 2902 3189 2958 (licituerolitc
3232 2922 3338 2960 esse
3376 2906 3505 2958 sicut

1919 3009 2073 3060 equus
2098 3002 2145 3045 et
2172 2992 2369 3059 mulus,
2400 2993 2579 3064 quibus
2604 3011 2703 3048 non
2733 3004 2805 3049 est
2842 2994 3120 3049 intellectus
3144 2993 3314 3065 (Psal.
3344 3011 3499 3062 XX“,

1919 3081 1999 3154 9).
2024 3081 2205 3152 Equus
2232 3084 2372 3136 enim
2399 3092 2453 3137 et
2483 3084 2656 3137 mulus
2674 3084 2883 3155 erigunt
2903 3088 3166 3143 cervicem
3188 3086 3498 3156 aliquando,

1919 3184 1973 3229 et
2002 3189 2094 3229 sua
2133 3174 2409 3230 ferocitate
2436 3177 2711 3233 excutiunt
2736 3193 2765 3230 a
2796 3193 2853 3232 se
2882 3182 3172 3240 sessorem,
3216 3180 3501 3241 humanus.

1918 3266 2106 3335 frenis,
2138 3282 2291 3320 eamo
2311 3309 2325 3333 ,
2357 3269 2700 3330 verberibus,
2732 3268 2905 3329 donec
2929 3269 3139 3323 discum
3167 3270 3412 3334 subesse,
3445 3279 3503 3324 et

1921 3367 2134 3429 portare
2169 3359 2443 3414 dominum
2488 3376 2665 3417 suum.
2707 3361 2785 3415 'l‘u
2816 3372 2990 3417 autem
3020 3372 3301 3433 antequam
3350 3363 3501 3419 freno

1922 3451 2211 3507 laudantur
2236 3467 2328 3511 ora
2360 3460 2478 3514 tua,
2526 3462 2644 3506 esto
2674 3461 3018 3518 mansuetus,
3062 3462 3117 3507 et
3146 3466 3293 3523 porta
3327 3455 3506 3509 Domi—

1917 3558 2042 3598 num
2071 3552 2216 3596 tuum
2243 3561 2256 3597 :
2283 3543 2388 3595 noli
2420 3543 2470 3596 in
2502 3553 2551 3597 te
2581 3544 2714 3598 velle
2746 3543 2989 3609 Laudari,
3019 3545 3112 3600 sed
3144 3545 3389 3600 laudetur
3415 3546 3504 3602 ille

1915 3634 2007 3703 qui
2037 3646 2195 3702 super
2235 3642 2285 3687 te
2322 3633 2472 3688 sedet
2492 3675 2504 3697 ,
2550 3644 2607 3695 et
2640 3635 2787 3688 dices
2820 3653 2833 3687 :
2866 3634 2932 3688 lu
2963 3634 3179 3690 Domino
3208 3637 3504 3691 laudabitur

1916 3725 2086 3777 anima
2114 3740 2243 3789 mea,
2270 3724 2483 3779 audiant
2504 3725 2769 3790 mansueti,
2791 3736 2838 3780 et
2861 3725 3110 3780 (tutentur.
3135 3728 3265 3782 Nam
3288 3729 3501 3797 quando

1914 3814 2138 3869 audiunt
2173 3830 2277 3868 non
2306 3816 2565 3877 mansueti
2584 3857 2599 3880 ,
2631 3831 2733 3870 non
2763 3818 3025 3878 laetantur.
3046 3818 3141 3871 Sed
3167 3820 3499 3875 irascuntur:

1916 3917 1970 3961 et
2001 3908 2098 3977 ipsi
2140 3917 2262 3961 sunt
2301 3908 2389 3978 qui
2431 3907 2613 3964 dicunt
2656 3908 2798 3977 quod
2837 3908 3017 3964 asinos
3061 3924 3154 3964 eos
3194 3908 3498 3967 fecerimus.

1916 3999 2016 4067 Qui
2061 4010 2239 4054 autem
2286 4002 2549 4055 mansueti
2578 4012 2731 4066 sunt,
2772 4001 3061 4071 dignentur
3086 4003 3271 4059 audire
3300 4013 3355 4059 et
3379 4020 3501 4061 esse

1913 4088 2055 4159 quod
2083 4090 2324 4146 audiunt.

1985 4204 2036 4256 6.
2059 4201 2208 4277 [rem
2230 4201 2309 4276 4.]
2330 4204 2596 4273 Sequitur,
2631 4204 2957 4275 Magni/irate
2985 4206 3253 4262 Dominum
3283 4226 3494 4265 mecum.

1914 4295 2042 4363 Quis
2064 4308 2139 4349 est
2178 4299 2274 4349 iste
2300 4299 2387 4365 qui
2421 4298 2732 4352 exhortatur
2758 4308 2813 4352 ιιι
2842 4286 3240 4367 magniﬁcemus
3262 4318 3379 4355 eum
3411 4304 3500 4358 illo

1915 4388 2239 4444 Dominum?
2267 4390 2516 4459 Quisquis
2545 4398 2647 4454 est,
2679 4389 2889 4454 fratres,
2924 4391 2974 4443 in
3006 4406 3229 4459 corpore
3256 4392 3455 4449 Christi
3478 4436 3493 4458 ,

1912 4479 1976 4533 ad
2008 4475 2115 4533 hoc
2137 4480 2293 4534 debet
2326 4479 2455 4534 dare
2499 4495 2712 4549 operam
2739 4522 2751 4542 ,
2782 4489 2836 4533 ut
2864 4482 3227 4550 magnilicctur
3252 4497 3373 4538 cum
3404 4484 3497 4538 illo

1914 4568 2189 4625 Dominus.
2226 4573 2381 4625 Amat
2406 4571 2546 4625 enim
2582 4572 2861 4626 Dominum
2891 4573 3129 4643 quisquis
3158 4582 3242 4629 est
3273 4575 3392 4629 iste.
3428 4576 3497 4632 Ει

1912 4662 2181 4732 quomodo
2207 4663 2351 4717 ἱΗιιιιι
2380 4662 2561 4718 amat?
2583 4662 2650 4719 Ut
2675 4680 2778 4718 non
2808 4664 3039 4720 invideat
3062 4667 3347 4721 coamatori
3374 4682 3493 4723 suo.

1912 4754 2163 4826 Quisquis
2206 4754 2347 4811 enim
2392 4765 2534 4811 amat
2567 4758 2852 4811 carnaliter
2874 4800 2888 4824 ,
2936 4774 3153 4813 necesse
3184 4768 3264 4814 est
3294 4771 3348 4814 ut
3373 4776 3494 4816 cum

1912 4847 2027 4901 zelo
2055 4846 2302 4916 pestifero
2326 4855 2501 4902 amet:
2523 4847 2565 4902 si
2598 4846 2735 4902 forte
2764 4862 2858 4916 pro
2882 4863 3073 4917 magno
3096 4848 3288 4903 nudam
3313 4850 3497 4907 videre

1910 4938 2163 5009 potuerit,
2193 4954 2348 5008 quam
2377 4937 2633 5009 pestifero
2659 4952 2841 4992 amore
2866 4937 3204 5001 desideravit,
3238 4942 3495 5012 numquid

1912 5030 2023 5084 vult
2052 5038 2112 5085 ut
2143 5030 2316 5085 videat
2345 5030 2487 5085 illam
2518 5039 2569 5085 et
2608 5029 2782 5084 alius?
2818 5028 3047 5085 Necesse
3087 5042 3168 5087 est
3211 5041 3268 5088 ut
3297 5036 3413 5089 zelo
3441 5045 3496 5091 et

1910 5121 2075 5178 livore
2101 5124 2384 5186 saucietur,
2416 5124 2459 5178 si
2488 5131 2542 5177 et
2565 5121 2701 5177 alius
2730 5138 2848 5179 eam
2891 5125 3083 5180 viderit
3102 5127 3144 5183 ¹.
3173 5128 3238 5183 Et
3267 5129 3343 5183 sic
3372 5145 3492 5184 ser-

1909 5221 2063 5267 vatur
2090 5214 2329 5279 castitas,
2356 5212 2398 5267 si
2426 5222 2516 5267 aut
2542 5210 2632 5267 ille
2664 5212 2838 5268 videat
2862 5213 2946 5269 cui
2978 5216 3118 5282 licet,
3144 5226 3195 5271 et
3222 5219 3356 5271 alius
3386 5232 3493 5273 non

1909 5303 2105 5367 videat,
2133 5312 2222 5357 aut
2248 5307 2348 5359 nec
2376 5302 2512 5373 ipse.
2540 5302 2655 5359 Non
2684 5304 2763 5361 sic
2789 5315 2869 5361 est
2892 5306 3158 5378 Sapientia
3190 5309 3280 5364 Dei
3304 5326 3317 5363 :
3342 5308 3494 5364 vide-

1907 5392 2082 5449 bimus
2114 5394 2254 5448 illam
2284 5393 2417 5449 facie
2444 5393 2508 5449 ad
2541 5394 2727 5451 faciem
2747 5439 2761 5463 ,
2790 5406 2842 5452 et
2868 5412 3054 5455 omnes
3086 5399 3410 5462 videbimus,
3438 5407 3494 5455 et

1909 5486 2104 5539 nemo'
2137 5484 2206 5541 ibi
2247 5484 2457 5541 zelabit.
2502 5484 2761 5542 Omnibus
2790 5503 2849 5544 se
2892 5490 3139 5555 exhibet,
3185 5498 3240 5545 et
3290 5491 3493 5560 integra

1907 5585 2018 5644 est,
2050 5586 2105 5632 et
2128 5588 2272 5632 easta
2303 5586 2387 5632 est
2426 5578 2693 5634 omnibus.
2747 5577 2820 5634 Illi
2871 5590 3140 5635 mutantur
3168 5581 3219 5634 in
3256 5597 3406 5649 eam,
3440 5592 3496 5638 et

1908 5670 2020 5741 ipsa
2052 5670 2105 5725 in
2136 5686 2231 5726 eos
2258 5686 2362 5725 non
2408 5680 2661 5726 mutatur.
2702 5671 2815 5742 Ipsa
2853 5681 2935 5726 est
2984 5672 3210 5738 veritas,
3256 5673 3368 5743 ipsa
3409 5683 3494 5730 est

1970 5786 1989 5817 ⁸
2014 5783 2239 5847 Plerique
2264 5792 2388 5845 Mss,
2411 5783 2523 5848 siet
2539 5785 2664 5848 alius
2686 5785 2812 5848 uelit.
2833 5784 3029 5848 _Supple.
3053 5784 3233 5837 ridere.

1970 5848 1990 5914 ξ
2015 5844 2382 5914 tpv.,'£t_nemo
2404 5860 2463 5914 se
2485 5846 2553 5914 ibi
2575 5846 2763 5897 celabit.
2799 5844 2985 5910 Aliquot
3010 5856 3135 5908 Mss,
3170 5846 3277 5901 sibi.
3306 5847 3409 5914 ιω.
3431 5845 3498 5902 ibi

1911 5906 2078 5959 celabit
2108 5920 2126 5959 :
2149 5910 2321 5959 omissa
2347 5907 2576 5972 particula
2599 5922 2665 5959 se.
