4032 6472
517 401 618 466 311

523 521 678 576 Deus
705 512 969 586 Numquid
989 510 1270 584 aliquando
1289 507 1512 563 audistis
1529 547 1544 570 ,
1584 505 1794 565 fratres,
1825 500 1965 572 quod
1995 514 2093 570 po-

474 673 475 676 η
525 614 688 664 tuerit
724 604 1041 662 commutari
1070 603 1208 658 Deus
1235 594 1900 667 nosterl'Supereminens
1927 590 2102 644 omni-

473 677 482 756 i
523 700 624 756 bus
650 699 846 755 veritas
872 704 984 761 est,
1020 693 1252 750 Verbum
1283 690 1380 747 Dei
1409 699 1519 754 est,
1558 685 1826 759 Sapientia
1860 683 1954 738 Dei
1985 690 2066 737 est
2086 721 2102 747 ,

522 807 622 864 per
674 806 830 862 quem
877 789 1015 845 facta
1063 795 1187 843 sunt
1229 783 1406 840 omnia
1434 801 1447 836 :
1472 781 1632 836 habet
1664 787 1927 833 amatores
1954 787 2102 828 suos.

479 874 482 906 ἓ
519 883 629 941 Sed
654 882 780 954 quid
823 880 953 936 dicit
989 887 1196 933 amator
1229 873 1429 944 ipsius?
1469 870 1796 942 Magni/irate
1836 865 2105 920 Dominum

521 993 738 1032 mecum.
767 973 901 1031 Nolo
925 973 1072 1028 solus
1099 968 1437 1041 magniﬁcare
1462 965 1744 1020 Dominum
1769 1004 1785 1029 ,
1809 959 1934 1015 nolo
1959 957 2105 1012 solus

521 1080 742 1131 amare,
790 1064 918 1121 nolo
954 1063 1100 1118 solus
1136 1058 1404 1130 amplecti.
1445 1056 1560 1111 Non
1601 1054 1742 1110 enim
1781 1052 1824 1106 si
1854 1065 1955 1121 ego
1985 1064 2103 1103 am-

523 1159 714 1227 plexus
741 1155 914 1221 luero,
945 1167 1050 1208 non
1083 1151 1244 1206 habet
1265 1149 1402 1202 alius
1424 1146 1512 1200 ubi
1535 1158 1723 1200 manus
1748 1150 1924 1212 ponat.
1957 1138 2105 1193 Lati-

523 1248 655 1304 tudo
696 1255 838 1303 tanta
864 1254 964 1300 est
1005 1243 1056 1297 in
1096 1243 1208 1311 ipsa
1245 1238 1549 1309 Sapientia,
1595 1245 1654 1290 ut
1681 1248 1868 1289 omnes
1911 1232 2106 1287 animus

523 1340 914 1410 amplectantur
937 1343 992 1391 et
1017 1334 1373 1404 perfruantur.
1407 1329 1467 1384 Et
1496 1327 1622 1399 quid
1647 1327 1839 1388 dicam,
1874 1320 2106 1378 fratres?

526 1432 855 1488 Erubescant
887 1429 976 1498 qui
1021 1428 1100 1482 sic
1122 1433 1303 1480 amant
1335 1424 1530 1486 Deum,
1571 1429 1627 1475 ut
1652 1418 1921 1474 invideant
1945 1414 2107 1470 aliis?

524 1523 776 1592 Aurigam
805 1519 996 1591 perditi
1023 1517 1265 1572 homines
1283 1523 1484 1578 amant,
1509 1521 1563 1568 et
1586 1512 1824 1582 quisquis
1848 1507 2108 1563 amaverit

527 1615 764 1680 aurigam
806 1619 897 1664 aut
933 1615 1242 1664 venatorem
1265 1647 1278 1671 ,
1321 1605 1434 1658 vult
1471 1612 1526 1657 ut
1569 1610 1710 1656 totus
1737 1599 1960 1671 populus
1984 1611 2105 1652 cum

526 1703 621 1756 illo
650 1710 824 1768 amet;
855 1710 911 1755 ct
939 1704 1199 1764 hortatur,
1233 1705 1287 1752 et
1315 1695 1440 1750 dicit
1463 1712 1477 1750 :
1499 1696 1685 1748 Δηιοῑο
1718 1706 1926 1747 mecum
1958 1688 2106 1743 illum

527 1793 936 1861 pantomimum,
969 1797 1144 1844 amate
1173 1788 1315 1842 illam
1340 1800 1547 1841 mecum
1574 1793 1629 1838 et
1653 1783 1793 1838 illam
1824 1778 2108 1850 turpitudi-

524 1899 673 1938 nem.
715 1883 921 1937 Clamat
954 1882 1041 1935 ille
1069 1883 1119 1932 in
1155 1877 1381 1948 populo,
1409 1886 1468 1931 ut
1494 1883 1706 1929 ametur
1729 1887 1848 1926 cum
1879 1871 1972 1925 illo
1998 1879 2111 1923 tur-

524 1973 826 2046 p'tudo:-ct
871 1971 1194 2026 christianos
1234 1983 1339 2024 non
1383 1967 1579 2020 clamat
1626 1964 1679 2018 in
1726 1961 2000 2028 Ecclesia,
2049 1968 2110 2014 ut

525 2079 735 2127 ametur
761 2085 881 2124 cum
913 2069 1004 2124 illo
1045 2066 1243 2122 veritas
1283 2064 1374 2119 Dei
1404 2063 1421 2117 l
1452 2062 1693 2117 Est-italo
1719 2072 1847 2128 ergo
1876 2055 1928 2110 in
1959 2054 2110 2109 vobis

525 2178 762 2218 amorem
783 2205 798 2229 ,
833 2161 1024 2216 fratres
1043 2202 1058 2226 ,
1091 2167 1146 2213 et
1173 2157 1400 2212 clamate
1445 2152 1735 2221 unicuique
1765 2159 2064 2204 vestrorum
2091 2187 2106 2212 ,

525 2263 582 2310 ct
609 2253 768 2309 dicite
796 2250 1162 2320 :Magm’ﬁcate
1201 2246 1480 2301 Dominum
1518 2258 1730 2296 mecum.
1773 2240 1850 2295 Sit
1880 2239 1931 2293 in
1959 2236 2111 2292 vobis

527 2347 630 2401 iste
655 2343 852 2400 fervor.
880 2343 1055 2410 Quare
1080 2339 1232 2395 vobis
1275 2338 1566 2393 recitantur
1593 2335 1689 2388 ista
1710 2373 1724 2397 ,
1757 2341 1808 2386 et
1833 2345 2112 2401 exponun-

527 2435 651 2492 tur?
686 2435 742 2492 Si
770 2435 961 2490 amatis
989 2433 1156 2488 Deum
1177 2473 1191 2497 ,
1221 2429 1390 2500 rapite
1417 2440 1605 2482 omnes
1633 2424 1699 2480 ad
1741 2437 1978 2478 amorem
2019 2421 2112 2476 Del

528 2529 618 2599 qui
663 2527 814 2583 vobis
849 2526 1182 2597 junguntur,
1229 2529 1285 2577 et
1326 2533 1514 2576 omnes
1563 2516 1650 2588 qui
1693 2523 1818 2570 sunt
1859 2514 1911 2568 in
1952 2512 2113 2566 domo

523 2628 706 2675 vestra
730 2617 808 2674 :si
832 2625 1041 2672 amatur
1063 2629 1093 2669 a
1119 2613 1269 2668 vobis
1293 2623 1488 2680 corpus
1511 2606 1728 2671 Christi,
1763 2604 1817 2659 id
1835 2612 1916 2658 cst
1941 2604 2114 2656 unitas

531 2709 807 2777 Ecclesiae,
833 2707 1006 2778 rapite
1042 2720 1138 2760 eos
1163 2704 1229 2759 ad
1256 2700 1537 2758 fruendum
1557 2741 1572 2767 ,
1604 2707 1659 2754 ct
1687 2697 1848 2752 dicite
1873 2693 2114 2765 111091ιί-

525 2805 682 2872 ιρεαιε
711 2799 984 2854 Dominum
1013 2813 1227 2851 mecum.

605 2895 658 2948 7.
688 2891 838 2966 [vers.
869 2888 949 2964 4.]
992 2889 1058 2943 Et
1093 2887 1369 2944 exaltemus
1406 2900 1589 2939 nomen
1631 2883 1743 2955 ejus
1783 2881 1836 2934 in
1873 2878 2113 2951 idipsum.

527 2984 672 3052 Quid
701 2993 804 3048 est,
845 2982 1120 3038 exaltemus
1143 2995 1325 3035 nomen
1351 2977 1462 3048 ejus
1487 2976 1541 3030 in
1565 2972 1830 3043 idipsum?
1857 2972 1968 3025 1100
1999 2977 2114 3033 est,

531 3081 590 3134 in
621 3094 808 3132 unum.
837 3075 969 3132 Nam
995 3073 1146 3130 multi
1172 3071 1385 3127 codices
1422 3067 1501 3123 sic
1541 3066 1737 3120 habent
1758 3081 1771 3116 :
1794 3061 2120 3133 Magni/ictuc

537 3171 818 3225 Dominum
859 3182 1054 3221 mecum
1075 3206 1090 3232 ,
1135 3173 1182 3219 et
1209 3160 1487 3218 exaltemus
1509 3173 1691 3213 nomen
1727 3157 1837 3226 ejus
1860 3153 1913 3207 in
1937 3167 2115 3206 unum.

539 3263 666 3318 Sive
687 3262 741 3316 in
766 3259 989 3329 idipsum
1015 3256 1256 3321 dicatur,
1297 3252 1411 3308 sive
1437 3251 1490 3305 in
1527 3263 1714 3312 unum;
1742 3247 1842 3300 hoc
1868 3243 2010 3299 idem
2035 3241 2119 3297 di-

536 3354 695 3408 citur.
726 3351 864 3420 Ergo
885 3346 1054 3418 rapite
1077 3359 1212 3417 quos
1234 3342 1478 3415 potestis,
1496 3336 1779 3400 hortando,
1807 3332 2115 3405 portandu‘,

537 3443 798 3515 rogando,
823 3438 1166 3511 disputando,
1194 3435 1458 3491 rationem
1487 3427 1791 3491 reddendo,
1825 3440 1944 3480 cum
1972 3437 2125 3478 man-

536 3534 853 3599 suetudine,
900 3545 1022 3586 cum
1065 3524 1518 3595 lenitatezrapite
1562 3519 1632 3577 ad
1675 3533 1950 3582 amorem;
1996 3515 2122 3570 utsi

542 3625 880 3698 magniﬁcam
914 3622 1218 3685 Dominum,
1250 3619 1303 3674 in
1331 3632 1493 3672 unum
1522 3611 1881 3684 magnillccnt.
1911 3609 1975 3664 Et
2001 3623 2125 3677 pars

523 3719 735 3774 'Duuati
764 3716 971 3770 videtur
999 3713 1100 3768 sibi
1143 3708 1486 3781 magnificare
1523 3703 1806 3760 Dominum
1835 3717 1849 3754 :
1877 3698 2002 3769 quid
2030 3711 2127 3752 eos

543 3829 558 3861 ι
582 3808 768 3864 lla-odit
794 3806 942 3862 orbis
967 3800 1272 3859 terrarum?
1301 3799 1553 3854 Dicamus
1581 3794 1686 3849 illis
1707 3835 1722 3860 ,
1755 3791 1948 3848 fratres
1971 3806 1984 3842 :
2011 3788 2126 3843 Ma-

530 3899 780 3971 gniﬁcale
807 3895 1080 3950 Dominum
1107 3907 1299 3946 mecum
1319 3931 1332 3956 ,
1363 3897 1408 3943 et
1433 3887 1711 3948 exaltemus
1735 3899 1915 3938 nomen
1942 3882 2050 3950 ejus
2077 3879 2128 3932 in

547 4007 727 4045 unum.
764 3987 942 4054 Quare
970 3984 1023 4039 in
1055 3982 1366 4054 prmcisione
1397 3979 1556 4034 vultis
1583 3974 1922 4045 magniﬁcare
1951 3970 2131 4026 Domi-

548 4079 716 4136 num?
747 4079 839 4133 llle
877 4092 1014 4131 unus
1038 4083 1138 4140 cst,
1170 4087 1335 4143 quare
1360 4070 1495 4125 duos
1524 4066 1747 4138 pepulos
1771 4063 1930 4118 vultis
1957 4061 2132 4116 facere

532 4171 704 4233 .Deo?
747 4167 926 4237 Quare
967 4164 1128 4223 vultis
1168 4161 1434 4230 dissipare
1478 4171 1672 4226 corpus
1716 4149 2132 4211 Cbristi?Certe

551 4261 697 4318 cnim
727 4260 841 4330 ipse
868 4254 1136 4328 pendebat
1162 4253 1214 4307 in
1239 4265 1400 4313 cruce
1419 4290 1434 4316 ,
1466 4245 1678 4318 quando
1706 4239 2130 4315 tympanizabat:

550 4361 606 4410 et
639 4366 762 4408 cum
788 4349 1044 4422 penderet
1069 4345 1121 4401 in
1148 4358 1341 4409 cruce,
1385 4339 1560 4396 emisit
1585 4337 1866 4408 Spiritum;
1895 4343 1948 4388 et
1975 4346 2135 4388 vene-

552 4452 680 4500 runt
717 4442 795 4499 illi
819 4440 908 4512 qui
935 4453 1056 4496 eum
1087 4432 1477 4506 suspenderunt
1499 4471 1514 4495 ,
1560 4437 1615 4486 et
1661 4428 1976 4482 invenerunt
2010 4437 2134 4497 eum

554 4535 798 4593 emisisse
825 4532 1092 4604 spiritum,
1119 4535 1175 4582 et
1211 4541 1318 4581 non
1347 4523 1422 4580 illi
1459 4520 1729 4593 fregerunt
1754 4532 1909 4574 crura
1935 4533 1947 4570 :
1975 4516 2136 4570 Iatro-

557 4625 716 4682 nibus
765 4634 942 4677 autem
991 4618 1165 4673 adhuc
1213 4616 1266 4670 in
1315 4629 1474 4670 cruce
1517 4609 1816 4666 viventibus
1868 4607 2140 4678 fregerunt

559 4717 738 4788 (Joan.
767 4729 882 4779 xix,
909 4710 995 4775 52,
1021 4708 1134 4779 53),
1159 4716 1218 4764 ut
1243 4722 1336 4777 per
1361 4706 1535 4776 ipsum
1558 4703 1795 4760 dolorem
1824 4698 2140 4770 compendio

559 4805 749 4863 mortis
773 4802 954 4859 abillo
982 4799 1220 4858 cruciatu
1241 4797 1614 4858 liberarentur,
1641 4790 1909 4862 quomodo
1934 4789 2143 4843 solebat

560 4894 832 4953 cruciaris
876 4891 1011 4949 fieri.
1053 4890 1196 4960 Ergo
1223 4887 1370 4944 venit
1408 4891 1739 4956 persecutor,
1788 4881 1991 4934 invenit
2037 4879 2142 4949 Do-

563 4989 768 5044 minum
795 4984 974 5054 quiete
1017 4980 1331 5056 deposuisse
1372 4977 1614 5048 spiritum
1643 4973 1802 5050 :q‘uia
1834 4972 1946 5042 ipse
1971 4970 2140 5035 dixit,

474 5143 476 5146 ν
564 5077 870 5133 Ροιμειαιιιιιι
899 5074 1056 5128 habeo
1108 5070 1325 5137 ponendi
1363 5069 1586 5136 animant
1628 5082 1788 5126 meam
1820 5063 1930 5134 (Μ.
1953 5079 2007 5128 x,
2031 5063 2142 5134 18).

563 5170 671 5225 Pro
697 5167 889 5239 quibus
919 5163 1094 5234 posuit
1120 5162 1352 5230 animam
1377 5157 1564 5214 suam?
1591 5156 1694 5222 Pro
1721 5155 1967 5210 universa
1996 5154 2149 5225 plebe

567 5276 684 5325 tua,
712 5273 812 5330 pro
854 5265 966 5328 toto
999 5268 1225 5324 corpore
1250 5265 1369 5308 suo.
1396 5249 1555 5305 Venit
1579 5255 2065 5318 crgmpersccutor,
2096 5253 2152 5303 et

569 5369 674 5409 non
719 5349 874 5420 fregit
915 5362 1068 5404 crura
1098 5343 1293 5401 Christi
1327 5361 1340 5398 :
1373 5343 1516 5397 venit
1555 5340 1793 5400 Donatus
1830 5346 1885 5392 et
1927 5337 2153 5406 disrupit

570 5443 867 5502 Ecclesiam
902 5437 1123 5495 Christi.
1159 5434 1424 5506 [ntegrum
1467 5446 1663 5501 corpus
1689 5428 1888 5484 Christi
1918 5427 1968 5487 in
1995 5441 2154 5481 cruce

571 5537 712 5604 inter
734 5547 922 5589 manus
949 5537 1350 5601 persecutorem
1383 5532 1486 5587 est,
1516 5531 1570 5577 et
1602 5521 1740 5575 inter
1778 5535 1966 5574 manus
1996 5518 2153 5573 Chri.

572 5629 869 5691 stianorum
896 5638 1002 5689 non
1028 5630 1112 5678 cst
1131 5619 1394 5690 integrum
1423 5629 1616 5684 corpus
1645 5613 1915 5667 Ecclesia).
1945 5611 2155 5667 Clame-

640 5760 658 5793 ι
683 5765 790 5808 uss.
815 5755 1011 5821 quidam
1031 5755 1275 5813 omittunt,
1301 5747 1553 5815 portando.
1579 5743 1796 5807 Nonnulli
1821 5745 1929 5814 ejus
1950 5742 2055 5797 loco
2074 5744 2160 5796 ba-

574 5825 712 5881 otaxt,
735 5818 978 5883 opertum

1739 390 1797 446 Β.
1839 380 2203 444 AUGUSTINI
2244 382 2543 441 EPISCOPI

2211 512 2330 552 mus
2353 513 2481 568 ergo
2500 540 2514 563 ,
2549 497 2764 562 fratres,
2804 511 2926 552 cum
2952 495 3147 567 gntnitu
3182 505 3436 567 quaatum
3466 509 3746 567 possumus
3771 537 3786 560 ,

2207 587 2482 644 dicentes:
2507 589 2832 661 Magniﬁcate
2868 588 3144 644 Demittunt
3186 605 3377 644 mecum
3396 629 3412 658 ,
3441 600 3489 644 et
3509 591 3789 645 exaltemus

2208 697 2389 735 nomen
2423 683 2533 752 ejus
2559 681 2612 735 in
2641 698 2818 736 unum.
2847 681 3083 740 Ecclesia
3110 681 3251 736 enim
3283 680 3388 737 illis
3419 681 3614 739 clamat
3639 698 3654 736 :
3677 695 3781 735 vox

2209 782 2292 826 est
2319 772 2590 836 Ecclesiae,
2614 774 2848 828 clamans
2871 773 2975 828 illis
2993 773 3081 844 qui
3111 787 3170 827 se
3198 772 3600 842 praecideruntl.
3631 770 3789 828 Unde

2209 866 2351 920 enim
2401 865 2626 936 disrupti
2673 867 2830 921 sunt?
2871 866 2974 922 Per
3014 866 3339 936 superbiam.
3391 865 3552 921 Docet
3605 872 3785 920 autem

2210 957 2454 1014 Christus
2501 959 2884 1023 humilitatem,
2939 974 3061 1014 cum
3109 957 3449 1014 commendat
3492 973 3688 1027 corpus
3733 966 3793 1013 et

2210 1049 2519 1120 sanguinem
2551 1065 2704 1105 suum
2731 1049 2908 1121 :quod
2937 1051 3170 1106 diximus
3195 1050 3470 1106 Sauctitati
3497 1049 3704 1105 Vestrae
3734 1051 3787 1104 in

2211 1141 2314 1198 hoc
2339 1143 2532 1198 Psalmi
2566 1152 2710 1198 textu
2738 1145 2900 1213 agi'et
2940 1143 3236 1209 celebrari,
3267 1144 3357 1198 ubi
3383 1143 3793 1199 commendatur

2209 1247 2404 1302 corpus
2431 1243 2485 1288 et
2510 1235 2722 1305 sanguis
2741 1232 2958 1300 Christi,
2983 1233 3079 1289 ubi
3093 1233 3495 1290 commendatur
3519 1233 3794 1289 humilitas

2211 1321 2427 1390 Christi,
2458 1339 2615 1394 quam
2643 1338 2741 1393 pro
2766 1325 2917 1380 nobis
2945 1325 3213 1394 suscipere
3239 1323 3482 1395 dignatus
3509 1332 3611 1380 est.
3871 1315 3873 1317 ’

2275 1409 2336 1470 ’8.
2387 1413 2536 1487 [νει-ε.
2577 1414 2658 1488 5.]
2701 1415 2948 1488 lnquisitn’
2993 1415 3284 1482 Dominum,
3326 1425 3374 1471 et
3409 1417 3664 1472 exaudiuit
3692 1431 3792 1474 me.

2212 1503 2312 1562 Ubi
2356 1505 2625 1561 exaudivit
2669 1508 2956 1562 Dominus?
3002 1507 3165 1563 Intus.
3217 1507 3315 1564 Ubi
3357 1507 3484 1563 dat?
3521 1509 3681 1564 lotus.
3716 1509 3800 1572 lbi

2212 1610 2354 1661 oras,
2385 1596 2455 1650 ibi
2482 1596 2768 1664 exaudiris,
2794 1597 2864 1653 ibi
2889 1597 3226 1654 beatiﬁcaris.
3253 1597 3485 1666 Orasti‘,
3510 1598 3797 1654 exauditus

2213 1701 2307 1753 es,
2351 1685 2685 1742 beatiﬁcatus
2721 1703 2809 1754 es;
2861 1696 2918 1744 et
2957 1703 3063 1744 non
3111 1689 3216 1744 scit
3255 1690 3344 1760 qui
3384 1690 3531 1759 juxta
3575 1701 3626 1746 te
3652 1699 3801 1750 stat:

2213 1786 2420 1848 gestum
2447 1787 2530 1833 est
2555 1788 2722 1833 totum
2749 1779 2801 1834 in
2830 1781 3059 1847 occulto,
3090 1781 3230 1836 sicut
3258 1782 3512 1837 Dominus
3539 1783 3590 1837 in
3613 1783 3798 1838 Evan-

2214 1867 2353 1938 gelio
2381 1867 2548 1925 dicit:
2576 1867 2722 1923 intra
2758 1869 2812 1923 iu
2851 1870 3138 1924 cubiculum
3186 1879 3356 1938 tuum,
3396 1872 3578 1926 claude
3610 1873 3803 1927 ostium

2215 1967 2380 2026 tuum,
2428 1969 2476 2014 et
2516 1976 2607 2014 ora
2648 1961 2700 2014 in
2739 1959 2965 2026 occulto,
3006 1970 3054 2016 et
3100 1960 3259 2017 Pater
3296 1972 3412 2018 tuus
3450 1964 3536 2034 qui
3575 1965 3705 2018 videt
3744 1966 3804 2019 in

2217 2050 2432 2114 occulto,
2477 2049 2649 2104 reddet
2677 2050 2767 2104 tibi
2795 2051 3008 2121 (Matth.
3051 2067 3140 2117 vt,
3189 2051 3266 2124 6).
3307 2051 3437 2108 Cum
3477 2068 3606 2123 ergo
3634 2054 3804 2109 intras

2216 2141 2516 2197 cubiculum
2549 2151 2694 2196 tuum
2719 2184 2735 2208 ,
2769 2142 2934 2197 intras
2961 2157 3056 2198 cor
3081 2151 3250 2198 tuum.
3280 2143 3426 2198 Beati
3454 2144 3542 2214 qui
3567 2143 3807 2213 gaudent

2216 2231 2432 2302 quando
2473 2231 2669 2286 intrant
2707 2232 2772 2288 ad
2800 2247 2895 2288 cor
2918 2247 3072 2288 suum
3098 2275 3112 2300 ,
3157 2243 3213 2289 et
3237 2235 3367 2290 nihil
3396 2235 3518 2289 mali
3547 2236 3617 2290 ibi
3643 2235 3802 2292 inve-

2218 2321 2390 2376 niunt.
2439 2322 2686 2378 Attendat
2730 2321 2998 2382 Sinctitas
3043 2323 3560 2396 Vestrazquomodo
3606 2327 3804 2386 nolunt

2218 2412 2421 2478 intrare
2443 2414 2631 2469 domos
2650 2429 2772 2470 suas
2791 2415 2878 2485 qui
2900 2414 3098 2472 habent
3115 2417 3282 2473 malas
3301 2432 3512 2483 uxores,
3531 2417 3808 2488 quomodo

2220 2514 2417 2559 exeunt
2443 2504 2507 2558 ad
2535 2503 2707 2560 forum
2729 2547 2744 2572 ,
2790 2514 2844 2560 et
2879 2505 3142 2576 gaudent;
3171 2506 3333 2575 cepit
3362 2506 3490 2561 hora
3519 2521 3666 2570 esse.
3696 2523 3807 2577 qua

2221 2595 2420 2652 intrent
2440 2597 2492 2652 in
2520 2597 2736 2654 domum
2757 2614 2925 2662 suam,
2959 2600 3376 2655 contristantur:
3402 2600 3642 2655 intraturi
3669 2611 3804 2662 sunt

2221 2689 2362 2745 enim
2405 2689 2473 2744 ad
2510 2689 2702 2756 taedia,
2749 2691 2815 2746 ad
2859 2689 3162 2757 murmura,
3205 2690 3269 2747 ad
3301 2691 3702 2752 amaritudines,
3733 2691 3811 2747 ad

2223 2782 2562 2847 eversiones;
2593 2783 2716 2853 quia
2747 2799 2851 2838 non
2881 2792 2962 2840 est
2987 2783 3178 2840 domus
3204 2783 3519 2853 composita,
3552 2784 3638 2838 ubi
3665 2784 3814 2839 inter

2222 2874 2395 2928 virum
2417 2882 2470 2928 et
2491 2888 2710 2929 uxorem
2734 2889 2838 2945 pax
2866 2875 3009 2930 nulla
3035 2884 3145 2940 est;
3177 2882 3232 2931 et
3258 2875 3448 2930 melius
3473 2876 3543 2929 illi
3568 2883 3650 2930 est
3677 2875 3814 2930 foris

2224 2964 2528 3020 circumire.
2573 2963 2632 3020 Si
2659 2980 2786 3036 ergo
2816 2965 2995 3020 miseri
3038 2973 3196 3031 sunt,
3228 2966 3463 3036 quicum
3489 2965 3710 3020 redeunt
3737 2965 3814 3022 ad

2226 3057 2456 3127 parietes
2481 3071 2640 3121 suos,
2675 3057 2865 3112 timent
2902 3073 2969 3114 ne
2993 3057 3256 3128 aliquibus
3278 3071 3494 3112 suorum
3525 3057 3813 3127 perturba-

2227 3147 2461 3203 tionibus
2489 3156 2820 3214 evcrtantur;
2853 3157 3051 3218 quanto
3080 3156 3203 3205 sunt
3241 3148 3546 3203 miseriores
3566 3187 3584 3213 ,
3622 3148 3717 3218 qui
3745 3147 3813 3204 ad

2227 3236 2610 3295 conscientiam
2639 3253 2790 3292 suam
2821 3238 2994 3293 redire
3020 3239 3226 3306 nolunt,
3272 3254 3339 3294 ne
3373 3239 3443 3293 ibi
3473 3239 3650 3294 litibus
3681 3255 3813 3309 pec-

2227 3339 2468 3384 catorum
2509 3331 2851 3386 evertantur!
2884 3329 3026 3399 Ergo
3057 3340 3111 3384 ut
3142 3331 3313 3400 possis
3340 3331 3510 3386 libens
3539 3331 3719 3386 redire
3747 3332 3818 3387 ad

2229 3434 2324 3475 cor
2351 3427 2532 3484 tuum,
2571 3418 2770 3474 munda
2812 3418 2937 3474 illud
2964 3437 2977 3472 :
3002 3419 3138 3474 beati
3187 3421 3331 3475 enim
3378 3419 3558 3474 mundi
3603 3421 3814 3488 corde,

2229 3509 2478 3580 quoniam
2519 3509 2618 3580 ipsi
2663 3510 2828 3564 Deum
2866 3509 3120 3568 videbunt
3151 3509 3260 3581 (Id.
3288 3527 3352 3574 v,
3385 3511 3464 3580 8).
3498 3511 3659 3564 Aufer
3690 3511 3819 3567 inde

2230 3603 2575 3673 cupiditatum
2597 3601 2805 3668 sordes,
2821 3598 2974 3656 aufer
2994 3602 3166 3657 labem
3185 3603 3441 3667 avaritiat,
3465 3604 3614 3657 aufer
3633 3603 3818 3659 tabem

2232 3694 2708 3766 superstitionum,
2759 3692 2912 3747 aufer
2968 3693 3240 3764 sacrilegia
3289 3700 3342 3748 et
3392 3693 3559 3747 malas
3609 3695 3820 3763 cogita-

2236 3789 2440 3850 tiones;
2469 3784 2586 3841 odia
2606 3826 2622 3849 ,
2660 3799 2762 3848 non
2798 3783 2920 3837 dico
2945 3782 3200 3838 adversus
3225 3781 3482 3848 amicum,
3530 3781 3623 3837 sed
3652 3784 3819 3837 etiam

2234 3878 2490 3933 adversus
2535 3875 2804 3930 inimicum
2831 3891 2843 3926 :
2869 3873 3016 3927 aufer
3062 3873 3165 3928 ista
3201 3873 3411 3936 eninia;
3454 3873 3590 3927 intra
3633 3873 3688 3928 in
3726 3889 3825 3930 cor

2236 3977 2423 4031 tuum,
2468 3974 2525 4022 et
2572 3964 2826 4036 gaudebis
2868 3965 2958 4018 ibi.
3007 3962 3138 4020 Cum
3175 3963 3244 4018 ibi
3285 3964 3510 4034 coeperis
3547 3963 3822 4034 gaudere,

2238 4060 2348 4129 ipsa
2376 4057 2633 4113 munditia
2658 4056 2834 4111 cordis
2866 4056 2939 4109 tui
2967 4054 3249 4109 delectabit
3270 4063 3342 4118 te,
3372 4064 3424 4108 et
3453 4053 3608 4109 faciet
3628 4070 3821 4111 orare:

2237 4151 2506 4224 quomodo
2541 4151 2584 4207 si
2623 4150 2805 4208 venias
2833 4149 2898 4204 ad
2926 4149 3155 4218 aliquem
3186 4148 3360 4201 locum
3381 4187 3395 4210 ,
3439 4147 3711 4201 silentium
3741 4157 3826 4202 est

2241 4244 2347 4310 ibi,
2380 4241 2516 4298 forte
2544 4240 2696 4312 quies
2731 4249 2814 4296 est
2851 4239 2961 4304 ibi,
3008 4237 3236 4302 mundus
3265 4245 3348 4291 est
3373 4237 3547 4302 locus;
3591 4235 3829 4291 Oremus

2242 4334 2350 4400 hic,
2393 4332 2527 4388 dicis
2552 4350 2564 4386 :
2588 4340 2645 4387 et
2684 4330 2913 4386 delectat
2941 4337 2994 4384 te
3017 4327 3338 4397 compositio
3369 4326 3470 4382 loci
3496 4365 3512 4392 ,
3553 4335 3608 4380 ct
3644 4326 3830 4382 credis

2242 4426 2384 4499 quod
2425 4426 2495 4481 ibi
2541 4434 2592 4481 te
2631 4422 2878 4480 exaudiat
2919 4422 3078 4478 Deus.
3125 4419 3188 4476 Si
3221 4434 3350 4489 ergo
3396 4418 3496 4473 loci
3522 4418 3750 4474 visibilis
3776 4427 3830 4474 te

2243 4519 2472 4576 delectat
2497 4515 2755 4572 munditia
2780 4557 2793 4581 ,
2821 4527 2987 4584 quare
3015 4523 3066 4568 te
3095 4527 3201 4567 non
3229 4510 3450 4573 offendit
3486 4508 3827 4565 immunditia

2243 4610 2420 4666 cordis
2448 4607 2560 4663 tui?
2591 4607 2755 4672 Intra,
2787 4604 2985 4660 munda
3008 4605 3184 4660 omnia
3208 4643 3224 4670 ,
3256 4603 3368 4661 leva
3397 4601 3578 4656 oculos
3607 4610 3732 4656 tuos
3763 4600 3832 4656 ad

2247 4702 2437 4767 Deum,
2465 4709 2516 4754 et
2544 4690 2725 4754 statim
2757 4705 2808 4752 te
2828 4694 3092 4750 exaudiet.
3123 4693 3328 4761 Clama,
3351 4701 3403 4748 et
3429 4690 3516 4748 dic
3541 4709 3555 4746 :
3577 4689 3835 4760 Inquisivi

2247 4792 2552 4854 Dominum,
2599 4798 2644 4843 et
2684 4786 2938 4844 exaudivit
2977 4801 3094 4850 me;
3131 4793 3178 4840 et
3217 4799 3282 4838 ea:
3331 4782 3566 4842 omnibus
3613 4781 3838 4836 tribula-

2251 4885 2468 4941 tionibus
2498 4883 2621 4937 meis
2649 4881 2776 4936 eruit
2813 4896 2907 4933 me.
2940 4878 3158 4945 Quare?
3183 4877 3316 4945 Quia
3359 4890 3480 4930 cum
3512 4873 3678 4930 fueris
3707 4874 3838 4930 illu-

2252 4979 2502 5042 minatus,
2521 4991 2639 5029 cum
2656 4972 2881 5044 co-pcris
2899 4970 2984 5026 hic
2999 4969 3193 5022 habere
3211 4967 3401 5022 bonam
3423 4967 3837 5032 conscientiam,

2253 5078 2455 5126 restant
2484 5065 2850 5123 tribulationes
2872 5103 2888 5129 ,
2939 5061 3063 5131 quia
3107 5068 3273 5115 restat
3313 5058 3512 5127 aliquid,
3541 5057 3843 5124 iniit-mum,

2253 5161 2424 5215 donec
2449 5171 2595 5212 mors
2615 5154 2960 5211 absorbeatur
2990 5152 3039 5204 iu
3069 5151 3368 5215 victoriam,
3397 5157 3450 5204 et
3479 5150 3708 5204 mortale
3737 5149 3843 5203 hoc

2257 5253 2441 5308 induat
2479 5246 2934 5307 immortalitatem
2978 5241 3034 5315 (l
3074 5241 3192 5305 Cor.
3233 5257 3328 5308 xv,
3359 5240 3733 5326 54):necesse
3764 5249 3852 5295 est

2259 5355 2318 5400 ut
2347 5344 2400 5398 in
2429 5344 2531 5397 hoc
2558 5340 2756 5396 saeculo
2799 5336 3112 5406 ilagelleris;
3161 5349 3382 5391 necesse
3420 5341 3502 5389 est
3541 5341 3598 5394 ut
3635 5334 3852 5402 aliquas

2262 5433 2582 5491 tentationcs
2623 5433 3093 5500 suggestionesque
3122 5425 3358 5496 patiaris.
3402 5423 3676 5490 Mundabit
3701 5423 3854 5478 Deus

2263 5524 2473 5590 omnia,
2498 5529 2650 5577 eruet
2693 5528 2746 5575 te
2771 5518 2840 5574 ab
2863 5518 3008 5573 omni
3040 5517 3397 5582 tribulatione,
3430 5516 3600 5586 ipsum
3641 5529 3852 5584 quare.

2330 5681 2346 5712 ⁸
2371 5676 2516 5727 sicin
2537 5682 2642 5724 Mss.
2669 5680 2725 5732 At
2743 5675 2790 5724 in
2815 5668 3407 5740 nidwprtecipttmjerunt.

2272 5742 2352 5860 An:
2374 5745 2448 5850 art.
2465 5742 2680 5854 ἔξιθι,
2717 5730 2879 5786 Oresti
2897 5726 3040 5795 intus,
3066 5726 3324 5783 refunditus
3343 5742 3412 5787 es.
3436 5728 3597 5791 Abest,
3628 5726 3782 5790 intra,
3797 5729 3857 5778 ab

2359 5814 2422 5854 .e
2517 5814 2526 5821 '
2555 5833 2570 5850 .
