4032 6484
226 369 329 448 Sts

298 507 352 563 9.
395 504 652 576 lnquisiui
683 502 990 567 Dominum,
1034 510 1082 556 et
1109 501 1364 556 exaudivit
1408 517 1505 555 me.
1549 500 1648 569 Qui
1697 516 1826 572 ergo

242 616 338 659 non
374 599 760 661 exaudiuntur,
809 610 912 650 non
955 593 1234 649 Dominum
1279 602 1541 663 quaerunt.
1589 591 1831 648 lntcndat

239 690 496 748 Sanctitas
525 687 756 743 Vestra:
802 700 906 738 non
936 682 1102 746 dixit,
1125 731 1127 733 .
1151 681 1396 752 lnquisivi
1441 697 1626 736 aurutn
1667 696 1695 734 a
1723 681 1830 736 Do-

239 782 400 842 mino.
433 787 489 834 et
527 777 801 842 exaudivit
835 791 950 841 me;
979 773 1224 844 inquisivi
1263 788 1293 826 a
1322 773 1546 828 Domino
1579 783 1828 828 senectu-

237 883 375 937 tem,
416 882 473 929 et
513 870 790 926 exaudivit
828 883 947 933 me;
988 866 1234 937 inquisivi
1277 881 1306 919 a
1354 866 1578 920 Domino
1605 866 1705 920 hoc
1739 875 1829 921 aut

240 967 393 1028 illud.
425 977 483 1020 et
519 964 790 1020 exaudivit
817 976 922 1016 me.
965 959 1118 1015 Aliud
1150 968 1232 1014 est
1258 958 1453 1029 aliquid
1501 959 1768 1028 inquirere
1795 973 1824 1012 a

240 1034 494 1118 Domino,
533 1054 675 1110 aliud
704 1054 873 1124 ipsum
903 1052 1184 1106 Dominum
1229 1049 1515 1119 inquirere.
1545 1049 1825 1118 Inquisivi,

238 1149 439 1219 inquit,
477 1146 780 1207 Dominum,
811 1154 855 1198 et
881 1143 1135 1198 exaudivit
1161 1157 1258 1195 me.
1289 1139 1369 1196 Tu
1411 1148 1586 1195 autem
1617 1139 1828 1210 quando

237 1254 381 1302 oras,
434 1245 492 1293 et
530 1236 699 1303 dicis,
743 1233 938 1292 Occide
979 1233 1124 1288 illum
1157 1230 1427 1285 inimicum
1467 1245 1678 1294 meum;
1721 1245 1826 1284 non

237 1329 520 1385 Dominum
553 1327 804 1398 inquiris,
845 1324 938 1379 sed
963 1324 1114 1395 quasi
1157 1322 1287 1376 facis
1315 1331 1365 1377 te
1404 1321 1638 1392 judicem
1665 1336 1827 1391 super

236 1419 507 1476 inimicum
551 1428 730 1483 tuum,
783 1423 835 1471 et
882 1413 1011 1469 facis
1054 1411 1129 1486 (a)
1177 1412 1612 1482 quzcstionarium
1659 1412 1824 1467 Deum

237 1517 399 1563 tuum.
431 1507 588 1564 Unde
618 1507 722 1560 scis
749 1521 816 1566 ne
845 1505 1034 1560 melior
1062 1514 1111 1558 te
1138 1503 1207 1558 sit
1235 1502 1387 1572 cujus
1423 1513 1648 1558 mortem
1675 1518 1824 1572 quie-

238 1603 343 1657 ris?
369 1601 454 1656 Eo
495 1600 614 1670 ipso
651 1599 821 1661 forte,
850 1597 970 1667 quia
1004 1596 1093 1650 ille
1122 1610 1226 1650 non
1267 1593 1458 1666 qumrit
1492 1605 1655 1648 tuam.
1685 1595 1825 1665 Ergo

237 1692 336 1745 noli
364 1690 566 1760 aliquid
603 1705 635 1743 a
664 1688 886 1742 Domino
908 1695 1058 1741 extra
1087 1700 1358 1755 qttmrere,
1390 1684 1484 1739 sed
1513 1685 1682 1755 ipsum
1712 1684 1824 1738 Do-

237 1781 434 1834 minum
465 1793 686 1848 qumre,
717 1787 770 1831 et
795 1775 1040 1830 exaudiet
1083 1785 1167 1838 te,
1195 1783 1249 1828 et
1271 1773 1446 1828 adhuc
1485 1783 1536 1828 te
1575 1774 1824 1842 loquente

235 1871 390 1934 dicet,
424 1868 563 1923 Ecce
585 1867 767 1921 adsum
796 1865 947 1938 (lsai.
974 1880 1098 1929 va,
1129 1863 1247 1937 24).
1273 1863 1410 1932 Quid
1435 1872 1536 1929 est,
1569 1861 1705 1917 Ecce
1729 1862 1824 1916 adv

233 1963 380 2018 sum?
407 1961 553 2016 Ecce
580 1974 817 2030 praesens
843 1973 960 2013 sum
977 1999 993 2024 ,
1023 1955 1150 2027 quid
1181 1957 1260 2010 vis
1279 1997 1293 2022 ,
1337 1955 1463 2027 quid
1488 1970 1519 2009 a
1564 1970 1652 2011 me
1677 1971 1823 2025 qure-

233 2054 334 2122 ris?
361 2051 633 2122 Quidquid
658 2049 751 2104 tibi
780 2048 1013 2116 dedero,
1056 2047 1216 2102 vilius
1240 2056 1322 2102 est
1349 2063 1506 2118 quam
1536 2061 1635 2117 ego
1665 2065 1678 2101 :
1711 2058 1826 2102 md-

233 2145 399 2215 ipsum
430 2143 571 2197 habe
599 2143 639 2207 ι,
671 2155 758 2196 me
801 2139 1011 2205 fruere,
1058 2155 1144 2192 me
1185 2139 1510 2208 amplectere
1536 2155 1548 2188 :
1580 2137 1819 2192 nondum

232 2244 378 2306 potes
425 2242 572 2288 totus
616 2233 673 2298 ';
723 2246 788 2286 ex
835 2230 938 2284 fide
979 2230 1226 2299 continge
1271 2245 1386 2294 me,
1439 2235 1492 2284 et
1541 2228 1824 2284 inhaerebis

232 2327 354 2382 mihi
385 2326 530 2399 (hoc
560 2326 652 2380 tibi
693 2325 834 2381 Deus
857 2321 1037 2394 dicit),
1063 2335 1114 2376 et
1140 2333 1332 2378 etctera
1359 2337 1520 2376 onera
1549 2331 1634 2376 tua
1665 2336 1763 2392 ego
1789 2335 1820 2374 a

231 2429 280 2475 te
306 2419 602 2488 deponam,
649 2426 708 2472 ut
749 2425 890 2471 totus
921 2415 1048 2468 mihi
1081 2413 1376 2478 inlnrreas,
1403 2427 1523 2468 eum
1551 2411 1651 2466 hoc
1681 2427 1824 2466 mor-

233 2509 330 2563 tale
374 2517 526 2562 tuum
561 2506 636 2561 ad.
671 2505 1122 2572 immortalitatem
1161 2515 1478 2562 convertere
1506 2500 1554 2574 (Ι
1583 2501 1701 2558 Cor.
1730 2517 1819 2568 xv,

235 2601 354 2672 51);
387 2608 448 2654 ut
471 2601 548 2653 sis
574 2597 796 2669 aequalis
826 2595 1041 2666 Angelis
1069 2595 1201 2649 meis
1231 2593 1441 2665 (Matth.
1470 2609 1600 2659 xxtt,
1623 2593 1739 2662 '50),
1765 2601 1822 2648 et

233 2673 440 2761 semper
470 2690 656 2746 videas
684 2689 873 2744 faciem
904 2702 1101 2752 meam,
1132 2696 1186 2742 et
1213 2686 1464 2756 gaudeas,
1491 2695 1544 2740 et
1572 2686 1820 2756 gaudium

236 2792 374 2838 tuum
404 2799 566 2840 nemo
593 2781 804 2837 auferet
841 2795 871 2834 a
916 2789 968 2835 te
1000 2780 1177 2851 (Jotm.
1205 2796 1312 2845 xvt,
1343 2780 1470 2848 2'2);
1502 2779 1622 2848 quia
1646 2778 1820 2850 inqvti-

235 2878 343 2932 sisti
371 2877 658 2932 Dominum
676 2917 691 2940 ,
735 2881 790 2930 et
815 2873 1086 2930 exaudivit
1112 2883 1190 2939 te,
1220 2881 1273 2928 et
1297 2887 1361 2926 ex
1386 2871 1630 2926 onmibus
1657 2871 1824 2930 tribu?

236 2968 518 3022 lationibus
540 2968 646 3022 tuis
674 2967 816 3023 eruit
836 2973 916 3021 te.
1470 2972 1484 2988 ‘

303 3059 369 3119 10
413 3056 568 3130 [νινε.
613 3055 693 3128 6.]
745 3055 984 3109 Diximus
1024 3053 1102 3124 (ὁ)
1144 3053 1263 3124 quis
1303 3059 1449 3108 esset
1489 3053 1818 3120 exhortator,

235 3160 436 3204 amator
465 3150 555 3203 ille
576 3190 590 3212 ,
620 3149 711 3218 qui
741 3163 844 3202 non
876 3146 1023 3201 solus
1049 3147 1159 3202 vult
1197 3145 1444 3215 amplecti
1473 3145 1612 3215 quod
1643 3153 1817 3214 amat,

233 3249 282 3296 et
307 3241 438 3294 dicit
461 3259 474 3294 :
506 3238 741 3293 Accedite
767 3239 835 3291 ad
862 3255 1000 3304 eum,
1030 3247 1078 3293 et
1103 3238 1483 3292 illuminamini.
1512 3238 1650 3293 Dicit
1676 3239 1820 3294 enim

231 3332 367 3400 quod
409 3331 526 3400 ipse
565 3329 828 3401 probavit.
870 3329 1171 3398 Spiritualis
1205 3329 1346 3382 enim
1377 3329 1590 3400 quidam
1622 3329 1674 3384 in
1703 3345 1823 3385 cor-

237 3437 364 3492 pore
391 3421 623 3488 Christi,
664 3422 748 3475 vel
790 3422 952 3476 etiam
995 3422 1110 3490 ipse
1147 3420 1405 3476 Dominus
1444 3433 1626 3476 noster
1666 3421 1822 3479 Jesus

235 3515 477 3569 Christus
499 3511 793 3567 secundum
819 3527 1058 3579 carnem,
1087 3521 1246 3582 caput
1269 3512 1558 3568 exhortans
1583 3513 1820 3568 membra

239 3616 421 3664 cetera
442 3645 460 3672 ,
489 3605 616 3675 quid
646 3604 812 3659 dicit?
841 3604 1071 3658 Accedite
1094 3603 1162 3658 ad
1194 3621 1335 3668 eum,
1365 3613 1410 3658 et
1440 3604 1817 3659 illuminamini.

235 3699 334 3765 Aut
363 3697 546 3766 potius
566 3696 890 3751 christianos
911 3696 1100 3765 aliquis
1119 3695 1409 3771 spiritualis
1428 3695 1494 3750 ad
1517 3696 1686 3766 ipsum
1708 3696 1818 3750 Da-

237 3788 432 3844 minnm
457 3796 697 3840 nostrum
727 3786 906 3841 Jesum
924 3786 1190 3840 Christum
1205 3784 1390 3839 invitat
1405 3793 1461 3838 ut
1479 3785 1818 3840 accedamus.

237 3877 336 3934 Sed
353 3878 680 3934 accedamus
703 3879 768 3932 ad
791 3895 934 3942 eum,
953 3888 1008 3934 et
1024 3879 1406 3942 illuminemttr;
1431 3893 1536 3933 non
1553 3878 1822 3949 quomodo

235 3969 295 4024 ad
317 3984 440 4023 eum
465 3976 808 4024 accesserunt
826 3967 1012 4033 Judaei,
1037 3977 1093 4022 ttt
1115 3968 1535 4022 tenebrarentur.
1565 3969 1821 4024 Accesse-

181 4067 184 4070 ’
237 4069 356 4113 runt
383 4060 528 4113 enim
559 4057 626 4113 ad
654 4059 822 4122 illum,
851 4069 908 4113 ut
928 4057 1303 4128 crucifigerent
1322 4073 1341 4112 :
1368 4073 1466 4114 nos
1490 4059 1556 4114 ad
1584 4074 1707 4115 eum
1735 4075 1822 4114 ac-

232 4150 518 4215 cedamus,
565 4157 626 4204 ut
667 4163 862 4218 corpus
900 4157 955 4204 et
991 4150 1302 4219 sanguinem
1328 4149 1444 4217 ejus
1473 4149 1816 4220 accipiamus.

234 4241 310 4296 illi
351 4242 422 4296 de
475 4239 735 4305 crucifixo
782 4239 1043 4294 tenebrati
1088 4247 1262 4294 sunt:
1305 4255 1406 4294 nos
1453 4239 1823 4294 manducando

231 4333 548 4389 crucifixum
573 4341 629 4386 et
657 4329 890 4387 bibendo
918 4331 1295 4385 illuminamur.
1331 4328 1564 4385 Accedite
1587 4331 1657 4384 ad
1684 4347 1819 4394 eum,

234 4435 280 4482 ct
323 4423 725 4491 itteminamini,
775 4437 904 4479 ecce
949 4421 1212 4478 Gentibus
1257 4421 1470 4477 dicitur.
1527 4421 1822 4480 Crucifixus

231 4515 481 4573 Christus
527 4516 666 4581 inter
706 4512 923 4569 Judteos
965 4520 1082 4567 crat
1125 4511 1410 4567 saevientes
1453 4519 1508 4566 et
1548 4511 1818 4576 videntes,

239 4610 436 4668 Gentes
463 4610 715 4665 absentes
753 4615 906 4663 erant
933 4624 948 4661 :
978 4620 1118 4678 ecce.
1143 4605 1217 4661 illi
1260 4611 1600 4659 accesserunt
1637 4603 1725 4672 qui
1769 4602 1820 4656 in

239 4704 466 4760 tenebris
503 4708 691 4765 erant,
731 4709 788 4754 et
819 4699 907 4768 qui
951 4712 1056 4752 non
1085 4696 1338 4752 viderunt
1366 4693 1648 4749 illuminati
1677 4702 1820 4747 sunt.

239 4794 385 4853 Unde
429 4793 695 4863 accedunt
735 4789 976 4848 Gentes?
1021 4789 1150 4844 Fide
1195 4786 1484 4851 sectanda,
1532 4784 1695 4840 corde
1740 4786 1822 4839 in.

239 4884 453 4950 hiando,
495 4883 759 4939 eharitate
783 4880 1066 4937 currendo.
1095 4879 1262 4934 Pedes
1305 4877 1411 4944 tui,
1456 4877 1691 4933 charitas
1737 4885 1821 4930 tua

237 4986 332 5033 est.
367 4977 515 5031 Duos
542 4973 707 5044 pedes
735 4972 930 5028 habeto
951 5013 964 5036 ,
995 4970 1104 5024 noli
1151 4984 1270 5024 esse
1295 4968 1540 5023 claudus.
1574 4967 1671 5032 Qui
1701 4976 1825 5021 sunt

237 5066 338 5122 duo
374 5066 582 5137 pedes?
626 5065 739 5119 Duo
777 5069 1039 5134 praecepta
1070 5060 1407 5124 dilectionis,
1436 5058 1528 5114 Dei
1560 5066 1608 5111 et
1643 5059 1823 5126 provis-

239 5158 328 5214 Ini.
353 5157 475 5212 istis
502 5154 725 5226 pedibus
751 5168 909 5209 curre
937 5150 1004 5206 ad
1052 5151 1250 5217 Deum,
1289 5148 1486 5206 accede
1523 5147 1589 5203 ad
1629 5149 1819 5203 illum:

295 5291 312 5322 ⁸
338 5297 386 5339 In
410 5287 636 5338 omnibus
657 5297 810 5348 prope
832 5289 960 5348 uss,
981 5279 1142 5330 habes.

239 5373 244 5378 ι
297 5354 321 5393 ι
339 5351 476 5407 Edd.,
497 5344 671 5398 totum;
687 5344 794 5394 Mss.
818 5344 1061 5407 plerique,
1085 5349 1223 5392 totus.

297 5397 766 5480 (αίὶξᾶιξέιιειὲοιιθνίιξε
787 5397 934 5480 idem.
959 5397 1035 5480 ἕξει
1050 5397 1207 5480 ita?!)
1245 5397 1823 5480 εξξΐρὶἵθξςὲιὶίέῗηῖξὲξέἓ

297 5414 368 5522 (et)
389 5414 766 5480 Quiestienarius
787 5414 916 5456 idem
959 5414 1035 5454 est
1057 5414 1207 5474 atque
1245 5414 1479 5478 carnttex.
1507 5414 1640 5448 t'nue
1675 5414 1823 5469 vetus

239 5472 348 5523 echo
370 5475 520 5522 iastes
539 5467 760 5518 Juvenal.
787 5474 878 5517 sat.
904 5465 954 5523 6,
974 5465 1031 5514 ad
1073 5463 1207 5531 Illud,
1237 5482 1258 5531 ut
1280 5470 1394 5511 sunt
1419 5473 1530 5531 quae
1559 5463 1823 5531 tortoribus

246 5551 267 5580 ι
286 5547 442 5583 annua
483 5538 738 5594 Inestent,
762 5545 785 5574 ι
815 5534 1026 5594 annotat.
1057 5544 1080 5572 α
1117 5524 1287 5594 salaria
1325 5523 1679 5594 quaestionariis
1707 5523 1820 5594 sive

245 5611 266 5639 ι
285 5580 604 5646 (gr—uidemus.
621 5608 644 5635 π
669 5580 791 5651 Ptin
814 5589 1033 5651 martyris
1067 5589 1311 5635 Marciana:
1336 5580 1462 5651 Actis
1477 5583 1594 5651 n.5,
1621 5580 1819 5643 legitur,

246 5672 267 5700 ι
287 5645 437 5706 tratus
454 5658 611 5720 iudex
639 5650 816 5720 talibus
1011 5651 1252 5720 virginem
1286 5654 1385 5720 Deo
1409 5645 1821 5720 .d‘igtatnLqute:

246 5737 267 5763 ο
286 5702 625 5768 ξιῖὀιῖἆῆὀιυιὶιη
650 5708 891 5762 manibus
927 5709 1079 5774 alapis
1087 5702 1313 5770 "casam,
1336 5713 1384 5756 tn
1409 5704 1522 5755 ludo
1538 5702 1822 5768 gladiatorio

245 5795 269 5826 ο
286 5779 423 5841 iussit
440 5776 644 5828 includi.
657 5790 692 5841 ρ

294 5834 364 5905 μ)
386 5850 557 5904 Supra,
584 5851 633 5886 n.
651 5834 702 5885 6.

1311 383 1705 442 ENABRATIO
1747 383 1810 438 IN
1851 381 2172 442 PSALXIUM
2213 387 2430 444 XXXIII

3407 401 3508 460 5H

1931 505 2052 573 quia
2073 512 2126 558 et
2146 512 2202 559 ut
2225 519 2472 562 curreres
2498 506 2512 560 i
2520 522 2609 577 pse
2638 507 2877 565 hortatus
2904 520 3006 580 est,
3033 521 3086 568 et
3111 511 3223 584 ipse
3247 529 3403 571 suum
3432 517 3516 572 lu-

1931 609 2054 650 men
2083 599 2309 667 aspersit
2330 597 2428 662 sic,
2463 609 2519 654 ut
2542 602 2820 672 magnifice
2849 614 2904 658 et
2931 604 3108 662 divine
3133 622 3193 662 se
3219 610 3368 679 sequi
3400 625 3515 680 pos-

1929 684 2046 741 sitis
2075 688 2115 741 ί.
2149 686 2218 742 Et
2237 688 2403 743 vultus
2422 691 2572 744 vestri
2591 707 2690 746 non
2711 693 3016 748 erubescent.
3042 696 3294 764 Accedite,
3319 699 3510 770 inquit,

1927 777 2000 830 ad
2016 795 2150 844 eum,
2175 790 2221 834 et
2241 780 2602 836 illuminamiui
2620 799 2641 838 :
2661 792 2710 837 et
2730 785 2896 839 vultus
2919 787 3067 840 vestri
3086 804 3184 842 non
3204 790 3510 858 erubescent.

1928 867 2044 924 Non
2084 871 2366 926 erubescet
2388 871 2566 928 vultus
2591 875 2693 929 nisi
2722 876 2958 948 superbi.
2989 877 3200 944 Quare?
3238 879 3369 946 Quia
3399 882 3512 935 ela-

1930 969 2015 1014 tus
2043 962 2154 1016 vult
2179 977 2301 1018 esse
2319 1005 2334 1030 ,
2378 971 2432 1020 et
2461 965 2672 1035 quando
2703 965 2858 1022 fuerit
2883 983 3070 1037 passus
3095 970 3472 1043 contumeliam
3505 1011 3518 1034 ,

1927 1061 2020 1107 aut
2047 1054 2419 1125 ignominiam,
2449 1067 2541 1112 aut
2574 1074 2755 1113 casum
2777 1061 3072 1116 secundum
3104 1063 3354 1134 sacculum
3377 1105 3390 1130 ,
3421 1075 3512 1120 aut

1926 1143 2154 1214 aliquam
2181 1145 2544 1215 amictionem,
2575 1150 2858 1205 erubescit.
2887 1151 2989 1206 Sed
3019 1153 3124 1208 noli
3156 1153 3378 1219 timere,
3409 1169 3509 1210 ac-

1927 1238 2058 1293 cede
2087 1239 2151 1292 ad
2177 1255 2297 1294 eum
2317 1283 2332 1306 ,
2365 1249 2418 1296 et
2444 1259 2548 1298 non
2577 1244 2879 1314 erubesces.
2914 1234 3176 1318 Quidquid
3209 1247 3394 1304 fecerit
3419 1251 3510 1306 tibi

1925 1329 2202 1398 inimicus,
2244 1332 2452 1388 videtur
2493 1342 2547 1389 te
2589 1337 2833 1405 superior
2872 1351 2994 1392 esse
3040 1338 3178 1406 apud
3227 1338 3509 1396 homines:

1925 1421 2018 1476 sed
2047 1431 2100 1476 tu
2120 1423 2257 1491 apttd
2287 1423 2452 1478 Deum
2474 1427 2716 1494 superior
2745 1426 2836 1480 illo
2861 1441 2939 1481 cs.
2961 1428 3081 1499 Ego
3140 1429 3291 1498 cepi,
3321 1444 3420 1499 ego
3442 1429 3510 1484 li-

1924 1513 2176 1583 gavi,ego
2201 1513 2461 1570 interfeci.
2491 1514 2658 1582 Quam
2687 1497 2992 1586 superiores
3020 1518 3119 1572 sibi
3149 1497 3392 1574 videntur
3419 1521 3509 1590 qui
3551 1527 3562 1532 ’

1925 1605 2023 1660 ista
2064 1606 2281 1664 dicunt!
2326 1607 2493 1686 Quam
2525 1606 2829 1678 superiores
2855 1608 3172 1664 videbantur
3200 1610 3300 1665 sibi
3339 1609 3509 1666 Judaei

1923 1698 2135 1768 quando
2159 1699 2438 1754 Dominum
2462 1700 2865 1769 colaphizahant
2885 1744 2900 1768 ,
2932 1701 3143 1772 quando
3169 1703 3430 1774 Spuebant
3454 1704 3507 1760 in

1922 1791 2112 1847 faciem
2145 1791 2281 1864 ejus,
2309 1801 2363 1847 et
2391 1793 2458 1848 de
2485 1807 2653 1847 canna
2683 1793 3049 1862 percutieltant
3075 1803 3231 1863 caput
3252 1835 3266 1859 ,
3296 1793 3509 1864 quando

1923 1881 2090 1948 epinis
2109 1874 2456 1948 coronabant,
2479 1881 2690 1951 quando
2715 1883 2887 1937 tunica
2913 1882 3262 1952 ignominiosa
3285 1883 3508 1938 circumc

1922 1971 2149 2026 dabant!
2181 1972 2348 2039 Quam
2373 1973 2677 2041 superiores
2702 1973 2887 2026 erant!
2918 1973 2982 2027 Et
3008 1974 3096 2028 ille
3123 1972 3399 2028 videbatur
3423 1973 3506 2028 in-

1920 2062 2103 2128 ferior,
2142 2064 2265 2134 quia
2306 2063 2612 2134 procidebat
2644 2063 2710 2119 ad
2740 2065 2874 2120 ostia
2907 2075 3113 2135 porta):
3147 2065 3241 2121 sed
3278 2066 3364 2121 ille
3394 2081 3505 2137 non

1921 2154 2286 2208 erubescebat.
2317 2154 2518 2209 Lumen
2544 2155 2686 2209 enim
2711 2162 2825 2209 erat
2845 2171 3052 2219 verum,
3078 2155 3218 2225 quod
3246 2155 3507 2210 illuminat

1922 2257 2134 2300 omnem
2163 2244 2431 2298 hominem
2460 2245 2764 2300 venientem
2793 2247 2843 2298 in
2867 2245 3009 2300 hunc
3036 2243 3289 2321 mundum
3319 2245 3502 2314 (Joan.

1922 2349 1962 2399 t,
1990 2333 2067 2406 9).
2095 2334 2244 2390 Sicut
2264 2350 2392 2404 ergo
2417 2334 2594 2389 lumen
2624 2351 2728 2389 non
2753 2344 2926 2404 potest
2952 2334 3228 2402 confundi,
3259 2336 3334 2390 sic
3360 2345 3413 2390 et
3437 2336 3506 2391 il-

1922 2425 2234 2479 luminatum
2266 2424 2517 2480 confundi
2549 2440 2655 2479 non
2686 2426 2831 2480 sinit.
2859 2425 3094 2493 Accedite
3122 2441 3249 2496 ergo
3278 2425 3344 2480 ad
3370 2442 3499 2491 eum,

1921 2529 1966 2573 et
1991 2519 2353 2572 illumimtmini
2368 2535 2387 2582 ;
2414 2527 2462 2571 et
2490 2519 2657 2571 imitus
2684 2519 2835 2571 vestri
2861 2535 2960 2571 non
2989 2518 3292 2572 erubescant.

1993 2608 2081 2662 ii.
2114 2605 2264 2680 [vers.
2293 2609 2344 2667 7.
2372 2605 2450 2679 8.]
2481 2607 2586 2662 Sed
2611 2607 2735 2662 dicit
2760 2607 2971 2677 aliquis,
2994 2607 3272 2674 Quomodo
3296 2606 3361 2661 ad
3384 2622 3505 2662 eum

1920 2697 2156 2753 accedo?
2182 2698 2367 2753 Tantis
2396 2699 2581 2760 malis,
2627 2700 2784 2752 tantis
2811 2700 3038 2768 peccatis
3067 2707 3318 2757 oneratus
3351 2714 3466 2753 sutn
3485 2740 3501 2764 ,

1924 2800 2065 2844 tanta
2101 2791 2302 2845 scelera
2333 2791 2564 2844 clamant
2591 2789 2656 2844 de
2686 2791 3012 2846 conscientia
3045 2806 3160 2845 mea
3181 2833 3196 2857 ,
3237 2791 3506 2860 quomodo

1921 2881 2092 2935 audeo
2116 2880 2372 2948 accedere
2402 2879 2467 2933 ad
2500 2880 2702 2934 Deum?
2731 2880 3044 2947 Quomodo?
3065 2882 3118 2935 Si
3146 2878 3508 2935 humiliaveris

1923 2981 1974 3026 te
2005 2987 2099 3041 per
2125 2971 2510 3041 pamitentiam.
2543 2969 2647 3025 Sed
2687 2971 2968 3036 erubesco,
2997 2971 3107 3034 ais,
3141 2969 3506 3040 ptenitentiam

1921 3078 2100 3134 agere.
2131 3063 2340 3122 Accede
2365 3075 2492 3134 ergo
2521 3063 2585 3117 ad
2613 3079 2754 3128 eum,
2790 3074 2843 3118 et
2871 3064 3274 3127 illuminaberis,
3302 3074 3357 3120 et
3384 3064 3504 3119 vul-

1925 3168 2010 3213 tus
2055 3168 2175 3213 tuus
2216 3174 2321 3212 non
2368 3160 2666 3213 erubescet.
2699 3158 2753 3213 Si
2782 3159 2922 3213 enim
2954 3161 3113 3214 timor
3155 3159 3508 3217 erubescendi

1923 3256 2138 3304 revocat
2163 3258 2217 3304 te
2238 3265 2266 3301 a
2295 3249 2626 3319 paenitentia,
2657 3249 2967 3318 ptenitentia
2992 3259 3167 3304 autem
3195 3249 3319 3304 facit
3346 3261 3396 3307 te
3419 3267 3510 3307 ac-

1921 3341 2114 3396 cedere
2150 3339 2216 3394 ad
2249 3340 2455 3394 Deum:
2497 3356 2601 3393 non
2641 3339 2790 3393 vides
2829 3341 2949 3410 quia
2991 3355 3202 3410 ptenam
3233 3352 3409 3410 gestas
3454 3342 3505 3396 in

1920 3432 2088 3496 vultu,
2120 3431 2240 3500 quia
2265 3431 2384 3484 ideo
2406 3431 2621 3485 erubuit
2648 3430 2821 3483 vultus
2849 3441 2990 3498 tuus,
3018 3433 3266 3501 quoniam
3291 3448 3396 3486 non
3419 3447 3509 3487 ac-

1921 3523 2082 3577 cessit
2118 3519 2183 3574 ad
2228 3521 2432 3575 Deum:
2478 3521 2598 3575 ideo
2635 3535 2738 3574 non
2783 3522 3038 3585 accessit,
3088 3523 3208 3591 quia
3252 3536 3356 3576 non
3396 3521 3510 3577 vult

1920 3626 2080 3682 agere
2119 3610 2524 3680 ptenitentiatn?
2563 3610 2709 3665 Sicut
2750 3620 3031 3664 attestatur
3070 3613 3366 3681 propheta:
3399 3610 3509 3666 Iste

1921 3703 2068 3771 inops
2092 3702 2358 3766 clamavit,
2404 3700 2470 3754 Et
2509 3699 2760 3756 Dominus
2784 3703 3038 3756 exaudivit
3075 3719 3208 3756 cum.
3253 3703 3418 3758 Docet
3455 3714 3508 3759 te

1925 3793 2194 3864 quomodo
2231 3791 2551 3847 exaudiaris.
2587 3790 2710 3846 Ideo
2746 3807 2850 3846 non
2878 3793 3178 3856 exaudiris,
3211 3793 3330 3863 quia
3360 3792 3509 3848 dives

1923 3901 2003 3942 es.
2035 3885 2114 3940 Ne
2141 3884 2216 3956 (α)
2239 3886 2372 3940 forte
2398 3884 2694 3949 clamabas,
2725 3893 2779 3939 et
2809 3899 2912 3938 non
2941 3885 3341 3949 cxaudiebaris,
3381 3885 3506 3940 audi

1922 3993 2086 4048 quare
2111 3995 2124 4030 :
2156 3975 2265 4030 Iste
2290 3976 2437 4047 inops
2465 3974 2720 4039 clamavit,
2750 3986 2795 4030 et
2821 3974 3070 4029 Dominus
3096 3976 3348 4030 exaudivit
3372 3992 3506 4030 eum.

1925 4069 2081 4140 Inops
2107 4069 2276 4124 clama
2296 4110 2312 4134 ,
2355 4076 2408 4123 et
2445 4067 2662 4122 exaudit
2691 4068 2966 4123 Dominus.
2999 4067 3066 4122 Et
3107 4068 3372 4138 quomodo
3400 4068 3510 4123 cla-

1923 4161 2082 4216 mabo
2108 4159 2296 4228 inolts?
2330 4157 2401 4214 Ut
2427 4160 2525 4214 etsi
2554 4158 2718 4214 habes
2749 4159 2942 4228 aliquid
2965 4201 2980 4223 ,
3022 4174 3127 4213 non
3162 4159 3284 4213 inde
3312 4175 3511 4228 praesu-

1924 4267 2038 4306 mas
2077 4250 2144 4306 de
2180 4251 2378 4305 viribus
2407 4251 2510 4304 tuis
2540 4269 2554 4305 :
2592 4260 2648 4304 ιιι
2675 4250 2936 4319 intelligas
2973 4260 3023 4304 te
3052 4251 3408 4321 indigentem,
3451 4260 3510 4305 ut

1925 4341 2183 4410 intelligas
2215 4350 2266 4396 te
2293 4339 2489 4394 tamdiu
2514 4355 2635 4396 esse
2666 4356 2969 4409 pauperem,
3001 4341 3251 4410 quamdiu
3283 4356 3387 4394 non
3417 4341 3511 4395 ha-

1924 4430 2020 4485 bes
2060 4431 2206 4484 illum
2245 4431 2335 4498 qui
2380 4429 2503 4484 facit
2535 4439 2585 4484 te
2613 4429 2850 4483 divitem.
2883 4429 3158 4496 Quomodo
3191 4439 3366 4485 autem
3399 4430 3508 4484 Do-

1924 4521 2100 4576 minus
2125 4519 2394 4575 exaudivit
2420 4519 2579 4573 eum?
2609 4519 2674 4572 Et
2699 4535 2761 4573 ex
2788 4520 3036 4585 omnibus,
3071 4520 3256 4590 inquit,
3296 4520 3509 4574 tribula-

1926 4612 2144 4666 tionibus
2190 4613 2300 4683 ejus
2341 4611 2536 4665 salvum
2566 4611 2681 4682 fecit
2729 4627 2860 4663 eum.
2909 4610 2977 4665 Et
3024 4611 3287 4680 quomodo
3332 4612 3509 4668 salvos

1925 4703 2050 4758 facit
2086 4703 2155 4757 ab
2202 4702 2448 4756 omnibus
2496 4701 2960 4756 tribulationibus?
3005 4701 3247 4756 lnnnittet
3286 4701 3508 4772 Angelus

1925 4795 2135 4851 Domini
2160 4797 2213 4849 in
2251 4794 2463 4848 circuitu
2509 4794 2783 4847 timentium
2823 4810 2968 4857 eum,
3013 4801 3060 4846 et
3097 4803 3231 4847 eruet
3273 4810 3377 4848 eos.
3424 4793 3510 4848 Sic

1927 4891 2183 4959 scriptum
2226 4896 2337 4948 est,
2388 4886 2614 4951 fratres;
2664 4902 2766 4939 non
2815 4885 3082 4954 quomodo
3116 4886 3308 4940 habent
3349 4886 3510 4957 aliqui

1927 4981 2168 5038 mendosi
2207 4978 2450 5041 codices,
2496 4977 2738 5030 lmmittet
2775 4977 3020 5046 Anget'um
3051 4977 3303 5033 Dominus
3329 4979 3380 5032 in
3409 4979 3510 5033 cir-

1926 5075 2062 5127 cuitu
2088 5071 2367 5124 timentium
2393 5085 2506 5122 eum
2526 5110 2540 5133 ,
2605 5077 2652 5121 et
2679 5077 2816 5121 eruet
2855 5085 2936 5122 eos
2965 5085 2983 5122 :
3014 5069 3105 5123 sed
3136 5072 3212 5122 sic
3231 5111 3245 5134 ,
3290 5068 3515 5124 Immitte

1925 5163 2146 5234 Angelus
2174 5159 2382 5214 Domini
2409 5160 2460 5211 in
2482 5158 2695 5211 circuitu
2725 5160 3005 5213 timentium
3025 5177 3156 5225 eum,
3187 5169 3230 5214 et
3250 5170 3385 5214 eruet
3405 5177 3508 5216 eos.

1925 5255 2092 5324 Quem
2125 5253 2211 5306 hic
2233 5251 2368 5306 dixit
2395 5250 2654 5318 Angelutn
2686 5250 2916 5318 Domini,
2939 5253 3025 5320 qui
3054 5252 3301 5307 immittet
3327 5253 3378 5306 in
3403 5251 3513 5308 cir-

1925 5346 2072 5401 cuitu
2116 5342 2412 5397 timentium
2453 5355 2608 5408 eum,
2652 5349 2709 5396 et
2747 5350 2899 5396 eruet
2936 5343 3070 5396 eos?
3101 5343 3216 5412 Ipse
3261 5343 3512 5396 Dominus

1925 5445 2108 5492 noster
2135 5433 2294 5490 Jesus
2334 5432 2579 5488 Christus
2609 5433 2664 5486 in
2707 5432 2982 5503 prophetia
3009 5433 3182 5489 dictus
3225 5441 3305 5488 est
3334 5435 3511 5501 magni

1924 5525 2130 5581 consilii
2175 5523 2441 5593 Angelus,
2481 5522 2657 5594 magni
2693 5523 2899 5577 consilii
2944 5523 3159 5577 nuntius
3194 5541 3207 5576 :
3251 5521 3327 5576 sic
3362 5521 3512 5576 illum

1923 5617 2171 5674 dixerunt
2199 5613 2478 5684 Propheta:
2505 5611 2658 5673 (lsai.
2692 5629 2771 5681 tx,
2807 5612 2860 5679 6,
2892 5629 2991 5668 sec.
3023 5611 3210 5682 LXX.)
3242 5612 3359 5683 Ipse
3383 5628 3511 5680 ergo

1988 5719 2006 5752 ι
2035 5725 2139 5766 Mss.
2163 5726 2340 5777 magno
2359 5727 2597 5777 consensu
2623 5713 2785 5777 ferunt
2809 5727 2822 5764 :
2849 5713 2971 5766 sicut
2993 5708 3248 5776 magni/itte
3271 5717 3316 5764 et
3349 5709 3510 5765 ditius

1924 5785 2114 5834 secutus
2136 5784 2223 5828 est.
2248 5775 2304 5826 Et
2327 5776 2482 5826 vultus
2504 5775 2661 5837 vestri,
2692 5785 2786 5828 etc.

1992 5841 2068 5904 (a)
2090 5846 2248 5900 Forte,
2277 5846 2346 5890 ει.
2375 5846 2426 5886 \t.
