4032 6482
205 447 303 505 ΒΠ

208 578 320 619 rere
348 576 515 631 quam
555 562 791 616 tenebat.
837 561 998 629 ligent
1042 567 1097 613 et
1138 572 1292 626 pane.
1326 557 1513 619 .Quare
1555 563 1713 622 egent
1755 562 1809 606 et

214 653 382 724 pane?
412 649 473 707 Si
506 669 619 707 non
651 653 901 722 intelligis
932 668 1116 721 panem
1139 691 1151 711 ,
1184 651 1269 703 ille
1308 649 1478 702 dixit‘
1512 665 1524 701 :
1559 646 1668 716 Ego
1698 662 1810 699 sum

215 744 352 816 panis
378 744 550 807 vivus,
579 745 670 813 qui
700 744 762 798 de
797 744 921 798 ccelo
960 740 1192 796 descendi
1231 738 1410 807 (Joon.
1444 753 1530 801 Vi,
1558 737 1686 805 4i);
1718 744 1805 788 et:

215 835 353 890 Beati
375 835 465 902 qui
494 837 741 894 esuriant,
770 846 815 888 et
843 835 1016 887 sitiunt
1034 833 1309 904 justitiam,
1340 831 1575 900 quoniam
1601 830 1699 897 ipsi
1727 845 1811 881 sa-

216 925 517 980 turubuntnr
548 924 764 993 (Matth.
790 940 845 989 ν,
875 925 951 990 6).
984 922 1304 993 Inquirentcs
1340 932 1506 974 autem
1538 918 1810 972 Dominum

217 1033 311 1073 non
337 1016 636 1069 minuentur
658 1016 791 1069 omni
818 1015 963 1068 bona.
994 1014 1099 1069 Sed
1126 1029 1230 1084 quo
1258 1014 1395 1066 bono
1416 1012 1525 1080 jam
1552 1012 1805 1064 diximus.

284 1110 367 1164 16.
422 1111 577 1182 [νει-ε.
608 1106 720 1181 12.]
764 1108 961 1171 Venite,
992 1107 1109 1177 ﬁlii,
1138 1107 1309 1158 aud’te
1328 1122 1423 1167 me,
1453 1106 1678 1156 timorem
1701 1101 1808 1154 Do-

218 1201 336 1255 mini
362 1200 553 1254 docebo
580 1217 687 1255 eos.
718 1201 922 1255 Putatis
944 1201 986 1265 ',
1018 1199 1229 1262 fratres,
1254 1198 1373 1267 quia
1399 1212 1497 1265 ego
1523 1197 1642 1249 dicit
1668 1214 1682 1249 :
1710 1211 1809 1263 pu-

220 1300 322 1347 tate
346 1292 475 1362 quia
503 1292 666 1346 David
689 1292 835 1355 dicit,
861 1298 1041 1361 putate
1062 1290 1186 1357 quia
1212 1288 1495 1360 Apostolus
1514 1286 1675 1340 dicit:
1704 1288 1811 1340 imo

221 1392 396 1453 putate
426 1383 550 1451 quia
578 1383 693 1451 ipse
718 1383 971 1436 Dominus
998 1390 1179 1435 noster
1199 1380 1356 1435 Jesns
1379 1379 1620 1431 (lhristus
1645 1377 1806 1431 dicit:

229 1471 419 1532 Venite.
450 1473 568 1541 ﬁlii,
597 1473 768 1526 audite
788 1489 887 1529 me.
914 1472 1206 1526 Audiamus
1235 1470 1384 1527 illum
1415 1468 1569 1522 simul
1589 1509 1602 1526 .
1630 1469 1810 1522 audite

221 1565 358 1618 illum
388 1580 485 1632 per
507 1580 604 1619 nos
629 1581 640 1615 :
668 1564 865 1619 docere
889 1563 1031 1618 enim
1054 1558 1277 1617 vult"ille
1301 1560 1535 1621 humilis,
1561 1559 1651 1615 ille
1675 1570 1807 1629 tym-

223 1655 491 1724 panizans,
511 1654 598 1708 ille
618 1654 893 1721 ali‘ectans,
917 1652 1111 1709 docere
1135 1667 1232 1707 nos
1254 1652 1381 1705 vult.
1408 1650 1474 1706 Et
1493 1649 1616 1720 quid
1639 1649 1809 1705 dicit?

230 1747 433 1815 Venite,
465 1750 592 1818 ﬁlii,
634 1750 804 1804 audite
843 1765 953 1816 nte,
997 1749 1222 1805 timorem
1250 1747 1458 1801 Domini
1486 1746 1672 1800 docebo
1702 1760 1808 1799 vos.

222 1841 413 1903 Doceat
434 1855 584 1911 ergo,
610 1840 944 1911 przcbeamus
965 1855 1169 1899 aurem,
1201 1840 1534 1909 praebeamus
1557 1853 1670 1892 cor.
1695 1836 1809 1892 Non

223 1931 520 2000 aperiamus
540 1946 703 1985 aures
729 1931 925 1995 carnis,
953 1940 1006 1985 et
1026 1930 1203 1985 cordis
1223 1929 1565 1991 claudnnus;
1592 1927 1685 1983 sed
1710 1926 1811 1981 sie-

224 2033 277 2078 ut
302 2026 414 2091 ipse
440 2022 577 2077 dixit
605 2024 657 2076 in
688 2023 1004 2093 Evangelio,
1038 2022 1136 2091 Qui
1177 2021 1322 2075 liabet
1361 2038 1509 2077 aures
1545 2020 1806 2083 audiendi,

223 2117 388 2169 audiat
416 2114 529 2188 (Id.
556 2132 628 2177 χι,
656 2117 766 2185 l5).
796 2117 924 2183 Quis
949 2116 1082 2170 nolit
1102 2115 1121 2145 ³
1146 2116 1331 2171 audire
1356 2114 1632 2170 docentem
1657 2114 1811 2168 Chri-

222 2217 355 2261 stum
390 2221 489 2273 πῖθι·
523 2206 887 2274 Pmphetam?

288 2303 371 2354 Π.
405 2299 559 2372 [νεη-
592 2299 705 2374 15.]
742 2300 865 2365 Quis
894 2310 966 2354 est
1004 2300 1152 2354 homo
1180 2300 1265 2369 qui
1292 2300 1395 2353 vult
1421 2300 1590 2362 vitam,
1619 2308 1667 2353 et
1695 2299 1811 2355 dili-

222 2393 283 2461 git
308 2393 413 2447 dies
441 2393 609 2446 videre
638 2393 834 2447 bonos?
864 2392 1179 2463 Interrogat.
1212 2392 1397 2447 Nonne
1426 2393 1601 2447 omnis
1632 2392 1681 2445 in
1717 2408 1811 2445 vo-

221 2484 297 2537 bis
321 2484 639 2552 reSpondct,
665 2482 811 2553 ligo?
838 2485 916 2537 An
939 2483 1216 2553 quiSqllatD
1238 2491 1320 2538 est
1347 2483 1399 2539 in
1425 2483 1575 2537 Vobis
1596 2483 1681 2551 qui
1706 2498 1808 2536 non

223 2574 381 2644 diligit
405 2576 589 2640 vitam,
623 2575 672 2628 id
697 2586 799 2640 est,
828 2576 916 2645 qui
945 2590 1050 2629 non
1076 2575 1186 2635 vult
1215 2576 1398 2642 vitam,
1427 2584 1479 2629 et
1506 2590 1610 2629 non
1639 2575 1810 2643 diligit

222 2665 329 2721 dies
357 2666 542 2721 videre
570 2666 780 2721 bonos?
817 2666 1001 2721 Nonne
1030 2665 1262 2736 quotidie
1303 2664 1403 2719 hoc
1440 2666 1805 2731 murmuratis,

224 2766 272 2809 et
292 2756 390 2812 hoc
408 2756 589 2811 dicitis
614 2774 628 2810 :
653 2756 917 2823 Quamdiu
943 2757 1039 2810 ista
1070 2756 1331 2825 patimur?
1358 2756 1603 2822 Quotidie
1632 2755 1807 2824 pejora

222 2855 273 2901 et
300 2847 476 2917 pejora
508 2864 524 2901 :
552 2847 692 2915 apud
724 2857 972 2916 parentes
1000 2854 1212 2901 nostros
1255 2843 1466 2905 fuerunt
1497 2847 1615 2900 dies
1644 2846 1809 2899 laetio—

220 2952 332 3003 res,
378 2936 598 2993 foenint
636 2937 755 2993 dies
799 2938 1066 2993 meliores.
1102 2935 1147 2992 Ο
1182 2936 1225 2991 si
1267 2937 1625 3006 interrogares
1668 2937 1810 3006 ipsos

226 3042 473 3099 parentes
517 3039 670 3093 tuos,
713 3028 959 3084 similiter
1002 3028 1092 3082 tibi
1123 3027 1189 3083 de
1214 3026 1402 3087 diebus
1430 3026 1541 3086 suis
1570 3041 1808 3088 murmu-

222 3132 413 3178 rarent.
441 3123 678 3179 Puernnt
698 3122 835 3177 beati
860 3128 1034 3190 patres
1056 3119 1243 3184 nostri,
1273 3136 1369 3173 nos
1396 3120 1573 3174 miseri
1597 3134 1801 3182 sumus,

221 3213 385 3267 malus
412 3212 529 3266 dies
560 3213 819 3268 habemus
848 3230 861 3265 ε
892 3211 1197 3266 dominatus
1225 3222 1306 3266 est
1339 3210 1425 3264 ille
1446 3252 1462 3275 ,
1498 3210 1812 3278 putabamus

222 3305 335 3369 quia
371 3303 465 3356 illo
494 3312 707 3356 mortuo
737 3312 915 3371 posset
939 3300 1151 3371 aliquod
1182 3302 1510 3370 refrigerium
1539 3300 1688 3364 dari;
1718 3301 1812 3356 de-

225 3396 411 3448 teriora
442 3406 723 3449 venerunt.
752 3393 797 3450 Ο
823 3396 961 3449 Deus
982 3434 997 3459 ,
1027 3393 1247 3449 ostende
1279 3394 1431 3447 nobis
1456 3394 1570 3447 dies
1610 3393 1807 3449 lio-.ios!

227 3485 343 3548 Quis
364 3494 438 3538 cst
464 3485 636 3546 homo,
662 3486 748 3555 qui
774 3484 877 3539 vult
906 3484 1078 3546 vitam,
1109 3495 1154 3538 et
1183 3484 1347 3553 diligit
1385 3484 1550 3536 videre
1586 3484 1692 3537 dies
1719 3482 1812 3536 bo-

226 3576 348 3628 nos?
371 3575 487 3629 Non
519 3575 606 3630 hic
634 3587 835 3645 quierat
859 3575 974 3629 dies
1000 3575 1188 3628 bonos.
1218 3573 1415 3627 Bonam
1454 3589 1565 3627 rem
1602 3574 1807 3642 ιιιι.ι·ιὶι,

226 3668 310 3720 sed
340 3683 445 3721 non
478 3667 530 3721 in
564 3668 779 3736 regione
804 3667 920 3735 ejus
948 3666 1086 3718 illam
1116 3666 1325 3733 quaerit.
1351 3664 1628 3731 Quomodo
1652 3666 1696 3718 si
1719 3664 1814 3716 ali-

227 3776 376 3827 quem
396 3760 599 3827 justum
623 3774 893 3828 qnzrreres
916 3758 966 3810 in
989 3772 1048 3812 ea
1074 3757 1260 3825 patria,
1290 3756 1374 3809 ubi
1401 3771 1503 3808 non
1530 3755 1807 3819 habitaret,

228 3849 489 3904 decretur
518 3849 610 3902 tibi
643 3866 657 3902 :
688 3849 891 3901 Bonum
919 3848 1087 3900 virum
1114 3847 1329 3915 quaeris,
1362 3861 1606 3915 magnum
1638 3850 1811 3899 virum

227 3944 438 4012 quaeris,
469 3956 652 4011 qnznre
681 3940 849 4005 illum,
881 3938 974 3994 sed
1004 3938 1110 3991 noli
1141 3937 1247 4003 hic,
1276 3938 1545 4005 superﬂuo
1575 3936 1659 3989 hic
1689 3952 1811 3991 eum

226 4034 439 4103 qmeris,
469 4046 738 4103 nunquam
763 4047 884 4085 eunt
910 4032 1220 4084 inVenturns
1241 4043 1320 4082 es.
1350 4028 1471 4082 Dies
1494 4029 1661 4082 honos
1681 4042 1814 4095 qna:-

227 4128 332 4192 ris,
363 4126 521 4180 simul
552 4138 647 4178 eos
673 4138 974 4193 quaeramus
994 4162 1009 4184 ,
1041 4122 1205 4176 nolite
1236 4122 1339 4174 hic.
1380 4119 1482 4174 Sed
1517 4119 1816 4173 habuerunt

228 4219 344 4272 illos
373 4229 554 4287 patres
594 4216 784 4270 nostri.
816 4213 1080 4268 Fallimini
1124 4230 1139 4265 :
1179 4226 1367 4266 omnes
1411 4209 1497 4264 hzc
1540 4210 1823 4263 labor-ave;

229 4320 369 4377 runt.
415 4308 599 4379 Legite
641 4307 944 4376 Scripturas
973 4323 988 4361 :
1015 4305 1136 4360 ideo
1159 4303 1328 4358 voluit
1354 4303 1495 4357 Deus
1524 4310 1584 4355 ut
1611 4300 1817 4355 scribe-

228 4412 440 4465 rentur,
473 4411 536 4456 ut
579 4416 679 4454 nos
716 4399 1135 4457 consolarentur.
1174 4395 1529 4464 Temporibus
1564 4394 1692 4447 Elite
1723 4392 1821 4446 fuit

230 4494 416 4561 fames,
448 4494 589 4563 passi
617 4502 742 4547 sunt
768 4508 884 4546 eam
915 4502 1090 4561 patres
1119 4489 1307 4544 nostri.
1336 4486 1520 4555 Capita
1547 4485 1818 4553 jumento-

230 4602 348 4642 rum
382 4598 715 4641 nim-tuorum
743 4600 874 4639 auro
901 4582 1270 4638 vendebantur
1289 4620 1305 4645 ,
1332 4577 1641 4633 occiderunt
1670 4591 1817 4641 suos,

230 4690 279 4732 et
306 4676 659 4731 comederunt
684 4691 776 4730 eos
808 4692 820 4727 :
844 4683 906 4745 et
929 4673 1048 4728 dua:
1075 4671 1325 4726 mulieres
1353 4674 1652 4722 statuerunt
1681 4665 1821 4720 inter

229 4784 289 4828 se
317 4780 374 4822 ut
399 4768 711 4826 occiderent
738 4766 877 4820 ﬁlios
917 4778 1075 4828 suos,
1108 4772 1160 4817 et
1187 4759 1602 4821 manducarent;
1629 4757 1822 4811 DCt'ldll

232 4876 330 4915 una
368 4862 535 4913 lilium
567 4874 744 4921 suum,
776 4867 829 4911 ct
853 4855 1301 4909 manducaverunt
1335 4866 1454 4904 eum
1486 4848 1690 4912 amhm;
1719 4846 1821 4900 alia

232 4951 447 5006 nolebat
486 4949 734 5005 occidere
773 4947 938 5001 filium
983 4960 1167 5009 suum,
1200 4952 1254 4998 et
1290 4939 1536 5012 exigebat
1581 4940 1662 4993 illa
1705 4954 1824 5007 qua}

232 5045 376 5114 prior
401 5041 673 5099 occiderat
712 5039 876 5093 lilium
915 5052 1105 5101 suum;
1136 5043 1193 5090 et
1222 5034 1340 5088 talis
1381 5032 1491 5085 rixa
1534 5029 1677 5083 venit
1702 5038 1824 5082 ante

235 5149 446 5203 regem,
478 5132 813 5185 adduxerunt
856 5144 913 5182 se
952 5138 1074 5182 ante
1104 5140 1279 5195 regem
1298 5164 1314 5190 ,
1342 5122 1729 5177 contendentes
1757 5120 1824 5175 de

232 5222 605 5281 interiectione
635 5220 861 5275 liliorum
893 5217 981 5286 (IV
1018 5218 1139 5287 Reg.
1166 5232 1239 5279 vi,
1267 5213 1499 5283 26-50).
1532 5213 1604 5265 Dc
1633 5211 1823 5267 talibus

230 5317 369 5370 cibis
390 5324 600 5371 avertat
633 5313 771 5366 Deus
797 5327 859 5365 ea
888 5326 1005 5379 qua:
1039 5309 1277 5377 legimus.
1304 5306 1527 5375 Semper
1552 5302 1667 5358 dies
1698 5302 1823 5357 mali

232 5408 285 5462 in
310 5410 509 5461 επιειύο
529 5447 543 5469 ,
579 5404 673 5459 sed
712 5396 922 5471 Semper
952 5400 1066 5456 dies
1096 5399 1215 5453 boni
1247 5398 1297 5453 in
1328 5398 1457 5452 Deo.
1491 5395 1682 5449 llabuit
1710 5394 1825 5449 dies

233 5499 405 5553 bonos
432 5495 724 5557 Abraham,
753 5492 845 5546 sed
876 5493 1015 5545 intus
1047 5492 1096 5543 in
1120 5488 1283 5543 corde
1308 5505 1321 5543 :
1352 5486 1533 5541 habuit
1563 5484 1678 5539 dies
1709 5498 1825 5537 ma-

233 5590 353 5659 los,
388 5589 604 5661 quando
634 5602 663 5641 a
693 5586 832 5641 fame
872 5584 1095 5639 mutavit
1125 5583 1426 5652 regionem,
1451 5587 1510 5634 et
1549 5577 1826 5648 quairebat

294 5726 315 5759 ⁸
350 5729 481 5783 1155.,
503 5719 553 5773 Si
574 5718 814 5781 intelligas
835 5730 1023 5782 panem.
1063 5712 1147 5766 Ille
1168 5713 1296 5766 enim
1318 5710 1465 5771 dixit,
1491 5716 1584 5777 etc.

296 5787 319 5818 '
342 5794 527 5835 Omnes
548 5794 703 5847 prope
734 5787 860 5847 μεθ..
887 5786 1081 5847 (nitate.
1225 5835 1238 5847 .
1405 5796 1433 5847 χ

298 5848 321 5879 ⁸
352 5847 482 5899 add.
509 5835 773 5898 (Iids'novit
803 5835 993 5891 audire.
1039 5846 1091 5901 Et
1130 5835 1273 5901 paulo
1306 5845 1439 5901 post,
1464 5844 1725 5901 (πων-οφ.
1767 5836 1825 5883 At

364 5896 482 5972 ιιριιεξ
503 5896 677 5967 ratio,
708 5910 820 5962 etc,
846 5901 958 5963 Quis
981 5900 1094 5953 nolit
1118 5896 1289 5951 audin
1304 5896 1387 5950 7...
1413 5898 1693 5963 interregni.

1276 440 1674 497 ENARRATIU
1713 438 1777 494 ΙΝ
1820 436 2137 495 ΡΒΜιΜυΜ
2180 438 2413 494 XXXIII.

3387 447 3492 502 518

1914 550 2090 604 cibum
2118 549 2269 624 (Gen.
2290 568 2385 617 xu,
2408 552 2495 619 10,
2509 562 2556 607 et
2572 569 2713 619 xxvi,
2736 556 2808 626 ί).
2836 555 2925 612 Sic
2946 572 3132 613 omnes
3149 561 3489 629 qtimsierunt.

1917 646 2107 701 Paulus
2136 647 2317 701 habuit
2342 648 2458 701 dies
2486 647 2654 702 bonos
2675 689 2688 712 ,
2717 650 2804 718 qui
2832 652 2959 705 dicit
2996 670 3009 706 :
3050 652 3076 704 Ι
3086 670 3115 705 ιι
3151 658 3284 723 {ante
3312 665 3357 708 et
3386 657 3491 722 siti,

1915 738 1967 790 in
2013 740 2201 809 frigore
2236 747 2283 793 et
2310 738 2538 794 nuditate
2576 739 2648 812 (ll
2679 739 2797 794 Cor.
2826 758 2913 807 xt,
2941 743 3071 811 27)?
3115 744 3216 799 Sed
3250 762 3353 815 non
3386 748 3494 801 ira-

1914 839 2130 884 scantur
2156 830 2293 886 servi
2318 847 2332 884 :
2364 832 2474 901 ipse
2497 832 2751 888 Dominus
2782 850 2882 887 non
2910 835 3088 888 habuit
3108 835 3223 892 dies
3248 838 3416 892 bonos
3444 841 3496 895 in

1914 916 2015 975 hoc
2041 921 2269 987 srcculo;
2298 922 2681 990 contumelias,
2713 925 2930 994 injurias
2951 968 2965 992 ,
2991 942 3202 981 crucem
3224 968 3239 992 ,
3269 940 3321 983 et
3352 938 3497 985 tanta

1914 1012 2051 1067 mala
2090 1015 2403 1084 patiebatur.

1986 1106 2053 1161 l8
2108 1105 2254 1179 [vers.
2283 1107 2393 1181 14.]
2437 1109 2551 1165 Non
2580 1126 2706 1181 ergo
2729 1113 3052 1167 christianos
3081 1126 3395 1180 murmurat,
3418 1117 3500 1171 vi-

1914 1195 2037 1251 deat
2062 1198 2213 1267 cujus
2243 1202 2460 1271 vestigia
2492 1212 2763 1270 sequatur.
2799 1204 2901 1257 Sed
2932 1206 2976 1258 si
3002 1205 3119 1259 dies
3143 1207 3310 1261 honos
3330 1218 3495 1276 amat,

1913 1289 2093 1342 audiat
2122 1290 2398 1345 docentem
2421 1304 2471 1347 et
2494 1295 2757 1349 dicentem
2787 1315 2800 1351 :
2833 1296 3025 1361 Venite,
3056 1298 3170 1366 ﬁlii,
3196 1299 3372 1353 audite
3394 1317 3495 1368 nte,

1916 1379 2142 1433 timorem
2178 1380 2385 1439 Domini
2424 1384 2606 1439 docebo
2647 1403 2751 1441 vos.
2784 1388 2917 1455 Quid
2948 1390 3064 1443 vis?
3098 1391 3267 1445 Vitam
3300 1402 3355 1447 et
3382 1392 3499 1449 dies

1914 1469 2103 1525 bonos.
2135 1474 2305 1540 Audi,
2338 1484 2393 1529 et
2434 1476 2515 1531 fac
2545 1496 2556 1530 ε
2586 1477 2795 1533 Contine
2832 1482 3055 1549 linguam
3096 1493 3232 1536 tuam
3271 1502 3303 1537 a
3341 1486 3496 1539 malo.

1914 1562 2019 1616 Fac
2049 1565 2195 1617 illud.
2229 1565 2384 1631 Nolo,
2414 1567 2544 1623 dicit
2570 1569 2728 1623 homo
2759 1571 2918 1625 miser
2947 1590 2961 1625 :
2989 1582 3041 1627 et
3065 1574 3292 1643 linguam
3323 1588 3498 1631 meam

1914 1658 2038 1711 nolo
2065 1658 2340 1714 continere
2368 1678 2393 1712 :t
2422 1662 2592 1727 malo,
2626 1673 2679 1716 et
2710 1665 2867 1716 vitam
2899 1666 3049 1729 volo,
3077 1677 3129 1720 et
3164 1667 3277 1721 dies
3305 1668 3495 1724 bonos.

1913 1749 1966 1804 Si
1989 1753 2266 1821 operarius
2293 1761 2413 1807 tuus
2439 1754 2533 1809 tibi
2559 1755 2756 1809 diceret
2781 1774 2793 1807 :
2820 1756 2885 1810 Et
2912 1767 3062 1811 vasto
3088 1759 3239 1812 istam
3262 1760 3494 1829 vineam,

1913 1852 1968 1899 et
1996 1845 2148 1914 exigo
2174 1860 2202 1897 a
2232 1853 2284 1899 te
2314 1847 2612 1901 mercedem
2644 1866 2657 1902 :
2688 1848 2955 1903 adduxisti
2988 1866 3072 1905 mc
3105 1851 3170 1906 ad
3203 1853 3409 1908 vineam
3440 1862 3501 1909 ut

1914 1933 2142 1998 falcitem
2172 1935 2314 1991 illam
2343 1945 2400 1992 et
2430 1948 2641 2005 putem,
2675 1940 2897 1995 concide
2934 1941 3109 1995 omnia
3156 1942 3293 2012 ligna
3325 1944 3496 2009 utilia,

1914 2023 2198 2095 praecidam
2225 2026 2338 2095 ipsa
2366 2028 2556 2082 robora
2580 2029 2785 2093 vitium,
2812 2040 2869 2084 ut
2898 2047 3001 2085 non
3028 2032 3115 2086 hic
3136 2032 3329 2087 habeas
3355 2032 3498 2102 quod

1913 2117 2152 2185 eolligas,
2182 2127 2378 2173 etcum
2407 2117 2583 2175 fecero
2611 2121 2705 2174 ista
2728 2163 2742 2186 ,
2774 2123 3078 2178 redditurus
3107 2139 3165 2178 es
3194 2125 3319 2178 mihi
3352 2126 3499 2179 labo-

1914 2223 2024 2262 rem
2055 2224 2252 2263 meum.
2292 2210 2477 2265 Nonne
2514 2212 2755 2267 insanum
2786 2212 2931 2277 illum
2961 2215 3201 2270 diceres?
3231 2232 3407 2273 nonne
3432 2217 3498 2271 il-

1915 2298 2023 2357 lum
2051 2299 2117 2353 de
2142 2299 2302 2355 domo
2330 2312 2414 2355 tua
2446 2305 2735 2372 repelleres
2755 2348 2768 2369 ,
2804 2316 3085 2377 antequam
3120 2309 3353 2363 mitteret
3383 2326 3498 2364 ma-

1914 2406 2039 2445 num
2078 2392 2143 2447 ad
2179 2392 2407 2449 falcem?
2445 2396 2601 2452 Tales
2630 2410 2751 2452 sunt
2783 2400 3053 2464 homines,
3098 2403 3186 2472 qui
3230 2411 3285 2456 et
3326 2402 3499 2458 facere

1913 2483 2097 2537 volunt
2130 2484 2265 2538 mala
2285 2526 2299 2549 ,
2332 2495 2383 2539 et
2412 2485 2593 2554 jurare
2638 2488 2970 2543 mendacium
2992 2531 3008 2555 ,
3038 2503 3089 2545 et
3128 2492 3499 2560 blasphemare

1913 2581 2096 2626 centra
2127 2574 2323 2640 Deum,
2371 2586 2425 2630 et
2466 2593 2828 2645 murmurare,
2860 2590 2915 2634 et
2944 2580 3179 2635 fraudem
3211 2582 3417 2651 facere,
3446 2591 3500 2639 et

1914 2664 2185 2730 inebriari,
2213 2675 2267 2720 et
2296 2668 2532 2738 litigare,
2561 2680 2615 2725 et
2642 2672 2926 2731 adulterari
2950 2714 2963 2737 ,
2991 2684 3045 2729 et
3069 2675 3318 2745 ligaturas
3341 2678 3497 2732 adhi-

1913 2756 2061 2819 here.
2085 2768 2138 2811 ct
2164 2759 2237 2813 ire
2261 2759 2325 2814 ad
2349 2761 2645 2832 sortilegos,
2675 2773 2727 2817 et
2746 2764 2861 2818 dies
2881 2764 3049 2819 bonos
3075 2767 3274 2820 videre.
3302 2767 3519 2823 Dicitur.

1913 2850 1986 2904 illi
2020 2868 2035 2907 :
2063 2849 2175 2903 Non
2207 2860 2354 2921 potes
2386 2854 2522 2908 male
2554 2855 2748 2909 faciens
2779 2872 3019 2925 qurercre
3058 2857 3251 2911 bonam
3291 2874 3497 2914 merce-

1912 2942 2055 2997 dem.
2098 2943 2150 2997 Si
2181 2954 2232 2997 tu
2267 2944 2491 3013 injustns
2518 2961 2606 3013 es,
2650 2947 2875 3015 injustus
2917 2949 3020 3002 erit
3056 2957 3111 3003 et
3152 2949 3329 3004 Deus?
3357 2949 3500 3019 Ergo

1913 3035 2037 3103 quid
2070 3034 2298 3090 faciant?
2325 3036 2457 3102 Quid
2487 3038 2605 3092 vis?
2634 3037 2804 3092 Vitam
2842 3040 2991 3105 volo,
3019 3040 3135 3094 dies
3163 3041 3329 3094 bonos
3356 3041 3496 3095 volo.

1914 3125 2126 3181 Contine
2151 3126 2375 3201 linguam
2412 3138 2550 3182 tuam
2577 3146 2608 3181 a
2634 3132 2787 3195 malo,
2815 3139 2861 3183 et
2882 3131 3016 3184 labia
3038 3130 3123 3183 tito
3151 3148 3211 3184 ne
3231 3132 3504 3202 loquantur

1915 3218 2087 3274 dolum
2119 3235 2136 3273 :
2168 3220 2214 3273 id
2244 3231 2346 3287 cst,
2382 3221 2508 3275 nulli
2543 3222 2777 3276 fraudem
2799 3264 2813 3284 ,
2845 3223 2971 3276 nulli
3002 3223 3357 3276 mendacium.

1989 3312 2074 3367 i9.
2123 3310 2274 3385 [rem
2305 3313 2415 3385 15.]
2455 3313 2558 3369 Sed
2600 3315 2723 3384 quid
2751 3325 2862 3381 est,
2897 3313 3164 3369 Declinan
3192 3316 3368 3369 malo?
3405 3314 3506 3369 Pa--

1916 3420 2031 3459 rum
2060 3416 2142 3459 est
2172 3405 2297 3458 nulli
2340 3421 2564 3468 noceas.
2611 3406 2810 3459 nullum
2854 3406 3099 3472 occidas,
3138 3422 3241 3460 non
3284 3406 3499 3469 furoris,

1918 3512 2021 3549 non
2050 3496 2334 3561 milliil‘l‘eS,
2368 3512 2471 3548 non
2505 3495 2739 3549 fraudem
2772 3496 2930 3550 facias
2952 3539 2966 3561 ,
2995 3512 3099 3550 non
3132 3497 3316 3551 falsum
3348 3498 3500 3551 testi-

1918 3590 2153 3641 monium
2200 3588 2364 3641 dicas.
2413 3586 2626 3641 Declina
2663 3604 2694 3639 a
2732 3588 2867 3641 malo
2906 3603 2926 3641 :
2964 3603 3082 3641 cum
3128 3586 3499 3652 declinaveris,

1918 3680 2091 3735 dicis:
2130 3680 2360 3735 Securus
2402 3697 2552 3742 smn,
2592 3679 2787 3749 perfeci
2826 3680 3037 3745 omnia,
3070 3678 3277 3732 habebo
3315 3678 3500 3745 vitam,

1917 3773 2108 3827 videbo
2143 3774 2257 3828 dies
2296 3773 2485 3827 bonos.
2522 3772 2635 3827 Non
2673 3772 2842 3826 solum
2875 3772 3070 3825 declina
3108 3790 3139 3824 a
3172 3772 3345 3837 malo;
3383 3770 3501 3839 sed,

1917 3876 1961 3919 et
1988 3871 2069 3936 fac
2096 3866 2296 3920 bonum.
2330 3865 2522 3920 Parum
2561 3874 2644 3918 est
2680 3873 2735 3918 ut
2776 3880 2880 3917 non
2909 3864 3208 3931 exsiiolics:
3238 3862 3368 3916 vesti
3402 3866 3504 3916 nu;

1918 3959 2063 4012 dum.
2092 3958 2149 4013 Si
2174 3976 2274 4011 non
2299 3958 2694 4025 exSpoliaveris,
2719 3957 2993 4011 declinain
3023 3972 3050 4008 a
3080 3956 3220 4010 malo
3244 3973 3257 4010 :
3284 3955 3375 4009 sed
3399 3970 3504 4009 non

1921 4050 2080 4104 facies
2112 4051 2308 4104 bonum
2327 4092 2341 4113 ,
2376 4050 2473 4103 nisi
2502 4054 2620 4104 cum
2649 4048 2979 4118 peregrinum
3011 4047 3308 4117 susceperis
3336 4048 3385 4101 in
3414 4047 3508 4099 do-

1921 4132 2064 4199 mum
2093 4153 2253 4197 tuam.
2282 4143 2421 4212 Ergo
2446 4142 2523 4196 sic
2548 4140 2753 4197 declina
2776 4156 2804 4193 a
2830 4140 2990 4205 malo,
3021 4151 3076 4191 ut
3103 4139 3261 4193 facias
3286 4138 3504 4191 bomun.

1926 4236 2106 4301 Qntcre
2131 4250 2325 4305 pacem,
2356 4243 2404 4286 et
2431 4249 2633 4303 sequere
2661 4248 2790 4285 eam.
2825 4231 2937 4285 Non
2972 4230 3062 4284 tibi
3092 4230 3253 4292 dixit,
3290 4228 3508 4283 habebis

1922 4325 2009 4380 hic
2036 4342 2215 4394 pacem
2250 4342 2262 4377 :
2294 4341 2472 4395 qumre
2503 4325 2678 4385 illam,
2713 4333 2764 4377 et
2795 4338 3016 4391 sequere
3050 4337 3187 4375 eam.
3218 4321 3334 4389 Quo
3364 4321 3506 4375 illam

1921 4415 2151 4485 sequor?
2180 4417 2296 4481 Qtto
2319 4414 2604 4483 praicessit.
2636 4413 2889 4466 Dominus
2912 4411 3052 4465 enim
3076 4420 3156 4464 est
3182 4425 3278 4478 pax
3304 4419 3504 4475 nostra,

1921 4508 2213 4561 resurrexit
2240 4515 2291 4560 et
2317 4505 2554 4560 ascendit
2586 4505 2635 4557 in
2663 4503 2880 4559 cmlum.
2916 4503 3095 4569 Qua're
3115 4519 3323 4573 pacem,
3355 4511 3400 4556 et
3425 4518 3507 4556 se-

1921 4617 2069 4669 quere
2106 4601 2247 4653 illam
2274 4615 2292 4652 :
2322 4598 2442 4668 quia
2472 4606 2526 4653 et
2556 4605 2609 4651 tu
2638 4612 2758 4652 cum
2788 4595 3112 4657 surrexeris,
3148 4594 3249 4648 hoc
3284 4594 3509 4650 mortale

1925 4691 2246 4755 mutabitur,
2276 4699 2328 4745 et
2352 4687 2690 4757 amplcmeris
2721 4702 2900 4757 pacem
2922 4728 2937 4752 ,
2967 4685 3052 4740 ubi
3084 4685 3175 4740 tibi
3208 4699 3363 4739 nemo
3391 4700 3510 4738 mo.

1927 4786 2091 4841 leslus
2116 4784 2234 4838 erit.
2268 4783 2339 4837 lbi
2366 4784 2506 4837 enim
2535 4790 2616 4836 est
2644 4781 2872 4850 perlecta
2903 4795 3023 4849 pax,
3047 4777 3132 4832 ubi
3156 4792 3259 4832 non
3282 4776 3507 4832 esuries.

1924 4877 2054 4931 Nam
2102 4876 2187 4932 hic
2231 4877 2322 4930 tibi
2369 4890 2549 4944 pacem
2591 4874 2713 4927 facit
2744 4872 2933 4941 panis:
2962 4869 3164 4924 subduc
3205 4884 3426 4938 panem,
3459 4878 3514 4924 ct

1928 4971 2045 5025 vide
2063 4971 2215 5039 quale
2237 4969 2433 5025 bellum
2456 4969 2556 5022 erit
2580 4969 2716 5020 intra
2736 4966 2938 5019 viscera
2962 4973 3069 5016 tua.
3100 4963 3201 5032 lpsi
3227 4963 3355 5032 justi
3378 4977 3513 5034 quo-

1926 5064 2086 5118 modo
2113 5070 2331 5133 gemunt
2369 5061 2453 5114 hic
2472 5100 2488 5126 ,
2526 5056 2752 5112 fratre'i?
2781 5066 2840 5110 ut
2867 5055 3046 5110 sciatis
3072 5056 3191 5126 quia
3224 5054 3511 5123 qua-rimus

1929 5158 2015 5212 hic
2042 5172 2224 5227 pacem
2242 5197 2255 5218 ,
2282 5166 2668 5221 consequemur
2696 5158 2871 5204 autem
2905 5148 2955 5202 in
2986 5149 3107 5201 line.
3130 5138 3244 5201 Sed
3272 5162 3337 5200 ex
3363 5153 3513 5214 parte

1927 5251 2013 5321 hic
2040 5251 2349 5314 habeamus,
2376 5257 2432 5300 ut
2455 5261 2518 5301 ex
2550 5254 2661 5299 toto
2689 5244 2794 5299 illic
2814 5242 3009 5296 habere
3037 5253 3353 5293 mereamur.
3376 5233 3512 5300 Quid

1928 5356 2028 5413 est,
2056 5361 2122 5403 ex
2155 5343 2339 5416 parte?
2369 5340 2672 5398 Concordes
2698 5339 2865 5390 simus
2895 5333 3001 5398 hic,
3029 5332 3306 5401 diligamus
3336 5326 3515 5411 proxi-

1928 5454 2071 5494 mum
2097 5434 2365 5509 quomodo
2396 5446 2511 5487 nos.
2558 5431 2643 5485 Sic
2685 5428 2843 5498 dilige
2885 5425 3099 5479 fratrem
3136 5418 3399 5491 quomodo
3430 5425 3512 5470 te-

1929 5508 2133 5599 ipsum,
2167 5526 2303 5581 habe
2337 5539 2458 5579 cum
2497 5522 2588 5578 illo
2624 5535 2824 5591 pacem.
2859 5516 2965 5573 Sed
3009 5531 3111 5569 non
3154 5519 3371 5583 possunt
3412 5508 3513 5562 nisi

1928 5622 2157 5678 existere
2186 5620 2316 5673 rixae
2344 5616 2534 5685 aliquae
2554 5655 2570 5680 ,
2602 5608 2867 5682 quomodo
2908 5609 3045 5661 inter
3075 5604 3265 5658 fratres
3294 5610 3347 5653 et
3377 5600 3514 5652 inter

1929 5722 2142 5770 sanctos
2168 5711 2503 5772 exstiterunt,
2537 5707 2671 5759 inter
2702 5702 2992 5756 Barnabam
3032 5705 3086 5751 et
3125 5694 3340 5749 Paulum
3377 5690 3511 5762 (Act.

1929 5823 2027 5873 xv,
2061 5805 2152 5875 '59)
2182 5823 2195 5859 :
2224 5803 2316 5859 sed
2351 5817 2461 5856 non
2484 5816 2603 5869 qua:
2642 5794 2947 5851 occiderent
2992 5785 3327 5846 Concordiam
3348 5827 3365 5853 ,
3406 5801 3510 5839 non

1932 5913 2049 5973 qua:
2079 5903 2439 5955 nncrimerent
2464 5890 2797 5947 charitatem.
2826 5884 2954 5940 Nam
2980 5891 3034 5938 et
3063 5884 3153 5937 tibi
3184 5880 3282 5950 ipsi
3309 5877 3515 5934 τιδὶειίθ
