4032 6472
531 408 638 468 MO

526 518 831 592 aliquando,
863 526 918 575 et
943 526 1118 573 tamen
1149 529 1254 575 non
1283 522 1337 569 te
1365 511 1540 572 odisti.
1569 510 1752 566 Omnis
1778 511 1918 566 enim
1947 525 2105 580 quem

527 612 750 682 pmnitet
773 608 968 680 aliquid
988 649 1004 674 ,
1033 607 1237 665 rixatur
1264 619 1466 660 secum.
1497 601 1772 668 Peccavit,
1801 600 1968 667 redit,
2000 601 2108 654 ira-

525 705 694 760 scitur
720 701 1033 770 sibimetipsi
1065 699 1165 753 hoc
1191 697 1384 761 fecisse
1403 737 1416 760 ,
1445 694 1572 760 illud
1598 692 1928 748 commisisse
1951 693 1992 745 ί.
2017 691 2110 759 Ri-

525 809 648 850 xam
677 807 805 862 ergo
828 805 1008 851 secum
1039 789 1231 854 habet,
1271 785 1365 850 sed
1406 786 1512 844 ista,
1539 781 1650 838 rixa
1681 783 1744 838 ad
1771 781 2107 841 concordiam

526 886 715 942 tendit.
745 883 876 950 Vide
904 879 1171 952 quomodo
1197 893 1375 933 secum
1401 877 1622 945 rixatur,
1654 883 1708 930 et
1731 874 1872 929 dicat
1895 872 2106 944 quidam

519 975 697 1046 justus
725 992 737 1028 :
768 974 934 1044 Quare
960 973 1114 1025 tristis
1139 986 1210 1035 es,
1239 968 1409 1021 anima
1430 982 1560 1029 mea,
1593 974 1639 1018 et
1666 980 1822 1035 quare
1843 960 2109 1018 conturbas

526 1067 646 1122 me?
675 1065 843 1133 Spera
866 1063 918 1117 iu
946 1061 1237 1125 Dominum,
1266 1057 1502 1128 quoniam
1531 1055 1697 1108 adhuc
1725 1051 1997 1124 conﬁtebor
2032 1049 2109 1103 illi

530 1155 700 1228 (Psal.
722 1165 827 1227 XLII
848 1196 863 1220 ,
895 1154 972 1224 5).
999 1152 1132 1220 cum
1169 1150 1296 1205 dicit
1321 1149 1511 1202 anima:
1537 1161 1647 1202 sua:
1667 1187 1683 1212 ,
1719 1143 1886 1214 Quare
1907 1151 2110 1202 contur-

525 1247 614 1301 bas
641 1262 751 1317 me;
781 1248 960 1315 utique
987 1242 1229 1302 turbabat
1257 1240 1425 1294 illum.
1454 1236 1678 1293 Volebat
1705 1234 1840 1289 forte
1864 1234 1976 1303 ipse
2000 1232 2107 1302 pati

525 1351 624 1407 pro
645 1317 874 1400 Christo,
899 1341 961 1388 et
974 1333 1148 1386 anima
1176 1331 1339 1400 ipsius
1363 1326 1792 1388 contristabatur.
1817 1325 1883 1378 Et
1905 1323 1992 1378 ille
2017 1322 2108 1392 qui

524 1427 724 1482 sciebat
749 1433 804 1480 et
827 1424 1052 1487 dicebat,
1083 1423 1251 1491 Quare
1274 1418 1428 1474 tristis
1450 1435 1535 1493 es,
1549 1417 1719 1471 animo
1739 1431 1869 1482 mea,
1891 1424 1936 1469 et
1955 1430 2110 1486 quare

523 1515 792 1576 conturbas
821 1530 898 1568 me
915 1529 935 1578 ;
966 1527 1148 1583 pacem
1174 1510 1348 1566 adhuc
1371 1523 1550 1565 secum
1581 1523 1688 1565 non
1714 1506 1944 1578 habebat
1970 1523 1985 1559 :
2012 1503 2108 1562 sed

525 1621 590 1663 ex
616 1615 791 1662 mente
820 1605 1057 1667 hmrebat
1078 1602 1310 1668 Christo,
1338 1611 1397 1656 ut
1425 1609 1734 1670 sequeretur
1761 1599 1908 1653 illum
1934 1596 2108 1662 anima

525 1701 641 1771 ejus
659 1743 674 1766 ,
702 1709 758 1756 et
785 1714 890 1754 non
919 1699 1063 1753 illum
1090 1695 1448 1752 conturbaret.
1480 1693 1622 1762 Ergo
1647 1691 1868 1761 quaerite
1898 1703 2104 1760 pacem,

521 1793 732 1855 fratres.
760 1788 1162 1852 Dominusdixit
1187 1805 1200 1842 :
1230 1787 1354 1840 ﬂa’c
1378 1787 1557 1849 loquor
1576 1783 1711 1837 vobis
1729 1791 1826 1859 ,‘ut
1850 1783 1900 1835 in
1920 1797 1996 1834 me
2016 1780 2108 1850 hae

523 1883 678 1939 beatis
703 1897 895 1949 pacem.
925 1879 1113 1946 Pacem
1139 1881 1190 1932 in
1219 1887 1350 1932 terra
1375 1877 1511 1943 vobis
1538 1891 1638 1936 non
1666 1874 1900 1945 promitto
1926 1872 2105 1943 (Joan.

519 1990 607 2030 xvn
629 2017 644 2042 ,
673 1975 784 2044 53).
814 1973 867 2027 In
900 1974 997 2040 ista
1026 1973 1128 2026 vita
1158 1986 1258 2039 pax
1291 1985 1413 2024 vera
1445 1983 1549 2023 non
1580 1977 1681 2032 est,
1715 1982 1814 2022 nec
1844 1966 2107 2036 tranquil,-

517 2067 659 2123 litas.
705 2066 967 2127 Gaudium
1011 2061 1461 2133 immortalitatis,
1505 2060 1734 2115 societas
1782 2058 2104 2127 Angelorum

519 2157 864 2228 promittitur.
893 2155 999 2211 Sed
1025 2154 1264 2225 quisquis
1292 2168 1397 2212 non
1426 2152 1567 2210 illam
1598 2165 1719 2212 eum
1751 2149 1836 2222 hic
1856 2158 1938 2205 est
1957 2164 2103 2220 qna:-

517 2247 688 2310 sierit,
721 2263 826 2302 non
857 2246 1005 2306 illam
1027 2244 1241 2298 habebit
1267 2259 1386 2298 cum
1419 2243 1640 2297 venerit.

589 2337 679 2403 2Q.
710 2335 731 2408 [
767 2352 894 2391 vers.
914 2335 996 2390 16.
1023 2333 1044 2408 ]
1075 2334 1224 2388 Oculi
1245 2333 1614 2404 Dominisuper
1628 2333 1818 2403 justas.
1845 2331 2104 2402 Nolicrgo

516 2414 732 2496 timere,
752 2429 937 2486 labora
961 2430 982 2460 ⁸
1014 2445 1026 2481 :
1057 2413 1195 2485 oculi
1224 2425 1429 2488 Domini
1447 2439 1606 2494 super
1624 2433 1676 2478 te
1696 2432 1838 2477 sunt.
1862 2422 1929 2476 Et
1950 2439 2099 2478 aures

518 2521 628 2592 ejus
656 2519 723 2590 ad
764 2535 933 2598 preces
981 2534 1172 2581 eorum.
1204 2515 1341 2583 Quid
1369 2516 1447 2570 vis
1473 2514 1734 2584 amplius?
1759 2514 1816 2569 Si
1860 2529 2103 2580 murmug

514 2621 720 2672 rantem
743 2625 956 2675 servum
987 2610 1037 2662 in
1071 2608 1228 2664 domo
1250 2621 1435 2675 magna
1481 2621 1585 2660 non
1637 2604 1847 2669 audiret
1872 2603 2103 2674 paterfa-

515 2701 709 2766 milias,
760 2706 1094 2770 quereretur,
1136 2706 1189 2752 et
1236 2686 1474 2752 diceret:
1506 2695 1709 2761 Quanta
1741 2694 1827 2762 hic
1851 2694 2096 2763 patimur,

513 2801 570 2851 et
599 2807 754 2851 netno
801 2805 898 2845 nos
944 2787 1126 2844 audit!
1185 2785 1448 2857 Numquid
1501 2786 1635 2840 dicis
1681 2784 1809 2845 illud
1839 2785 1905 2839 de
1941 2785 2096 2839 Deo:

513 2885 719 2954 Quanta
753 2884 944 2954 patior,
985 2891 1040 2939 et
1086 2897 1244 2936 nemo
1303 2897 1388 2935 me
1417 2879 1684 2934 andit?Si
1733 2879 1940 2934 audiret
1990 2893 2096 2944 me,

511 2975 650 3030 forte
678 2975 832 3035 dicis,
894 2974 1104 3047 tolleret
1157 2972 1283 3026 mihi
1332 2971 1720 3040 tribulationem
1757 2969 1988 3035 :clamo,
2046 2977 2101 3024 et

523 3066 769 3124 tribulor.
801 3065 1027 3132 Tantum
1074 3073 1128 3118 tu
1159 3074 1282 3119 tene
1311 3064 1419 3117 vias
1440 3063 1574 3132 ejus,
1603 3072 1658 3117 et
1692 3062 1904 3132 quando
1935 3062 2100 3122 tribui-

509 3158 637 3212 laris
656 3157 888 3212 auditte.
916 3156 1019 3211 Sed
1051 3156 1292 3210 medicus
1341 3163 1441 3222 est,
1502 3154 1676 3209 adhuc
1728 3163 1877 3224 putre
1931 3153 2096 3210 habes

510 3249 693 3306 nescio
718 3247 865 3319 quid.
894 3247 1105 3311 Clamas
1135 3264 1147 3299 :
1181 3246 1272 3300 scd
1323 3245 1497 3299 adhuc
1523 3253 1668 3300 secat
1698 3262 1712 3312 ;
1744 3255 1798 3299 et
1824 3261 1929 3299 non
1959 3245 2094 3301 tollit

396 3341 409 3357 '
509 3357 746 3404 manum,
775 3339 877 3401 nisi
924 3337 1154 3392 secuerit
1191 3345 1445 3408 quantum
1477 3335 1705 3391 videtur.
1742 3336 1949 3401 Etenim
1981 3349 2096 3407 me-

509 3431 662 3486 dicus
711 3427 942 3484 crudelis
971 3436 1054 3496 est
1101 3428 1190 3496 qni
1235 3425 1455 3497 exaudit
1500 3425 1795 3493 hominem,
1842 3434 1895 3481 et
1923 3426 2096 3498 parcit

509 3523 716 3578 vulneri
749 3533 800 3577 et
821 3520 1103 3591 putredini.
1133 3519 1328 3589 Matres
1352 3519 1620 3590 quomodo
1667 3519 1859 3574 l'ricant
1901 3520 1951 3573 in
1982 3519 2095 3574 bal-

507 3615 624 3668 neis
640 3612 704 3667 ad
733 3613 956 3666 salutem
987 3610 1176 3664 lilios?
1215 3609 1400 3664 Nonne
1443 3609 1644 3679 parvuli
1684 3611 1917 3664 clamant
1955 3610 2096 3665 inter

507 3718 696 3756 manus
724 3717 904 3756 earnm
931 3701 955 3754 ’ἒ
983 3701 1088 3758 Illa:
1135 3716 1266 3771 ergo
1311 3700 1554 3762 crudeles
1581 3709 1722 3766 sunt,
1757 3709 1813 3754 ut
1840 3715 1944 3756 non
1976 3717 2096 3774 par-

505 3802 651 3858 cant,
706 3808 810 3846 non
859 3791 1145 3847 exaudiant
1181 3791 1487 3868 lacrymas?
1515 3790 1700 3852 Nonne
1747 3792 1917 3861 plena:
1969 3799 2094 3845 sunt

506 3885 701 3954 pietate
727 3881 752 3935 ‘l
796 3882 862 3937 Et
879 3891 1053 3936 tamen
1076 3882 1306 3937 clamant
1325 3882 1492 3951 pueri,
1524 3890 1578 3935 et
1604 3897 1707 3935 non
1731 3881 1808 3934 eis
1833 3881 2087 3950 parcitur.

503 3973 593 4029 Sic
620 3981 676 4029 et
701 3972 838 4028 Dens
851 3981 1028 4026 noster
1051 3971 1236 4041 plenus
1261 3980 1343 4025 est
1365 3971 1625 4025 eharitate
1647 3988 1658 4023 :
1679 3969 1773 4024 sed
1803 3969 1920 4024 ideo
1939 3969 2089 4024 vide-

508 4075 592 4121 tur
617 4081 723 4120 non
750 4063 1024 4127 exaudire,
1055 4071 1112 4115 ut
1138 4071 1288 4116 sanet
1306 4069 1361 4116 et
1390 4069 1570 4130 parcat
1601 4060 1652 4114 in
1674 4061 2082 4130 sempiternum.

576 4157 667 4212 21.
699 4154 721 4229 [
748 4171 875 4210 vers.
907 4155 992 4208 17.
1023 4153 1044 4226 ]
1075 4153 1223 4206 Oculi
1245 4151 1452 4206 Domini
1495 4167 1648 4220 super
1663 4153 1853 4224 justas,
1881 4159 1927 4206 et
1943 4167 2090 4206 aures

506 4250 614 4321 ejus
630 4250 696 4300 ad
717 4262 885 4317 preces
905 4261 1095 4300 eorum.
1120 4242 1280 4298 Forte
1299 4242 1482 4298 dicunt
1501 4242 1623 4295 mali
1651 4261 1663 4296 :
1699 4241 1839 4312 Ergo
1861 4257 2083 4311 securus

506 4339 642 4395 facio
659 4339 816 4404 mala,
845 4337 965 4408 quia
1015 4351 1126 4390 non
1168 4350 1329 4404 super
1372 4349 1457 4389 me
1483 4341 1610 4388 sunt
1634 4334 1772 4388 oeuli
1834 4334 2040 4388 Domini
2071 4352 2085 4388 :

499 4435 610 4505 jam
640 4433 775 4488 Deus
801 4430 866 4486 ad
889 4433 1062 4501 justos
1086 4427 1330 4494 attendit,
1385 4441 1470 4482 me
1500 4441 1604 4480 non
1629 4425 1808 4503 videt,
1844 4433 1898 4480 et
1938 4425 2090 4496 quid!

506 4525 632 4595 quid
658 4523 854 4588 fecero,
886 4537 1108 4578 securus
1135 4519 1289 4576 facio.
1317 4519 1504 4575 Statim
1535 4518 1763 4588 subjecit
1794 4518 1978 4572 videns
1995 4533 2088 4573 co-

506 4617 790 4688 gitationes
821 4615 1097 4668 hominum
1143 4612 1372 4684 Spiritus
1422 4621 1658 4675 sanctus,
1704 4619 1758 4666 et
1788 4611 1862 4665 ait
1894 4628 1906 4663 :
1939 4611 2089 4665 Oculi

508 4707 714 4761 Domini
741 4722 892 4772 super
903 4707 1090 4776 justas,
1114 4714 1159 4758 et
1176 4721 1321 4761 aures
1342 4704 1452 4768 eius
1467 4703 1534 4759 ad
1546 4719 1715 4773 preces
1731 4719 1903 4757 eorum
1934 4718 1952 4756 :
1978 4704 2095 4757 vul-.

510 4805 590 4850 tus
615 4807 780 4849 autent
805 4794 1013 4848 Domini
1057 4810 1209 4865 super
1256 4793 1494 4861 facientes
1524 4793 1678 4859 mala,
1710 4801 1765 4847 ut
1795 4795 1972 4862 perdat
2021 4792 2083 4846 de

510 4898 642 4941 terra
670 4887 959 4940 memoriam
989 4901 1180 4939 eorum.

574 4977 663 5031 22.
685 4975 849 5050 [vers.
877 4977 962 5032 18.
993 4975 1388 5050 101αηιαινριοιληι
1408 4975 1558 5045 justi,
1587 4984 1633 5028 et
1658 4972 1906 5028 Dominus
1932 4990 2088 5028 exau-

488 5072 626 5126 diuit
655 5087 759 5136 eos,
789 5079 836 5123 et
865 5086 926 5123 ex
956 5070 1182 5126 omnibus
1205 5069 1608 5123 tribulationibus
1633 5083 1803 5121 eorum
1829 5065 1957 5118 eruit
1981 5081 2083 5120 eos.

507 5161 644 5218 Justi
673 5169 824 5215 erant
868 5169 978 5214 tres
1032 5159 1180 5230 pueri
1228 5177 1239 5212 :
1271 5159 1339 5214 de
1371 5158 1579 5212 camino
1619 5157 1985 5211 elamaverunt
2019 5154 2085 5210 ad

508 5252 809 5316 Dominum,
854 5259 908 5305 et
946 5250 997 5305 in
1056 5249 1297 5305 laudibus
1346 5265 1526 5304 eorum
1570 5249 1715 5320 ignes
1767 5245 2081 5318 frignerunt.

501 5346 771 5402 Accedere
796 5354 851 5399 et
871 5344 1061 5399 ltedere
1080 5343 1288 5397 ﬂamma
1312 5357 1415 5397 non
1440 5341 1608 5412 potuit
1628 5340 1901 5395 laudantes
1917 5339 2081 5395 Deum

503 5439 815 5493 innocentes
842 5445 896 5491 et
918 5436 1088 5506 justos
1137 5450 1352 5506 pueros,
1381 5443 1435 5488 et
1460 5434 1597 5488 eruit
1632 5448 1725 5488 eos
1755 5433 1823 5487 de
1874 5432 2085 5488 ﬂamma

502 5528 525 5600 (
554 5526 698 5582 Dan.
725 5544 800 5592 ιιι,
835 5527 906 5583 49
935 5526 975 5598 ).
1003 5527 1136 5579 Dicit
1163 5526 1373 5594 aliquis,
1405 5524 1542 5579 Ecce
1570 5539 1693 5578 vere
1709 5523 1838 5594 justi
1871 5524 1957 5593 qui
1987 5539 2085 5579 ex-

508 5619 672 5675 auditi
701 5630 844 5686 sunt,
871 5619 1006 5673 sicut
1041 5618 1296 5687 scriptum
1327 5627 1428 5682 est,
1461 5615 1814 5672 Clamaverunt
1847 5601 2020 5687 justi,‘
2040 5623 2086 5669 et

565 5737 581 5767 ¹
617 5742 794 5784 omnes
815 5732 921 5784 fere
947 5740 1074 5792 Mss,
1108 5744 1185 5782 me
1207 5727 1294 5779 hoc
1317 5728 1504 5792 fecisse,
1528 5742 1602 5780 me
1628 5727 1750 5779 illud
1773 5725 2079 5787 commisisse,

500 5795 542 5847 si
570 5808 660 5845 non
684 5793 879 5846 dicitur.
910 5792 1078 5856 nixam
1099 5805 1232 5856 ergo.
1255 5798 1347 5856 etc.

566 5860 584 5891 ³
619 5857 803 5920 Aliquot
825 5863 952 5918 Mss,
981 5849 1185 5908 laboras.
1223 5853 1328 5917 Alii,
1354 5853 1587 5906 laborans.
1613 5851 1829 5918 Quidam,
1854 5849 2076 5911 laborem,

1777 395 1833 456 S.
1877 399 2240 456 AUGUSTINI
2280 400 2580 460 EPISCOPI

3693 417 3795 475 320

2213 531 2465 593 Dominus
2491 539 2745 594 mudivit
2796 556 2901 610 eos,
2929 551 2978 596 et
3021 559 3083 598 ea:
3123 543 3350 599 omnibus
3390 546 3794 602 tribulationibus

2213 643 2397 686 eorum.
2414 631 2542 683 eruit
2567 647 2652 686 eos
2668 646 2688 685 :
2707 647 2805 703 ego
2832 643 3009 690 autem
3027 635 3266 702 clamavi,
3287 646 3343 692 et
3368 652 3471 693 non
3490 654 3576 694 me
3600 641 3739 694 eruit
3771 657 3787 705 ;

2213 729 2305 775 aut
2325 737 2424 792 ego
2451 739 2554 778 non
2585 725 2906 794 snmjttstus,
2932 737 3138 783 autnon
3167 728 3300 785 iacio
3327 747 3446 801 quae
3477 732 3604 786 mihi
3619 733 3795 802 jubet,

2213 820 2304 865 aut
2326 812 2460 868 forte
2489 829 2574 870 me
2600 817 2689 871 ille
2741 833 2846 874 non
2879 820 3038 878 videt.
3088 819 3206 876 Noli
3235 823 3444 889 timere,
3485 832 3687 879 tantum
3711 824 3796 880 fac

2213 905 2358 975 quod
2381 907 2568 976 jubet;
2595 919 2649 964 et
2677 910 2786 966 site
2811 927 2914 967 non
2937 914 3459 984 eruiteorporaliter,
3485 924 3637 970 eruet
3679 916 3790 986 spi-

2215 998 2494 1055 ritualiter.
2524 999 2616 1056 Ille
2649 1003 2790 1056 enim
2813 1004 2902 1073 qui
2935 1004 3054 1059 tulit
3079 1004 3146 1060 de
3185 1005 3397 1060 ﬂamma
3423 1014 3532 1060 tres
3561 1015 3781 1076 pueros,

2212 1091 2467 1162 numquid
2501 1093 2618 1147 tulit
2649 1093 2716 1148 de
2766 1093 2978 1149 ﬂamma
3022 1095 3598 1152 Machabteos?Nonne
3628 1095 3706 1151 illi
3735 1096 3791 1151 in

2213 1182 2421 1254 ignibus
2472 1184 2878 1256 hymnizabant,
2934 1186 3006 1242 illi
3069 1188 3120 1241 in
3170 1187 3380 1257 ignibus
3446 1181 3796 1258 exspiraba’nt

2212 1275 2233 1345 (
2262 1275 2303 1330 11
2332 1275 2596 1340 Mactata,
2623 1275 2700 1347 3)
2727 1276 2753 1330 ἵ
2777 1277 2918 1332 Deus
2940 1278 3100 1332 trium
3133 1293 3435 1348 puerorum,
3466 1292 3644 1334 nonne
3671 1277 3790 1346 ipse

2211 1375 2294 1422 est
2315 1375 2369 1421 et
2387 1365 2806 1423 Machabaaorum
2830 1369 2859 1421 ?~
2879 1368 3006 1423 Illos
3043 1369 3203 1436 eruit,
3233 1379 3289 1425 et
3326 1369 3444 1424 illos
3471 1383 3576 1424 non
3597 1368 3738 1423 eruit
3769 1383 3788 1433 ;

2212 1457 2320 1512 imo
2341 1466 2593 1528 utrosque
2617 1459 2786 1514 eruit:
2818 1459 2909 1514 sed
2953 1469 3060 1515 tres
3108 1474 3300 1529 pueros
3337 1459 3416 1514 sic
3459 1460 3621 1526 eruit,
3645 1467 3705 1513 ut
3730 1468 3792 1514 et

2212 1549 2452 1618 carnales
2495 1547 3352 1615 confunderentur;Machab:eos
3423 1557 3604 1604 autem
3662 1546 3790 1602 ideo

2212 1657 2317 1697 non
2339 1643 2417 1697 sic
2443 1641 2601 1706 eruit,
2647 1650 2704 1695 ut
2754 1641 2828 1697 illi
2881 1642 2971 1712 qui
3004 1641 3460 1712 persequebantur
3489 1639 3542 1694 in
3599 1653 3792 1709 pinnas

2211 1734 2440 1804 majores
2463 1734 2619 1802 irent,
2643 1748 2763 1788 cum
2808 1733 3074 1804 putabant
3103 1748 3164 1788 se
3212 1731 3543 1802 oppressisse
3589 1738 3795 1800 marty-

2210 1840 2298 1879 res
2323 1825 2438 1879 Dei.
2469 1824 2622 1878 Eruit
2667 1824 2904 1890 Petrum,
2934 1822 3146 1894 quando
3164 1821 3320 1878 venit
3337 1822 3404 1876 ad
3433 1821 3581 1876 illum
3623 1835 3792 1889 ange-

2211 1915 2312 1980 lus,
2339 1929 2458 1969 cum
2486 1922 2629 1969 esset
2653 1914 2706 1968 in
2725 1914 2970 1980 vinculis,
2992 1923 3046 1968 et
3071 1914 3146 1967 ait
3167 1913 3262 1978 illi,
3291 1911 3479 1983 Surge,
3509 1919 3554 1964 et
3579 1911 3662 1965 exi
3685 1925 3706 1964 :
3733 1917 3795 1964 et

2209 2006 2386 2059 subito
2414 2005 2584 2058 soluta
2608 2014 2733 2058 sunt
2752 2003 2979 2070 vincula,
3007 2011 3062 2058 et
3081 2011 3296 2059 secutus
3320 2011 3404 2057 est
3429 2001 3694 2072 angelum,
3727 2009 3788 2057 et

2209 2097 2348 2152 eruit
2376 2096 2521 2150 illum
2553 2095 2573 2170 (
2603 2097 2712 2150 Act.
2744 2112 2838 2162 xu,
2864 2095 2963 2168 7).
2991 2095 3486 2167 Numquidl’etrus
3536 2093 3792 2166 perdide-

2209 2200 2291 2244 rat
2311 2189 2590 2260 justitiam,
2620 2189 2831 2260 quando
2857 2203 2962 2244 non
3009 2189 3156 2243 illum
3183 2189 3320 2244 eruit
3347 2187 3414 2242 de
3438 2186 3644 2243 cruce?
3669 2185 3791 2241 Non

2207 2283 2344 2337 eruit
2370 2291 2492 2337 tunc
2512 2282 2536 2334 ?
2559 2283 2627 2336 Et
2651 2282 2792 2337 eruit
2816 2292 2958 2336 tunc.
2993 2283 3074 2336 An
3104 2281 3223 2337 ideo
3253 2281 3346 2334 diu
3368 2279 3521 2346 vixit,
3552 2287 3612 2334 ut
3637 2278 3788 2349 inju-

2209 2385 2321 2430 stus
2348 2376 2540 2430 ﬂeret?
2563 2374 2725 2430 Forte
2768 2375 2886 2445 plus
2920 2389 3040 2430 eum
3087 2372 3359 2428 exaudivit
3400 2382 3586 2442 postea
3624 2385 3793 2440 quam

2209 2465 2374 2535 prius,
2405 2465 2616 2535 quando
2637 2466 2783 2519 illum
2813 2479 2941 2519 vere
2969 2464 3034 2519 de
3063 2464 3310 2519 omnibus
3337 2464 3602 2534 pressaris
3624 2463 3790 2519 erait.

2207 2555 2338 2609 Nam
2364 2555 2579 2624 quando
2601 2555 3000 2625 primumillum
3044 2555 3204 2620 eruit,
3232 2564 3424 2624 quanta
3446 2554 3536 2609 ille
3567 2554 3792 2624 pertulit

2207 2655 2388 2716 postea
2419 2647 2432 2700 !
2465 2646 2593 2702 Illuc
2636 2646 2776 2702 enim
2812 2647 2953 2701 misit
2969 2655 3173 2718 postea,
3225 2645 3316 2702 ubi
3362 2644 3492 2700 nihil
3531 2644 3791 2716 malipati

2206 2738 2484 2808 potuisset.

2276 2829 2365 2884 25.
2399 2827 2566 2901 [vers.
2595 2829 2682 2896 19,
2704 2828 2794 2883 ΞΟ.
2832 2827 2844 2901 ι
2869 2827 3031 2882 Juxta
3051 2827 3394 2886 estDominus
3423 2827 3501 2881 Itis
3528 2825 3613 2897 qui
3630 2825 3796 2880 obtri-

2204 2933 2380 2978 verunt
2405 2939 2512 2988 cor,
2539 2932 2585 2976 et
2612 2923 2824 2976 humiles
2847 2922 3028 2991 spiritu
3081 2921 3245 2976 salvos
3294 2919 3465 2990 faciet.
3521 2919 3675 2974 Altus
3697 2929 3792 2975 est

2209 3015 2368 3079 Deus,
2401 3015 2614 3068 humilis
2642 3014 2712 3069 sit
2752 3013 3092 3068 christianos.
3130 3013 3187 3068 Si
3215 3013 3328 3068 vult
3369 3020 3430 3067 ut
3473 3012 3612 3067 altus
3639 3012 3788 3067 Deus

2203 3107 2463 3161 vicinetur
2482 3105 2576 3170 illi,
2605 3105 2692 3159 ille
2714 3105 2927 3159 humilis
2945 3105 3034 3159 sit.
3062 3103 3244 3174 Magna
3271 3102 3548 3174 mysteria,
3567 3101 3788 3157 fratres.

2204 3198 2346 3253 Deus
2370 3213 2531 3268 super
2558 3197 2732 3252 omnia
2761 3205 2844 3252 est
2875 3215 2890 3251 :
2921 3197 3079 3266 erigis
3106 3204 3176 3260 te,
3195 3205 3250 3251 et
3281 3195 3546 3250 nonillum
3565 3194 3736 3264 tangis
3767 3212 3788 3251 :
3852 3204 3861 3211 ’

2204 3289 2450 3345 humilius
2479 3299 2548 3356 te,
2579 3300 2632 3344 et
2650 3288 2761 3358 ipse
2785 3287 2849 3342 ad
2877 3298 2929 3344 te
2975 3287 3265 3344 descendit.
3299 3287 3477 3342 Mulae
3501 3286 3792 3340 tribulatio-

2204 3399 2291 3437 nes
2324 3383 2602 3453 justorum.
2650 3379 2914 3449 Numquid
2963 3379 3092 3434 dicit
3124 3378 3289 3434 :ldeo
3340 3378 3448 3432 sint
3494 3374 3790 3432 Christiani

2193 3473 2348 3544 justi,
2377 3472 2498 3528 ideo
2521 3471 2736 3526 audiant
2762 3471 2984 3526 verbum
3023 3485 3220 3535 meum,
3243 3477 3305 3522 ut
3324 3467 3459 3522 nihil
3488 3467 3793 3522 tribulatio.

2203 3569 2286 3621 nis
2316 3565 2582 3637 patiantur
2608 3565 2632 3617 ‘l
2669 3563 2782 3618 Non
2811 3562 2912 3617 hoc
2939 3561 3196 3630 promittit
3225 3576 3240 3626 ;
3278 3559 3372 3615 sed
3393 3558 3521 3614 dicit
3553 3576 3564 3612 :
3602 3557 3789 3612 Multa

2201 3656 2546 3711 tribulationes
2591 3655 2868 3725 justorum.
2898 3651 3062 3722 Magis
3087 3651 3131 3725 si
3159 3650 3338 3719 injusti
3384 3656 3527 3713 sunt,
3557 3649 3787 3719 paucio-

2198 3765 2286 3804 res
2308 3749 2504 3803 habent
2529 3745 2896 3802 tribulationes
2918 3759 2934 3809 ;
2963 3743 3008 3797 si
3023 3742 3152 3812 justi
3173 3749 3319 3808 sunt,
3341 3740 3536 3795 multas
3553 3738 3784 3794 habent.

2197 3840 2301 3898 Sed
2329 3849 2448 3909 post
2476 3853 2672 3908 paucas
2695 3835 3061 3891 tribulationes
3107 3843 3200 3888 aut
3237 3832 3428 3898 nullas,
3461 3831 3534 3886 illi
3561 3831 3788 3887 venient

2198 3930 2264 3985 ad
2290 3929 2682 3985 tribulationem
2702 3926 3104 3996 sempiternam,
3131 3923 3270 3978 unde
3291 3937 3556 3993 nunquam
3575 3937 3745 3977 eruan
3759 3956 3785 3964 -

2203 4034 2321 4077 tur:
2348 4021 2474 4092 justi
2503 4028 2679 4074 autem
2701 4027 2820 4089 post
2846 4017 3040 4072 multas
3089 4014 3456 4070 tribulationes
3473 4014 3692 4069 venient
3710 4013 3783 4069 ad

2199 4128 2384 4184 pacem
2407 4112 2806 4182 sempiternam,
2854 4107 2945 4162 ubi
2991 4119 3259 4176 nunquam
3303 4103 3498 4174 aliquid
3527 4103 3652 4157 mali
3686 4119 3786 4172 pa-

2169 4204 2416 4258 fticntur.
2451 4201 2631 4256 Multa:
2686 4197 3032 4253 tribulationes
3065 4196 3324 4267 justorum
3346 4210 3364 4248 :
3389 4203 3436 4248 et
3459 4192 3522 4247 de
3545 4193 3782 4250 omnibus

2197 4295 2274 4349 his
2294 4302 2428 4350 eruet
2452 4309 2534 4347 eos
2558 4291 2819 4346 Dominus.

2265 4388 2354 4444 24.
2381 4386 2403 4460 [
2429 4403 2557 4442 vers.
2575 4386 2665 4440 21.
2697 4382 2718 4456 ]
2742 4381 2966 4438 Custodit
2994 4381 3242 4436 Dominus
3264 4379 3430 4433 omnia
3445 4394 3559 4433 ossa
3579 4394 3778 4446 eorum,

2195 4495 2349 4536 unum
2373 4495 2435 4534 ea:
2464 4479 2542 4532 liis
2581 4493 2680 4531 non
2701 4483 2985 4529 conteretur
3018 4471 3114 4542 (α).
3141 4472 3208 4526 Et
3234 4470 3352 4534 hoc,
3403 4468 3617 4533 fratres,
3666 4485 3780 4524 non

2193 4571 2513 4641 accipiamus
2534 4566 2837 4622 carnaliter.
2865 4563 2995 4620 Ossa
3017 4572 3140 4619 sunt
3164 4562 3491 4617 ﬁrmamenta
3517 4557 3777 4614 ﬁdelium.

2191 4660 2472 4730 Quomodo
2491 4659 2632 4714 enim
2677 4658 2730 4712 in
2765 4671 2927 4711 carne
2975 4664 3156 4710 nostra
3191 4668 3312 4708 ossa
3355 4651 3554 4707 iaciunt
3593 4650 3779 4705 ﬁrma.

2194 4761 2458 4814 mentum,
2482 4749 2561 4805 sic
2590 4747 2645 4802 in
2667 4747 2828 4802 corde
2853 4746 3143 4801 christiano
3170 4743 3302 4800 ﬁdes
3317 4743 3444 4799 facit
3463 4741 3778 4798 ﬁrmamen-

2194 4853 2324 4898 tum.
2359 4840 2615 4896 Patientia
2647 4853 2773 4910 crgo
2801 4852 2920 4908 qua:
2945 4844 3027 4890 est
3069 4836 3121 4890 in
3150 4834 3267 4900 lide,
3298 4849 3421 4889 ossa
3462 4841 3588 4888 sunt
3631 4833 3780 4889 inte-

2191 4935 2322 4989 rius.
2355 4933 2472 5004 Ipsa
2499 4939 2626 4986 sunt
2654 4945 2772 5000 quae
2799 4929 2969 5000 frangi
3004 4943 3108 4983 non
3144 4934 3384 4996 possunt.
3415 4923 3644 4980 Custodit
3664 4923 3781 4981 Do-

2192 5027 2356 5080 minus
2385 5024 2554 5078 omnia
2580 5039 2693 5078 ossa
2721 5037 2916 5088 eorum,
2944 5035 3100 5074 unum
3121 5035 3184 5072 ea:
3230 5017 3306 5071 Itis
3336 5032 3438 5070 non
3470 5024 3777 5071 conteretur.

2189 5118 2246 5174 Si
2270 5117 2336 5171 de
2359 5115 2585 5170 Domino
2613 5115 2723 5169 Deo
2743 5121 2926 5168 nostro
2942 5110 3067 5166 Jesu
3113 5108 3328 5163 Christo
3368 5106 3598 5162 dixisset
3647 5105 3779 5175 hoc,

2190 5207 2432 5264 Custodit
2458 5205 2716 5262 Dominus
2741 5204 2918 5260 omnia
2965 5216 3085 5258 ossa
3112 5200 3234 5255 Filii
3262 5203 3365 5266 sui,
3410 5214 3578 5254 unum
3601 5213 3669 5255 ex
3691 5197 3784 5256 his

2189 5315 2297 5356 non
2313 5306 2618 5355 conteretur
2647 5315 2660 5351 :
2690 5296 2826 5350 sicut
2853 5295 3012 5350 etiam
3038 5292 3143 5348 alio
3165 5292 3283 5346 loco
3309 5289 3676 5361 prastiguratur
3707 5289 3784 5348 de

2190 5395 2302 5462 illo,
2334 5391 2546 5466 quando
2571 5405 2736 5462 agnus
2762 5389 2933 5444 dictus
2957 5396 3041 5443 est
3095 5383 3405 5441 mactandas
3426 5385 3466 5448 ί,
3495 5391 3549 5438 et
3571 5381 3784 5440 dictum

2190 5495 2271 5542 est
2284 5485 2472 5552 deillo,
2500 5482 2569 5538 0s
2595 5485 2704 5554 ejus
2736 5481 2838 5536 noli
2859 5481 3095 5552 frangere
3115 5475 3312 5548 (Exod.
3332 5473 3565 5545 stulti):
3595 5472 3785 5544 imple-

2253 5639 2270 5670 ι
2296 5638 2368 5687 sic
2391 5636 2556 5700 plures
2577 5642 2684 5685 Mss.
2713 5642 2767 5684 Αι
2787 5635 2921 5699 add,
2948 5632 3173 5699 quoniam
3195 5641 3346 5695 agnus
3369 5627 3544 5678 ductus
3574 5615 3785 5677 estvita.

2187 5700 2482 5873 εωξιῖῒδρω
2507 5768 2634 5812 vers.
2662 5758 2715 5811 2|
2744 5766 2974 5810 tractatur
2999 5761 3046 5810 iu
3067 5768 3216 5809 serm.
3238 5755 3260 5805 1
3283 5763 3431 5816 super
3454 5749 3572 5802 Psal.
3600 5761 3782 5809 nam

2189 5839 2240 5873 u.
2332 5861 2343 5873 .

2189 5826 2289 5876 u.i
