4032 6470
209 408 298 465 Sil
1325 403 1720 466 ENARRATIO
1759 407 1825 465 IN
1864 409 2184 468 PSALMUM
2225 404 2468 470 XXXIV.

219 533 322 576 tum
354 529 441 576 est
471 520 527 576 iu
559 517 830 587 Domino;
862 521 981 590 quia
1006 533 1128 575 cum
1155 517 1407 590 penderet
1430 521 1481 574 in
1509 535 1686 584 cruce,
1718 536 1812 576 ex-

220 617 431 687 spiiavit
465 627 763 685 antequam
791 615 1030 670 venirent
1059 612 1130 667 illi
1154 612 1220 668 ad
1249 627 1481 678 crucem,
1512 622 1564 667 et
1596 614 1810 669 invene-

227 717 339 764 runt
356 710 464 778 jam
486 722 691 776 corpus
708 705 969 772 exanime,
992 715 1042 760 et
1060 707 1339 760 noluerunt
1359 721 1514 760 crura
1537 707 1650 776 ejus
1668 706 1810 760 frun-

233 817 365 871 gere,
388 810 444 854 ut
466 799 787 869 impleretur
803 798 939 868 quod
953 799 1204 868 scriptum
1236 807 1316 852 est
1343 796 1522 866 (Joan.
1551 815 1660 863 nx,
1685 798 1797 869 55).

231 894 324 948 Sed
350 892 599 962 promisit
637 890 766 946 illud
819 900 874 946 et
924 891 1132 944 caeteris
1176 888 1528 943 Christianis:
1561 888 1808 944 Dominus

235 984 445 1038 custodit
461 982 640 1036 omnia
664 998 778 1036 ossa
798 993 988 1047 eorum,
1015 995 1172 1034 unum
1197 995 1258 1034 ea:
1277 977 1354 1033 his
1374 997 1473 1034 non
1501 989 1802 1034 conteretur.

229 1075 362 1144 Ergo
402 1074 618 1139 fratres,
647 1073 692 1127 si
729 1071 1016 1126 viderimus
1057 1071 1284 1138 aliquem
1327 1080 1566 1126 sanetum
1591 1069 1809 1126 tribula-

233 1168 400 1221 tiones
438 1165 572 1235 pati,
602 1172 657 1219 et
682 1163 817 1218 forte
843 1163 927 1217 vel
976 1177 1006 1216 a
1055 1161 1261 1217 medico
1287 1161 1364 1216 sic
1391 1160 1577 1225 secari,
1604 1162 1687 1216 vel
1740 1161 1808 1217 ab

226 1256 397 1326 aliquo
422 1260 770 1326 persecutore
790 1253 866 1308 sic
886 1251 1039 1318 c-rd‘i,
1081 1261 1139 1306 ut
1167 1251 1280 1322 ejus
1309 1266 1431 1306 ossa
1458 1251 1765 1322 frangantur
1786 1267 1804 1317 ;

225 1356 326 1402 non
347 1345 616 1408 dicamus,
642 1343 759 1399 Non
791 1343 1092 1413 eratjnstus
1136 1343 1255 1408 iste,
1284 1357 1404 1396 nam
1434 1342 1689 1397 Dominus
1706 1342 1808 1398 hoc

226 1437 469 1510 promisit
488 1435 648 1506 justis
665 1436 792 1500 suis,
823 1435 889 1489 de
912 1435 1104 1502 quibus
1159 1434 1254 1498 ait,
1304 1432 1531 1486 custodit
1562 1432 1806 1488 Dominus

225 1523 388 1578 omnia
410 1538 530 1576 ossa
570 1534 746 1574 eortina
771 1558 787 1584 ,
835 1534 990 1571 unum
1042 1533 1105 1572 ea:
1138 1517 1216 1571 Iris
1245 1533 1345 1570 non
1383 1525 1684 1570 conteretur.
1713 1516 1807 1572 Vis

226 1613 401 1668 videre
429 1611 556 1682 quia
574 1609 686 1664 “alia
711 1622 829 1664 ossa
855 1608 1007 1675 dixit,
1047 1623 1166 1678 qua:
1192 1607 1421 1662 diximus
1472 1607 1803 1663 ﬁrmamenta

226 1706 364 1769 ﬁdei,
405 1704 463 1759 id
514 1713 600 1759 est
639 1701 946 1773 patientiam
989 1709 1042 1755 et
1093 1699 1425 1754 tolerantiam
1459 1700 1510 1753 in
1555 1699 1802 1754 omnibus

226 1794 656 1850 tribulationibus
680 1792 705 1846 ?
743 1791 857 1862 ipsa
876 1791 1016 1846 enim
1045 1799 1167 1845 sunt
1193 1805 1316 1844 ossa
1359 1805 1477 1860 qua:
1526 1804 1630 1844 non
1659 1789 1804 1844 fran-

225 1897 439 1958 guntur.
481 1883 700 1947 Audite,
731 1892 784 1937 et
813 1881 865 1936 in
893 1881 1002 1951 ipsa
1034 1880 1280 1951 passione
1311 1880 1519 1933 Domini
1559 1879 1804 1948 inspicite

225 1977 360 2046 quod
382 1975 526 2031 dico.
559 1974 816 2029 Dominus
844 1981 964 2041 erat.
1017 1973 1068 2026 in
1095 1971 1270 2026 medio
1295 1971 1580 2025 crucifixus
1605 1987 1620 2037 ;
1648 1971 1801 2040 juxta

228 2071 367 2126 illum
384 2068 498 2123 duo
525 2068 762 2122 latrones
786 2075 939 2121 erant
967 2084 982 2120 :
1023 2079 1158 2119 unus
1212 2063 1497 2128 insultavit,
1527 2063 1664 2118 alter
1688 2077 1806 2118 cre-

226 2161 391 2226 didit;
446 2173 588 2214 unus
611 2158 891 2212 damnatus
911 2165 1010 2221 est,
1035 2154 1496 2225 alterjusti‘ﬁcatus
1512 2163 1595 2209 est
1619 2170 1634 2219 ;
1667 2169 1804 2209 unus

227 2250 404 2305 habuit
426 2264 639 2320 poenam
669 2263 817 2302 suam
843 2259 896 2303 et
925 2247 1008 2301 hic
1033 2256 1087 2301 et
1112 2247 1164 2300 in
1218 2246 1472 2312 luturum,
1515 2247 1667 2300 alteri
1709 2261 1805 2300 au-

229 2354 327 2401 tem
354 2344 492 2398 dixit
515 2343 789 2404 Dominus,
820 2341 976 2394 Amen
998 2340 1111 2393 dico
1154 2339 1241 2392 tibi
1270 2381 1285 2403 ,
1320 2338 1469 2392 hodie
1489 2354 1684 2392 mecum
1705 2339 1806 2394 eris

224 2436 274 2489 in
302 2434 580 2505 paradiso(
610 2432 735 2487 Luc.
760 2448 908 2494 xxut,
936 2432 1005 2486 43
1032 2432 1050 2502 )
1085 2448 1098 2485 :
1131 2440 1180 2485 et
1199 2441 1374 2484 tamen
1403 2429 1478 2484 illi
1525 2430 1612 2500 qui
1639 2445 1805 2484 vene-

226 2536 358 2593 rant,
389 2525 598 2580 Domiui
615 2539 736 2579 ossa
759 2539 861 2577 non
882 2523 1172 2593 fregerunt,
1201 2521 1465 2576 latronum
1490 2529 1666 2575 autem
1690 2520 1799 2575 fre-

226 2626 407 2689 gerunt
430 2617 451 2685 (
475 2614 635 2668 Joan.
664 2629 775 2676 χιιι,
796 2613 865 2667 52
889 2615 907 2683 )
943 2630 954 2664 :
985 2613 1062 2667 sic
1087 2610 1251 2666 fracta
1274 2619 1398 2666 sunt
1428 2611 1649 2665 latronis
1678 2627 1799 2665 ossa

227 2710 308 2779 qui
336 2706 744 2778 blasphemavit,
767 2705 1034 2776 quomodo
1060 2704 1281 2758 latronis
1308 2703 1654 2774 quicredidit.
1688 2703 1792 2759 Ubi

224 2811 302 2858 "est
327 2810 456 2872 ergo
479 2799 622 2872 quod
643 2799 840 2854 dictum
865 2807 965 2862 est,
1008 2797 1254 2851 Dominus
1282 2796 1498 2850 custodit
1525 2796 1694 2849 omnia
1717 2812 1803 2850 os-

226 2911 279 2948 sa
302 2909 495 2955 eorum,
529 2905 686 2944 unum
709 2907 772 2944 ea:
793 2891 869 2944 his
898 2906 998 2943 non
1024 2899 1306 2943 conteretur
1333 2888 1360 2941 Ρ
1387 2888 1521 2944 Ecce
1546 2887 1628 2941 cui
1647 2887 1800 2954 dixit,

227 2985 368 3039 hodie
414 3000 612 3038 mecum
640 2983 737 3036 eris
759 2983 810 3036 in
829 2982 1087 3054 paradiso,
1135 2996 1238 3035 non
1283 2980 1454 3049 potuit
1482 2979 1658 3033 omnia
1683 2994 1803 3034 ossa

226 3077 333 3146 ejus
359 3074 682 3130 custodire?
706 3073 1009 3144 Respondet
1033 3073 1125 3126 tibi
1156 3071 1412 3126 Dominus
1443 3087 1456 3124 :
1486 3070 1598 3124 lmo
1619 3078 1802 3124 custo-

224 3166 324 3220 divi
350 3184 366 3231 ;
397 3181 523 3221 nam
556 3165 942 3220 ﬁrmamentum
966 3163 1085 3217 ﬁdei
1109 3161 1272 3231 ipsius
1305 3159 1475 3230 frangi
1502 3174 1606 3215 non
1631 3160 1805 3231 potuit

224 3257 323 3312 illis
353 3258 546 3313 ictibus
571 3256 765 3327 quibus
783 3271 937 3310 crura
964 3264 1086 3309 sunt
1113 3254 1296 3308 fracta.

287 3350 378 3403 95.
421 3348 596 3422 [vers.
633 3347 724 3412 22,
918 3345 1058 3400 Mors
1100 3355 1417 3417 peccatorum
1444 3347 1678 3416 pessima.
1706 3349 1802 3402 Al-

225 3439 438 3506 tendite,
465 3438 675 3503 fratres,
706 3445 924 3508 propter
951 3437 968 3469 ί
1021 3436 1108 3490 illa
1163 3450 1279 3504 qum
1312 3435 1636 3490 dicebamus.
1670 3435 1806 3491 Vere

223 3536 441 3600 magnus
465 3530 742 3593 Dominus,
774 3536 828 3581 et
854 3526 1212 3581 misericordia
1231 3525 1360 3595 ejus,
1392 3540 1521 3579 vere
1544 3525 1566 3556 '
1593 3525 1680 3594 qui
1707 3539 1804 3579 uo-

225 3621 300 3675 bis
322 3622 468 3676 dedit
488 3620 809 3676 manducare
829 3635 1022 3688 corpus
1043 3633 1196 3684 suum
1212 3618 1261 3672 in
1285 3633 1390 3687 quo
1415 3625 1555 3672 tanta
1583 3633 1794 3687 perpes-

223 3726 310 3766 sus
334 3721 436 3779 est,
461 3721 516 3767 et
545 3711 854 3783 sanguinem
885 3710 1086 3765 bibere.
1115 3708 1392 3776 Quomodo
1443 3708 1657 3777 rcSpicit
1687 3724 1801 3763 ma-

225 3803 269 3857 la
294 3805 611 3873 cogitantes,
668 3811 721 3856 et
768 3801 1029 3861 dicentes,
1064 3800 1154 3854 llle
1193 3799 1334 3853 male
1371 3809 1609 3852 mortuus
1633 3807 1738 3864 est,
1771 3814 1802 3853 a

223 3893 401 3949 bestiis
453 3902 801 3963 consumptus
853 3901 973 3946 est:
1006 3907 1109 3944 non
1156 3899 1271 3944 erat
1325 3889 1413 3944 ille
1455 3888 1652 3958 justus,
1683 3889 1803 3944 ideo

224 3985 356 4040 male
386 3985 578 4054 periit;
628 3999 750 4038 nam
800 3999 904 4036 non
957 3981 1159 4050 periret
1188 3979 1262 4052 (α)
1289 3979 1311 4033 ?
1343 3981 1483 4049 Ergo
1513 3979 1602 4035 ille
1624 3979 1801 4050 justus

221 4084 318 4136 est.
337 4075 428 4144 qui
465 4075 516 4128 in
541 4073 701 4127 domo
730 4089 822 4126 sua
853 4081 906 4126 et
926 4088 974 4125 ιιι
998 4071 1136 4124 lecto
1156 4085 1253 4124 suo
1280 4070 1504 4124 moritur
1531 4069 1553 4124 ?
1581 4068 1693 4124 Hoc
1722 4079 1804 4124 est

220 4182 367 4238 ergo,
398 4167 594 4238 inquis,
627 4165 768 4236 quod
791 4165 977 4229 miror,
1008 4163 1128 4233 quia
1159 4162 1279 4217 novi
1311 4170 1522 4230 peccata
1549 4169 1604 4215 et
1624 4161 1801 4215 scele-

222 4273 274 4312 ra
304 4259 490 4329 ipsius,
542 4266 598 4312 et
640 4256 776 4311 bene
805 4263 1045 4308 mortuus
1074 4261 1176 4318 est,
1208 4253 1259 4306 in
1311 4252 1472 4306 domo
1497 4267 1612 4316 sua,
1663 4252 1800 4306 intra

224 4349 399 4403 limina
426 4363 543 4414 sua,
574 4347 721 4402 nulla
750 4343 1188 4416 peregrinationis
1239 4341 1426 4410 injuria
1459 4341 1503 4407 ³,
1551 4341 1693 4394 nulla
1723 4341 1803 4395 vel

204 4441 274 4494 in
320 4447 525 4493 matura
574 4446 750 4492 :etatc.
795 4435 966 4490 Audi:
1012 4433 1152 4487 Mors
1201 4443 1515 4501 peccatorum
1567 4432 1799 4500 pessima.

227 4535 352 4602 Qua:
374 4535 466 4588 tibi
488 4533 698 4588 videtur
726 4532 866 4587 bona
913 4544 1076 4593 mors,
1112 4529 1339 4598 pessima
1363 4535 1462 4589 est,
1498 4526 1539 4579 si
1569 4528 1711 4580 intus
1738 4526 1806 4580 ιί-

225 4626 367 4681 deas.
402 4625 564 4679 Vides
594 4624 722 4678 foris
760 4623 1023 4692 jarontem
1056 4622 1105 4674 in
1160 4621 1316 4682 lecto,
1365 4618 1617 4686 nutuquid
1659 4617 1805 4671 vides

227 4718 367 4772 intus
385 4727 595 4786 raptum
633 4715 698 4769 ad
737 4713 1082 4785 gehennam?
1134 4711 1347 4773 Audite,
1393 4709 1602 4771 fratres,
1661 4717 1712 4762 et
1739 4724 1804 4762 ex

229 4810 516 4878 Evangelia
555 4808 818 4878 inspicite.
849 4806 971 4876 quid
1014 4806 1083 4859 sit
1109 4819 1250 4857 mors
1275 4812 1609 4872 peccatorum
1635 4805 1805 4871 pessi-

226 4919 329 4956 ma.
373 4899 642 4971 Numquid
672 4915 776 4953 nnn
817 4898 922 4952 duo
969 4905 1120 4952 erant
1149 4895 1201 4948 iu
1251 4894 1352 4947 isto
1407 4892 1621 4955 saeculo,
1655 4892 1805 4946 dives

226 4997 310 5062 qui
343 4994 659 5048 induebatur
683 5005 914 5061 purpura
966 4998 1020 5043 et
1051 4987 1229 5059 bysso,
1251 4994 1304 5040 et
1332 4983 1644 5054 epulabatur
1668 4999 1803 5054 quo-

225 5088 353 5142 tidie
380 5083 658 5155 Spiemlide
691 5099 706 5148 ;
751 5083 882 5137 alter
908 5094 1110 5152 pauper
1153 5077 1239 5148 qui
1265 5076 1476 5146 jacebat
1497 5075 1562 5129 ad
1587 5075 1804 5143 januam

223 5179 340 5248 ejus
387 5179 686 5239 ulcerosus,
718 5183 770 5228 et
799 5188 958 5227 canes
989 5168 1272 5226 veniebant
1298 5175 1353 5221 et
1389 5166 1695 5234 linguebant
1721 5166 1804 5219 ul~

219 5287 346 5326 cera
371 5272 506 5342 ejus,
537 5278 591 5322 et
638 5265 976 5322 desiderabat
1025 5261 1253 5318 saturari
1285 5259 1352 5316 de
1382 5259 1535 5314 micis
1576 5273 1694 5328 quae
1720 5274 1808 5312 ea-

221 5363 423 5418 debant
450 5363 518 5417 de
547 5374 731 5415 mensa
749 5356 971 5413 divitis?
998 5354 1227 5425 Contigit
1243 5361 1416 5406 autem
1439 5351 1575 5405 mori
1593 5350 1803 5420 inopem

221 5455 370 5512 illum
401 5455 598 5526 (justus
623 5460 743 5507 erat
766 5449 854 5505 ille
874 5444 1071 5518 inops),
1097 5454 1149 5501 et
1173 5443 1369 5500 aliferri
1417 5443 1485 5498 ab
1511 5441 1726 5513 Angelis
1754 5440 1805 5494 in

284 5576 303 5605 ι
340 5579 388 5621 tn
411 5567 634 5633 plurimis
655 5571 779 5633 Mss,
799 5564 1140 5633 nonpropter._
1225 5632 1228 5633 ν
1427 5632 1431 5633 ί
1458 5617 1472 5633 Β
1504 5615 1629 5633 ΜΗ*
1661 5615 1769 5633 ΔΑ,

285 5636 310 5666 ⁸
340 5615 634 5687 sini-etv”
659 5632 706 5676 et
742 5615 1075 5687 misericordia
1093 5619 1198 5687 ejus
1219 5632 1352 5686 vera,
1387 5617 1472 5687 qui
1501 5615 1631 5667 nobis
1653 5615 1807 5666 dedit.

222 5705 344 5750 Reg.
365 5680 417 5744 ρι
439 5680 585 5742 vatic.
613 5680 737 5746 uss.
761 5698 866 5750 ver?
884 5684 1050 5750 quibus
1069 5680 1228 5750 ίὲέέίίτο.
1287 5741 1306 5750 -
1333 5680 1361 5750 Ῐν
1395 5680 1404 5750 ξ

343 5738 639 5812 Ρῌξιξξῆιιιια
657 5738 1053 5813 peregrinationis
1077 5740 1257 5806 injuria
1278 5740 1365 5804 fuit
1387 5739 1480 5802 illi,
1517 5738 1668 5800 nulla,
1709 5745 1804 5788 etc.

223 5821 370 5868 Abest
390 5816 478 5879 fuit
496 5813 570 5882 illi
585 5825 614 5863 a
636 5818 743 5882 uss.
789 5877 800 5882 Α
986 5876 996 5882 _
1147 5832 1156 5838 ν
1391 5817 1394 5820 .

289 5884 362 5945 (α)
383 5876 612 5938 Subaud,
641 5876 684 5923 si
702 5876 857 5934 justus
879 5876 1015 5922 esset.

3394 414 3500 477 δὶα

1917 523 2092 577 sinum
2123 524 2367 580 Abrahae.
2397 528 2499 594 Qui
2547 523 2750 582 viderat
2790 542 2982 597 corpus
3039 525 3176 589 illius
3227 533 3405 605 jacere
3428 535 3499 592 ad
3561 521 3580 541 ”

1924 614 2084 668 limen
2114 615 2312 683 divitis,
2345 626 2399 672 et
2425 633 2528 672 non
2551 633 2669 674 esse
2696 621 2783 690 qui
2825 623 3093 690 sepeliret,
3126 636 3317 695 quanta
3358 627 3494 685 forte

1918 702 2121 760 diceret
2147 705 2170 757 ?
2217 707 2308 762 Sic
2338 709 2591 763 moriatur
2612 709 2699 764 ille
2723 711 2965 765 inimicus
2995 725 3162 777 meus,
3193 725 3246 769 et
3267 718 3357 772 ille
3389 718 3482 786 qui

1916 813 2000 852 me
2024 799 2356 869 persequitur
2379 841 2394 865 ,
2416 801 2492 855 sic
2527 800 2674 856 illum
2722 803 2952 856 videam.
2986 804 3305 860 Exseerattir
3322 809 3338 840 ⁸
3363 823 3488 862 cor-

1917 891 2214 958 pussputo,
2243 897 2432 960 putent
2473 893 2726 959 vulnera;
2757 903 2808 949 et
2849 895 2939 948 ille
2991 897 3042 949 in
3091 897 3208 951 sinu
3261 899 3494 954 Abraham

1914 982 2219 1050 requiescit.
2265 981 2321 1037 Si
2367 982 2641 1038 christiani
2691 995 2895 1052 sumus,
2941 986 3264 1043 credamus:
3296 990 3340 1043 si
3386 1006 3494 1046 non

1915 1071 2200 1138 credimus,
2232 1071 2440 1137 fratres,
2471 1090 2626 1130 nemo
2646 1091 2704 1131 se
2734 1078 2894 1147 lingat
2937 1077 3303 1136 christianum.
3333 1081 3495 1138 Fides

1914 1175 2011 1215 nos
2031 1161 2288 1232 perducit.
2323 1164 2603 1232 Quomodo
2628 1166 2713 1221 illa
2753 1166 2885 1223 dixit
2916 1169 3189 1239 Dominus;
3231 1173 3307 1228 sic
3347 1184 3492 1230 sunt.

1913 1256 1995 1306 An
2015 1267 2140 1307 vero
2155 1253 2281 1308 dicit
2306 1255 2398 1308 tibi
2451 1254 2877 1325 mathematicus,
2901 1269 2956 1315 et
2980 1266 3164 1316 verum
3208 1273 3291 1318 εει
3317 1280 3332 1330 ;
3363 1264 3495 1320 dicit

1912 1342 2175 1409 Christus,
2203 1355 2258 1400 et
2283 1346 2471 1402 falsum
2497 1358 2580 1403 est
2604 1349 2627 1402 ?
2655 1350 2808 1417 Quali
2837 1361 3014 1408 autem
3042 1365 3216 1411 morte
3249 1367 3493 1414 mortuus

1913 1443 1996 1491 est
2024 1436 2112 1492 ille
2136 1436 2327 1492 dives?
2353 1439 2535 1506 Qualis
2564 1457 2709 1497 mors
2733 1457 2852 1498 esse
2877 1448 3045 1514 patuit
3089 1447 3142 1502 in
3178 1463 3410 1520 purpura
3439 1458 3495 1506 et

1913 1523 2090 1611 bysso,
2113 1537 2268 1596 quam
2295 1539 2624 1597 sumptuosa,
2666 1545 2822 1602 quam
2853 1543 3105 1605 pompOsa
3135 1537 3298 1609 ?quae
3323 1555 3486 1595 exse-

1912 1619 2051 1688 quia:
2082 1619 2286 1674 funeris
2307 1620 2376 1677 ibi
2393 1633 2544 1676 erant
2569 1623 2823 1694 ?quantis
2850 1628 3174 1685 at‘omatibus
3223 1631 3492 1702 sepultum

1913 1718 1994 1762 est
2019 1707 2145 1762 illud
2174 1711 2445 1766 cadaver?
2475 1713 2537 1767 Et
2563 1722 2738 1769 tamen
2766 1727 2886 1771 cum
2912 1717 3052 1790 apud
3084 1719 3280 1775 inferos
3301 1722 3354 1776 in
3374 1731 3488 1778 tor-

1912 1800 2108 1855 mentis
2132 1810 2292 1879 esset,
2317 1801 2638 1860 desideravit
2663 1822 2727 1861 ex
2758 1808 2898 1864 illius
2912 1811 3202 1882 contempti
3235 1815 3484 1884 pauperis

1913 1889 2076 1960 digito
2103 1891 2344 1947 instillari
2369 1909 2520 1963 aqua:
2549 1905 2749 1966 guttam
2780 1898 2988 1955 ardenti
3019 1901 3210 1971 lingua:
3235 1919 3366 1971 sure,
3393 1917 3493 1960 ue-

1913 1981 2017 2051 qt'te
2068 1983 2366 2052 impetravit
2388 1982 2538 2052 (Luc.
2572 2003 2680 2048 xw.
2715 1988 2938 2059 lii-23).
2973 1991 3169 2046 Discite
3199 1999 3326 2064 ergo
3354 1993 3483 2064 quid

1913 2073 2002 2136 sit,
2036 2064 2176 2130 Mors
2197 2086 2514 2146 peccatorum
2563 2079 2778 2147 pessima
2803 2121 2817 2144 ,
2851 2084 2904 2135 et
2945 2082 3107 2138 nolite
3161 2083 3489 2154 interrogare

1914 2172 2110 2220 stratos
2142 2167 2388 2236 pretiosis
2438 2169 2676 2224 vestibus
2725 2169 2911 2234 lectos,
2945 2180 2998 2227 et
3046 2189 3260 2228 carnem
3311 2175 3497 2230 multis

1914 2252 2117 2309 divitiis
2145 2256 2472 2323 obvolutum,
2506 2259 2897 2316 lamentationis
2947 2277 3190 2333 pompam
3235 2265 3497 2320 exhiben-

1915 2353 1995 2400 tes
2025 2387 2040 2410 ,
2093 2346 2430 2417 plangentem
2486 2347 2741 2404 familiam
2771 2391 2784 2416 ,
2837 2352 3042 2408 turbam
3089 2354 3496 2424 obsequentium

1913 2437 2306 2506 prmcedentem
2349 2455 2412 2495 ac
2461 2449 2793 2510 sequentem,
2845 2457 2964 2497 cum
3017 2456 3210 2513 corpus
3253 2445 3494 2513 cll'ertur,

1913 2537 2262 2585 marmoratas
2288 2541 2602 2602 auratasque
2625 2533 2930 2588 memorias.
2956 2534 3085 2588 Nam
3113 2536 3156 2590 si
3189 2535 3305 2591 lucc
3334 2536 3500 2592 inter-

1911 2619 2130 2689 rogatis,
2149 2621 2471 2690 respondent
2492 2622 2640 2676 vobis
2668 2622 2878 2689 falsum,
2899 2624 3037 2693 quod
3067 2625 3353 2680 multorum
3385 2642 3492 2682 non

1912 2705 2100 2766 leviter
2120 2721 2482 2781 peccatorum,
2519 2712 2614 2767 sed
2659 2715 2874 2768 omnino
2921 2716 3297 2770 sceleratorum
3351 2732 3498 2772 mors

1912 2802 2111 2872 Optima
2139 2812 2241 2870 est,
2267 2805 2354 2874 qui
2390 2806 2466 2858 sic
2505 2804 2703 2874 plangi,
2733 2805 2810 2860 sic
2862 2805 3084 2873 condiri,
3131 2808 3208 2862 sic
3247 2809 3481 2878 contegi,

1913 2895 1989 2949 sic
2009 2895 2182 2950 cll'et'ri
2209 2937 2224 2962 ,
2253 2895 2331 2950 sic
2369 2895 2582 2966 sepeliri
2638 2909 2970 2951 meruerunt.
3018 2898 3123 2953 Sed
3162 2903 3488 2970 interrogate

1914 2987 2281 3058 Evangelium,
2311 2999 2365 3042 et
2431 2987 2676 3043 ostendet
2714 2988 2833 3044 ﬁdei
2895 2999 3087 3045 vestra:
3123 2991 3176 3045 in
3208 2993 3377 3062 pinnis
3403 3007 3497 3047 ar-

1912 3077 2126 3134 dentem
2154 3080 2383 3133 animam
2415 3079 2614 3145 divitis,
2645 3096 2802 3150 quam
2827 3081 3284 3152 nihiladjuverunt
3305 3097 3495 3141 omnes

1915 3169 2145 3225 honores
2168 3179 2221 3224 et
2248 3170 2520 3241 obsequia,
2553 3186 2671 3242 qua:
2701 3180 2911 3227 mortuo
2930 3175 3138 3244 corpori
3163 3173 3278 3244 ejus
3309 3174 3498 3231 viven-

1915 3261 2043 3316 tium
2070 3260 2275 3316 vanitas
2309 3261 2558 3332 prtebuit.

1981 3351 2072 3406 26.
2114 3352 2219 3406 Sed
2265 3353 2387 3421 quia
2427 3353 2587 3406 multa
2632 3361 2756 3406 sunt
2799 3367 2990 3422 genera
3038 3362 3370 3423 peccatorum
3396 3396 3410 3420 ,
3441 3364 3500 3411 ct

1911 3463 2018 3502 non
2049 3461 2168 3500 esse
2196 3457 2528 3515 peccatorem
2570 3445 2785 3501 difﬁcile
2813 3454 2914 3513 est,
2947 3456 3037 3500 aut
3067 3447 3290 3502 fortasse
3316 3449 3367 3502 in
3399 3449 3500 3504 hac

1912 3536 2013 3590 vita
2044 3550 2147 3589 nou
2179 3535 2448 3604 possibile,
2479 3535 2704 3603 subjecit
2748 3535 2926 3588 statim
2955 3535 3107 3605 cujus
3131 3537 3342 3606 generis
3371 3551 3499 3606 pec-

1910 3639 2146 3681 catorum
2173 3637 2313 3680 esset
2344 3641 2487 3680 mors
2519 3625 2766 3694 pessima.
2798 3623 2868 3678 Et
2909 3625 2996 3690 qui
3019 3626 3230 3680 oderunt
3258 3628 3452 3697 justum
3475 3667 3494 3693 ,

1912 3718 2115 3786 inquit,
2144 3717 2451 3786 delinquent.
2481 3717 2648 3784 Quem
2675 3715 2874 3785 justum
2900 3758 2916 3783 ,
2945 3716 3042 3770 nisi
3073 3732 3193 3770 eum
3224 3717 3311 3786 qui
3335 3716 3496 3786 justi-

1912 3809 2033 3864 ﬁeat
2060 3809 2276 3878 impium
2310 3808 2327 3876 (
2345 3807 2495 3861 Rom.
2522 3823 2594 3873 tv,
2623 3805 2736 3878 5)?
2761 3821 2917 3876 quem
2941 3806 3160 3875 justum,
3189 3806 3286 3860 nisi
3316 3807 3494 3860 Domi-

1911 3917 2036 3956 num
2066 3900 2245 3956 Jesum
2272 3898 2538 3955 Christum
2563 3941 2578 3966 ,
2603 3901 2690 3969 qui
2734 3908 2817 3954 est
2843 3900 2999 3954 etiam
3044 3899 3343 3969 propitiatio
3369 3915 3497 3969 pec-

1909 4003 2146 4048 catorum
2177 4001 2479 4047 nostrorum
2512 3991 2531 4065 (
2555 3991 2571 4046 I
2601 3991 2755 4045 Joan.
2792 4007 2826 4044 ιι
2853 4033 2867 4057 ,
2899 3989 3016 4061 2)?
3056 3991 3156 4059 Qui
3186 4005 3314 4062 ergo
3356 3991 3498 4048 hunc

1911 4083 2177 4149 oderunt,
2205 4091 2428 4137 mortem
2461 4082 2742 4152 pessimam
2774 4080 3002 4145 habent;
3033 4082 3154 4151 quia
3187 4082 3238 4135 in
3269 4084 3500 4151 peccatis

1910 4177 2022 4230 suis
2045 4177 2362 4240 moriuntur,
2392 4174 2480 4244 qui
2509 4189 2602 4243 per
2625 4189 2746 4228 eum
2777 4173 2884 4226 Deo
2911 4182 3094 4226 nostro
3118 4188 3222 4227 non
3253 4173 3496 4226 reconci-

1911 4267 2104 4321 liantur
2133 4283 2146 4320 :
2180 4266 2406 4319 Redime!
2426 4265 2566 4320 enim
2600 4263 2846 4317 Dominus
2876 4265 3070 4317 animos
3096 4279 3351 4315 servorum
3377 4278 3500 4318 suae

1910 4375 2043 4412 rum.
2070 4355 2375 4412 Secundum
2420 4355 2649 4409 animam
2694 4353 2837 4408 enim
2879 4350 3215 4418 intelligenda
3243 4362 3325 4404 est
3351 4364 3497 4403 mors

1911 4456 2003 4502 aut
2031 4447 2294 4517 pessima,
2325 4453 2418 4499 aut
2459 4444 2692 4513 Optima;
2733 4457 2837 4496 non
2877 4441 3166 4496 secundum
3211 4454 3493 4509 corporum

1911 4550 2001 4594 aut
2037 4536 2422 4602 contumelias,
2457 4543 2548 4590 aut
2576 4535 2806 4589 honores
2851 4547 2986 4604 quos
3013 4531 3257 4587 homines
3293 4531 3494 4586 vident.

1914 4631 1977 4685 Et
2007 4647 2104 4685 non
2134 4625 2420 4699 delinquont
2467 4643 2638 4682 onmes
2677 4625 2764 4696 qui
2790 4633 2995 4694 sperant
3023 4624 3075 4677 in
3101 4639 3235 4677 cum.
3282 4621 3386 4678 Iste
3413 4631 3496 4678 est

1910 4721 2101 4778 modus
2130 4721 2374 4776 humana:
2413 4717 2664 4790 justitim,
2710 4727 2767 4772 ut
2813 4717 2916 4772 vita
2942 4715 3178 4770 mortalis
3215 4725 3500 4785 quantum-

1914 4815 2040 4871 libet
2078 4813 2361 4884 proﬁciens
2385 4853 2399 4878 ,
2430 4813 2548 4883 quia
2595 4812 2711 4866 sine
2753 4809 2946 4864 delicto
2985 4822 3104 4862 esse
3151 4821 3256 4862 non
3287 4816 3508 4877 potest

1913 4907 1966 4962 iu
1998 4906 2098 4960 hoc
2124 4922 2228 4960 non
2259 4905 2551 4974 delinquat,
2580 4902 2705 4957 dum
2736 4909 2910 4970 sperat
2941 4901 2995 4953 iu
3024 4914 3166 4964 eum,
3201 4900 3254 4953 in
3282 4914 3389 4969 quo
3415 4907 3500 4953 est

1914 5000 2162 5056 remissio
2186 4997 2500 5052 delictorum
2525 5036 2539 5060 ,
2569 4996 2758 5047 Amen.

2299 5164 2379 5223 IN
2423 5159 2803 5222 PSALMUM
2847 5157 3125 5219 XXXIV

2482 5256 2899 5314 ENARRATIO.

2523 5365 2694 5406 sentio
2729 5367 2747 5406 ι
2779 5352 2878 5420 (a).

2371 5459 2451 5519 De
2470 5465 2632 5536 prima
2655 5471 2795 5533 parte
2819 5460 3036 5514 Psalmi.

1988 5587 2037 5642 l.
2069 5583 2230 5658 [rers.
2266 5577 2317 5645 l,
2346 5577 2444 5652 2.]
2481 5576 2749 5633 Psalmum
2778 5575 2935 5628 istum
2965 5568 3114 5625 nobis
3141 5581 3171 5622 a
3192 5563 3498 5658 iubentibus

1917 5657 2164 5736 fratribus
2190 5683 2246 5730 et
2272 5670 2599 5742 coepiscopis
2641 5667 2774 5723 meis
2818 5663 3120 5736 impositum
3157 5674 3272 5716 esse
3299 5657 3364 5713 ad
3393 5665 3495 5712 tra-

1981 5795 1996 5824 ι
2033 5789 2165 5848 Fdd.,
2192 5791 2473 5838 mereatur.
2498 5781 2825 5848 Melius_atss.,
2860 5781 3165 5848 Egsccratur.

1983 5836 2278 5918 (ajvit‘abitus
2296 5836 2525 5912 tempore
2548 5843 2751 5906 alicujus
2773 5836 2979 5890 concilii.
