4032 6482
527 389 632 455 323

527 507 798 573 etattdum,
829 502 1031 560 noverit
1065 503 1078 533 ⁸
1111 499 1342 555 charitas
1368 505 1563 551 vestra.
1598 491 1882 550 Volucrum
1908 496 1964 540 ut
1992 484 2114 538 hinc

528 613 715 656 omnes
736 595 931 666 aliquid
949 591 1244 648 audiamus.
1270 590 1349 643 Ab
1372 578 1460 643 illo
1477 587 1616 640 enim
1640 598 1826 638 omnes
1847 577 2112 640 audimus,

531 705 564 746 δ
586 705 692 760 quo
721 697 916 758 pariter
945 685 1199 740 discimus
1223 723 1238 747 ,
1270 690 1323 734 ει
1365 679 1417 733 in
1446 677 1595 746 cujus
1636 673 1817 728 schola
1854 666 2118 724 condisci-

535 782 641 853 puli
685 795 886 834 sutnus.
920 776 1126 831 Titulus
1172 773 1335 842 ipsius
1379 783 1580 824 moram
1630 765 1783 820 nobis
1827 777 1929 817 non
1963 760 2114 823 facit;

532 875 710 930 brevis
735 882 816 927 est
841 871 1005 934 enim,
1033 875 1088 922 et
1110 865 1174 920 ad
1207 862 1625 933 intelligendum,
1652 859 1879 912 maxime
1908 853 2118 907 ntttritis

534 967 586 1021 in
613 963 847 1019 Ecclesia
877 961 986 1025 Dei,
1013 975 1116 1021 non
1141 956 1392 1012 difﬁcilis.
1416 953 1583 1007 liabet
1606 950 1771 1015 enim,
1795 947 1906 1010 Ipsi
1927 944 2114 998 David.

533 1054 775 1110 i‘salmus
801 1066 927 1121 ergo
954 1050 1049 1119 ipsi
1084 1046 1244 1102 David
1291 1064 1303 1100 :
1348 1042 1507 1098 David
1540 1041 1919 1109 interpretatur
1947 1034 2118 1088 Fortis

535 1161 695 1204 manu
719 1187 734 1208 ,
768 1144 852 1199 Vel
881 1139 1266 1197 desiderabilis.
1300 1137 1540 1191 Psalmus
1571 1147 1698 1201 ergo
1725 1137 1885 1182 manu
1916 1126 2036 1181 forti
2065 1133 2121 1180 et

535 1235 895 1299 desiderabili,
925 1233 1015 1304 qui
1049 1241 1282 1285 nostram
1313 1236 1537 1282 mortem
1565 1224 1710 1288 vicit,
1739 1222 1825 1291 qui
1857 1219 2010 1274 nobis
2038 1216 2119 1270 vi-

536 1336 645 1384 tam
677 1325 915 1396 promisit
947 1341 959 1376 :
991 1324 1041 1377 in
1073 1320 1174 1376 hoc
1197 1319 1338 1375 enim
1371 1325 1526 1370 manu
1553 1314 1724 1378 t‘ortis,
1752 1312 1872 1382 quia
1899 1317 2121 1363 mortem

536 1425 770 1471 nostram
785 1416 908 1469 vicit
923 1430 937 1475 ;
963 1413 1013 1467 in
1035 1411 1136 1465 hoc
1151 1406 1540 1468 desiderabilis,
1557 1403 1678 1473 quia
1693 1402 1796 1454 vita
1805 1416 1853 1453 ιιι
1868 1407 2120 1452 asternam

536 1508 796 1576 promisit.
818 1503 950 1572 Quid
966 1503 1106 1558 enim
1125 1501 1313 1555 fortius
1343 1513 1498 1551 manu
1521 1495 1640 1559 hac,
1661 1509 1775 1562 qum
1795 1490 1962 1560 tetigit
1980 1489 2124 1542 locu-

536 1597 686 1661 lum,
723 1608 780 1651 ει
826 1606 1065 1649 mortuus
1109 1589 1401 1646 resurrexit
1451 1578 1615 1656 (Luc.
1666 1599 1760 1647 vn,
1809 1581 1950 1650 14)?
1998 1578 2124 1650 quid

538 1689 732 1744 fortius
760 1703 917 1741 manu
948 1685 1045 1739 hac
1071 1726 1084 1750 ,
1114 1700 1231 1752 qua:
1261 1679 1512 1734 annulum
1543 1676 1669 1729 Vit'il
1691 1714 1706 1738 ,
1739 1688 1841 1726 non
1875 1670 2014 1724 ferro
2039 1685 2126 1723 ar-

540 1789 703 1846 mata,
732 1778 826 1834 sed
854 1777 997 1846 ligno
1027 1770 1322 1828 transfixa?
1350 1768 1476 1840 quid
1517 1774 1696 1820 autem
1725 1759 2127 1816 desiderabilius

541 1886 627 1937 eo,
658 1885 816 1939 quem
846 1876 950 1922 non
981 1865 1220 1920 videntes
1249 1871 1510 1932 martyres
1533 1899 1548 1922 ,
1579 1855 1713 1910 mori
1742 1852 2039 1916 voluerunt,
2074 1856 2130 1902 ut

541 1963 607 2018 ad
639 1963 783 2016 illum
829 1959 1105 2030 pervenire
1134 1951 1503 2010 mererentur?
1529 1951 1668 2018 Ergo
1699 1945 1938 2001 Psalnms
1960 1944 1980 1974 ³
2009 1942 2082 1996 illi
2111 1956 2127 1994 :

541 2054 618 2110 illi
647 2069 742 2108 cor
768 2060 1006 2106 nostrum
1028 2090 1043 2113 ,
1077 2048 1151 2102 illi
1197 2046 1372 2115 lingua
1417 2050 1598 2096 nostra
1637 2038 1795 2108 digna
1831 2042 2008 2090 cantet
2037 2049 2051 2086 :
2084 2032 2130 2087 si

544 2154 718 2201 tamen
747 2142 861 2212 ipse
885 2139 1184 2209 dignabitur
1210 2135 1410 2190 donare
1448 2130 1588 2202 quod
1632 2136 1832 2184 cantet.
1863 2124 2029 2179 Nemo
2054 2123 2130 2178 illi

545 2242 723 2290 cantat
745 2232 902 2301 digna
925 2269 940 2294 ,
974 2229 1073 2282 nisi
1103 2227 1189 2296 qui
1220 2225 1288 2279 ab
1319 2224 1410 2278 illo
1437 2221 1703 2290 acceperit
1733 2216 1872 2286 quod
1914 2221 2133 2268 cantare

547 2325 736 2395 possit.
772 2323 1007 2391 Denique
1048 2319 1152 2373 hoc
1193 2316 1334 2387 quod
1380 2315 1540 2369 modo
1589 2319 1864 2367 cantamus
1888 2348 1904 2373 ,
1934 2304 2131 2376 Spiritu

547 2393 664 2486 ejus
689 2415 884 2470 dictum
913 2420 998 2467 est
1027 2427 1120 2479 per
1145 2406 1463 2478 Propltetam
1493 2402 1608 2472 ejus
1633 2442 1648 2468 ,
1677 2409 1732 2455 et
1759 2399 1810 2453 in
1853 2399 1932 2452 eis
1960 2393 2134 2449 verbis

485 2488 502 2501 δ
529 2508 640 2564 ubi
667 2520 765 2563 nos
791 2503 1125 2574 agnoscimus
1151 2512 1205 2555 et
1233 2500 1428 2569 ipsum.
1459 2494 1568 2550 Nec
1599 2491 1846 2563 injuriam
1876 2487 2094 2542 facimus
2117 2525 2132 2552 ,

549 2601 671 2671 quia
695 2598 924 2654 dicimus
969 2605 1066 2649 nos
1110 2601 1163 2648 et
1209 2592 1380 2662 ipsum
1413 2606 1427 2642 :
1459 2585 1709 2657 quoniam
1752 2597 1871 2637 cum
1912 2578 2135 2636 essetin

529 2668 709 2754 cutio,
733 2689 810 2744 sic
833 2685 1079 2742 clamavit
1105 2725 1118 2750 ,
1149 2680 1286 2748 Quid
1315 2697 1392 2734 me
1422 2673 1731 2750 persequeris
1760 2671 1896 2742 (Act.
1927 2685 2002 2737 ts,
2030 2668 2138 2740 ψ

550 2798 672 2840 cum
693 2796 814 2836 cum
841 2791 999 2833 nemo
1023 2763 1280 2845 tangeret,
1303 2781 1357 2826 et
1385 2784 1484 2824 nos
1512 2767 1564 2821 in
1592 2775 1730 2820 terra
1752 2763 2134 2817 laboraremus.

553 2877 693 2947 Ergo
715 2887 902 2929 vocem
944 2870 1060 2938 ejus
1088 2866 1386 2929 audiamus,
1419 2875 1558 2916 nunc
1583 2856 1844 2926 corporis,
1874 2867 2015 2908 nunc
2043 2866 2138 2906 ca-

553 2962 698 3038 pitis.
729 2965 821 3020 Est
857 2961 1000 3018 enim
1045 2957 1280 3028 psalmus
1322 2955 1422 3008 iste
1463 2952 1718 3005 invocans
1759 2947 1924 3000 Deum
1955 2953 2138 2996 contra

555 3034 798 3114 inimicos
843 3054 894 3108 in
938 3046 1361 3106 tribulationibus
1405 3042 1564 3116 hujus
1607 3038 1787 3094 sazculi
1821 3055 1834 3091 :
1869 3045 1922 3090 et
1962 3034 2142 3103 utique

559 3149 675 3219 ipse
695 3154 779 3201 est
801 3143 1065 3206 Christus,
1087 3137 1336 3194 tribulato
1365 3143 1488 3188 tunc
1511 3131 1706 3200 capite,
1731 3127 1979 3180 tribulato
2004 3137 2142 3178 nunc

558 3249 783 3306 corpore
817 3251 830 3288 :
864 3242 1039 3287 tamen
1081 3244 1172 3297 per
1200 3224 1566 3281 tribulationes
1610 3219 1857 3274 omnibus
1889 3214 2142 3269 membris

559 3329 672 3386 suis
699 3328 830 3382 dans
856 3326 1016 3378 vitam
1036 3333 1295 3376 internata
1317 3359 1332 3382 ,
1362 3330 1518 3386 quam
1550 3309 1905 3383 promittendo
1931 3306 2144 3361 deside-

559 3420 740 3481 rabilis
768 3418 936 3473 faetus
963 3422 1072 3469 est.

629 3513 685 3566 2.
723 3509 911 3564 Indica
929 3549 944 3574 ,
973 3504 1140 3576 inquit
1162 3544 1178 3566 ,
1227 3500 1438 3555 Domine
1457 3540 1472 3564 ,
1502 3504 1731 3553 nocentes
1770 3509 1847 3546 me
1867 3534 1883 3559 ,
1910 3507 2147 3560 expugna

561 3606 914 3675 impugnante:
942 3598 962 3628 ³
992 3613 1088 3650 me.
1120 3595 1176 3650 Si
1207 3595 1344 3646 Deus
1370 3606 1467 3660 pro
1493 3589 1666 3651 nobis,
1693 3586 1812 3656 quis
1835 3595 2018 3637 eontra
2049 3595 2147 3634 nos

567 3673 753 3765 (Rom.
780 3706 895 3756 vut,
926 3691 988 3744 51
1018 3687 1076 3758 )‘I
1107 3687 1172 3740 Et
1201 3683 1340 3738 unde
1369 3681 1471 3735 hoe
1517 3679 1668 3732 nobis
1710 3683 1923 3746 prmstat
1968 3673 2146 3727 Dens?

534 3825 536 3828 μ
564 3784 915 3857 Αρρι-εΙιειιάε.
945 3780 1136 3849 inquit,
1163 3791 1306 3830 arma
1335 3785 1382 3828 et
1420 3785 1636 3834 scutum,
1663 3779 1708 3821 et
1735 3783 1944 3838 exsurge
1970 3767 2021 3819 in
2054 3767 2148 3818 ad-

566 3876 804 3944 iutorium
834 3871 974 3925 mihi.
1005 3869 1247 3937 Magnum
1267 3866 1628 3934 spectaculum
1653 3869 1754 3923 est,
1777 3857 1957 3912 videre
1980 3858 2148 3911 Deum

567 3977 828 4020 armatum
859 3976 953 4030 pro
979 3967 1052 4013 te.
1087 3958 1154 4011 Et
1182 3956 1321 4026 quod
1363 3957 1478 4023 ejus
1520 3961 1727 4005 scutum
1750 3948 1773 4000 ?
1798 3964 1917 4018 qua:
1958 3947 2150 4002 arma?

568 4057 786 4113 Domine
807 4095 821 4119 ,
853 4052 1023 4121 inquit
1069 4049 1174 4102 alio
1202 4050 1316 4102 loco
1343 4046 1504 4099 homo
1553 4043 1652 4096 iste
1677 4041 1764 4110 qui
1792 4050 1844 4094 ct
1871 4039 1956 4093 hic
1985 4039 2154 4108 loqui-

569 4162 672 4215 tur,
707 4160 760 4202 ut
789 4157 926 4202 scuto
966 4144 1110 4198 bona:
1139 4141 1406 4197 voluntatis
1449 4149 1549 4192 tua:
1577 4136 1827 4191 eoronasti
1859 4152 1948 4188 nos
1981 4133 2149 4204 (Psal.

569 4258 623 4309 v,
655 4244 776 4312 15).
807 4243 962 4295 Arma
986 4250 1161 4294 autem
1187 4235 1322 4303 ejus,
1353 4231 1544 4300 quibus
1581 4244 1684 4280 non
1715 4227 1886 4280 solum
1915 4241 2012 4280 nos
2037 4241 2152 4277 mu-

570 4339 704 4402 niat,
735 4333 828 4388 sed
851 4334 1007 4388 etiam
1041 4330 1298 4400 percutiat
1329 4324 1592 4384 inimicos,
1627 4321 1670 4373 si
1701 4319 1833 4373 bene
1865 4316 2153 4388 profeceri-

574 4443 714 4492 mus,
744 4435 800 4480 et
827 4437 924 4478 nos
947 4423 1164 4477 erimus.
1193 4418 1338 4471 Sicut
1364 4415 1506 4467 cuitu
1540 4425 1655 4473 nos,
1687 4417 1743 4462 ut
1765 4423 2054 4470 armcnmr,
2088 4405 2154 4458 ab

572 4518 664 4573 illo
693 4515 983 4577 habemus,
1017 4511 1094 4564 sic
1123 4509 1236 4578 ipse
1263 4512 1501 4559 armatur
1529 4502 1593 4554 de
1619 4500 1792 4554 nobis.
1823 4498 1927 4552 Sed
1952 4498 2064 4566 ipse
2089 4495 2156 4550 de

575 4608 658 4663 his
697 4615 930 4660 armatur
965 4617 1099 4671 quos
1149 4599 1270 4653 fecit
1303 4638 1318 4664 ,
1350 4611 1448 4649 nos
1491 4594 1556 4647 de
1604 4593 1685 4644 bis
1731 4605 1998 4642 armamur
2035 4597 2156 4658 qu:e

575 4700 644 4752 ab
661 4699 774 4766 ipso
803 4695 1100 4763 accepimus
1124 4691 1320 4760 quinos
1346 4687 1486 4740 fecit.
1511 4685 1644 4738 Dicit
1665 4683 2015 4752 lucequotiam
2043 4681 2157 4732 loco

575 4805 720 4844 arma
749 4797 926 4842 nostra
952 4785 1252 4855 Apostolus,
1288 4790 1498 4834 scutum
1529 4777 1646 4831 fidei
1677 4818 1687 4836 .
1713 4789 1764 4830 et
1791 4776 1993 4844 galeam
2021 4775 2160 4825 safu-

579 4891 664 4943 tis,
681 4891 734 4936 et
750 4879 976 4949 gladium
997 4877 1231 4945 spiritus,
1247 4871 1385 4940 quod
1403 4877 1483 4924 est
1499 4867 1716 4922 verbum
1736 4865 1830 4918 Dei
1848 4863 2059 4933 (Epltes.
2084 4879 2155 4925 γι,

580 4972 799 5042 16χ17).
825 4970 1065 5024 Armavit
1095 4980 1188 5020 nos
1218 4963 1410 5018 talibus
1433 4959 1598 5014 armis
1617 5000 1632 5022 ,
1659 4957 1900 5026 qualibus
1916 4955 2157 5019 audistis,

582 5061 934 5118 laudahiiibus
952 5070 998 5113 ct
1030 5056 1261 5118 invictis,
1295 5049 1742 5121 insuperaltiiibus
1763 5055 1820 5100 et
1834 5044 2124 5114 splendidis
2143 5059 2164 5104 ;

581 5154 942 5226 spiritualibus
971 5165 1099 5205 sane
1125 5158 1288 5217 atque
1327 5142 1678 5200 irtvisibilibus
1702 5180 1717 5205 ,
1751 5141 1873 5209 quia
1899 5151 1950 5192 et
1984 5137 2164 5190 hostes

585 5245 876 5301 invisibiles
935 5254 1317 5311 expugnamus.
1383 5236 1440 5292 Si
1496 5233 1648 5289 vides
1700 5231 1907 5286 hostem
1968 5239 2113 5281 tuum
2145 5267 2161 5292 ,

585 5338 864 5393 videantur
884 5350 1028 5388 arma
1054 5343 1161 5386 tua.
1192 5333 1475 5385 Armatnur
1495 5341 1676 5380 earnm
1707 5337 1883 5377 rerum
1914 5319 2014 5374 fide
2035 5334 2167 5389 quas

587 5448 693 5487 non
715 5430 974 5490 videmus,
1007 5435 1062 5478 et
1089 5424 1376 5478 sternimus
1400 5419 1582 5474 hostes
1611 5431 1743 5486 quos
1773 5429 1874 5467 non
1904 5413 2164 5465 videmus.

585 5523 987 5584 Verumtamen,
1011 5515 1293 5578 carissimi,
1322 5527 1466 5566 arma
1491 5510 1588 5564 ista
1621 5523 1686 5561 ne
1709 5505 1904 5574 putetis
1925 5505 2002 5557 sic
2027 5517 2166 5566 esse,

652 5637 667 5667 ι
703 5643 882 5682 omnes
905 5630 1008 5679 fere
1025 5635 1154 5686 Mss,
1177 5622 1355 5686 noverit
1378 5615 1763 5686 etiamftmrilas
1786 5621 1960 5686 vestra.

651 5699 670 5728 ²
696 5673 1006 5749 iiiis}:
1025 5673 1154 5751 ﬁt;
1179 5673 1446 5748 ipsaillame
1468 5679 1557 5730 iiii.
1587 5685 1640 5727 At
1664 5688 1762 5726 am.
1792 5685 1844 5726 et
1881 5685 2005 5736 Mss,
2041 5673 2171 5724 Psal-

589 5770 909 5864 ""i‘bonom
930 5821 1056 5872 mss,
1086 5813 1425 5871 expugnant“.

1739 374 1796 428 S.
1834 365 2192 428 AUGUSTINI
2237 361 2536 428 EPISCOPI

3702 360 3808 425 Sit

2225 516 2280 558 ut
2309 505 2459 574 quasi
2506 502 2646 575 quod
2693 510 2900 557 scutum
2942 511 3024 558 est
3048 541 3063 566 ,
3095 513 3307 570 semper
3350 510 3558 556 scutum
3589 502 3687 564 sit;
3717 509 3812 556 aut

2221 598 2362 666 quod
2388 597 2534 666 galea
2561 606 2662 663 est,
2693 611 2906 665 semper
2925 594 3072 664 galea
3099 595 3200 658 sit;
3233 603 3324 647 aut
3348 593 3488 663 quod
3513 593 3676 648 lorica
3699 600 3806 657 est,

2221 701 2431 756 semper
2459 687 2618 741 lorica
2661 686 2750 740 sit.
2803 685 2858 739 In
2911 685 3026 738 istis
3067 685 3207 738 enim
3255 684 3418 738 armis
3445 684 3814 753 corporalibus

2222 776 2293 830 ita
2325 784 2426 839 est,
2457 791 2759 845 quanquam
2804 784 2858 829 et
2882 773 2949 828 de
2987 773 3129 827 ferro
3165 789 3282 842 quin
3313 772 3446 827 fiunt
3470 772 3663 828 mutari
3689 787 3814 842 pos-

2225 866 2334 920 sint
2361 911 2374 930 ,
2405 875 2461 920 ut
2487 880 2551 919 ex
2581 865 2756 935 gladio
2783 864 2871 917 fiat
2897 864 3102 918 securis
3130 881 3142 917 :
3177 872 3350 918 tamen
3379 864 3548 932 ipsum
3575 865 3812 932 Aposto-

2224 957 2332 1012 lum
2387 957 2628 1011 videmus
2674 955 2875 1010 dixisse
2925 955 3154 1025 quodam
3205 955 3365 1021 loco,
3415 955 3635 1009 loricam
3687 953 3815 1023 fidei

2225 1049 2471 1119 (IT/tes.
2518 1065 2570 1112 v,
2603 1049 2698 1117 8),
2748 1057 2800 1103 et
2839 1048 2946 1102 alio
2992 1048 3111 1102 loco
3159 1045 3360 1102 dixisse
3407 1054 3614 1100 scutum
3665 1043 3810 1099 ﬁdei.

2225 1138 2367 1214 Ergo
2393 1144 2504 1212 ipsa
2530 1141 2684 1206 fides,
2708 1151 2762 1195 et
2786 1140 2948 1195 lorica
2978 1149 3152 1209 potest
3174 1153 3294 1194 esse
3315 1149 3368 1194 et
3395 1149 3603 1192 scutum
3639 1153 3652 1190 :
3688 1151 3814 1189 scu-

2225 1244 2337 1290 tum
2367 1243 2468 1300 est,
2500 1233 2620 1302 quia
2651 1231 2752 1286 tela
2796 1230 3130 1284 inimicorum
3160 1228 3358 1296 excipit
3387 1237 3439 1282 et
3464 1227 3690 1295 repellit;
3732 1225 3815 1278 lo-

2225 1330 2334 1383 rica
2360 1337 2476 1391 est,
2505 1326 2626 1395 quia
2656 1325 2908 1379 interiora
2951 1332 3038 1376 tua
3080 1320 3313 1390 transfigi
3343 1335 3447 1373 non
3492 1319 3638 1372 sinit.
3693 1317 3818 1373 Haec

2226 1433 2370 1475 arma
2398 1428 2576 1473 nostra
2608 1437 2621 1472 :
2659 1418 2748 1471 Dei
2793 1425 2970 1470 autem
2997 1430 3116 1484 qua:
3145 1414 3159 1444 ¹
3183 1413 3206 1466 ?
3233 1403 3482 1481 Legimus
3507 1409 3736 1480 quodam
3765 1408 3816 1463 in

2229 1511 2348 1567 loco
2377 1529 2390 1567 ε
2423 1507 2558 1564 Erue
2584 1509 2645 1562 ab
2690 1508 2860 1578 impiis
2906 1507 3128 1558 animam
3174 1520 3335 1556 meam
3358 1545 3372 1568 ,
3403 1507 3647 1571 frameam
3677 1510 3819 1553 tuam

2227 1604 2291 1656 ab
2316 1602 2532 1655 inimicis
2554 1616 2731 1652 manus
2754 1609 2854 1651 tua:
2883 1595 3069 1667 (Psal.
3097 1609 3207 1658 xxi,
3229 1592 3293 1646 ει
3322 1593 3362 1664 ).
3393 1591 3543 1658 Quod
3573 1590 3820 1659 superius

2227 1694 2398 1759 dixit,
2440 1693 2501 1746 ab
2549 1691 2761 1759 impiis;
2809 1687 2909 1741 hoc
2960 1685 3201 1756 sequenti
3243 1699 3440 1747 versu,
3483 1682 3546 1735 ab
3602 1680 3821 1733 inimicis

2231 1801 2409 1839 manus
2439 1796 2540 1837 tute
2567 1800 2585 1837 :
2615 1792 2669 1836 et
2698 1780 2839 1850 quod
2887 1779 3132 1848 superuis
3164 1775 3334 1840 dixit,-
3364 1775 3586 1828 animam
3612 1776 3821 1836 meum;

2231 1875 2334 1930 hoc
2361 1875 2600 1945 Sequenti
2645 1888 2798 1928 versu
2823 1914 2838 1938 ,
2868 1871 3113 1939 [ranteam
3160 1879 3299 1921 tuam
3323 1909 3337 1930 ,
3371 1865 3422 1920 id
3448 1875 3549 1932 est,
3581 1864 3821 1934 gladium

2235 1979 2402 2023 tuum.
2435 1967 2572 2033 Ergo
2602 1966 2858 2019 frameam
2888 1963 2982 2016 Dei
3013 1961 3148 2016 dixit
3173 1959 3404 2012 animam
3435 1970 3585 2010 suam
3616 1971 3628 2008 :
3660 1953 3821 2019 Erue,

2234 2059 2436 2128 inquit,
2466 2057 2527 2110 ab
2568 2055 2736 2126 impiis
2764 2055 2988 2108 animam
3031 2068 3229 2115 meam;
3272 2050 3324 2104 id
3361 2056 3445 2104 est
3467 2089 3482 2111 ,
3515 2047 3576 2100 ab
3605 2046 3826 2100 inimicis

2233 2166 2413 2204 manus
2431 2158 2531 2202 tua:
2550 2163 2666 2201 erue
2689 2147 2934 2216 frameam
2961 2155 3120 2198 tuam.
3146 2139 3511 2212 Apprehendis
3537 2139 3683 2194 enim
3706 2137 3827 2192 auio

2235 2256 2375 2296 mam
2419 2255 2590 2294 meam
2616 2279 2630 2305 ,
2675 2247 2728 2292 ct
2754 2236 2993 2292 debellas
3021 2234 3266 2288 inimicos
3296 2245 3462 2286 meos.
3496 2229 3561 2284 Et
3589 2228 3720 2298 quid
3747 2234 3830 2284 est

2236 2333 2411 2385 anima
2440 2336 2645 2395 nostra,
2669 2327 2910 2397 quamvis
2940 2322 3240 2395 splendida,
3271 2321 3514 2391 quamvis
3543 2318 3826 2390 producta,-

2237 2423 2478 2494 quamvis
2494 2431 2670 2478 acuta.
2692 2417 2937 2489 quamvis
2959 2424 3137 2480 uncta,
3159 2413 3400 2483 quamvis
3421 2411 3536 2467 luce
3552 2411 3832 2480 Sapientia:

2238 2525 2293 2572 et
2347 2513 2712 2570 coruscatioue
2763 2512 2784 2542 ²
2834 2506 3074 2563 vibrata?
3147 2504 3283 2571 Quid
3337 2510 3420 2558 est
3483 2502 3598 2572 ipsa
3650 2501 3831 2555 anima

2241 2614 2445 2668 nostra,
2475 2611 2567 2656 aut
2594 2601 2716 2670 quid
2744 2607 2938 2669 potest,
2973 2596 3073 2652 nisi
3106 2595 3243 2650 Deus
3274 2594 3416 2648 illam
3446 2601 3624 2646 teneat
3650 2600 3709 2646 et
3741 2606 3837 2660 pu.’

2240 2706 2366 2768 gnet
2387 2696 2456 2750 de
2501 2694 2624 2748 illa?
2652 2691 2783 2747 Nam
2822 2690 3073 2761 qumlibct
3115 2687 3314 2758 Optime
3345 2684 3481 2741 facta
3511 2684 3714 2739 framea
3741 2725 3758 2748 ,
3791 2685 3838 2739 si

2243 2805 2350 2845 non
2395 2787 2590 2842 habeat
2635 2783 2946 2840 bellatorem
2973 2823 2988 2847 ,
3017 2780 3179 2850 jacet.
3229 2778 3540 2832 Dixeramus
3567 2787 3753 2831 autem
3786 2777 3839 2833 in

2243 2879 2411 2934 armis
2439 2877 2657 2942 nostris,
2689 2890 2793 2930 non
2822 2872 2969 2943 quasi
2995 2869 3192 2940 aliquid
3223 2869 3387 2922 fixum
3419 2867 3584 2937 accipi
3613 2867 3838 2932 debere,-

2246 2976 2302 3025 ut
2331 2969 2468 3040 quod
2493 2978 2575 3023 est
2601 2981 2690 3022 res
2714 2981 2819 3020 una
2845 3006 2860 3030 ,
2898 2964 3009 3032 ipsa
3038 2960 3179 3015 aliud
3210 2975 3333 3015 esse
3377 2975 3481 3013 non
3513 2959 3686 3027 possit
3716 2974 3730 3010 :
3764 2957 3842 3010 sic

2245 3073 2300 3118 et
2339 3063 2391 3117 in
2419 3061 2581 3115 armis
2612 3058 2706 3113 Dei
2750 3057 3070 3111 invenimus.
3103 3049 3242 3107 Ecce
3287 3051 3518 3106 animam
3544 3049 3676 3120 justi
3706 3048 3843 3102 dixit

2245 3161 2501 3217 frameam
2535 3154 2632 3214 Dei
2660 3173 2672 3209 :
2705 3159 2895 3211 iterum
2935 3153 3065 3208 dicit
3090 3152 3322 3206 animam
3348 3149 3476 3217 justi
3505 3162 3626 3203 esse
3652 3145 3842 3200 sedem

2248 3256 2380 3320 Dei;
2427 3253 2604 3308 anima
2632 3252 2760 3321 justi
2805 3248 2962 3303 sedes
3004 3245 3278 3313 sapientia:
3321 3242 3494 3314 (Sap.
3526 3239 3654 3309 vn).
3699 3239 3844 3307 Ergo

2248 3344 2500 3418 quidquid
2526 3343 2638 3398 vult
2660 3384 2674 3403 ,
2717 3341 2842 3395 facit
2883 3338 2951 3392 de
2979 3336 3154 3390 anima
3202 3343 3405 3390 nostra.
3436 3331 3566 3387 Cum
3597 3332 3651 3384 in
3679 3339 3844 3384 manu

2249 3439 2364 3509 ejus
2391 3445 2491 3500 est,
2522 3443 2703 3489 utatur
2730 3446 2790 3486 ea
2821 3426 3271 3500 quemadmodum
3301 3425 3433 3478 vult.

2322 3533 2374 3586 5.
2395 3531 2656 3596 Exsurgat
2675 3538 2800 3592 ergo
2822 3523 2920 3591 (sic
2939 3523 3078 3576 enim
3103 3519 3376 3573 im'ocatus
3397 3512 3520 3584 est),
3542 3511 3848 3580 appr-chen.

2250 3623 2284 3679 d
2304 3633 2341 3676 ιι
2365 3635 2533 3683 arma,
2555 3623 2804 3683 exsurgat
2831 3616 2882 3666 in
2909 3611 3234 3681 adjutorium
3269 3607 3439 3661 nobis.
3469 3603 3624 3659 Unde
3649 3619 3849 3657 ess-ur.

2257 3725 2367 3785 gat,
2396 3713 2500 3766 alio
2531 3711 2651 3784 loco.
2672 3708 2831 3761 etiam
2876 3705 3070 3760 dicitur
3111 3701 3184 3755 illi
3233 3701 3344 3768 ipsa
3378 3711 3507 3783 \oce
3538 3713 3551 3748 :
3583 3693 3847 3762 Exsurge,

2252 3775 2403 3874 quare
2428 3782 2698 3860 obdormis,
2729 3795 2947 3849 Domine
2975 3790 3148 3862 (Psal.
3180 3804 3301 3843 thtI
3327 3828 3340 3846 .
3367 3775 3516 3852 Q3)?
3545 3777 3610 3838 Ει
3634 3784 3852 3848 quando

2255 3894 2340 3946 ille
2369 3891 2562 3942 dicitur
2591 3886 2824 3940 dormire
2852 3925 2867 3948 ,
2915 3897 3014 3936 nos
3057 3879 3352 3933 dormimus
3379 3893 3394 3929 :
3422 3884 3476 3929 et
3519 3873 3737 3944 quando
3765 3873 3854 3926 ille

2255 3982 2447 4037 dicitur
2473 3991 2758 4046 exsurgere
2783 4017 2797 4038 ,
2830 3988 2928 4026 nos
2957 3970 3275 4026 excitamur.
3306 3967 3437 4022 Nam
3485 3975 3539 4020 et
3584 3965 3853 4020 Dominus

2255 4069 2542 4126 dormiebat
2574 4069 2624 4120 in
2655 4067 2802 4128 navi;
2830 4073 2884 4118 et
2908 4062 3026 4117 ideo
3052 4061 3339 4115 ﬁdetuabat
3367 4063 3532 4120 navis,
3561 4056 3687 4126 quia
3713 4056 3848 4110 dor-

2258 4163 2449 4217 mivbat
2470 4160 2644 4213 Jesus.
2672 4155 2802 4211 Nam
2826 4155 2870 4208 si
2898 4154 3007 4208 illic
3031 4153 3270 4222 vigilaret
3294 4150 3469 4213 Jesns,
3495 4164 3598 4204 non
3626 4146 3860 4202 fluctua-

2259 4263 2339 4308 ret
2370 4252 2536 4306 navis.
2567 4248 2726 4303 Navis
2756 4257 2839 4301 tua
2863 4288 2876 4311 ,
2909 4261 3002 4299 cor
3032 4254 3176 4298 tnnm
3210 4261 3224 4297 :
3251 4241 3406 4297 Jesus
3428 4241 3478 4294 in
3524 4239 3642 4292 navi
3669 4279 3687 4301 ,
3726 4239 3862 4293 lidcs

2259 4346 2310 4399 iu
2342 4343 2520 4397 corde.
2561 4342 2617 4396 Si
2668 4338 2953 4392 meministi
3005 4335 3126 4388 fidei
3175 4345 3274 4386 tuze
3302 4373 3316 4398 ,
3351 4346 3454 4386 non
3503 4333 3728 4386 liuctuat
3769 4347 3864 4383 cor

2262 4448 2404 4492 luunt
2441 4453 2453 4488 :
2488 4434 2530 4486 si
2572 4431 2764 4485 oblitus
2808 4444 2868 4484 es
2912 4428 3068 4481 fidem
3111 4436 3252 4480 tuam
3275 4466 3290 4488 ,
3323 4422 3518 4477 dormit
3556 4421 3811 4477 Cili‘i>lllS
3845 4437 3859 4472 ι

2260 4527 2481 4580 observa
2531 4520 2879 4592 naufragium.
2928 4517 3309 4573 Verumtamen
3345 4513 3496 4585 quod
3541 4523 3710 4568 restat
3743 4512 3862 4576 fac,

2262 4630 2315 4672 ut
2335 4621 2375 4671 si
2395 4616 2666 4671 dormierit
2689 4613 2981 4676 excitetur;
3005 4609 3152 4664 dicas
3181 4610 3256 4663 illi
3291 4628 3303 4662 :
3336 4607 3581 4670 Domine,
3601 4620 3864 4674 exsurge,

2265 4713 2495 4780 perimus
2531 4727 2544 4761 :
2578 4718 2627 4760 ιιι
2663 4708 2898 4771 increpet
2929 4715 3114 4754 ventos
3141 4742 3154 4764 ,
3192 4708 3245 4752 et
3286 4699 3376 4751 fiat
3418 4695 3784 4763 tranquillitas
3816 4698 3870 4749 ιιι

2263 4803 2424 4856 corde
2453 4811 2540 4853 tuo
2571 4797 2796 4868 (Matth.
2838 4811 2964 4856 vnt,
3003 4793 3123 4860 ai).
3169 4785 3440 4845 [iecedent
3483 4789 3624 4842 enim
3667 4802 3872 4843 omnes

2265 4893 2606 4953 tcutationes,
2629 4897 2718 4940 aut
2741 4896 2890 4942 certe
2911 4885 3040 4939 nihil
3063 4883 3334 4947 valebunt,
3357 4880 3570 4952 (pratulo
3587 4878 3880 4946 (Sitti-tat,

2267 4986 2370 5039 huc
2397 4994 2480 5038 est
2519 4983 2654 5035 fides
2691 4992 2778 5032 tua
2806 5021 2820 5037 .
2853 4976 3150 5046 vigilaverit
3196 4975 3248 5028 iu
3292 4972 3458 5028 corde
3486 4983 3593 5024 tuo.
3626 4967 3883 5038 Exsurge

2267 5091 2394 5145 ergo
2438 5071 2562 5144 quid
2594 5071 2714 5126 est?
2754 5071 3060 5132 lnnotesce,
3103 5080 3334 5135 appare,
3362 5061 3579 5117 sentite.
3631 5058 3880 5130 Exsurge

2276 5184 2402 5238 ergo
2429 5168 2481 5220 in‘
2503 5163 2812 5233 adjutorium
2837 5159 2981 5212 nti/ti.

2341 5260 2393 5314 Δ.
2434 5256 2592 5330 [rem
2624 5251 2715 5326 5.]
2758 5246 2980 5317 ΕΙῙιιιιάε
3021 5242 3302 5320 frameam,
3352 5253 3399 5298 et
3451 5241 3707 5297 concludo
3773 5242 3878 5298 ad-

2273 5365 2441 5404 versus
2465 5363 2547 5400 eos
2574 5345 2659 5415 qui
2686 5359 2762 5396 me
2793 5353 3172 5412 persequuntur.
3206 5339 3304 5403 Qui
3333 5343 3456 5390 sunt
3480 5335 3566 5404 qui
3598 5343 3648 5388 te
3679 5350 3881 5404 perse-

2276 5437 2549 5510 quuntur?
2593 5435 2753 5489 Forte
2791 5433 2996 5485 vicinus
3027 5440 3145 5484 tuus
3167 5472 3180 5490 ,
3214 5438 3304 5481 aut
3344 5427 3434 5481 ille
3460 5417 3617 5494 quem
3651 5425 3882 5491 laesisti,

2341 5530 2356 5560 ²
2382 5529 2455 5577 sic
2475 5534 2576 5574 Mss.
2606 5530 2660 5574 At
2683 5523 2796 5572 ωε.
2819 5536 2832 5572 :
2859 5531 2970 5572 Hart:
2993 5533 3132 5570 arma
3154 5525 3316 5569 nostra
3337 5522 3446 5568 sunt
3472 5514 3580 5575 Dei,
3604 5517 3742 5578 quod
3767 5515 3886 5579 legi;

2275 5596 2517 5708 "laxatis:
2552 5644 2766 5717 quamuis
2804 5644 2924 5717 luce
2943 5640 3191 5717 sapientia:
3211 5648 3256 5693 et
3293 5638 3636 5717 ςςιτιιεσαιῑοηξς
3665 5636 3885 5717 vibrata.

2282 5721 2338 5782 At
2361 5721 2487 5782 vss,
2507 5699 2853 5782 coruscatioue.
2876 5713 2935 5757 Et
2957 5699 3020 5777 ex
3036 5707 3115 5782 his
3137 5703 3353 5774 nonnulli
3379 5717 3390 5752 :
3419 5699 3637 5782 quamvis
3660 5699 3775 5750 luce
3812 5716 3887 5750 sa.

2283 5762 2773 5838 pientite'rpicndida,
2798 5767 3012 5832 quamvis
3035 5773 3079 5817 et
3102 5762 3635 5816 coruscatione'vibratu
