4032 6464
225 428 327 482 325

229 561 314 607 aut
336 553 422 608 cui
451 551 634 610 fecisti
659 554 924 626 injuriam,
959 567 1050 609 aut
1088 554 1177 625 qui
1206 553 1316 606 vult
1338 550 1545 606 auferre
1571 565 1655 604 res
1685 559 1823 613 tuas,

230 654 314 702 aut
336 655 527 700 contra
559 660 724 716 quem
767 645 1020 716 praedicas
1046 645 1320 700 veritatem
1348 684 1362 706 ,
1389 651 1477 696 aut
1517 641 1669 710 cujus
1698 653 1827 708 pec-

232 748 402 792 catum
432 735 730 808 obiurgas,
775 744 866 790 aut
910 751 1066 804 quem
1107 734 1247 788 male
1287 734 1548 786 viventem
1593 730 1725 783 bene
1754 727 1830 780 vi-

235 827 400 882 vendo
427 827 605 882 laedis.
650 827 786 884 Sunt
831 826 1043 898 quidem
1082 834 1136 880 et
1182 825 1266 879 isti
1316 822 1512 876 inimici
1543 817 1747 884 nostri,
1775 824 1830 872 et

234 929 634 992 persequuntur
654 935 752 984 nos
780 937 794 974 :
821 919 914 973 sed
941 920 1075 974 alios
1100 917 1355 975 docemur
1378 915 1619 969 inimicos
1645 925 1825 975 nosse,

233 1020 416 1066 comm
461 1025 602 1082 quos
647 1009 982 1067 invisibiliter
1023 1009 1356 1072 dimicamus,
1403 1006 1470 1060 de
1511 1002 1700 1076 quibus
1731 1016 1829 1056 nos

235 1101 486 1156 admonet
519 1101 813 1170 Apostolus
852 1101 1034 1155 dicens
1066 1117 1079 1153 ε
1117 1098 1235 1152 Non
1266 1107 1336 1152 est
1379 1097 1519 1150 nobis
1543 1092 1828 1148 colluctatio

233 1192 473 1244 mlversur
488 1206 695 1245 eamut
717 1201 760 1244 ct
782 1191 1095 1261 sanguinem.
1121 1190 1171 1242 id
1193 1198 1271 1242 est
1288 1187 1542 1242 adversus
1566 1187 1825 1248 homines;

237 1296 336 1335 non
362 1279 630 1336 adversus
654 1295 748 1336 eos
774 1295 906 1351 quos
935 1280 1144 1346 videtis,
1175 1279 1267 1334 sed
1296 1278 1550 1332 adversus
1579 1291 1671 1330 eos
1695 1291 1830 1346 quos

235 1386 333 1423 non
364 1369 593 1432 videtis;
623 1370 864 1425 adversus
891 1371 1139 1441 principes
1168 1379 1213 1423 et
1256 1379 1517 1440 potestates
1545 1377 1590 1421 et
1618 1378 1828 1420 rectores

234 1461 410 1513 mundi
436 1461 758 1516 tenebrarum
785 1461 964 1514 harum
992 1461 1221 1532 (Epltes.
1255 1476 1326 1523 γι,
1358 1460 1476 1529 12).
1518 1457 1648 1512 Cum
1680 1458 1826 1512 dicc-

237 1560 309 1603 ret
337 1548 486 1604 enim
518 1560 738 1605 rcctores
763 1551 936 1604 mundi
969 1551 1199 1620 (dicebat
1227 1551 1418 1620 quippe
1443 1549 1510 1604 de
1538 1548 1750 1602 diabolo
1776 1557 1828 1602 ct

235 1641 434 1711 angelis
455 1642 596 1715 ejus)
626 1685 641 1710 ,
682 1642 976 1698 cavendum
1022 1653 1136 1698 erat
1186 1659 1251 1697 ne
1295 1643 1431 1696 male
1479 1641 1829 1711 intelligerent

236 1733 480 1788 homines
507 1778 521 1799 ,
552 1745 606 1791 ct
657 1745 902 1806 putarent
928 1752 956 1789 a
998 1735 1210 1790 diabolo
1261 1744 1313 1790 et
1351 1734 1683 1788 dazmonibus
1711 1731 1828 1801 ejus

236 1825 491 1880 mundum
522 1827 656 1897 regi.
686 1828 790 1884 Sed
822 1829 942 1900 quia
990 1815 1218 1883 mundus
1257 1827 1448 1881 dicitur
1478 1826 1590 1880 luce
1630 1823 1826 1878 fabrica

235 1932 390 1985 quam
421 1917 667 1972 videmus
699 1920 714 1949 ¹
738 1960 752 1984 ,
780 1929 832 1972 et
875 1919 925 1972 in
972 1918 1335 1987 peccatoribus
1361 1917 1551 1972 dicitur
1577 1915 1823 1980 mundus,

240 2017 286 2059 el
313 2008 361 2058 in
393 2007 474 2060 eis
506 2007 596 2077 qui
627 2008 852 2078 diligunt
881 2009 1156 2074 mundum,
1185 2009 1251 2063 de
1279 2009 1467 2079 quibus
1497 2006 1693 2062 dictum
1723 2015 1824 2070 est,

239 2095 550 2151 Ettnundus
593 2115 707 2151 eum
757 2117 855 2154 non
903 2102 1130 2171 cognovit
1180 2099 1363 2175 (Joan.
1416 2116 1453 2166 ι,
1503 2099 1639 2168 10);
1683 2098 1828 2154 etde

236 2186 426 2256 quibus
448 2188 649 2242 dictum
678 2200 779 2255 est,
809 2188 960 2246 Totus
986 2191 1201 2244 mundus
1226 2192 1276 2244 in
1307 2193 1526 2262 ntahgno
1547 2192 1737 2261 positus
1757 2200 1828 2244 est

239 2279 293 2349 (Ι
323 2277 484 2333 Joan.
519 2296 592 2344 v,
641 2280 782 2352 l9);
831 2283 1077 2353 exposuit
1121 2283 1406 2352 Apostolus
1449 2281 1601 2351 cujus
1647 2281 1827 2336 mundi

235 2379 413 2425 essent
442 2383 682 2427 rectores
708 2409 724 2439 ,
754 2375 1088 2439 tenebrarum,
1122 2375 1312 2444 inquit,
1347 2375 1547 2427 Iterum.
1575 2375 1829 2430 nectores

235 2464 461 2533 mundi,
494 2466 619 2520 dico
644 2507 657 2528 .
694 2474 930 2521 rectores
989 2467 1325 2522 tenebrarum
1373 2466 1578 2520 harum.
1627 2467 1830 2520 ltursus

236 2556 369 2627 cogit
399 2571 500 2610 nos
531 2556 829 2626 intelligere
855 2557 980 2628 quid
1011 2558 1245 2622 dixerit,
1284 2557 1596 2611 tenebrarum
1627 2557 1824 2610 Irarum.

236 2647 468 2716 Quarum
503 2648 841 2703 tenebrarum
887 2658 1122 2705 rectores
1167 2658 1288 2702 sunt
1315 2648 1554 2703 diabolus
1579 2659 1630 2704 et
1659 2647 1829 2716 angeli

235 2737 385 2806 ejus?
425 2737 681 2793 Omnium
725 2737 1050 2802 inﬁdelium,
1098 2739 1332 2793 omnium
1383 2740 1719 2809 iniquomm,
1763 2737 1831 2794 de

236 2829 426 2898 quibus
455 2827 659 2882 dictum
689 2838 771 2883 est
805 2846 818 2882 :
852 2827 964 2882 Lux
1000 2830 1129 2882 lucet
1171 2829 1224 2882 in
1268 2829 1514 2894 tenebris,
1547 2839 1590 2882 et
1619 2830 1833 2881 tantum:

237 2934 342 2972 eam
371 2934 477 2971 non
522 2918 1009 2988 comprehenderunt
1059 2917 1246 2988 (Joan.
1296 2936 1341 2985 I,
1371 2918 1457 2989 5).
1492 2918 1727 2988 Denique
1764 2935 1829 2974 ex

238 3006 470 3076 ipsorum
501 3024 727 3063 numero
753 3009 1092 3065 credentibus
1134 3010 1346 3072 tuultis,
1378 3009 1503 3079 quid
1531 3008 1659 3063 dicit
1689 3009 1829 3065 idem

237 3097 549 3165 apostolus?
575 3095 770 3152 Fuisti:
791 3104 922 3152 enim
944 3099 1217 3167 aliquando
1238 3097 1452 3153 tenebrat
1469 3139 1483 3164 ,
1512 3115 1645 3152 nunc
1667 3109 1834 3154 autem

240 3185 325 3239 (tu:
346 3187 398 3240 in
432 3185 652 3242 Domino
681 3186 910 3260 (Ep/tes.
945 3204 996 3255 ν,
1025 3187 1108 3259 8).
1137 3187 1252 3243 Non
1281 3190 1361 3244 vis
1387 3191 1494 3261 regi
1522 3205 1550 3242 τι
1577 3189 1834 3244 dialmlo?

239 3275 396 3346 Nigra
428 3277 494 3331 ad
524 3277 721 3332 lucem.
751 3279 814 3332 Et
845 3279 983 3333 unde
1009 3279 1258 3349 migrabis
1283 3279 1349 3334 ad
1381 3279 1552 3335 lucem
1580 3321 1595 3348 ,
1626 3281 1724 3335 nisi
1751 3281 1831 3335 ef-

241 3368 421 3424 fundat
449 3369 542 3425 iile
567 3369 824 3426 frameam
848 3413 862 3436 ,
896 3380 951 3426 et
988 3381 1142 3426 eruat
1171 3382 1221 3428 te
1259 3372 1327 3426 ab
1358 3373 1584 3427 inimicis
1612 3373 1713 3426 tuis
1738 3415 1753 3439 ,
1781 3382 1834 3427 ct

240 3477 265 3512 a
306 3463 754 3532 persequentibus
796 3463 902 3517 te?
947 3462 1228 3530 Quomodo
1272 3463 1494 3518 cﬂ‘uudit
1535 3462 1833 3518 frameam?

248 3554 533 3620 (Quoniam
583 3555 692 3624 jam
723 3555 1020 3610 audivimus
1071 3556 1196 3625 quid
1250 3556 1318 3611 sit
1368 3555 1566 3610 framea
1618 3556 1830 3625 ipsius:

242 3647 412 3698 anima
442 3645 585 3699 enim
622 3647 749 3716 justi
774 3645 904 3719 est.)
950 3647 1232 3703 Abnndent
1269 3648 1395 3718 justi
1421 3681 1437 3714 ,
1467 3657 1522 3702 et
1550 3646 1836 3703 eﬂunditur

244 3737 439 3790 fnitnea
465 3777 480 3800 ,
512 3744 569 3790 et
618 3737 954 3792 concluditur
995 3739 1250 3793 adversus
1297 3737 1561 3793 inimicos.
1607 3737 1736 3792 Nam
1767 3737 1835 3794 de

242 3826 352 3896 ipsa
380 3826 646 3884 effusione
673 3827 890 3886 framea:
923 3846 1146 3886 monens
1192 3831 1478 3900 Apostolus
1508 3839 1564 3885 ut
1587 3831 1728 3901 justc
1754 3831 1834 3885 vi-

243 3934 428 3974 vamus
447 3962 462 3985 ,
493 3920 545 3974 in
571 3921 914 3992 consequenti
945 3921 1018 3976 ait
1050 3939 1061 3974 :
1097 3920 1164 3977 Ut
1191 3922 1506 3977 adversarius
1534 3932 1832 4001 revereatur,

242 4009 371 4063 nihil
394 4010 585 4065 habens
611 4011 674 4064 de
699 4012 839 4066 nobis
868 4013 1034 4066 dicere
1061 4030 1270 4083 pravum
1302 4013 1438 4085 (Tit.
1469 4030 1502 4068 ιι
1527 4057 1541 4076 ,
1574 4012 1665 4086 8).
1699 4015 1836 4069 Con-

241 4105 450 4156 clusnm
482 4111 564 4156 est
601 4102 858 4158 adversus
899 4119 1021 4159 eum
1049 4145 1063 4168 ,
1110 4106 1232 4176 quia
1277 4103 1418 4175 quod
1463 4105 1708 4176 loquatur
1739 4103 1837 4160 ads

243 4209 430 4249 versus
459 4203 709 4261 sanctos;
742 4210 846 4249 non
881 4206 1054 4267 potest
1085 4198 1346 4252 invenire.

313 4284 370 4338 5.
404 4284 469 4339 Et
497 4285 639 4340 unde
663 4295 820 4340 erunt
839 4286 1005 4356 justi?
1033 4289 1135 4342 Aut
1161 4287 1284 4358 quid
1316 4288 1496 4342 dicunt
1522 4287 1719 4342 inimici
1747 4287 1835 4357 qui

244 4390 346 4429 nos
374 4376 1109 4446 persequuntur?invisibiles
1131 4377 1203 4432 illi
1235 4379 1358 4450 quid
1389 4379 1569 4434 dicunt
1601 4379 1834 4432 inimici?

244 4467 330 4522 isti
378 4467 552 4522 nihil?
575 4468 805 4524 Maxime
834 4471 1134 4540 suggeritur
1162 4469 1396 4524 hmnauo
1424 4470 1571 4524 cordi
1604 4471 1670 4524 ab
1702 4471 1837 4524 invi-

243 4561 472 4615 sibiliter
499 4562 923 4632 expugnantibus
942 4563 1167 4617 inimicis
1184 4563 1225 4628 ¹,
1249 4562 1370 4633 quia
1402 4561 1543 4615 Deus
1565 4561 1715 4616 nobis
1733 4577 1836 4616 non

245 4665 323 4707 est
360 4653 574 4721 adjutor
601 4671 615 4706 ε
646 4662 703 4707 ιιι
725 4654 1054 4724 requirentes
1080 4655 1180 4708 alia
1204 4653 1484 4723 adjuturia.
1506 4653 1840 4707 inveniamur

245 4747 489 4813 invalidi,
517 4756 572 4802 et
595 4747 662 4802 ab
687 4747 914 4801 inimicis
942 4748 1067 4818 ipsis
1093 4748 1380 4816 capiamur.
1417 4747 1528 4801 lioc
1556 4762 1680 4816 ergo
1711 4761 1838 4816 sug-

246 4843 466 4911 geritur.
503 4838 703 4895 Contra
729 4842 857 4895 istas
882 4858 1037 4895 voces
1065 4842 1292 4894 maxime
1323 4840 1538 4911 vigilare
1559 4839 1836 4905 debemus,

246 4951 365 5004 quae
397 4936 451 4991 in
478 4935 586 4989 alio
615 4934 818 5006 psalmo
847 4935 1197 4989 ostenduntur
1230 4950 1243 4986 :
1279 4932 1430 4986 Multi
1460 4933 1723 5002 insurgunt
1750 4933 1844 4985 ad-

248 5044 446 5083 tm'sunt
474 5045 573 5094 me,
604 5028 750 5081 nmlti
776 5027 948 5082 dicunt
977 5029 1160 5082 animm
1182 5044 1304 5082 mea:
1331 5044 1348 5080 .·
1373 5026 1490 5081 Non
1511 5039 1584 5081 est
1609 5029 1747 5081 salus
1768 5028 1844 5080 illi

251 5119 298 5171 in
332 5118 443 5172 Deo
468 5120 582 5190 ejus
613 5117 784 5188 (Psal.
819 5135 871 5172 ut
894 5159 908 5182 ,
937 5118 1002 5184 ‘2,
1035 5121 1114 5190 5).
1145 5117 1340 5173 Contra
1367 5119 1504 5172 istas
1534 5134 1691 5173 voces
1717 5118 1842 5188 quid

251 5209 335 5264 hic
374 5211 608 5266 dicitur?
640 5210 734 5264 Dic
761 5213 943 5265 aninuv
969 5229 1109 5276 metu,
1138 5211 1293 5266 Salus
1321 5221 1406 5264 tua
1429 5228 1519 5281 ego
1549 5229 1678 5265 sunt.
1713 5212 1844 5267 Cum

250 5299 452 5356 dixeris
477 5303 671 5356 anima:
700 5318 855 5368 meas,
882 5301 1035 5357 Salus
1064 5312 1148 5355 tua
1165 5320 1252 5374 rgo
1277 5319 1410 5368 sunt,
1440 5301 1578 5369 juste
1611 5302 1771 5368 \ivct,
1792 5311 1849 5358 ut

252 5394 528 5447 neminem
568 5394 620 5447 in
651 5394 971 5461 adjutorium
1005 5405 1196 5464 prarter
1228 5405 1278 5448 te
1306 5409 1560 5464 quazram.

327 5484 384 5541 6.
410 5483 564 5559 [υς-η.
612 5483 692 5559 4.]
726 5485 791 5540 Et
821 5485 944 5557 quid
972 5485 1254 5557 sequitur?
1281 5484 1666 5554 Confundantur
1698 5494 1743 5538 et
1764 5501 1846 5540 re-

318 5673 337 5707 ¹
375 5679 487 5722 Mss.
510 5673 663 5723 nostri
682 5683 851 5720 omnes
867 5671 1107 5729 omittunt,
1126 5667 1230 5720 lucc
1253 5667 1436 5731 fabrica
1458 5681 1601 5731 quam
1619 5667 1849 5731 ridemus.

317 5737 341 5767 ³
378 5733 604 5796 Plerique
625 5732 956 5796 _.\t_ss.,lqt;i__n_os
971 5729 1317 5796 persequuntur
1332 5729 1589 5796 invisibiles
1603 5730 1716 5782 illi?
1733 5732 1850 5796 quid

260 5791 636 5864 dirtmtjniinici
657 5793 735 5844 isti
757 5791 925 5842 1"Ailtil
1180 5791 1451 5864 suggeritur
1481 5792 1690 5864 humano
1712 5791 1852 5844 cordi

260 5860 316 5910 ὠ
341 5857 644 5910 ittvisibittter
666 5855 1046 5920 expugnantibus
1068 5853 1291 5916 inimicis,
1316 5853 1410 5904 nis’
1443 5853 1556 5917 quia
1585 5863 1725 5919 Deus,
1756 5863 1848 5905 etc.

1300 408 1696 466 ΕΝΛΒΒᾹΤΙΟ
1735 407 1798 462 IN
1837 405 2161 463 PSALMUM
2205 407 2445 464 XXXIV.

3409 421 3514 474 326

1945 535 2208 579 vereantur
2249 527 2551 595 requirentes
2587 528 2806 597 animant
2855 548 3062 587 meam:
3106 534 3170 588 ad
3219 536 3318 591 hoc
3371 541 3517 594 enim
3573 520 3580 527 ⁸

1937 614 2081 669 illam
2111 618 2385 685 requirnnt
2411 658 2424 680 ,
2455 627 2512 671 ut
2535 621 2779 686 perdant.
2804 621 2932 675 Nam
2964 625 3159 679 utinam
3199 627 3336 684 bene
3363 647 3514 699 qua:-

1934 706 2090 759 rant!
2125 704 2181 759 ln
2206 706 2310 760 alio
2346 708 2544 777 quippe
2575 711 2778 778 psalmo
2810 712 2908 766 hoc
2951 716 3294 781 reprehendit
3338 719 3391 774 in
3413 721 3510 775 ho-

1935 795 2206 862 minibus,
2236 799 2356 867 quia
2385 815 2489 854 non
2528 811 2643 855 erat
2689 804 2775 871 qui
2819 805 3113 874 requireret
3152 810 3382 864 animam
3432 814 3519 882 ip~

1937 886 2050 941 sius
2081 905 2096 942 :
2133 886 2300 942 Periit
2321 890 2442 960 fuga
2464 907 2495 944 a
2516 906 2620 955 me,
2644 903 2690 946 et
2711 910 2810 947 non
2831 904 2900 947 est
2935 897 3022 964 qui
3050 899 3268 965 requirat
3294 902 3518 957 animam

1933 993 2096 1031 meam
2129 977 2304 1044 (Psal.
2328 995 2446 1035 cm
2468 1023 2482 1045 ,
2511 979 2590 1054 5).
2620 983 2750 1050 Quis
2769 997 2850 1038 est
2879 987 2964 1040 ille
2991 989 3079 1056 qui
3110 989 3237 1044 dicit
3261 1008 3275 1041 :
3305 988 3426 1046 Non
3447 1003 3518 1047 est

1934 1067 2020 1132 qui
2038 1069 2255 1137 requirat
2276 1071 2495 1124 animam
2521 1075 2758 1130 meant‘?
2798 1075 3060 1146 Numquid
3101 1078 3235 1132 forte
3265 1082 3354 1136 illc
3391 1093 3473 1136 est
3496 1127 3512 1147 ,

1933 1155 2130 1226 dequo
2189 1167 2334 1211 tanto
2374 1171 2498 1215 ante
2536 1164 2844 1230 praedictum
2875 1181 2950 1219 (‘St
2978 1207 2994 1229 ,
3027 1165 3286 1223 Foderunt
3334 1187 3516 1226 manus

1933 1257 2068 1299 mde
2089 1255 2133 1299 et
2171 1246 2318 1315 pedes
2350 1265 2517 1317 turos,
2556 1252 2996 1308 dinumeraverunt
3016 1259 3187 1310 omnia
3219 1275 3333 1312 ossa
3363 1277 3472 1314 mea
3497 1280 3515 1325 ,'

1931 1337 2029 1406 ipsi
2044 1354 2156 1391 vero
2177 1341 2614 1396 considerovernnt
2644 1353 2691 1397 et
2713 1358 3078 1416 conspexerunt
3099 1366 3213 1416 me;
3242 1352 3516 1405 diuiserunt

1931 1427 2024 1481 sibi
2062 1430 2353 1483 vestimenta
2387 1449 2529 1495 mea,
2563 1445 2608 1487 et
2642 1451 2794 1502 super
2839 1449 3021 1491 vestem
3071 1457 3232 1494 nteant
3274 1443 3516 1498 miserunt

1931 1532 2112 1575 sortem
2144 1521 2324 1590 (Psal.
2345 1538 2438 1578 ‘xxt
2463 1567 2476 1591 ,
2508 1519 2572 1581 i7
2613 1527 2872 1592 l9)?.lmn
2901 1531 3077 1585 omnia
3115 1532 3210 1587 ista
3241 1545 3364 1589 ante
3389 1551 3516 1590 ocu-

1933 1610 2012 1664 lus
2033 1626 2220 1665 eorum
2253 1612 2478 1677 ﬁebant,
2502 1624 2555 1670 et
2600 1632 2758 1671 nemo
2785 1628 2898 1673 erat
2933 1621 3022 1690 qui
3065 1624 3358 1693 requireret
3395 1627 3514 1680 ani-

1933 1717 2072 1755 mam
2104 1703 2240 1770 ejus.
2267 1699 2578 1760 lnvoeemns
2602 1721 2763 1776 ergo,
2809 1708 3000 1763 fratres
3024 1750 3037 1775 ,
3065 1723 3122 1766 ut
3151 1713 3292 1767 dicat
3322 1715 3516 1770 anima:

1932 1801 2127 1846 nosme
2153 1811 2167 1848 :
2201 1793 2357 1849 Salus
2380 1805 2466 1848 tua
2488 1813 2576 1867 ego
2597 1814 2709 1852 sum
2729 1816 2748 1864 ,'
2770 1808 2819 1854 et
2849 1803 3053 1870 aperiat
3089 1819 3246 1860 aures
3273 1807 3388 1875 ejus
3407 1850 3420 1872 ,
3458 1818 3516 1862 ut

1931 1885 2111 1939 audiat
2136 1887 2400 1942 dicentem
2427 1905 2442 1944 :
2474 1890 2631 1945 Salus
2652 1903 2738 1946 tua
2760 1910 2848 1964 ego
2877 1911 3008 1948 sum.
3043 1897 3178 1950 Dicit
3206 1901 3378 1964 enim,
3418 1901 3512 1955 scd

1932 1975 2146 2046 quidam
2178 1977 2604 2035 obsurdescunt:
2651 1983 2789 2038 unde
2835 1985 3060 2040 audiUut
3107 1990 3280 2056 potius
3331 2006 3513 2059 perse-

1931 2077 2157 2137 quentes
2179 2069 2424 2125 inimicos
2445 2071 2497 2126 in
2529 2073 2868 2131 tribulatione
2890 2081 3185 2135 constituti.
3213 2083 3266 2137 Si
3311 2084 3510 2154 aliqud

1931 2159 2116 2224 deest,
2145 2159 2188 2214 si
2231 2161 2281 2215 in
2326 2171 2550 2232 angusto
2583 2174 2665 2220 est
2705 2166 2908 2235 anima,
2952 2169 3003 2222 iu
3038 2171 3211 2239 inOpia
3245 2182 3516 2242 tempura~

1932 2249 2093 2317 lium,
2121 2255 2310 2323 quazrit
2346 2255 2599 2310 auxilium
2638 2259 2947 2330 plerumque
2973 2277 3001 2315 a
3029 2262 3393 2328 d.emouihus,
3429 2283 3518 2319 ar-

1933 2343 2175 2413 reptitios
2195 2345 2497 2402 d:emonu'm
2524 2349 2633 2403 vult
2655 2354 2932 2407 consulere
2953 2394 2966 2414 .
3018 2355 3301 2426 sortilegos
3321 2359 3341 2389 ¹
3369 2374 3516 2427 qua:-

1933 2436 2039 2491 rit:
2088 2443 2458 2505 persecutores
2488 2440 2631 2495 illam
2675 2441 2858 2498 hostes
2899 2443 3192 2502 invisibiles
3233 2448 3513 2514 adierunt,

1935 2523 2293 2592 intraverunt,
2324 2543 2794 2600 expugnaverunt,
2825 2535 3252 2604 captivavernnt,
3279 2539 3520 2592 vicerunt

1934 2613 2206 2671 dierndo:
2242 2617 2362 2674 Non
2411 2630 2481 2675 est
2532 2623 2780 2678 salutilli
2832 2626 2883 2679 in
2913 2625 3022 2680 Deo
3073 2631 3201 2698 ejus.
3230 2629 3520 2687 Obsurduit

1939 2715 2122 2760 contra
2146 2723 2330 2763 vocem
2363 2710 2627 2767 dicentem
2655 2732 2669 2768 :
2697 2715 2852 2770 Salus
2877 2725 2964 2770 tua
2989 2734 3080 2788 ego
3115 2737 3244 2774 sunt.
3273 2719 3372 2774 Dic
3403 2723 3517 2775 ani-

1935 2812 2034 2850 mt:
2061 2813 2184 2852 mea:
2204 2814 2222 2852 :
2246 2799 2400 2854 Salus
2429 2812 2514 2854 tua
2537 2820 2627 2873 ego
2653 2821 2762 2858 sum
2781 2841 2796 2871 ,
2828 2815 2884 2859 ut
2903 2811 3281 2878 confundantur
3300 2820 3346 2864 et
3380 2827 3518 2864 reve-

1934 2898 2144 2942 reantur
2165 2892 2708 2960 requirentesanimant
2737 2913 2920 2961 nteant,
2953 2899 3036 2950 cui
3068 2898 3201 2953 dicis
3228 2909 3279 2953 tn
3312 2916 3326 2956 :
3360 2901 3518 2956 Salus

1936 2984 2021 3030 tua
2072 2995 2162 3048 ego
2200 2997 2329 3032 smn.
2363 2982 2583 3037 Audiam
2613 2983 2876 3040 dicentem
2905 2988 3070 3041 mihi:
3103 2989 3260 3043 Salus
3303 3001 3392 3044 tua
3429 3009 3519 3063 ego

1933 3082 2068 3126 sum.
2094 3069 2263 3124 Aliam
2293 3071 2517 3127 salutem
2546 3091 2650 3128 non
2682 3076 2946 3146 requiram
2974 3117 2988 3143 ,
3020 3088 3213 3148 pra-ter
3241 3081 3519 3138 Dominum

1940 3158 2105 3214 Deum
2139 3176 2337 3216 meum.
2380 3163 2452 3217 De
2481 3177 2724 3220 creatura
2756 3167 2884 3220 mihi
2923 3169 3065 3222 salus
3096 3175 3423 3239 suggeritur;
3452 3171 3521 3226 ab

1939 3251 2054 3319 ipso
2085 3260 2166 3308 est
2195 3270 2208 3306 :
2242 3262 2297 3309 et
2340 3256 2383 3309 si
2416 3256 2535 3311 levo
2579 3261 2763 3314 oculos
2813 3275 2959 3314 meos
2990 3260 3041 3314 in
3091 3273 3327 3326 montes.
3383 3265 3522 3319 nmio

1937 3344 2117 3399 veniat
2149 3346 2404 3400 auxilium
2437 3348 2606 3413 mihi;
2665 3363 2768 3403 non
2804 3359 2978 3404 tmuen
3020 3366 3047 3403 a
3095 3353 3395 3419 muntilms,
3427 3355 3520 3408 sed

1937 3434 2190 3488 auxilium
2221 3451 2396 3490 meum
2433 3453 2462 3490 a
2492 3438 2718 3492 Domino
2738 3439 2828 3510 qui
2866 3439 2990 3494 fecit
3017 3443 3210 3496 C(Bilttll
3240 3451 3291 3496 et
3323 3447 3520 3498 teri-ani

1940 3523 2111 3594 (Psal.
2163 3541 2263 3582 cxx
2291 3569 2307 3593 ,
2348 3529 2414 3595 1,
2451 3526 2530 3601 2).
2576 3529 2630 3584 ln
2677 3530 2807 3598 ipsis
2851 3533 3230 3601 temporalibus
3266 3537 3522 3603 angustiis

1938 3629 2034 3684 per
2059 3616 2326 3672 hominem
2357 3620 2600 3674 subvenit
2637 3621 2806 3684 Deus;
2839 3621 2984 3675 salus
3017 3630 3102 3675 tua
3143 3623 3255 3690 ipse
3297 3634 3397 3676 est.
3423 3624 3523 3678 Per

1938 3705 2186 3778 angelum
2227 3708 2473 3764 subvenit
2516 3712 2684 3777 Deus;
2725 3714 2868 3766 salus
2909 3723 2993 3766 tua
3033 3715 3145 3782 ipse
3188 3725 3290 3768 est.
3331 3714 3519 3769 Omnia

1940 3799 2015 3853 illi
2048 3798 2284 3870 subjecta
2315 3811 2469 3867 sunt,
2499 3810 2554 3857 et
2574 3803 2638 3856 ad
2668 3807 2822 3858 istam
2868 3804 3080 3873 quidem
3116 3805 3276 3858 vitam
3319 3816 3523 3876 tempo-

1940 3893 2106 3948 ralem
2135 3894 2415 3961 subvenit,
2441 3895 2530 3950 alii
2568 3896 2690 3952 inde
2712 3940 2726 3962 ,
2756 3898 2844 3953 alii
2872 3898 2992 3951 inde
3019 3916 3032 3953 :
3061 3907 3315 3952 mternam
3363 3900 3520 3952 vitam

1943 3999 2048 4038 non
2086 3984 2176 4038 dat
2215 3985 2314 4039 nisi
2343 3985 2410 4040 de
2434 4002 2513 4042 se.
2545 3986 2684 4042 Ecce
2715 3987 2766 4041 in
2809 3989 3066 4058 angustiis
3094 3989 3384 4043 constituzo
3417 4003 3522 4042 non

1941 4074 2127 4128 subest
2153 4075 2292 4145 quod
2315 4077 2510 4146 qumris
2528 4119 2542 4143 ,
2575 4078 2667 4132 sed
2686 4078 2837 4133 adest
2864 4095 3017 4148 quem
3045 4080 3258 4147 qumris.
3290 4078 3357 4132 Et
3378 4079 3523 4133 illum

1941 4179 2120 4233 qumrc
2145 4165 2233 4234 qui
2259 4165 2446 4221 deesse
2471 4183 2742 4238 nunquam
2775 4177 2973 4238 potest.
2995 4168 3384 4224 Subtraltantur
3407 4185 3526 4238 qua:

1941 4252 2123 4320 dedit;
2154 4255 2408 4324 ntnuquid
2458 4257 2793 4311 subtrahitur
2840 4258 2928 4327 qui
2979 4258 3160 4311 dedit?
3217 4258 3526 4312 lteddautur

1941 4360 2060 4414 qum
2085 4344 2339 4411 dederat;
2371 4348 2624 4416 numquid
2654 4348 2781 4417 ipsa:
2805 4358 2930 4403 sunt
2955 4349 3149 4402 divitia-
3176 4364 3295 4402 cum
3321 4349 3524 4403 reddita

1943 4433 2139 4488 fuerint
2169 4435 2254 4488 illa
2277 4476 2290 4502 ,
2321 4444 2375 4490 et
2403 4451 2507 4490 non
2534 4437 2621 4491 ille
2647 4438 2734 4504 qui
2757 4438 3092 4491 subtraxerat
3134 4437 3408 4506 probando
3427 4476 3441 4502 ,
3469 4445 3524 4491 et

1943 4525 2177 4581 reddidit
2207 4527 2571 4583 consolando?
2593 4527 2910 4584 Consolatur
2947 4530 3088 4583 enim
3116 4529 3327 4600 quando
3373 4530 3521 4583 nubis

1945 4617 2042 4671 ista
2091 4633 2194 4672 non
2221 4617 2435 4673 desunt.
2469 4618 2787 4676 Consolatur
2816 4631 3062 4690 tanquam
3105 4622 3156 4674 in
3197 4621 3313 4687 via,
3345 4619 3435 4674 sed
3478 4619 3520 4670 si

1945 4725 2044 4764 nos
2072 4711 2430 4782 intelligamus
2451 4712 2589 4767 viam
2616 4731 2630 4769 :
2666 4713 2789 4784 quia
2831 4723 2938 4768 tutu
2975 4715 3072 4768 ista
3107 4714 3208 4767 vita
3233 4754 3246 4778 ,
3270 4723 3318 4766 et
3348 4711 3522 4766 omnia

1947 4802 2136 4872 quibus
2167 4804 2330 4858 uteris
2375 4805 2428 4859 in
2477 4806 2576 4860 hac
2605 4806 2706 4860 vita
2735 4849 2749 4873 ,
2780 4807 2857 4860 sic
2908 4807 2998 4860 tibi
3045 4807 3383 4860 debentesse
3410 4813 3524 4858 tan-

1948 4911 2102 4966 quam
2131 4897 2393 4953 stabulum
2424 4899 2646 4966 viatori,
2682 4915 2786 4953 non
2820 4908 3078 4969 tanquam
3103 4899 3290 4953 domus
3317 4896 3525 4949 habita-

1949 4989 2074 5044 tori.
2105 4991 2371 5046 Memento
2401 4993 2668 5062 peregisse
2697 5002 2744 5046 te
2783 4993 2978 5061 aliquid
3000 5034 3014 5058 ,
3049 5001 3248 5046 restare
3277 4991 3474 5062 aliquid
3505 5009 3523 5046 :

1951 5083 2233 5139 divertisse
2257 5096 2307 5139 te
2330 5085 2393 5137 ad
2421 5085 2763 5139 refectionem
2783 5127 2797 5151 ,
2819 5101 2921 5139 non
2945 5086 3008 5137 ad
3038 5084 3412 5138 defectionem.
3444 5098 3446 5100 '

2023 5177 2074 5230 7.
2099 5176 2235 5230 Sunt
2270 5179 2356 5246 qui
2385 5178 2566 5230 dicunt
2595 5193 2607 5231 :
2661 5178 2801 5232 Deus
2839 5178 3009 5233 bonus
3029 5219 3043 5243 ,
3075 5191 3295 5246 magnus
3318 5217 3332 5239 ,
3373 5189 3524 5227 sum-

1953 5281 2106 5329 nms,
2159 5265 2438 5319 invisibilis
2471 5307 2484 5328 ,
2539 5279 2771 5321 :eteruus
2803 5309 2817 5333 ,
2862 5266 3274 5334 incm-ruptibilis
3303 5303 3319 5329 ,
3360 5264 3521 5318 vitam

1954 5342 2208 5412 a‘tcruam
2240 5357 2391 5412 nobis
2420 5357 2642 5413 daturus
2671 5368 2785 5424 est,
2815 5367 2867 5412 et
2894 5359 3035 5412 illam
3081 5352 3525 5423 incorruptionem

2017 5550 2246 5614 {Omnes
2266 5564 2414 5614 prope
2451 5558 2752 5614 ttss.carent
2789 5552 2860 5601 his
2884 5551 3060 5607 verbis,
3073 5547 3197 5614 puis
3233 5551 3302 5596 est
3336 5545 3532 5614 itteth

1958 5610 2095 5678 dicit,
2121 5608 2308 5678 AoaeIst
2330 5608 2421 5678 (iui
2438 5613 2650 5674 requirat
2674 5616 2878 5678 annnam
2895 5608 3094 5678 metuit?
3129 5617 3181 5658 et
3199 5609 3528 5678 fortttnnleco

1957 5673 2152 5739 habent,
2249 5681 2318 5725 est
2337 5668 2421 5738 qui
2443 5668 2647 5739 quierat,
2672 5675 2781 5739 oris
2802 5680 2869 5724 est
2887 5671 2968 5723 ille
2981 5670 3064 5732 qui
3076 5668 3375 5734 cruci/igitur
3395 5669 3422 5721 .9
3435 5680 3532 5720 Non

1955 5733 2126 5805 cst-qui
2148 5732 2294 5805 dicat,
2317 5732 2561 5805 namquid
2576 5732 3018 5805 fui‘t_é_ilte_e£t,netc.
3113 5800 3124 5805 Δ
3198 5732 3218 5805 ς
3389 5795 3400 5805 ο

2023 5793 2126 5848 Nn
2148 5793 2358 5861 antiquis
2387 5793 2635 5850 codicibus
2665 5798 2745 5861 hic
2771 5793 2968 5861 et_alibi
2994 5800 3270 5861 wastanter
3308 5795 3535 5858 scriptum

1960 5865 2051 5919 est,
2080 5856 2326 5922 sortilegos
2357 5868 2577 5910 :mutata
2599 5856 2748 5907 vocali
2780 5869 2805 5906 e
2835 5856 2881 5903 in
2917 5867 2961 5904 ο.
