4042 6460
547 357 651 432 se?

547 506 706 562 quam
735 489 790 543 in
817 484 1204 543 resurrectione
1245 479 1518 554 promisit;
1549 478 1648 535 ista
1695 493 1821 534 vero
1845 472 2122 531 smcularia

548 591 603 636 et
632 579 940 649 temporalia
969 577 1035 631 ad
1061 577 1335 631 daemones
1365 571 1666 643 pertinent,
1703 577 1759 625 et
1785 567 1852 623 ad
1892 574 2130 639 potesta-

547 683 634 728 tes
664 671 778 725 illas
809 669 996 722 harum
1040 666 1401 721 tenebrarum.
1453 660 1686 716 Dieeudo
1720 659 1870 724 hmo,
1917 654 2129 725 quando

546 777 732 818 amore
768 760 1106 829 implicantur
1131 757 1318 811 harum
1349 769 1528 809 rerum
1553 794 1567 817 ,
1603 751 1875 805 dimittunt
1909 748 2078 802 Deum
2110 785 2126 808 .

545 855 700 926 quasi
729 853 794 908 ad
817 868 973 922 quem
1005 851 1104 906 ista
1137 863 1240 902 non
1280 847 1610 916 pertineant;
1642 852 1696 898 et
1734 848 1978 915 quaerunt
2029 853 2129 892 ue-

544 943 721 998 fandis
769 940 1074 1005 sacriﬁciis,
1114 937 1399 993 ac‘uescio
1450 933 1645 1004 quibus
1694 929 1985 996 remediis,
2038 935 2130 983 aut

545 1036 730 1090 nescio
759 1049 862 1103 qua
892 1032 1167 1086 hominum
1215 1027 1394 1082 illicita
1426 1023 1802 1096 persuasione,
1849 1019 2129 1091 providere

546 1125 646 1178 sibi
672 1122 811 1194 quod
847 1119 1138 1190 temporale
1160 1127 1276 1182 εει,
1310 1115 1473 1170 veluti
1515 1113 1789 1183 pecuniam
1811 1149 1827 1176 ,
1862 1123 2082 1164 uxorem
2108 1148 2124 1175 ,

548 1215 686 1269 lilios
707 1253 722 1280 ,
753 1221 808 1268 et
832 1213 873 1266 si
904 1227 1005 1281 qua
1043 1219 1168 1264 sunt
1203 1223 1321 1278 qua:
1350 1207 1633 1261 humanam
1664 1203 1827 1256 vitam
1853 1208 1945 1254 aut
1993 1213 2126 1254 con-

545 1307 788 1361 solantur
831 1311 1192 1358 transeuntem
1218 1341 1234 1364 ,
1269 1306 1362 1352 aut
1402 1295 1696 1365 impediunt
1741 1291 2124 1347 ambulantem.

546 1396 744 1452 Contra
775 1396 928 1449 istam
947 1392 1253 1462 opinionem
1283 1389 1460 1444 divina
1485 1385 1821 1457 providentia
1850 1383 2122 1452 vigilante,

544 1499 600 1543 ut
630 1487 938 1542 ostenderet
966 1486 1102 1539 Deus
1130 1482 1197 1537 ad
1227 1497 1287 1536 se
1320 1481 1588 1550 pertinere
1627 1479 1726 1531 ista
1749 1475 1929 1529 omnia
1952 1514 1970 1541 ,
1997 1473 2125 1527 etin

543 1594 638 1634 sua
665 1593 785 1634 esse
819 1584 1079 1647 potestate
1099 1615 1114 1639 ,
1148 1588 1252 1627 nou
1280 1573 1452 1626 solum
1489 1577 1688 1624 atterna
1729 1581 1848 1637 qua:
1879 1565 1932 1619 in
1981 1564 2124 1618 futu-

544 1687 665 1726 rum
694 1668 969 1740 promisit,
995 1681 1180 1720 verum
1211 1664 1369 1718 etiam
1411 1659 1722 1731 temporalia
1748 1673 1867 1728 qua:
1902 1656 1954 1710 iu
1985 1664 2126 1710 terra

546 1760 638 1814 dat
662 1758 852 1829 quibus
883 1755 1110 1811 voluerit
1136 1797 1151 1821 ,
1183 1764 1232 1809 et
1276 1751 1488 1823 quando
1528 1750 1754 1804 voluerit
1788 1751 2084 1817 opportune
2104 1785 2122 1813 ,

548 1852 725 1908 sciens
752 1851 838 1906 cui
876 1849 1001 1915 det,
1035 1846 1121 1902 cui
1159 1861 1264 1901 nou
1291 1845 1416 1911 det,
1458 1853 1706 1912 tanquam
1741 1838 1979 1894 medicus
2014 1851 2125 1892 meo

544 1944 840 1999 dicamenta
866 1983 881 2006 ,
912 1941 1088 1996 sciens
1116 1935 1306 1993 melius
1335 1935 1580 1990 morbum
1603 1931 1785 2003 {egroti
1809 1945 1966 2000 quam
2011 1929 2125 1997 ipse

547 2043 776 2106 ingratus
804 2051 818 2087 :
849 2042 907 2088 ut
953 2047 1081 2103 ergo
1140 2032 1279 2087 Deus
1320 2029 1422 2082 hoc
1471 2026 1809 2087 ostenderet,
1856 2021 2126 2077 distribuit

545 2135 781 2196 tempora
813 2124 1024 2180 Veteris
1047 2133 1098 2176 ct
1129 2121 1260 2176 Novi
1317 2117 1668 2174 Testameuli.
1701 2116 1755 2170 lu
1793 2114 1971 2168 Veteri
2017 2113 2123 2167 Τε-

547 2213 1219 2284 stamentopromissiones
1264 2216 1390 2266 sunt
1436 2223 1612 2263 rerum
1646 2216 2012 2266 terrenarum;
2071 2202 2122 2258 iu

543 2307 691 2362 Novo
731 2314 942 2372 autem,
1004 2303 1150 2374 regni
1190 2302 1469 2357 caelorum.
1529 2298 1787 2366 Pleraque
1856 2303 2120 2364 prmcepta

544 2400 712 2454 Deum
740 2397 944 2454 colendi
973 2407 1022 2450 et
1065 2405 1211 2450 recte
1254 2392 1500 2457 vivendi,
1544 2390 1655 2459 ipsa
1699 2397 1821 2442 sunt
1857 2395 1910 2442 et
1950 2386 2018 2466 ibi
2069 2393 2124 2440 et

543 2491 630 2546 hic
655 2509 670 2544 :
699 2490 789 2546 sed
821 2490 941 2560 quia
975 2485 1259 2558 promissio
1291 2485 1364 2539 ibi
1403 2483 1506 2537 alia
1549 2481 1760 2536 videtur
1781 2517 1797 2546 ,
1841 2479 1944 2532 alia
1987 2477 2073 2532 hic
2103 2493 2118 2543 ;

538 2583 773 2654 jubentis
800 2583 1079 2651 imperium
1106 2588 1161 2635 et
1184 2575 1486 2634 obedientia
1503 2573 1788 2630 servientis
1809 2571 1992 2627 eadem
2016 2577 2118 2636 est,

540 2673 634 2730 sed
665 2688 869 2728 merces
893 2671 1043 2742 quasi
1075 2687 1178 2724 non
1209 2677 1291 2724 est
1317 2667 1525 2723 eadem.
1552 2664 1756 2720 Etenim
1787 2662 1894 2717 illis
1922 2661 2120 2715 dictum

541 2773 658 2829 est,
691 2775 750 2818 ut
772 2760 1044 2832 accipiatis
1076 2771 1270 2817 terram
1303 2756 1669 2830 promissionis
1689 2795 1705 2821 ,
1729 2762 1787 2808 ut
1823 2753 1875 2807 in
1913 2752 1998 2806 illa
2033 2766 2120 2805 re-

539 2858 712 2928 suetis
733 2897 746 2920 ,
781 2865 837 2911 ut
871 2856 1118 2911 inimicos
1145 2863 1354 2910 vestros
1379 2849 1676 2921 superetis,
1703 2857 1760 2902 ut
1798 2845 1866 2900 ab
1897 2846 1975 2900 eis
2015 2859 2120 2899 non

540 2947 893 3018 subjugemini
916 2988 930 3012 ,
961 2958 1021 3001 ut
1049 2947 1226 3001 omnia
1253 2945 1403 2999 vobis
1425 2941 1697 2996 abundent
1723 2940 1775 2993 iu
1809 2937 1910 2992 hac
1933 2946 2072 2991 terra
2100 2975 2117 3002 ,

540 3051 599 3096 ut
621 3041 758 3094 ﬁlios
784 3038 1075 3109 procreetis
1097 3035 1290 3109 (Exod.
1324 3049 1452 3088 χχιιι
1473 3073 1486 3095 ,
1511 3032 1728 3099 25-31).
1755 3029 1879 3083 Haec
1906 3036 2119 3081 terrena

540 3130 800 3200 promissa
827 3135 984 3191 sunt,
1026 3127 1120 3181 sed
1149 3133 1326 3179 tamen
1360 3123 1602 3193 ﬁgurata.
1647 3119 1753 3174 Fac
1801 3118 2008 3187 aliquos
2038 3117 2120 3171 sic

541 3222 630 3275 illa
658 3219 902 3288 accipere
929 3215 1198 3287 quomodo
1226 3213 1484 3284 promissa
1515 3217 1639 3264 sunt
1672 3225 1684 3261 :
1717 3219 1770 3263 et
1811 3222 1937 3262 vere
1965 3206 2118 3261 multi

537 3310 618 3365 sic
643 3315 983 3377 acceperunt.
1011 3305 1144 3361 Nam
1170 3304 1290 3358 data
1321 3311 1402 3358 est
1430 3309 1569 3356 terra
1602 3298 1724 3352 ﬁliis
1751 3295 1912 3352 Israel
1933 3337 1949 3360 ,
1982 3297 2118 3351 datae

537 3408 664 3456 sunt
695 3399 927 3464 divitias,
971 3397 1080 3451 dati
1124 3402 1248 3450 sunt
1283 3393 1372 3448 lilii
1414 3400 1470 3447 et
1502 3390 1771 3446 sterilibus
1804 3397 1860 3444 et
1895 3387 2120 3442 aniculis

538 3491 849 3562 rogantibus
886 3488 1088 3550 Deum,
1130 3494 1186 3542 et
1221 3485 1286 3540 de
1317 3484 1432 3554 ipso
1476 3483 1592 3537 solo
1633 3479 2114 3552 priesumcntibus,

535 3590 592 3636 et
619 3581 781 3634 alium
805 3578 904 3634 sibi
934 3577 1233 3647 adjutorcrn
1264 3588 1361 3628 nec
1386 3572 1451 3626 ad
1479 3573 1577 3625 ista
1606 3570 1988 3641 quaareutibus.
2018 3568 2120 3622 Vo-

535 3687 653 3728 cem
682 3670 890 3726 l)omiui
922 3670 975 3724 in
1010 3669 1174 3724 corde
1200 3666 1483 3720 attdierunt
1511 3682 1524 3717 :
1557 3662 1714 3718 Salus
1746 3673 1832 3716 tua
1862 3678 1952 3732 ego
1985 3677 2115 3714 sum.

537 3763 595 3818 Si
621 3762 685 3816 ad
709 3771 1108 3829 :eterua,quare
1136 3774 1237 3812 nou
1266 3756 1333 3810 ad
1364 3753 1714 3823 temporalia?
1743 3752 1989 3807 Ostendit
2018 3752 2120 3806 hoc

538 3854 680 3908 Deus
707 3854 758 3907 in
786 3866 945 3906 causa
969 3851 1066 3903 viri
1100 3849 1237 3904 illius
1259 3846 1425 3901 sancti
1455 3844 1558 3900 Job
1588 3863 1602 3900 :
1633 3845 1756 3914 quia
1788 3853 1841 3897 et
1865 3843 1979 3912 ipse
2005 3842 2120 3896 dia-

535 3943 692 4000 bolus
716 3941 988 3996 auferendi
1019 3940 1134 3994 haec
1162 3953 1266 3993 non
1294 3937 1452 3991 habet
1482 3944 1795 4006 potestatem
1819 3971 1834 3999 ,
1873 3933 1972 3987 nisi
1995 3948 2117 3987 cum

537 4033 805 4102 acceperit
851 4047 882 4086 a
928 4045 1135 4085 summa
1181 4029 1269 4082 illa
1323 4035 1605 4098 potestate.
1652 4025 1894 4080 Invidere
1948 4025 2120 4094 potuit

538 4139 759 4194 sancto,
807 4139 1002 4180 nocere
1044 4121 1297 4192 numquid
1355 4120 1565 4191 potuit?
1594 4120 1858 4173 Accusare
1901 4117 2067 4186 potuit
2098 4157 2115 4184 ,

536 4219 792 4274 damnare
841 4215 1096 4288 numquid
1151 4214 1355 4284 potuit?
1399 4209 1664 4281 Numquid
1706 4210 1873 4264 valuit
1918 4207 2117 4278 aliquid

537 4311 760 4376 tollere,
795 4308 1046 4379 numquid
1081 4307 1161 4362 vel
1181 4320 1438 4376 unguem.
1471 4302 1726 4372 numquid
1754 4301 1841 4355 vel
1867 4301 2117 4369 capillum

533 4402 758 4464 laedere,
790 4402 889 4456 nisi
915 4402 1024 4456 Deo
1045 4399 1279 4462 diceret,
1309 4396 1455 4450 Mitte
1481 4397 1850 4448 manum'tuam
1887 4389 2008 4464 (Job
2061 4404 2114 4456 ι,

536 4492 670 4562 il)?
700 4493 835 4559 Quid
861 4500 982 4556 est,
1031 4489 1178 4542 Mitte
1214 4503 1418 4542 manum
1444 4496 1582 4539 tuam
1603 4485 1628 4537 .9
1659 4484 1733 4538 Da
1779 4488 2113 4551 potestatem.

537 4583 772 4652 Accepit.
803 4583 895 4636 llle
923 4581 1145 4636 tentavit
1167 4619 1182 4641 ,
1215 4579 1303 4633 ille
1337 4587 1568 4631 tentatus
1598 4584 1698 4629 est.
1747 4573 2004 4627 Teutalus
2034 4579 2116 4624 ta-

539 4687 660 4726 men
688 4672 834 4738 vicil,
862 4679 1096 4726 tentator
1123 4668 1295 4722 victus
1321 4675 1422 4720 est.
1454 4665 1593 4719 Deus
1617 4662 1761 4718 enim
1783 4662 1875 4732 qui
1902 4659 2117 4716 diabolo

541 4764 856 4834 permiserat
885 4771 944 4817 ut
971 4762 1056 4816 illa
1081 4761 1324 4825 tolleret,
1358 4759 1504 4813 illum
1545 4769 1760 4812 servum
1800 4768 1952 4809 suum
1984 4753 2116 4806 inte-

540 4855 652 4909 rius
677 4868 782 4908 non
809 4855 1150 4917 deseruerat,
1174 4862 1226 4906 et
1245 4851 1311 4905 ad
1351 4851 1520 4919 ipsum
1553 4846 1821 4902 diabolum
1851 4858 2116 4915 superau-

541 4947 666 5001 dum
689 4946 916 5000 animam
951 4945 1088 5000 servi
1132 4945 1214 4998 sui
1249 4942 1504 4996 frameam
1550 4938 1652 4993 sibi
1689 4937 1906 4992 fecerat.
1937 4935 2117 5001 Quan-

544 5045 654 5089 tum
683 5035 824 5090 valet
853 5033 989 5090 hoc?
1018 5033 1093 5088 De
1119 5033 1334 5087 homine
1364 5031 1484 5086 dico
1506 5031 1546 5082 ⁸.
1572 5029 1754 5083 Victus
1784 5027 1838 5081 in
1871 5024 2129 5096 paradiso~

541 5123 692 5196 (Gen.
728 5143 785 5183 ιιι
809 5168 822 5192 ,
847 5126 934 5196 6),
970 5127 1137 5182 victor
1161 5125 1212 5178 in
1241 5135 1495 5179 stercore.
1526 5121 1601 5177 lbi
1629 5121 1801 5176 victus
1830 5127 1912 5174 est
1941 5133 1970 5172 a
1997 5117 2115 5173 dia-

541 5218 666 5273 bolo
685 5234 778 5288 per
807 5218 1082 5273 mulierem
1109 5259 1124 5283 ,
1157 5217 1242 5271 hic
1269 5215 1394 5270 vicit
1421 5213 1691 5268 diabolum
1727 5219 1782 5265 et
1809 5209 2112 5265 mulierem.

541 5307 740 5363 Locuta
763 5325 813 5362 es
831 5350 846 5375 ,
895 5308 1100 5379 inquit,
1133 5317 1370 5376 tanquam
1395 5322 1495 5359 una
1524 5320 1587 5358 ea:
1622 5300 1970 5374 insipientibus
1999 5315 2115 5353 mu-

538 5399 762 5455 lieribus.
792 5399 850 5452 Si
878 5398 1008 5452 bona
1048 5399 1359 5468 percepimus
1407 5395 1470 5450 de
1511 5410 1664 5448 manu
1689 5391 1934 5458 Domini,
1978 5391 2117 5443 mala

541 5505 695 5559 quare
715 5505 819 5544 non
837 5489 1166 5543 sustineamus
1191 5485 1310 5558 (Job
1359 5503 1432 5552 ιι,
1475 5483 1604 5557 l0)?
1639 5483 1809 5552 Quam
1849 5483 1991 5543 bene.
2015 5497 2113 5535 au-

540 5581 711 5635 dierat
740 5598 752 5633 :
783 5581 936 5632 Salus
965 5590 1052 5632 tua
1071 5595 1160 5650 ego
1179 5595 1289 5633 sum
1314 5578 1335 5632 .'

611 5671 665 5729 8.
692 5671 1076 5741 Confundantur
1103 5683 1148 5725 et
1188 5678 1505 5725 revereantur
1546 5669 1851 5742 requirentes
1889 5668 2112 5723 animum

604 5784 622 5816 ί
655 5790 764 5833 Haec
784 5784 952 5846 verba,
978 5791 1046 5836 De
1067 5781 1251 5837 homine
1275 5782 1399 5848 dico,
1417 5785 1590 5834 absunt
1607 5796 1634 5834 a
1657 5791 1758 5834 Mss.
1786 5783 2050 5847 plerisque.

1802 365 1857 422 S.
1900 359 2261 420 AUGUSTINI
2300 360 2600 422 EPISCOPI

3709 366 3812 434 318

2236 492 2418 532 meam.
2446 478 2672 549 Respice
2703 479 2770 534 ad
2809 478 3072 536 homines.
3100 480 3284 544 Orate,
3329 481 3496 554 inquit
3522 526 3534 548 ,
3580 502 3674 554 pro
3701 491 3808 542 ini~

2235 568 2379 622 micis
2416 571 2590 624 vestris
2623 568 2833 642 (Matth.
2861 578 2931 637 v,
2964 564 3076 642 44).
3115 571 3220 626 Sed
3263 566 3351 627 hic
3383 573 3658 644 pr0phetia
3702 585 3804 633 est.

2237 657 2307 714 Et
2333 675 2452 729 quae
2481 659 2647 731 ﬁgura
2685 661 2902 731 optandi
2927 661 3210 727 dicuntur,
3247 664 3428 717 animo
3462 665 3808 735 prophelandi

2235 749 2588 818 explicantur.
2621 751 2751 806 Illud
2786 748 2875 806 ﬁat
2928 761 2984 808 et
3029 751 3156 806 illud
3208 751 3337 819 ﬁat,
3375 753 3508 810 nihil
3536 767 3618 810 εει
3668 755 3811 812 aliud

2233 854 2393 910 quam
2434 841 2535 897 hoc
2565 850 2619 896 et
2679 843 2780 898 hoc
2818 842 3051 898 futurum
3073 853 3174 898 cst.
3203 845 3293 900 Sic
3321 853 3447 916 ergo
3473 846 3650 902 audite
3685 858 3807 918 pro-

2234 930 2470 1002 phetiam
2493 949 2507 986 :
2535 931 2924 1004 Confundantur
2951 945 2998 990 et
3017 946 3335 990 revereantur
3358 937 3664 1007 reguirentes
3691 938 3810 992 ani-

2234 1039 2368 1077 mam
2413 1031 2595 1080 meam.
2628 1024 2764 1093 Quid
2805 1035 2920 1090 est,
2949 1025 3326 1096 confundantur
3366 1035 3412 1080 et
3447 1027 3812 1083 reverearttttr.’

2233 1112 2637 1170 Confundeutur
2667 1124 2721 1171 et
2777 1117 3180 1172 revcrcbuntur.
3231 1117 3449 1173 Factum
3488 1126 3572 1172 est
3621 1118 3807 1174 enim:

2233 1207 2384 1261 multi
2411 1208 2695 1264 salubriter
2718 1209 2924 1264 confusi
2947 1218 3072 1264 sunt
3091 1249 3106 1271 ,
3140 1209 3290 1264 multi
3313 1209 3527 1265 reveriti
3565 1225 3596 1265 a
3621 1225 3810 1281 perse-

2231 1297 2447 1352 eutioue
2471 1297 2676 1354 Christi
2714 1299 2782 1354 ad
2827 1301 3138 1356 societatem
3177 1300 3539 1357 membrorum
3567 1302 3684 1372 ejus
3713 1302 3808 1357 de-

2230 1397 2352 1442 vota
2384 1389 2580 1458 pietate
2609 1389 2932 1445 transierunt
2963 1407 2977 1444 :
3006 1399 3060 1446 et
3080 1405 3184 1445 non
3216 1391 3368 1446 ﬁeret
3394 1390 3495 1446 hoc
3515 1433 3530 1459 ,
3554 1393 3655 1448 nisi
3676 1401 3810 1448 corl-

2230 1476 2576 1533 fuudereutur
2603 1489 2658 1534 et
2684 1480 3078 1536 revererentur.
3109 1479 3250 1552 Ergo
3275 1479 3410 1537 bene
3445 1481 3549 1537 illis
3585 1483 3806 1552 Optavit.

2231 1567 2335 1623 Sed
2361 1569 2483 1639 quia
2505 1569 2609 1625 duo
2639 1579 2763 1626 sunt
2785 1583 2982 1642 genera
3003 1581 3188 1628 eorum
3215 1573 3304 1644 qui
3327 1565 3609 1629 vincuntur
3637 1581 3652 1630 ἑ
3681 1573 3813 1630 dno-

2229 1661 2329 1718 bus
2359 1663 2502 1718 enim
2534 1663 2707 1720 modis
2735 1665 3058 1732 vincuntur;
3086 1677 3177 1721 aut
3200 1666 3268 1721 ad
3312 1665 3417 1722 hoc
3443 1668 3731 1724 vincuntur
3757 1677 3814 1724 ut

2233 1764 2612 1835 c0nvertantur
2633 1755 2699 1810 ad
2725 1755 2998 1812 Christum
3024 1773 3040 1818 ;
3070 1765 3163 1812 aut
3190 1756 3255 1810 ad
3300 1757 3401 1812 hoc
3434 1757 3719 1812 vincuntur
3757 1769 3813 1815 ttt

2229 1844 2549 1899 damnentur
2576 1861 2604 1897 a
2636 1845 2849 1900 Christo
2878 1864 2892 1900 :
2924 1839 3186 1916 explicata
3209 1856 3333 1900 sunt
3353 1856 3408 1901 et
3441 1845 3528 1901 hic
3547 1847 3654 1901 duo
3697 1848 3810 1918 ipsa

2227 1949 2418 2004 genera
2438 1975 2454 2001 ,
2487 1935 2712 1991 obscure
2737 1935 2951 2005 quidem
2973 1978 2988 2001 ,
3024 1936 3116 1990 sed
3161 1937 3548 1992 iutellectorem
3591 1937 3808 1994 deside.

2228 2036 2366 2084 rant.
2419 2027 2492 2082 De
2522 2023 2605 2082 his
2637 2029 2725 2098 qui
2761 2035 3176 2095 convertuntur,
3216 2029 3399 2099 accipe
3437 2030 3576 2099 quod
3607 2028 3812 2085 dictum

2185 2142 2187 2144 ·
2228 2128 2351 2185 est,
2385 2117 2777 2189 Confundantur
2801 2129 2847 2174 et
2885 2130 3210 2174 ret'ereantur
3247 2119 3550 2190 requirentes
3587 2121 3813 2175 animum

2227 2227 2411 2264 meam.
2439 2210 2743 2264 Λυσιτάνειαν
2765 2221 3056 2266 retrorsum.
3080 2209 3194 2266 Non
3221 2211 3518 2281 pra-cedant
3540 2253 3556 2279 ,
3585 2211 3681 2266 sed
3725 2227 3809 2265 se-

2227 2310 2485 2369 quantur;
2525 2306 2632 2355 neu
2662 2300 3137 2369 dentconsilinm,
3185 2301 3281 2356 sed
3331 2283 3614 2372 accipiant.
3677 2301 3810 2358 Nam

2228 2392 2417 2447 Petrus
2440 2392 2744 2463 prteCedere'
2772 2393 2935 2447 voluit
2961 2393 3241 2447 Dominam
3260 2434 3274 2457 ,
3302 2390 3515 2462 quando
3557 2394 3813 2449 Dominus

2225 2483 2294 2539 de
2322 2485 2572 2554 passione
2603 2500 2695 2540 sua
2727 2484 2900 2539 futura
2931 2484 3132 2539 diceret
3158 2503 3172 2539 :
3203 2485 3480 2539 consilium
3527 2484 3603 2539 illi
3657 2484 3810 2555 quasi

2225 2577 2411 2630 salutis
2442 2577 2609 2630 voluit
2635 2576 2763 2630 dare
2783 2617 2796 2639 ,
2824 2575 3108 2630 consilium
3139 2575 3326 2630 salutis
3355 2591 3497 2646 :rgcr
3527 2575 3810 2632 salvatori.

2225 2669 2292 2724 Et
2314 2665 2440 2738 quid
2462 2669 2535 2722 ait
2563 2668 2784 2723 Domino
2811 2666 2878 2722 de
2900 2666 2990 2721 illa
3013 2666 3188 2721 futura
3210 2681 3302 2720 sua
3337 2666 3584 2735 passione
3614 2666 3813 2721 conﬁr-

2224 2760 2430 2815 manli?
2454 2757 2595 2814 Absit
2623 2777 2655 2813 a
2685 2771 2751 2826 te,
2783 2755 3036 2825 Domine,
3078 2758 3337 2827 pr0pitius
3387 2757 3476 2813 tibi
3506 2767 3622 2812 esto
3646 2798 3658 2822 ,
3712 2771 3813 2814 non

2224 2853 2308 2922 fiet
2329 2847 2486 2908 istud.
2514 2854 2827 2909 Prmcedere
2851 2851 3080 2917 volebat,
3109 2859 3166 2906 ut
3198 2850 3455 2906 Dominus
3475 2860 3810 2921 sequeretur.

2223 2940 2291 2999 Et
2314 2945 2402 3000 ille
2422 2945 2586 3016 quid?
2641 2943 2771 2998 Redi
2811 2952 2942 2997 retro
2965 2983 2981 3010 ,
3024 2953 3228 2998 satanas
3259 2943 3275 3013 (
3305 2940 3394 2997 Id.
3426 2956 3515 2996 xvr
3537 2979 3555 3007 ,
3581 2940 3673 3008 22,
3699 2941 3810 3013 23).

2222 3035 2581 3092 Przecedeudo
2630 3044 2841 3090 satanas
2880 3051 2970 3099 es,
3023 3035 3295 3106 sequendo
3341 3034 3634 3105 discipulus
3685 3035 3810 3090 eris.

2225 3127 2336 3183 Hoc
2359 3143 2485 3198 ergo
2509 3136 2563 3182 et
2583 3127 2696 3181 istis
2715 3168 2728 3191 ,
2765 3126 3065 3181 Avertantur
3088 3138 3362 3180 retrorsum
3383 3166 3398 3193 ,
3421 3137 3468 3180 et
3486 3127 3814 3198 confundam

2225 3230 2306 3274 tur
2315 3261 2340 3297 Δ,
2373 3220 2456 3291 qui
2483 3219 2704 3290 cogitant
2739 3219 2863 3272 mihi
2898 3218 3053 3272 mala.
3085 3217 3214 3272 Cum
3244 3218 3386 3273 enim
3423 3219 3690 3289 coeperint
3723 3233 3812 3273 re-

2223 3319 2452 3366 trorsum
2481 3310 2628 3381 sequi
2649 3351 2663 3375 ,
2686 3305 2796 3380 jam
2830 3324 2938 3364 nou
2963 3308 3270 3381 cugilabunt
3292 3310 3424 3363 mala
3446 3342 3460 3374 ,
3486 3309 3580 3365 sed
3600 3309 3814 3366 desides

2222 3402 2414 3457 rabuut
2438 3402 2600 3457 bona.

2293 3494 2348 3548 9.
2404 3488 2563 3566 [νινε.
2607 3486 2663 3559 5,
2694 3490 2773 3564 6.]
2811 3485 2946 3559 Quid
2991 3489 3122 3545 alii?
3167 3483 3280 3548 Non
3321 3489 3462 3545 enim
3502 3505 3697 3545 omnes
3737 3489 3816 3547 sic

2221 3586 2524 3649 vincuntur,
2555 3595 2608 3640 ut
2637 3593 3015 3640 convertantur
3038 3594 3092 3639 et
3115 3583 3340 3638 credant
3373 3601 3384 3635 :
3418 3583 3569 3638 multi
3600 3583 3654 3636 iu
3688 3598 3814 3652 pero

2224 3671 2414 3734 tinacia
2443 3687 2741 3741 remanent,
2772 3669 2921 3731 multi
2948 3675 3164 3747 spiritus
3190 3673 3523 3744 praecedeudi
3544 3675 3560 3704 ¹
3593 3679 3815 3728 servant

2224 3773 2273 3826 in
2314 3770 2505 3834 corde;
2544 3779 2598 3824 et
2625 3771 2668 3824 si
2711 3785 2816 3823 non
2860 3776 3135 3830 exseruut,
3181 3777 3356 3821 tamen
3399 3765 3722 3835 parturiunt,
3763 3772 3817 3820 et

2223 3863 2309 3918 ubi
2341 3863 2512 3917 loeum
2563 3861 2881 3924 invenerint,
2929 3859 3159 3929 pariunt.
3207 3858 3279 3912 De
3319 3857 3512 3911 talibus
3553 3855 3686 3926 quid
3729 3867 3817 3911 se-

2221 3954 2436 4026 quitur?
2476 3946 2631 4007 Fiant
2670 3962 2908 4023 tanquam
2952 3949 3113 4020 puluis
3152 3959 3266 4003 ante
3295 3949 3475 4021 faciem
3513 3949 3666 4002 uenti.
3698 3946 3815 4003 Non

2223 4047 2301 4102 sic
2327 4047 2493 4117 impii,
2521 4061 2626 4100 non
2657 4045 2755 4110 sic,
2792 4036 2886 4098 sed
2925 4050 3172 4112 tauquam
3202 4038 3375 4111 pulvis
3403 4056 3562 4110 quem
3592 4037 3814 4111 projicit

2223 4144 2417 4192 ventus
2445 4153 2471 4188 a
2503 4133 2638 4190 facie
2665 4145 2820 4189 terra:
2853 4131 3024 4205 (Paul.
3053 4141 3090 4196 ι,
3122 4133 3198 4204 4).
3233 4128 3436 4186 Ventus
3467 4131 3691 4185 teutatio
3710 4139 3814 4194 cst,

2224 4229 2396 4300 pulvis
2426 4227 2660 4296 iniquus.
2694 4225 2922 4293 Quando
2947 4226 3152 4279 venerit
3190 4224 3428 4287 tcutatio,
3461 4222 3664 4276 tollitur
3694 4220 3814 4293 pul-

2223 4321 2331 4384 vis;
2361 4333 2458 4373 nec
2503 4321 2627 4382 stat,
2661 4331 2760 4372 nec
2790 4316 3011 4370 resistit.
3055 4313 3208 4368 Fiant
3239 4318 3475 4385 tanquam
3501 4313 3668 4383 pulvis
3697 4321 3816 4367 ante

2222 4413 2403 4485 faciem
2429 4407 2562 4466 venti
2591 4425 2610 4464 :
2637 4419 2682 4464 et
2711 4408 2918 4480 angelus
2952 4407 3158 4462 Domini
3187 4405 3434 4460 tribulans
3459 4421 3561 4459 eos.
3589 4403 3714 4458 Fiat
3735 4405 3815 4459 cia

2222 4521 2394 4561 eorum
2437 4503 2652 4559 tenebrat
2690 4512 2735 4556 et
2769 4501 3037 4556 lubricum.
3081 4498 3359 4553 llorreuda
3400 4498 3506 4551 via.
3537 4496 3816 4552 Tenebras

2223 4598 2365 4652 solas
2401 4598 2521 4667 quis
2560 4610 2665 4650 non
2704 4592 2960 4648 horreat?
3001 4591 3286 4646 Lubrieum
3339 4590 3510 4644 solum
3541 4589 3664 4658 quis
3709 4603 3816 4644 non

2221 4686 2541 4744 caveat?.lu
2594 4683 2827 4740 tenebris
2867 4691 2922 4737 et
2966 4682 3171 4736 lubrico
3213 4695 3314 4750 qua
3363 4679 3447 4734 is?
3487 4679 3572 4732 ubi
3618 4678 3816 4750 pedem

2224 4778 2378 4849 ligis?
2416 4777 2552 4833 Sunt
2591 4775 2691 4830 ista
2729 4773 2836 4828 duo
2868 4772 3005 4827 tuala
3037 4785 3242 4841 magna:
3284 4779 3454 4840 putate
3493 4769 3813 4823 hominum:

2224 4869 2474 4933 tenebrze,
2511 4866 2845 4938 ignorantia;
2879 4863 3164 4929 lubricum,
3212 4861 3438 4915 luxuria.
3473 4858 3592 4912 Fiat
3623 4861 3708 4914 via
3733 4875 3818 4915 eo-

2222 4979 2334 5016 rum
2352 4961 2565 5015 tenebrw
2592 4968 2639 5014 et
2659 4957 2909 5012 lubricum
2936 4971 2953 5010 :
2980 4966 3024 5008 et
3049 4956 3261 5024 angelus
3285 4953 3491 5006 Domini
3513 4967 3818 5022 persequens

2222 5072 2305 5110 eoa
2334 5070 2351 5109 :
2377 5063 2433 5108 ut
2463 5069 2566 5108 uou
2596 5044 2803 5123 possint
2841 5053 3003 5104 stare.
3045 5043 3174 5102 Nam
3217 5047 3581 5116 unusquisque
3631 5046 3689 5100 in
3741 5057 3819 5102 te

2222 5146 2402 5203 uebris
2430 5153 2487 5202 et
2512 5145 2720 5201 lubrico
2745 5157 2866 5198 cum
2895 5139 3087 5195 viderit
3116 5139 3240 5208 quia
3270 5138 3312 5192 si
3347 5136 3532 5208 pedem
3560 5137 3818 5202 moverit.

2222 5239 2438 5306 labitur,
2465 5245 2519 5292 ct
2547 5237 2636 5291 lux
2676 5233 2752 5290 illi
2781 5241 2904 5288 ante
2936 5229 3100 5301 pedes
3139 5243 3242 5283 non
3269 5236 3390 5294 est;
3423 5227 3504 5282 vel
3537 5226 3641 5281 hoc
3680 5227 3822 5283 forte

2221 5332 2368 5398 facit,
2398 5340 2456 5386 ut
2487 5337 2759 5398 exspectet
2801 5325 2974 5380 donec
3000 5322 3178 5377 luceat
3206 5338 3218 5374 :
3252 5319 3347 5374 sed
3387 5319 3454 5374 ibi
3483 5327 3566 5374 est
3589 5323 3822 5389 angelus

2225 5421 2434 5478 Domini
2480 5426 2807 5490 persequens
2859 5430 2977 5470 eos.
3026 5412 3150 5468 llzec
3197 5411 3276 5466 eis
3326 5411 3493 5464 futura
3537 5409 3820 5478 prardixit,

2223 5531 2328 5570 non
2369 5512 2517 5584 quasi
2547 5519 2608 5566 ut
2647 5509 2922 5564 evenirent
2963 5506 3189 5576 Optavit.
3229 5504 3542 5573 Quanquam
3586 5510 3645 5556 et
3679 5503 3819 5558 1³η)-

2223 5604 2380 5674 pheta
2412 5603 2465 5656 iu
2494 5600 2685 5670 spiritu
2715 5599 2807 5653 Dei
2836 5599 2913 5653 sic
2950 5612 3013 5652 ea
3050 5596 3216 5662 dicat,
3249 5593 3517 5665 quomodo
3549 5593 3636 5646 illa
3671 5593 3820 5650 Dens

2287 5785 2304 5816 ί
2340 5789 2388 5831 ιιι
2412 5788 2515 5832 ttss.
2542 5777 2773 5843 pluribus,
2795 5774 3048 5829 mutendi.
3089 5779 3138 5822 tu
3162 5772 3286 5832 aliis,
3315 5767 3563 5821 retinendi.
