4042 6474
209 515 354 581 facit,
384 520 537 570 certe
574 511 802 585 judicio,
829 508 994 577 bono,
1032 507 1202 579 justo,
1246 513 1457 572 sancto,
1485 502 1794 575 tranquillo,

211 624 312 667 Ion
358 608 705 678 perturbatus
745 586 822 662 ira
847 647 862 671 ,
908 620 1016 660 non
1084 617 1268 658 amaro
1306 602 1443 667 zelo,
1474 614 1580 655 non
1620 599 1801 655 animo

212 700 608 760 inimicitiarum
664 698 1118 764 exercendarum,
1158 693 1254 750 sed
1304 691 1507 763 iustitia
1550 689 1799 746 vitiorum

218 792 641 867 puniendorum;
672 800 1044 846 verumtamen
1072 787 1353 859 prophetia
1396 793 1496 841 est.

277 885 365 941 ιε.
408 882 566 957 [ναι.
610 883 666 952 7,
715 880 793 955 8.]
834 880 986 937 Unde
1035 889 1214 934 autem
1268 885 1414 933 tanta
1465 877 1607 934 mala
1657 875 1800 932 ista?

216 976 321 1049 Quo
352 974 591 1032 merito?
618 974 782 1041 Audi,
809 988 917 1045 quo
956 972 1149 1028 merito
1177 989 1191 1027 :
1226 971 1477 1037 Quoniam
1494 970 1653 1042 gratis
1681 967 1801 1023 abs-

210 1069 483 1124 conth
512 1067 645 1122 mihi
694 1066 993 1135 muscipqu
1016 1080 1125 1119 suta
1150 1063 1545 1133 corruptionem.
1592 1061 1651 1116 In
1682 1061 1800 1132 ipso

210 1164 377 1232 capite
428 1170 619 1217 nostro
671 1160 951 1226 attendite,
981 1158 1082 1213 hoc
1134 1158 1374 1212 fecerunt
1423 1154 1614 1219 Judaei,
1672 1153 1799 1208 abs-

211 1257 508 1313 conderunt
551 1254 869 1325 muscipula:
906 1267 1018 1308 suae
1058 1251 1475 1321 corruptionem.
1520 1248 1619 1305 Cui
1672 1247 1796 1303 abs-

213 1349 510 1407 eouderunt
573 1347 962 1417 muscipulam?
1011 1346 1111 1414 Qui
1136 1344 1351 1400 videbat
1378 1343 1542 1399 corda
1572 1342 1801 1398 abscon-

212 1443 466 1500 dentium.
493 1442 602 1498 Sed
643 1451 821 1497 tamen
854 1449 973 1495 erat
1000 1441 1140 1495 inter
1169 1438 1291 1494 illos
1314 1436 1581 1509 ignoranti
1610 1435 1799 1491 similis

212 1540 351 1609 quasi
380 1537 683 1603 falleretur,
722 1550 841 1591 cum
882 1534 956 1590 illi
988 1534 1041 1589 in
1070 1535 1146 1603 τεο
1174 1532 1568 1603 deciperentur,
1610 1530 1663 1584 in
1690 1543 1797 1601 quo

213 1645 324 1685 eum
365 1627 475 1683 falli
503 1627 922 1682 arbitrabantur.
961 1625 1086 1681 Ideo
1124 1624 1265 1681 enim
1296 1624 1387 1678 ille
1414 1631 1662 1692 tanquam
1692 1620 1793 1676 fal-

214 1720 418 1775 lebatur
456 1719 600 1774 inter
626 1718 751 1774 illos
779 1718 984 1782 vivens,
1006 1717 1129 1788 quia
1156 1730 1254 1771 nos
1282 1715 1420 1769 inter
1450 1714 1583 1769 tales
1612 1712 1689 1769 sic
1714 1712 1797 1766 vi-

212 1812 338 1868 cturi
373 1825 618 1878 eramus,
654 1818 715 1866 ut
753 1809 870 1866 sine
913 1809 1075 1866 dubio
1110 1808 1435 1864 fallercmur.
1464 1806 1559 1862 Ille
1581 1804 1799 1861 videbat

214 1903 518 1961 traditorem
550 1919 729 1972 suum,
772 1912 828 1959 et
865 1903 1028 1974 elegit
1062 1902 1213 1957 illum
1241 1901 1410 1971 magis
1443 1898 1510 1955 ad
1538 1914 1672 1971 opus
1703 1913 1800 1954 ne-

212 1995 520 2052 cessarium.
549 1996 694 2051 Illius
720 1994 861 2050 malo
889 2009 1138 2065 magnum
1169 1994 1367 2049 bonum
1399 2001 1651 2062 operatus
1677 2001 1796 2046 est:

214 2099 261 2146 et
283 2101 457 2146 tamen
490 2091 633 2144 inter
658 2088 941 2144 duodecim
971 2088 1173 2142 electus
1199 2094 1297 2152 cst,
1348 2102 1416 2141 ne
1449 2086 1561 2155 ipse
1591 2084 1794 2139 duode-

216 2188 384 2237 uarius
412 2192 522 2237 tam
551 2182 774 2252 exiguus
797 2195 1053 2237 numerus
1082 2187 1225 2235 esset
1251 2179 1366 2234 sine
1397 2178 1557 2233 malo.
1586 2176 1699 2232 Hoc
1729 2176 1795 2230 ad

214 2274 512 2343 exemplum
541 2281 740 2327 nostra:
767 2270 1057 2341 patientiae,
1080 2270 1331 2341 quoniam
1356 2282 1577 2324 necesse
1599 2275 1716 2323 erat
1741 2276 1800 2322 ut

214 2365 342 2420 inter
369 2364 547 2419 malos
573 2363 912 2429 viveremus;
944 2377 1166 2418 necesse
1210 2370 1326 2416 erat
1362 2369 1420 2416 ut
1454 2359 1644 2426 malos,
1684 2359 1797 2417 sive

214 2457 456 2522 scientes,
506 2456 622 2511 sive
677 2455 1000 2522 nescientes,
1058 2454 1455 2510 toleraremus:
1492 2454 1795 2523 exemplum

215 2551 474 2620 patientiae
495 2548 726 2620 praebuit
752 2564 821 2604 ne
848 2547 1084 2614 deﬁcias,
1113 2561 1237 2602 cum
1266 2545 1494 2616 coeperis
1521 2546 1658 2601 inter
1682 2561 1796 2601 ma-

214 2644 285 2700 los
317 2647 517 2700 vivere.
567 2644 636 2700 Et
660 2643 784 2715 quia
831 2642 920 2697 illa
961 2641 1142 2697 schola
1186 2639 1381 2696 Christi
1430 2641 1481 2695 in
1512 2639 1795 2696 duodecim

213 2753 313 2793 non
352 2736 573 2804 defecit,
599 2744 800 2807 quanto
842 2733 1012 2806 magis
1055 2748 1152 2787 nos
1182 2732 1320 2787 ﬁrmi
1366 2747 1486 2789 esse
1512 2731 1792 2798 debemus,

213 2848 327 2888 cum
370 2831 664 2901 implentur
689 2829 744 2883 in
771 2827 1013 2883 Ecclesia
1053 2841 1266 2897 magna,
1292 2841 1411 2896 qua;
1439 2825 1508 2881 de
1534 2825 1795 2881 malorum

213 2924 562 2996 permixtione
586 2921 839 2995 praedicta
864 2919 1028 2976 sunt?
1054 2919 1235 2990 Neque
1264 2918 1406 2973 enim
1432 2917 1646 2973 videbat
1680 2916 1795 2989 ipsa

213 3019 386 3073 schola
431 3014 704 3073 redditum
750 3013 942 3070 semini
983 3012 1214 3067 Abrahze
1242 3010 1384 3082 quod
1425 3018 1541 3066 erat
1567 3010 1797 3080 promis-

214 3125 347 3175 sum,
378 3118 434 3165 et
472 3110 646 3180 ipsam
675 3121 854 3163 aream
883 3103 1025 3161 unde
1055 3119 1226 3159 massa
1256 3118 1374 3173 qua:
1400 3101 1640 3173 implebit
1668 3101 1796 3158 hor-

213 3220 374 3270 reum,
419 3216 742 3274 processura
786 3207 887 3256 est.
916 3198 1092 3268 Quare
1138 3197 1294 3270 igitur
1323 3212 1452 3265 non,
1494 3212 1615 3252 cum
1642 3196 1797 3252 tritu-

214 3306 373 3361 ratur,
406 3296 461 3349 in
490 3309 555 3350 ea
583 3292 743 3365 digne
768 3292 917 3364 palea
946 3290 1226 3356 toleratur,
1256 3288 1430 3344 donec
1456 3288 1638 3343 ultima
1667 3304 1796 3344 ven—

216 3388 445 3443 tilatione
471 3383 766 3457 purgetur?
800 3383 913 3438 Hoc
937 3382 1080 3437 enim
1105 3379 1342 3435 futurum
1369 3388 1451 3436 est
1477 3380 1632 3435 malis
1654 3380 1796 3450 quod

214 3481 450 3551 audistis.

277 3573 363 3627 ll.
404 3568 515 3626 Sed
543 3577 722 3624 tamen
746 3565 873 3638 quid
900 3563 1197 3621 faciendum
1238 3563 1359 3618 est?
1385 3561 1556 3619 Gratis
1577 3562 1793 3618 abscon-

213 3665 380 3720 derant
424 3662 553 3717 mihi
597 3661 970 3735 corruptionem
1008 3656 1303 3728 muscipula;
1347 3672 1473 3711 sure.
1506 3656 1642 3723 Quid
1687 3666 1792 3725 est,

213 3760 359 3830 gratis
375 3758 401 3812 .9
420 3755 626 3826 Quibus
644 3752 774 3809 nihil
797 3750 919 3806 mali
942 3749 1063 3817 feci,
1086 3749 1278 3819 quibus
1299 3748 1425 3803 nihil
1446 3750 1623 3803 nocui.
1656 3746 1796 3804 Vane

213 3851 627 3923 erprobraverunt
659 3847 883 3901 animant
923 3860 1106 3898 meam.
1128 3842 1263 3911 Quid
1306 3850 1407 3908 est,
1449 3842 1612 3898 vane?
1640 3842 1795 3899 Falsa

211 3945 466 4012 dicentes,
524 3942 657 3997 nihil
716 3938 1022 4010 probantes.
1087 3934 1266 3990 Veniat
1328 3934 1433 3990 illis
1486 3935 1791 4007 muscipula,

210 4052 355 4104 quam
386 4037 645 4105 ignorant.
674 4028 947 4101 Magniﬁca
976 4026 1276 4091 retributio,
1317 4025 1449 4081 nihil
1467 4025 1685 4097 justius.
1714 4026 1795 4083 Illi

209 4128 604 4186 absconderunt
649 4120 996 4192 muscipulam
1023 4161 1038 4187 ,
1079 4127 1138 4174 ut
1182 4133 1283 4190 ego
1308 4119 1610 4190 ignorarem
1646 4139 1659 4175 :
1690 4121 1795 4177 illis

210 4224 385 4279 veniat
407 4218 728 4288 muscipula,
760 4229 920 4287 quam
947 4214 1213 4285 ignorant.
1242 4210 1372 4266 Nam
1404 4227 1502 4282 ego
1534 4212 1646 4267 scio
1672 4228 1793 4266 mu-

207 4313 461 4384 scipulam
506 4312 765 4381 ipsorum.
800 4306 931 4375 Quae
968 4311 1145 4359 autem
1194 4302 1487 4372 muscipula
1532 4302 1637 4356 illis
1666 4318 1795 4357 ven-

208 4416 319 4465 tura
357 4406 475 4462 est?
500 4404 596 4459 Illa
625 4416 786 4473 quam
814 4399 1081 4472 ignorant.
1110 4394 1407 4452 Audiamus
1437 4410 1505 4449 ne
1536 4393 1671 4449 forte
1713 4393 1794 4449 di-

206 4510 289 4555 cat
333 4499 523 4553 illam:
564 4493 739 4549 Veniat
790 4491 894 4546 illis
955 4487 1276 4559 muscipula,
1333 4502 1484 4556 quant
1535 4486 1791 4556 ignorant.

208 4592 364 4647 Forte
386 4590 554 4651 aliam
588 4587 665 4642 illi
693 4582 1111 4647 absconderant,
1157 4580 1256 4634 alia
1290 4580 1394 4634 illis
1423 4589 1644 4634 ventura
1670 4580 1792 4635 est?

203 4683 318 4741 Non
347 4682 478 4739 :sed
502 4679 667 4753 quid?
695 4676 979 4734 Criniculis
1016 4683 1354 4746 peccatorum
1386 4688 1604 4728 suorum
1630 4689 1793 4730 unus-

203 4780 425 4850 quisque
469 4771 852 4843 constringitur
890 4769 1071 4841 (Ρη-ου,
1111 4785 1167 4837 v,
1211 4768 1327 4841 29).
1357 4766 1486 4823 Inde
1513 4766 1791 4839 decipiun-

203 4869 500 4938 tur,,unde
521 4867 773 4938 decipere
817 4864 1119 4919 voluerunt.
1165 4861 1294 4915 Inde
1338 4860 1443 4915 illis
1486 4860 1789 4925 nocebitur,

201 4965 341 5021 unde
383 4977 583 5018 nocere
619 4958 797 5016 conati
839 4964 981 5011 sunt.
1028 4954 1275 5024 Sequitur
1316 4953 1457 5008 enim
1485 4968 1498 5007 :
1526 4951 1595 5007 Et
1623 4955 1791 5025 captio

196 5073 352 5127 nam
384 5053 782 5115 occultaverunt,
825 5045 1213 5117 comprehendat
1253 5044 1389 5100 illos.
1420 5046 1700 5117 Tanquam
1744 5046 1792 5102 si

132 5166 135 5169 ·
197 5150 478 5219 quisquam
504 5144 695 5200 veneni
735 5141 959 5197 calicem
987 5145 1250 5211 praeparet
1276 5136 1455 5203 alicui,
1502 5144 1557 5192 et
1595 5137 1791 5205 oblitus

196 5239 421 5296 ebibat:
461 5246 519 5294 et
549 5245 801 5305 tanquam
847 5231 893 5286 si
923 5228 1132 5283 foveam
1177 5227 1341 5282 fodiat
1387 5227 1690 5298 quisquam,
1734 5226 1787 5282 in

194 5348 358 5405 quam
390 5331 622 5403 quisque
662 5324 911 5382 inimicus
955 5321 1070 5391 ejus
1118 5320 1172 5375 in
1203 5319 1435 5374 tenebris
1479 5317 1711 5382 incidat;
1737 5325 1791 5372 et

194 5428 291 5483 ille
308 5427 517 5491 oblitus
546 5419 692 5493 quod
716 5419 940 5483 fuderat,
963 5415 1243 5471 ambulans
1268 5429 1330 5468 ea
1355 5414 1437 5467 via
1478 5412 1628 5482 prior
1665 5411 1790 5467 illuc

192 5519 371 5577 cadat.
417 5517 671 5577 Prorsus,
694 5511 885 5567 fratres
928 5507 1072 5576 mei,
1134 5508 1206 5561 ita
1254 5503 1477 5570 credite,
1532 5504 1603 5558 ita
1656 5505 1786 5561 certi

194 5621 416 5670 «toto;
447 5611 520 5665 ita
572 5606 618 5661 si
662 5612 750 5662 est
794 5605 847 5659 in
882 5602 1034 5657 vobis
1072 5598 1456 5657 excellentior‘
1492 5596 1787 5668 prudentia:

192 5706 357 5768 ratio,
383 5701 560 5757 videte
597 5708 759 5768 atque
786 5694 1067 5767 perspicite
1093 5709 1108 5747 :
1134 5692 1304 5748 Nemo
1330 5690 1498 5745 malus
1537 5705 1642 5744 non
1684 5689 1785 5745 sibi

196 5797 351 5869 prius
376 5801 554 5849 nocet.
585 5790 676 5845 Sic
700 5788 843 5843 enim
864 5802 985 5844 esse
1011 5793 1191 5857 putate
1212 5782 1490 5849 malitiam,
1519 5781 1787 5851 quomodo

261 5907 289 5944 ³
323 5908 469 5957 υηιὶα
488 5910 596 5955 Is.
620 5898 990 5951 excellentioris.

553 5997 756 6053 Sanos.
792 5988 1039 6045 Aecus'r.
1083 5980 1188 6042 ιν.

1276 384 1677 448 ENARRATIO
1702 384 1769 444 IN
1792 385 2122 449 PSALIUM
2157 391 2399 450 XXXIV.

3391 402 3499 465 330

1909 503 2104 576 ignem.
2137 505 2427 565 Incendere
2471 508 2551 565 vis
2579 508 2816 582 aliquid:
2848 511 2978 570 illud
3023 514 3166 588 quod
3207 516 3482 585 admoves,

1908 598 2056 667 prius
2095 599 2268 668 ardet,
2310 601 2411 657 nisi
2457 601 2661 669 ardeat,
2709 618 2814 660 non
2859 605 3112 664 incendit.
3145 608 3340 667 Facula
3375 622 3480 681 est,

1909 688 2049 746 hanc
2088 691 2313 749 faculam
2352 695 2578 767 apponis
2607 705 2661 751 ut
2686 696 2885 767 aliquid
2915 698 3201 755 incendat:
3233 707 3488 776 numquid

1907 799 2013 840 non
2042 786 2154 857 ipsa
2184 786 2354 842 facula
2378 803 2537 859 quam
2563 789 2805 860 opponis,
2837 791 2983 861 prior
3003 792 3174 860 ardet,
3204 806 3264 850 ut
3291 797 3490 869 aliquid

1905 878 2075 948 possit
2120 879 2452 936 incendere?
2502 880 2701 937 Malitia
2748 897 2877 954 ergo
2915 884 3158 953 procedit
3202 902 3267 942 ex
3311 896 3386 957 te,
3436 901 3492 945 et

1906 985 2064 1041 quem
2110 971 2257 1042 prius
2284 981 2455 1027 vastat
2498 973 2600 1028 nisi
2630 974 2715 1030 te?
2753 976 2868 1042 Quo
2898 975 3239 1047 profunditur
3282 996 3489 1037 ramum

1905 1062 2069 1131 laedit,
2101 1064 2192 1120 ubi
2217 1065 2451 1122 radicem
2479 1066 2638 1124 habet
2666 1084 2770 1124 non
2795 1069 2976 1128 laedit?
3014 1071 3082 1127 Et
3106 1073 3319 1144 quidem
3346 1075 3491 1145 dico,

1905 1156 2045 1226 quod
2070 1157 2269 1213 malitia
2291 1166 2377 1213 tua
2406 1168 2463 1214 ut
2490 1160 2642 1217 alteri
2670 1177 2778 1216 non
2820 1172 3011 1219 noceat
3040 1163 3152 1220 ﬁeri
3181 1175 3359 1238 potest
3390 1184 3402 1221 :
3439 1178 3493 1222 ut

1904 1257 2081 1304 autem
2110 1250 2203 1306 tibi
2243 1267 2349 1307 non
2393 1264 2603 1321 noceat,
2638 1254 2751 1310 fieri
2793 1272 2897 1312 non
2948 1266 3142 1328 potest.
3189 1259 3320 1315 Nam
3364 1261 3491 1333 quid

1905 1341 2139 1396 nocitum
2166 1352 2248 1398 est
2272 1354 2460 1400 sancto
2483 1346 2596 1401 viro
2614 1346 2733 1414 Job,
2762 1348 2829 1404 dc
2850 1365 2957 1420 quo
2979 1352 3251 1421 przclocuti
3269 1355 3493 1409 sumus?

1904 1431 2182 1500 Quomodo
2213 1435 2264 1490 in
2293 1436 2399 1491 alio
2426 1438 2631 1507 psalmo
2658 1438 2870 1505 dicitur,
2899 1440 3043 1497 Sicut
3071 1445 3317 1500 novacula
3342 1455 3493 1501 acula

1904 1526 2065 1597 feciin
2106 1527 2276 1583 dolum
2322 1529 2489 1601 (Prol.
2521 1547 2591 1597 LI,
2621 1530 2698 1603 4).
2741 1533 2878 1603 Quid
2928 1536 2985 1590 lit
3026 1537 3093 1593 de
3129 1550 3283 1594 acuta
3329 1556 3491 1595 nova-

1903 1618 2061 1673 cula?
2091 1620 2299 1689 Capilli,
2348 1638 2437 1679 res
2479 1624 2761 1695 superﬂua:
2814 1626 3147 1684 deciduntur.
3181 1631 3319 1698 Quid
3363 1648 3491 1705 ergo

1904 1710 2032 1765 facis
2055 1711 2102 1767 ei
2128 1728 2287 1782 quem
2318 1714 2397 1768 vis
2425 1716 2658 1772 nocere?
2685 1717 2741 1772 Si
2770 1720 3030 1789 nequam1
3061 1721 3152 1775 tibi
3193 1722 3258 1776 ad
3291 1724 3490 1779 malum

1904 1805 2201 1860 consentiat
2224 1805 2311 1861 cui
2340 1808 2421 1862 vis
2450 1824 2663 1877 nocere,
2692 1827 2796 1865 non
2827 1812 3025 1867 malitia
3055 1825 3140 1869 tua
3171 1816 3217 1871 ei
3249 1818 3490 1873 nocitura

1902 1904 2006 1963 est,
2038 1895 2132 1951 sed
2173 1912 2269 1953 sua
2300 1918 2315 1954 :
2344 1899 2389 1955 si
2433 1911 2608 1957 autem
2642 1902 2785 1958 intus
2825 1905 2938 1976 ipse
2965 1907 3162 1961 malitia
3202 1918 3402 1977 careat,
3435 1920 3490 1966 et

1902 2001 1997 2042 cor
2034 1988 2289 2044 mundum
2335 1991 2527 2047 subdat
2570 1993 2645 2048 illi
2675 1996 2791 2050 voci
2818 1996 3035 2063 dicenti,
3084 1998 3241 2054 Salus
3284 2010 3370 2055 tua
3398 2019 3489 2073 ego

1902 2094 2035 2145 sum,
2067 2078 2364 2137 forinsecus
2392 2099 2685 2156 oppugnas,
2717 2087 3028 2144 interiorem
3071 2089 3339 2147 hominem
3380 2109 3489 2149 non

1902 2186 2175 2244 expugnas
2205 2194 2219 2230 :
2254 2177 2451 2232 malitia
2486 2187 2661 2234 tamen
2692 2189 2777 2234 tua
2800 2181 2867 2236 ab
2891 2182 3148 2241 interiore
3178 2194 3269 2241 tuo
3296 2200 3490 2256 proce-

1902 2262 2000 2331 dit,
2033 2272 2086 2319 te
2108 2266 2254 2336 prius
2280 2268 2490 2324 inanem
2522 2271 2716 2327 reddit.
2749 2272 2827 2329 Tu
2861 2276 3026 2344 putris
3056 2292 3117 2331 es
3159 2277 3319 2343 inttts,
3351 2278 3492 2334 unde

1902 2357 2003 2413 iste
2045 2360 2240 2415 vermis
2287 2366 2582 2430 processit;
2626 2365 2767 2420 intus
2815 2368 2945 2423 nihil
2991 2369 3253 2441 integrum
3297 2370 3492 2427 dereli-

1901 2451 2034 2522 quit.
2072 2451 2133 2506 Et
2149 2456 2317 2525 captio
2344 2472 2497 2526 quant
2525 2458 2916 2528 occultaverunt,
2947 2462 3340 2531 comprehendat
3365 2480 3448 2519 eos
3471 2478 3491 2520 :

1900 2551 1947 2597 et
1966 2543 2019 2597 in
2034 2545 2315 2616 muscipula
2335 2546 2559 2603 incidant
2584 2550 2635 2603 in
2658 2551 2788 2620 ipsa.
2812 2551 2927 2606 Non
2949 2554 3088 2623 quod
3112 2556 3334 2625 putabas
3356 2556 3491 2614 forte

1901 2637 2059 2705 paulo
2086 2648 2211 2693 ante
2237 2654 2359 2695 cum
2393 2641 2623 2706 audires,
2666 2643 2843 2698 Veniat
2870 2646 2973 2700 illis
3000 2648 3303 2717 muscipula,
3334 2666 3486 2720 quant

1899 2729 2154 2801 ignorant,
2189 2730 2239 2785 id
2265 2743 2367 2799 est,
2400 2734 2551 2803 quasi
2582 2734 2780 2806 aliquid
2809 2737 2952 2793 aliud
2982 2754 3046 2793 ex
3069 2742 3281 2795 occulto
3311 2742 3486 2799 inevi-

1902 2819 2082 2876 tabile.
2117 2821 2171 2876 In
2211 2838 2313 2892 qua
2341 2826 2504 2895 ergo?
2544 2825 2599 2880 In
2632 2827 2744 2897 ipsa
2788 2828 3123 2899 iniquitate',
3163 2849 3320 2903 quam
3350 2833 3482 2889 mihi

1900 2912 2311 2970 absconderunt.
2335 2915 2525 2974 Nonne
2549 2916 2651 2974 hoc
2687 2918 2881 2975 factum
2910 2933 2992 2976 est
3017 2921 3261 2979 Iudaeis?
3292 2925 3479 2980 Domi-

1900 3020 2005 3061 nus
2031 3020 2217 3062 eorum
2265 3008 2593 3079 iniquitatem
2634 3010 2782 3077 vicit,
2815 3012 2891 3066 illi
2922 3013 3199 3084 iniquitate
3227 3030 3320 3070 sua
3352 3016 3482 3073 victi

1899 3104 2045 3154 sunt.
2071 3097 2165 3154 Ille
2190 3101 2417 3155 surrexit
2447 3117 2541 3171 pro
2568 3103 2741 3163 nobis.
2772 3103 2846 3159 illi
2878 3106 3073 3161 mortui
3103 3117 3227 3163 sunt
3254 3109 3417 3165 inse.

1972 3189 2063 3246 12.
2103 3189 2251 3265 [υρι-δ.
2279 3192 2356 3267 9.]
2395 3193 2522 3250 Haec
2544 3210 2673 3266 ergo
2702 3196 2853 3251 malis
2882 3213 3079 3254 nocere
3103 3199 3235 3256 mihi
3262 3202 3491 3259 volenti-

1900 3282 2037 3338 bus:
2067 3283 2195 3338 tnihi
2227 3284 2387 3354 quid?
2415 3285 2599 3340 Anima
2635 3297 2803 3342 autem
2841 3306 2951 3343 mea
2981 3292 3252 3348 exsultabit
3289 3294 3342 3349 in
3375 3294 3484 3350 Do-

1900 3378 2078 3431 mino:
2110 3386 2358 3447 tanquam
2398 3377 2450 3431 in
2476 3393 2542 3432 eo
2582 3393 2613 3432 a
2638 3394 2744 3448 quo
2788 3379 3036 3448 audierit,
3083 3382 3241 3439 Salus
3284 3394 3371 3439 tua
3398 3402 3490 3459 ego

1899 3485 2011 3525 tum
2042 3483 2062 3522 :
2090 3476 2340 3539 tanquam
2382 3483 2488 3524 non
2524 3486 2771 3540 quaerens
2820 3473 2952 3527 alias
2992 3476 3326 3532 extrinsecus
3354 3479 3491 3534 divi-

1902 3560 2022 3625 tias,
2056 3567 2309 3629 tanquam
2329 3575 2434 3616 non
2456 3577 2701 3631 quaerens
2731 3563 3102 3621 circumﬂuere
3129 3568 3488 3639 voluptatibus

1900 3650 2161 3720 bonisque
2187 3652 2445 3717 terrenis;
2469 3652 2564 3707 sed
2585 3654 2864 3724 conjugem
2886 3670 3067 3710 verum
3091 3659 3255 3729 gratis
3275 3676 3484 3728 amans,

1901 3755 2007 3797 non
2032 3741 2099 3797 ab
2126 3741 2217 3796 illo
2256 3742 2438 3797 volens
2461 3743 2703 3814 accipere
2738 3746 2877 3815 quod
2899 3746 3149 3815 delectet,
3178 3749 3271 3806 sed
3310 3751 3484 3822 ipsum

1899 3836 2073 3892 solum
2119 3837 2217 3891 sibi
2246 3852 2548 3907 proponens
2590 3855 2619 3892 a
2649 3854 2754 3908 quo
2795 3839 3111 3897 delectetur.
3158 3843 3296 3912 Quid
3342 3848 3487 3903 enim

1900 3927 2091 3983 melius
2117 3928 2225 3983 Deo
2255 3928 2466 3983 dabitur
2495 3929 2623 3983 mihi
2642 3929 2706 3982 ³⁸2
2732 3931 2891 3985 Amat
2919 3948 3007 3988 me
3048 3933 3188 3990 Deus
3218 3952 3232 3990 :
3266 3946 3410 3994 amat
3436 3949 3489 3995 te

1902 4019 2065 4077 Deus.
2095 4021 2235 4078 Ecce
2270 4022 2565 4093 proposuit,
2597 4032 2717 4093 pete
2755 4023 2894 4094 quod
2928 4026 3006 4079 vis
3034 4026 3247 4098 (Matth.
3274 4046 3371 4097 vn,
3401 4031 3478 4104 7).

1901 4111 1956 4167 Si
1988 4112 2080 4168 tibi
2109 4111 2403 4183 Imperator
2428 4112 2648 4177 diceret,
2682 4113 2809 4169 Pete
2847 4115 2987 4185 quod
3019 4117 3116 4183 vis,
3149 4134 3283 4190 quos
3310 4122 3481 4178 tribu-

1900 4214 2055 4261 natus
2108 4203 2528 4274 comitivasquc‘
2571 4206 2848 4260 ructares!
2902 4207 3107 4275 Quanta
3157 4211 3247 4265 tibi
3290 4228 3487 4284 propo-

1898 4314 2056 4355 neres
2095 4307 2150 4354 et
2192 4298 2496 4369 accipienda
2538 4306 2593 4354 et
2635 4300 2751 4354 aliis
2793 4300 3097 4369 largiendo!
3134 4302 3244 4358 Deo
3277 4305 3369 4360 tibi
3401 4307 3485 4377 di-

1898 4405 2075 4459 cente,
2103 4392 2231 4448 Pete
2249 4391 2390 4462 quod
2415 4392 2515 4456 vis,
2543 4390 2667 4461 quid
2697 4391 2957 4462 petiturus
2982 4392 3076 4447 es?
3105 4393 3313 4451 Excute
3339 4413 3488 4453 men-

1900 4498 2005 4546 tem
2030 4496 2194 4553 tuam,
2228 4502 2416 4542 exsere
2442 4488 2715 4541 avaritiam
2742 4496 2908 4553 tuam,
2932 4490 3192 4559 protende
3218 4502 3484 4563 quantum

1898 4592 2070 4653 potes,
2117 4590 2172 4636 et
2198 4580 2356 4635 dilata
2400 4578 2744 4648 cupiditatem
2776 4589 2921 4636 tuam
2954 4601 2967 4637 :
3000 4600 3103 4639 non
3133 4586 3483 4660 quicumque,

1897 4673 1994 4731 sed
2013 4675 2354 4744 omnipotens
2384 4671 2524 4727 Deus
2547 4670 2697 4737 dixit,
2729 4671 2859 4727 Pete
2879 4674 3020 4744 quod
3052 4674 3154 4730 vis.
3187 4675 3241 4733 Si
3268 4693 3484 4748 posses-

1897 4768 2107 4824 sionum
2145 4781 2203 4822 es
2246 4772 2473 4831 amator,
2524 4763 2923 4821 desideraturus
2960 4781 3020 4821 es
3048 4775 3209 4822 totam
3266 4782 3484 4842 terram,

1898 4874 1958 4919 ut
1980 4877 2169 4919 omnes
2192 4860 2279 4933 qui
2312 4868 2625 4924 nascuntur,
2655 4860 2831 4914 coloni
2861 4859 2935 4914 tui
2963 4869 3056 4915 aut
3079 4863 3219 4917 servi
3253 4865 3325 4919 tni
3353 4868 3483 4925 sint.

1901 4955 1964 5011 Et
1982 4953 2106 5026 quid
2126 4968 2246 5009 cum
2274 4961 2439 5007 totam
2462 4961 2656 5004 terram
2680 4948 3022 5019 possederis?
3048 4951 3193 5008 Mare
3222 4955 3482 5023 petiturus

1895 5064 1976 5117 es,
2009 5050 2064 5105 iu
2087 5063 2194 5119 quo
2221 5046 2402 5101 vivere
2428 5053 2606 5099 tamen
2648 5057 2755 5098 non
2785 5044 3004 5112 poteris.
3034 5045 3091 5101 In
3133 5045 3233 5103 hac
3258 5049 3480 5104 avaritia

1896 5149 1949 5195 te
1980 5141 2152 5210 pisces
2192 5136 2536 5207 superabunt.
2583 5133 2691 5190 Sed
2730 5132 2871 5190 forte
2912 5133 3114 5192 insulas
3159 5137 3476 5208 possidebis.

1896 5230 2238 5287 Transcende
2280 5236 2334 5282 et
2377 5225 2517 5294 haec,
2544 5235 2667 5297 pete
2705 5236 2761 5282 et
2794 5240 2978 5283 aerem
3027 5229 3269 5305 quamvis
3297 5229 3478 5287 volare

1958 5455 1977 5487 ι
2011 5451 2144 5511 Edd.,
2169 5448 2213 5501 si
2244 5460 2564 5514 nuptarum.
2592 5450 2786 5500 [tectius
2818 5448 2953 5500 Colh.
2972 5449 3156 5510 codex,
3180 5447 3227 5500 si
3254 5462 3480 5514 nequam.
3513 5447 3520 5460 "

1958 5511 3116 5584 ξιιξεεοείηίρέαίηρβιαηρνθρα-μ...
3318 5511 3349 5584 ζ.
3421 5572 3433 5584 .

1958 5581 1978 5612 ³
2010 5576 2173 5626 Plures
2194 5569 2321 5625 Mssa
2350 5569 2472 5636 Quid
2496 5572 2624 5624 enim
2637 5569 2813 5624 'melt'us
2828 5570 2968 5624 Deo?
2988 5569 3117 5623 Dicit
3138 5570 3261 5623 mihi
3280 5571 3474 5638 aliquis,

1976 5647 2026 5688 rat
2048 5651 2139 5688 me.
2167 5643 2264 5688 etc.

1893 5647 2141 5761 Ληίαέάηᾶῗ
2530 5706 2637 5761 Mss.
2672 5694 2792 5748 vero
2832 5696 3072 5761 plerique,
3097 5694 3432 5761 continuatque
3459 5709 3480 5749 :

1892 5764 2020 5832 quod
2046 5758 2326 5812 vocabulum
2346 5762 2540 5832 comitis
2558 5758 2849 5832 dignitatem
2867 5765 2925 5832 et.
2936 5758 3139 5832 gradum
3156 5765 3315 5832 sonat,
3340 5758 3482 5832 repe-

1892 5819 2230 5890 riturquenon
2245 5838 2359 5890 raro
2371 5825 2421 5873 in
2434 5824 2543 5872 Cod.
2563 5819 2745 5872 'rlieod.
2764 5828 2817 5870 et
2830 5822 3000 5870 Justin.
3020 5826 3072 5869 et
3092 5819 3218 5880 apud

1890 5903 1997 5940 rum
2023 5884 2071 5937 in
2095 5884 2177 5935 lib.
2199 5888 2374 5937 \‘ariar.

3012 5961 3053 6042 (
3047 5962 3279 6043 01m.)
