4042 6474
517 441 622 498 3'55

514 552 893 609 Verumtamen
923 547 976 603 in
1007 557 1231 617 corpore
1260 542 1363 597 hoc
1389 537 1698 602 dixerimus,
1729 536 1781 590 id
1813 543 1894 590 est
1921 535 1974 588 in
2001 546 2098 587 no-

513 647 630 703 bis:
654 645 707 699 in
751 641 976 698 Domino
1011 650 1188 694 autem
1231 644 1416 691 nostro
1445 632 1570 688 Jesu
1596 629 1806 684 Christo
1835 625 1961 696 quid
1991 624 2098 680 tale

512 735 896 811 agnoscimus?
939 729 1229 803 Evangelio
1272 736 1550 800 perspecto
1591 733 1646 780 et
1691 720 2096 792 diligentissime

513 837 871 905 perscrutato,
899 843 1006 884 non
1035 824 1335 882 invenimus
1361 820 1644 876 Dominum
1671 817 1724 872 in
1767 815 1944 885 aliqua
1975 827 2099 884 pas-

515 925 669 980 sione
690 929 745 977 et
760 918 1102 976 tribulatione
1129 931 1224 971 sua
1253 913 1490 969 induisse
1515 926 1574 966 se
1600 908 1795 965 cilicio.
1819 906 2099 976 Jejunasse

519 1014 735 1086 quidem
765 1026 888 1068 eum
919 1009 1145 1080 legimus
1169 1014 1351 1077 postea
1380 1018 1536 1074 quam
1561 1000 1860 1071 baptizatus
1881 1007 1994 1054 est:
2019 997 2100 1051 ci-

514 1108 696 1164 licium
736 1105 806 1160 ibi
837 1103 1034 1158 nullum
1065 1099 1382 1164 audivimus,
1426 1095 1636 1150 nullum
1679 1093 1935 1164 legimus:
1955 1090 2099 1160 jeju-

515 1215 675 1256 nasse
701 1206 877 1253 autem
905 1194 1136 1250 nondum
1163 1191 1362 1247 Judmis
1388 1187 1847 1260 persequentibus,
1870 1184 1965 1240 sed
1989 1183 2104 1238 dia-

515 1290 641 1346 bolo
671 1296 904 1345 tentante
922 1281 1312 1356 (Matth.tv,l).
1339 1280 1456 1336 Non
1476 1293 1545 1334 eo
1571 1287 1809 1348 tempore
1825 1275 1944 1330 dico
1960 1274 2102 1346 jeju-

518 1395 679 1437 nasse
696 1378 1001 1445 Dominum,
1021 1374 1234 1446 quando
1257 1388 1379 1428 eum
1406 1371 1801 1441 interrogabant
1819 1384 1936 1438 qua:
1953 1368 2104 1436 igno-

516 1484 620 1542 rat,
636 1485 689 1528 et
703 1471 915 1544 quando
931 1467 1296 1526 retribuebant
1311 1467 1449 1521 mala
1464 1479 1561 1535 pro
1576 1464 1749 1530 bonis,
1766 1461 2098 1528 insectando,

517 1565 909 1640 persequendo,
939 1561 1192 1627 tenendo,
1214 1558 1553 1631 ﬂagellando,
1583 1554 1931 1621 vulnerando,
1955 1552 2100 1608 occi-

515 1660 727 1717 dendo:
750 1657 844 1714 sed
875 1665 1049 1710 tamen
1075 1656 1127 1709 in
1153 1653 1236 1708 his
1265 1651 1532 1716 omnibus,
1552 1647 1764 1714 fratres,
1794 1646 1838 1702 si
1865 1646 2103 1716 aliquan-

518 1756 687 1810 tulum
716 1753 802 1824 pia
830 1750 1138 1806 curiositate
1167 1749 1406 1802 levemus
1426 1745 1621 1810 velum,
1651 1753 1706 1798 et
1735 1740 1986 1796 interiora
2006 1741 2103 1793 hu-

514 1848 603 1918 jus
624 1846 918 1915 Scriptura:
947 1842 1101 1897 oculo
1128 1839 1308 1897 cordis
1355 1840 1557 1894 intento
1582 1840 1860 1899 rimemur,
1897 1832 2104 1888 inveni-

516 1955 638 1995 mus
657 1950 712 1994 et
726 1939 828 1992 hoc
845 1936 1034 1992 fecisse
1051 1933 1353 1990 Dominum.
1372 1929 1616 1988 Cilicium
1631 1927 1858 1983 fortasse
1872 1926 2105 1997 appellat

515 2032 691 2090 carnis
711 2046 820 2086 suae
849 2027 1250 2084 mortalitatem.
1271 2023 1448 2093 Quare
1475 2021 1744 2077 cilicium?
1772 2019 2001 2088 Propter
2026 2017 2102 2072 si-

514 2123 868 2178 militudinem
896 2118 1073 2174 carnis
1099 2115 1322 2187 peccati.
1345 2112 1629 2184 Apostolus
1649 2111 1788 2166 enim
1820 2110 1980 2163 dicit:
2002 2107 2105 2161 Mi-

516 2218 580 2272 sit
607 2215 742 2270 Deus
774 2213 967 2268 Filium
1004 2225 1153 2266 suum
1192 2209 1248 2263 in
1287 2205 1668 2264 similitudinem
1691 2205 1858 2258 carnis
1889 2201 2100 2273 peccati,

516 2319 572 2364 ut
589 2309 652 2362 de
675 2316 877 2380 peccato
893 2305 1158 2358 damnaret
1171 2308 1429 2374 peccatum
1445 2300 1499 2353 in
1520 2313 1671 2351 carne
1692 2296 1867 2366 (Rom.
1890 2311 2004 2360 vut,
2025 2291 2102 2365 5):

516 2400 621 2456 hoc
647 2409 749 2467 est,
779 2398 972 2453 Filium
998 2410 1152 2451 suum
1179 2392 1348 2448 induit
1379 2389 1575 2456 cilicio,
1593 2398 1651 2443 ut
1687 2387 1756 2444 de
1793 2387 1964 2442 cilicio
2012 2385 2107 2440 da-

518 2500 728 2548 mnaret
752 2490 956 2546 hmdos.
992 2488 1108 2544 Non
1140 2485 1264 2558 quia
1310 2493 1587 2554 peccatum
1613 2489 1748 2547 erat,
1770 2495 1874 2534 non
1902 2477 2024 2533 dico
2051 2477 2104 2532 in

518 2585 696 2641 Verbo
727 2584 842 2650 Dei,
873 2580 968 2637 sed
995 2594 1094 2634 nec
1119 2579 1170 2633 in
1198 2577 1310 2647 ipsa
1335 2575 1549 2646 quidem
1576 2572 1697 2628 dico
1724 2571 1897 2625 anima
1921 2579 2106 2625 sancta
2146 2561 2151 2565 ”

518 2691 574 2737 et
619 2689 797 2735 mente
843 2675 1094 2739 hominis,
1127 2686 1285 2742 quem
1332 2669 1434 2724 sibi
1470 2667 1536 2722 ad
1581 2666 1836 2720 unitatem
1866 2677 2106 2734 personae

519 2773 752 2829 Verbum
783 2769 880 2826 Dei
909 2778 963 2823 et
985 2763 1254 2836 Sapientia
1282 2768 1648 2832 coaptaverat;
1671 2758 1764 2813 sed
1793 2773 1891 2812 nec
1913 2757 1966 2810 in
1994 2757 2108 2828 ipso

518 2879 743 2935 corpore
772 2870 1043 2933 peccatum
1087 2858 1255 2912 ullum
1295 2863 1430 2918 erat,
1475 2851 1570 2907 sed
1610 2849 1901 2906 similitudo
1931 2847 2108 2903 carnis

519 2957 720 3028 peccati
743 2963 856 3010 erat
877 2954 928 3007 in
956 2950 1212 3015 Domino;
1231 2947 1353 3018 quia
1378 2960 1523 3000 mors
1545 2958 1650 2997 non
1667 2951 1750 2998 est
1771 2941 1872 2995 nisi
1897 2939 1964 2994 de
1986 2953 2109 3007 pec-

520 3058 638 3103 cato
669 3047 778 3118 (Id.
811 3061 865 3110 v,
892 3044 1000 3114 l2),
1025 3052 1080 3097 et
1109 3041 1292 3110 utique
1319 3051 1513 3106 corpus
1550 3034 1677 3088 illud
1716 3033 1942 3088 mortale
1969 3040 2104 3086 erat.

520 3141 651 3196 Nam
683 3139 781 3193 nisi
810 3135 1033 3190 mortale
1056 3142 1219 3194 esset,
1244 3146 1348 3184 non
1377 3135 1705 3189 moreretur;
1735 3125 1778 3178 si
1801 3139 1905 3177 non
1928 3137 2108 3176 more-

521 3241 688 3293 I‘Ollll‘,
719 3244 825 3283 ιιοιι
867 3231 1207 3294 resurgeret;
1239 3221 1284 3273 εἰ
1316 3234 1417 3272 ιιοιι
1447 3224 1766 3286 resurgeret,
1802 3213 2107 3282 exemplum

521 3325 645 3378 vita:
687 3331 901 3376 atteram
931 3317 1084 3372 nobis
1114 3330 1217 3368 non
1261 3311 1673 3365 demonstraret.
1707 3306 1845 3376 Ergo
1875 3305 1953 3360 sic
1978 3304 2109 3357 dici-

524 3426 607 3471 tur
634 3430 779 3469 mors
823 3417 1116 3483 peccatum,
1157 3418 1276 3476 qua:
1303 3403 1438 3456 facta
1467 3407 1550 3454 est
1577 3405 1813 3468 peccato,
1839 3394 2107 3465 quomodo

521 3513 714 3568 dicitur
739 3505 916 3578 litigua
955 3517 1145 3575 graeca,
1191 3499 1367 3568 lingua
1392 3495 1573 3560 latina,
1603 3507 1708 3546 non
1739 3493 1911 3560 ipsum
1940 3504 2110 3543 mem-

523 3606 678 3659 brum
704 3600 901 3664 carnis,
933 3595 1025 3652 sed
1046 3592 1188 3664 quod
1221 3590 1278 3645 fit
1305 3605 1396 3659 per
1423 3586 1722 3641 membrum
1751 3583 1948 3637 carnis.
1971 3580 2106 3636 Nam

523 3697 698 3763 lingua
721 3693 772 3746 iu
801 3688 1052 3746 membris
1085 3683 1283 3739 nostris
1308 3694 1468 3734 unum
1505 3686 1586 3731 est
1616 3677 1683 3730 de
1709 3674 1939 3740 creteris,
1971 3673 2109 3727 sicut

523 3788 683 3852 oculi,
715 3799 896 3848 nasus,
937 3794 1116 3846 aures,
1145 3786 1197 3832 et
1225 3783 1420 3830 caetera
1440 3790 1453 3825 :
1477 3771 1654 3840 lingua
1683 3776 1861 3821 autem
1911 3779 2105 3836 grmca,

523 3881 683 3936 verba
709 3889 882 3949 graeca
914 3879 1038 3927 sunt
1070 3888 1082 3924 :
1114 3884 1219 3923 non
1252 3866 1376 3936 quia
1413 3862 1573 3918 verba
1604 3861 1798 3932 lingua,
1843 3857 1940 3913 sed
1983 3857 2108 3927 quia

524 3970 684 4028 verba
713 3945 810 4040 per
851 3965 1102 4033 linguam.
1137 3956 1276 4012 Dicis
1319 3955 1389 4010 de
1431 3954 1631 4022 aliquo,
1663 3947 1872 4020 Agnovi
1912 3945 2105 4040 faciem

523 4038 810 4136 ipsius,vde
837 4054 1077 4112 membro
1118 4048 1359 4121 corporis
1395 4046 1656 4116 loquens:
1680 4051 1736 4097 et
1761 4041 1894 4098 dicis
1922 4038 2104 4107 etiam,

523 4135 727 4228 Agnovi
749 4165 965 4208 manum
989 4146 1154 4218 ipsius
1177 4141 1434 4206 absentis,
1457 4155 1562 4193 non
1587 4151 1802 4192 manum
1833 4135 1886 4190 in
1911 4148 2106 4204 corpo-

523 4265 603 4318 re,
631 4247 727 4304 sed
755 4247 1072 4314 scripturam
1098 4253 1217 4309 quae
1247 4235 1382 4291 faeta
1401 4241 1484 4289 est
1503 4247 1598 4302 per
1620 4245 1835 4284 manum
1856 4244 1975 4299 qua:
1990 4235 2107 4284 erat

521 4347 577 4402 in
607 4356 849 4412 corpore.
889 4336 978 4393 Sic
1006 4349 1133 4404 ergo
1163 4336 1436 4402 peccatum
1466 4324 1696 4390 Domini,
1727 4321 1868 4394 quod
1908 4322 2106 4377 factum

521 4446 604 4493 est
631 4436 695 4491 de
715 4438 955 4505 peccato,
980 4426 1101 4498 quia
1123 4423 1246 4478 inde
1265 4434 1480 4476 carnem
1509 4415 1813 4486 assumpsit,
1837 4413 1906 4470 de
1931 4427 2108 4470 massa

523 4531 637 4600 ipsa
661 4542 779 4598 qum
805 4530 1031 4577 mortem
1053 4521 1318 4571 meruerat
1342 4527 1408 4568 ex
1436 4518 1672 4580 peccato.
1698 4507 1908 4563 Etenim
1930 4515 1990 4563 ut
2012 4522 2106 4563 ce-

521 4621 688 4676 lerius
716 4618 913 4678 dicam,
960 4609 1125 4666 Maria
1145 4608 1161 4640 ¹
1193 4622 1259 4660 ex
1296 4603 1465 4658 Adam
1495 4609 1701 4656 mortua
1731 4608 1949 4670 propter
1979 4615 2105 4668 pec-

521 4722 722 4776 catum,
751 4707 920 4763 Adam
941 4710 1186 4758 mortuus
1214 4705 1432 4768 propter
1457 4702 1754 4764 peccatum,
1782 4700 1838 4746 et
1865 4705 1991 4745 caro
2015 4690 2109 4744 Do-

523 4803 655 4860 mini
675 4819 743 4858 ex
771 4799 934 4854 Maria
973 4804 1180 4849 mortua
1232 4799 1314 4844 est
1353 4793 1568 4856 propter
1594 4781 1820 4838 delenda
1871 4789 2104 4850 peccata.

526 4897 641 4954 Hoc
663 4891 911 4949 ciliciose
934 4885 1107 4940 induit
1129 4880 1414 4937 Dominus:
1439 4886 1492 4931 et
1508 4875 1626 4930 ideo
1643 4889 1747 4929 non
1773 4882 1853 4928 est
1876 4875 2104 4941 agnitus,

525 5003 650 5062 quia
677 4985 776 5042 sub
799 4981 972 5039 cilicio
996 4976 1255 5032 latitabat.
1288 4971 1415 5026 Cum
1434 4968 1578 5033 mihi,
1605 4966 1792 5037 inquit,
1826 4964 2019 5018 molesti
2035 4980 2112 5018 es-

526 5056 656 5144 ient,
701 5073 968 5131 induebam
1010 5083 1090 5122 me
1127 5065 1292 5120 cilicio
1316 5079 1333 5117 :
1357 5061 1411 5117 id
1437 5069 1540 5126 est,
1571 5059 1646 5113 illi
1673 5056 1984 5120 saeviebant,
2010 5069 2110 5126 ego

525 5172 778 5230 latebam.
803 5165 864 5221 Si
890 5163 1035 5220 enim
1059 5160 1227 5215 latere
1255 5155 1443 5220 nollet,
1461 5165 1559 5207 nec
1575 5150 1706 5204 mori
1727 5157 1924 5219 posset,
1943 5163 2112 5218 quan.

524 5265 812 5339 doquidem
851 5273 958 5316 uno
981 5253 1236 5325 temporis
1261 5258 1456 5339 puncto
1476 5245 1670 5302 stillam
1699 5242 1984 5339 quamdam
2010 5256 2110 5339 pe-

527 5331 738 5418 tesiatis
755 5367 890 5422 sua,
905 5350 953 5407 si
965 5346 1051 5406 vel
1064 5347 1088 5380 ⁸
1104 5343 1246 5401 stilla
1265 5338 1484 5396 dicenda
1509 5345 1611 5403 est,
1628 5334 1878 5400 exseruit,
1899 5331 2112 5403 quando

519 5582 526 5592 .
590 5562 612 5598 ι
644 5566 842 5613 mm,
877 5561 931 5607 et
964 5551 1175 5603 mxima
1204 5557 1317 5613 pars
1351 5549 1460 5613 Mss.-
1482 5545 1539 5590 At
1571 5544 1665 5597 Er.,
1688 5535 1850 5613 pluria
1862 5531 2114 5613 ex“

528 5600 720 5677 morti;
733 5600 933 5685 propter
954 5600 1364 5680 ﬂammaue,
1390 5602 1543 5654 Altam
1578 5607 1790 5668 mortuus
1825 5604 1895 5648 est
1918 5600 2112 5661 propter

529 5688 921 5770 waefif;
935 5655 2112 5770 mremXﬁtta“.$“aaftzm.‘S£”a

939 5727 1134 5804 prepler
1157 5734 1419 5798 peccath
1440 5735 1535 5776 etc.
1554 5727 1944 5792 Flor.,denique,
1959 5727 2114 5770 Maria

530 5821 596 5864 ex
619 5807 768 5857 Adam
792 5803 965 5867 primo,
990 5800 1143 5851 Adam
1163 5790 1400 5846 secundus
1411 5792 1542 5839 ortus
1557 5795 1622 5835 ea:
1647 5794 1798 5835 Maria
1819 5787 2011 5846 propter
2029 5777 2114 5830 de-

533 5867 679 5920 lenda
701 5873 914 5928 peccata.

596 5933 617 5966 ⁸
649 5924 720 5979 sic
743 5937 846 5978 Mss.
873 5933 929 5977 At
948 5924 1075 5983 add,
1098 5932 1226 5970 vera.

1754 421 1811 481 S.
1852 423 1892 478 A
1905 416 2216 479 UGUSTINI
2254 413 2555 472 EPlSCOPl

3684 418 3794 476 336

2206 543 2328 584 eum
2360 536 2540 583 tenere
2568 527 2867 597 voluerunt,
2897 535 2953 583 et
2979 527 3046 584 ad
3078 543 3234 583 unam
3271 528 3388 600 ejus
3415 529 3796 604 interrogatio-

2205 634 2349 686 nem,
2381 618 2548 688 Quem
2577 619 2834 689 qumritis,
2878 619 3154 675 redierunt
3179 635 3367 677 omnes
3395 631 3538 678 retro
3562 633 3617 680 et
3647 627 3796 680 ceci-

2202 712 2395 768 derunt
2420 712 2596 783 (Joan.
2630 730 2779 778 xvm,
2807 714 2862 781 4,
2893 713 2971 786 6).
2995 713 3216 770 Tantam
3245 725 3560 787 potestatem
3589 719 3642 774 in
3670 735 3800 790 pas-

2203 805 2354 860 sione
2380 820 2486 860 non
2512 805 2836 872 humiliaret,
2863 807 2962 862 nisi
2989 807 3091 864 sub
3109 807 3285 864 cilicio
3310 808 3518 871 lateret.

2274 897 2328 950 4.
2358 897 2498 968 Ergo
2526 896 2795 952 induebam
2817 915 2896 952 me
2915 900 3078 954 cilicio
3098 915 3118 955 :
3147 910 3195 954 et
3225 901 3552 956 humiliabant
3578 904 3628 958 in
3647 905 3801 976 jeju-

2206 987 2290 1042 nio
2329 987 2553 1042 animant
2595 1007 2777 1044 meum.
2823 989 3016 1046 Iterum
3055 991 3101 1046 si
3137 992 3497 1050 intelleximus
3521 995 3800 1064 cilicium,

2207 1080 2474 1151 quomodo
2513 1081 2854 1153 intelligimus
2878 1083 3178 1153 jejunium?
3213 1085 3533 1141 Manducare
3575 1088 3804 1144 volebat

2207 1173 2448 1230 Christus
2467 1215 2482 1242 ,
2508 1177 2722 1246 quando
2750 1192 2905 1247 poma
2932 1177 3204 1249 quaerebat
3228 1179 3281 1233 in
3303 1178 3526 1247 arbore,
3556 1189 3610 1236 et
3633 1179 3681 1235 si
3711 1182 3803 1236 in-

2209 1265 2413 1320 veniret
2444 1267 2786 1323 manducaret
2825 1267 3019 1337 (Marc.
3056 1286 3109 1325 xt
3131 1311 3145 1334 ,
3189 1271 3317 1340 l5)?
3357 1271 3547 1327 Bibere
3579 1273 3805 1330 volebat

2208 1355 2480 1423 Christus,
2511 1357 2724 1428 quando
2747 1357 2882 1414 dixit
2905 1359 3114 1414 mulieri
3139 1359 3486 1418 Samaritanus
3506 1405 3521 1430 ,
3547 1363 3630 1418 Da
3671 1365 3802 1420 mihi

2209 1449 2373 1504 bibere
2400 1449 2576 1520 (Joan.
2601 1467 2678 1517 tv,
2695 1451 2920 1523 7),dixit
2943 1452 2996 1508 in
3021 1468 3200 1521 cruce,
3229 1454 3360 1510 Sitio
3385 1453 3497 1529 (Id.
3529 1473 3646 1523 xtx,
3665 1458 3762 1528 28)
3779 1461 3804 1512 2

2207 1541 2343 1610 Quid
2371 1543 2630 1611 esurivit,
2667 1543 2795 1614 quid
2820 1544 2986 1600 sitivit
3011 1545 3283 1614 Christus,
3315 1547 3417 1604 nisi
3455 1549 3594 1605 bona
3631 1565 3800 1620 opera

2210 1633 2425 1689 nostra?
2453 1633 2510 1689 In
2547 1634 2651 1691 illis
2689 1637 2830 1692 enim
2871 1637 3303 1710 cruciﬁgentibus
3341 1649 3395 1696 et
3424 1643 3800 1714 persequenti-

2209 1725 2337 1791 bus,
2365 1729 2486 1797 quia
2516 1729 2660 1782 nulla
2689 1729 2826 1785 bona
2852 1745 3013 1800 opera
3039 1731 3333 1800 invenerat,
3357 1733 3636 1804 jejunabat
3663 1752 3677 1790 :
3709 1751 3798 1792 rc-

2212 1820 2512 1876 tribuebant
2537 1823 2678 1878 enim
2705 1824 3036 1880 sterilitatem
3065 1825 3458 1896 animaeipsius.
3482 1827 3614 1882 Nam
3641 1829 3798 1899 quale

2205 1914 2465 1986 jejunium
2493 1915 2659 1984 ipsius
2687 1917 2807 1984 fuit,
2841 1918 2929 1987 qui
2960 1918 3045 1973 vix
3075 1918 3279 1975 invenit
3306 1935 3470 1975 unum
3499 1921 3766 1978 latronem
3779 1940 3808 1990 ,ο

2210 2025 2366 2078 quem
2399 2009 2451 2063 in
2491 2025 2647 2066 cruce
2675 2010 2952 2081 gustaret?
2979 2011 3218 2082 Apostoli
3245 2012 3389 2067 enim
3430 2013 3715 2084 fugerant,
3748 2025 3803 2071 et

2213 2114 2273 2155 se
2305 2100 2356 2154 in
2386 2100 2538 2156 turba
2566 2102 2973 2158 absconderant.
2999 2102 3066 2158 Et
3093 2103 3182 2158 ille
3210 2103 3399 2161 Petrus
3426 2106 3514 2176 qui
3539 2120 3602 2162 se
3631 2121 3802 2178 usque

2210 2192 2275 2248 ad
2307 2203 2532 2248 mortem
2568 2196 2774 2251 Domini
2806 2205 3266 2266 perseveraturum
3290 2213 3412 2253 esse
3443 2200 3798 2269 promiserat,

2207 2286 2317 2358 jam
2344 2297 2423 2342 ter
2449 2290 2872 2360 negaverat,jam
2903 2289 3144 2358 fleverat,
3169 2300 3224 2346 et
3253 2291 3428 2348 adhuc
3455 2293 3507 2347 in
3535 2294 3689 2348 turba
3721 2295 3800 2350 la-

2212 2379 2356 2434 tebat
2375 2422 2388 2444 ,
2419 2379 2593 2435 adhuc
2623 2380 2842 2437 timebat
2868 2397 2936 2438 ne
2974 2391 3370 2453 agnosceretur.
3399 2384 3682 2440 Postremo
3710 2387 3801 2442 illo

2211 2472 2327 2526 viso
2372 2482 2619 2541 mortuo,
2655 2488 2843 2530 omnes
2880 2475 2948 2530 de
2977 2475 3149 2532 salute
3175 2477 3289 2546 ipsa
3332 2477 3798 2547 desperaverunt:

2213 2579 2346 2634 quos
2394 2565 2741 2636 desperantes
2793 2567 2994 2622 invenit
3040 2577 3162 2637 post
3204 2571 3658 2626 resurrectionem
3683 2611 3701 2638 ,
3748 2581 3804 2629 et

2214 2657 2420 2712 locutus
2465 2676 2585 2713 cmn
2627 2659 2705 2714 eis
2753 2659 2952 2715 invenit
2995 2676 3088 2715 eos
3129 2660 3373 2717 dolentes
3417 2671 3472 2718 et
3517 2663 3800 2734 lugentes,

2213 2750 2345 2805 nihil
2368 2751 2480 2820 jam
2507 2759 2799 2820 sperantes.
2842 2751 2972 2805 Nam
3003 2760 3058 2806 et
3103 2753 3172 2806 ita
3212 2763 3338 2808 sunt
3369 2753 3582 2824 quidam
3610 2771 3803 2812 eorum

2213 2859 2333 2898 cum
2357 2860 2422 2899 co
2450 2845 2631 2909 locuti,
2655 2861 2774 2900 cum
2803 2845 3041 2900 diceret:
3071 2845 3206 2912 Quid
3235 2845 3500 2916 loquimini
3525 2847 3660 2902 inter
3681 2851 3803 2905 vos!

2213 2936 2291 2992 llli
2313 2938 2454 2992 enim
2479 2936 2546 2993 de
2575 2937 2662 2991 illo
2689 2938 3068 3008 loquebantur:
3102 2937 3182 2992 Tu
3206 2939 3342 2994 solus
3361 2981 3374 3002 ,
3405 2939 3682 3010 inquiunt,
3708 2959 3803 3013 pe-

2212 3031 2442 3101 regrinus
2467 3046 2518 3083 es
2540 3031 2592 3083 in
2612 3029 2918 3095 Jerusalem,
2941 3039 2987 3083 et
3008 3046 3108 3083 non
3127 3032 3400 3102 cognouisti
3425 3047 3540 3102 quas
3567 3035 3800 3104 fecerunt

2213 3121 2492 3175 sacerdotes
2533 3131 2579 3174 et
2626 3122 2875 3190 principes
2912 3121 3070 3175 nostri
3095 3120 3159 3175 de
3193 3120 3320 3176 Jesu
3363 3120 3635 3177 Nazarene
3655 3165 3672 3190 ,
3717 3126 3804 3195 qui

2212 3223 2318 3268 erat
2344 3224 2519 3283 potens
2550 3214 2602 3266 in
2628 3213 2776 3282 factis
2813 3223 2861 3267 et
2888 3212 3062 3279 dictis,
3095 3213 3344 3285 quomodo
3386 3231 3499 3268 eum
3527 3216 3803 3284 cruci/iae-

2211 3317 2330 3360 ruut
2367 3317 2413 3360 et
2455 3306 2782 3360 occiderunt?
2812 3305 2925 3361 Nos
2950 3317 3117 3361 autem
3151 3307 3509 3376 sperabamus,
3535 3309 3663 3376 quia
3693 3310 3804 3379 ipse

2211 3410 2320 3454 erat
2343 3401 2691 3469 redempturus
2720 3397 2887 3452 Israel
2909 3397 3057 3472 (Luc.
3086 3415 3235 3464 xstv,
3267 3400 3480 3470 18-21).
3511 3399 3568 3454 lu
3601 3416 3798 3471 magno

2207 3495 2410 3564 jejunio
2437 3495 2691 3549 Dominus
2710 3502 3062 3560 remanserat,
3093 3495 3192 3550 nisi
3221 3493 3463 3548 reficeret
3481 3509 3616 3564 quos
3642 3510 3802 3549 vora-

2213 3596 2312 3640 ret.
2337 3586 2465 3640 Nam
2497 3586 2682 3641 refecit
2703 3602 2828 3653 eos,
2860 3587 3165 3641 consolatus
3189 3595 3273 3640 est
3306 3601 3398 3640 eos
3416 3627 3430 3650 ,
3455 3585 3795 3642 conﬁrmavit

2212 3691 2324 3741 eos,
2355 3687 2408 3731 et
2431 3677 2481 3731 in
2501 3691 2696 3747 corpus
2722 3693 2876 3733 suum
2902 3678 3165 3732 convertit
3188 3692 3302 3733 eos.
3323 3676 3444 3732 Fuit
3468 3691 3597 3747 ergo
3619 3677 3798 3735 ethoc

2211 3770 2372 3826 modo
2401 3770 2454 3825 in
2478 3772 2683 3840 jejunio
2715 3772 2972 3826 Dominus
3003 3781 3202 3827 noster.

2283 3864 2335 3920 5.
2356 3863 2424 3918 Et
2450 3865 2613 3919 oratio
2642 3881 2772 3930 mea,
2799 3864 2986 3934 inquit,
3011 3865 3064 3917 in
3082 3864 3252 3917 sinum
3271 3877 3434 3917 meum
3457 3869 3793 3918 conuertetur.

2213 3959 2270 4014 ln
2311 3960 2411 4014 hoc
2438 3961 2593 4031 plane
2625 3974 2780 4014 versu
2809 3973 3031 4029 magnus
3056 3958 3204 4012 sinus
3227 3966 3336 4022 est,
3365 3964 3420 4011 et
3443 3937 3664 4025 prtestet
3694 3955 3798 4010 Do-

2211 4053 2386 4108 minus
2419 4061 2476 4107 ut
2501 4052 2840 4122 penetrabilis
2879 4051 3033 4105 nobis
3063 4049 3172 4104 flat.
3207 4049 3261 4104 In
3288 4049 3408 4104 sinu
3433 4048 3576 4103 enim
3609 4062 3796 4103 secre-

2212 4155 2324 4201 tum
2363 4145 2684 4217 agnoscitur.
2711 4144 2777 4198 Et
2801 4143 3035 4214 quidem,
3066 4142 3288 4206 fratres,
3316 4151 3370 4195 et
3396 4155 3494 4194 nos
3527 4155 3687 4194 orare
3716 4140 3795 4194 sic

2213 4240 2349 4295 bene
2374 4239 2722 4294 admonemur
2749 4238 2801 4291 in
2830 4237 2949 4290 sinu
2975 4245 3178 4301 nostro,
3215 4233 3302 4288 ubi
3337 4233 3476 4288 Deus
3501 4232 3680 4298 videt,
3708 4232 3800 4287 ubi

2214 4333 2356 4388 Deus
2378 4331 2542 4395 audit,
2566 4346 2671 4401 quo
2700 4329 2874 4383 nullus
2893 4328 3079 4383 oculus
3105 4326 3370 4381 humanus
3397 4332 3660 4395 penetrat,
3689 4337 3798 4392 quo

2211 4444 2317 4484 non
2341 4426 2484 4481 videt
2509 4425 2605 4480 nisi
2629 4423 2718 4494 qui
2735 4424 2979 4478 subvenit
2993 4438 3008 4484 ;
3023 4421 3111 4476 ubi
3132 4419 3302 4474 oravit
3316 4418 3577 4482 Susanna,
3597 4424 3652 4472 et
3670 4431 3798 4470 cum

2212 4523 2328 4593 ejus
2351 4535 2450 4574 vox
2479 4518 2546 4573 ab
2584 4515 2889 4570 hominibus
2933 4527 3040 4567 non
3080 4511 3353 4565 audiretur
3373 4551 3386 4572 ,
3414 4523 3443 4561 a
3475 4509 3580 4562 Deo
3615 4517 3795 4561 tamen

2211 4613 2391 4668 audita
2417 4618 2500 4665 est
2522 4606 2681 4680 (Dan.
2707 4621 2805 4660 xm
2824 4647 2839 4672 ,
2863 4605 2962 4670 55,
2992 4601 3105 4674 44).
3146 4601 3210 4656 Et
3239 4600 3340 4654 hoc
3370 4599 3506 4654 bene
3534 4597 3800 4653 admone-

2210 4719 2330 4758 mur
2359 4719 2372 4756 :
2397 4699 2488 4756 sed
2514 4700 2569 4753 in
2597 4697 2824 4752 Domino
2851 4703 3035 4750 nostro
3058 4689 3256 4761 aliquid
3283 4689 3402 4759 plus
3431 4688 3693 4744 debemus
3716 4687 3803 4740 in-

2212 4796 2469 4863 telligere,
2499 4791 2621 4860 quia
2651 4797 2706 4844 et
2727 4790 2840 4858 ipse
2863 4786 3054 4841 oravit.
3085 4784 3150 4838 Et
3178 4783 3392 4852 quidem
3419 4781 3647 4836 cilicium
3677 4783 3800 4848 ejus

2213 4903 2319 4943 non
2345 4887 2682 4955 agnoscimus
2709 4882 2760 4935 in
2791 4877 3079 4950 Evangelio
3098 4877 3390 4932 secundum
3417 4874 3666 4928 litteram.
3687 4872 3803 4928 Nec

2207 4978 2468 5050 jejunium
2489 4975 2604 5045 ejus
2635 4982 2874 5041 tempore
2903 4968 3164 5040 passionis
3195 4966 3490 5021 secundum
3522 4965 3755 5019 litteram
3785 4982 3800 5016 :

2213 5072 2452 5140 adeoque
2497 5082 2559 5122 ea
2596 5064 2942 5135 exposuimus
2984 5061 3035 5115 in
3065 5060 3317 5128 allegoria
3354 5066 3409 5112 et
3445 5055 3803 5112 similitudine

2215 5167 2374 5232 dicta,
2403 5173 2461 5218 ut
2498 5161 2786 5231 potuimus.
2818 5154 3124 5212 Orationem
3154 5168 3282 5207 vero
3311 5151 3427 5221 ejus
3450 5158 3505 5205 et
3529 5149 3599 5204 de
3637 5163 3804 5209 cruce

2215 5257 2546 5314 audivimus:
2583 5251 2723 5306 Deus
2751 5265 2917 5314 meus,
2947 5245 3085 5301 Deus
3109 5261 3281 5307 meus,
3308 5242 3485 5315 utquid
3509 5256 3588 5295 me
3611 5239 3804 5295 derelio

2214 5351 2364 5422 quisti
2389 5345 2557 5419 (Psal.
2580 5358 2692 5410 xxi,
2718 5341 2784 5406 2;
2814 5338 3001 5394 Matth.
3032 5352 3201 5401 xxvu,
3227 5335 3358 5407 46)?
3385 5332 3490 5390 Sed
3517 5341 3574 5388 et
3602 5332 3673 5386 ibi
3701 5347 3805 5390 nos

2216 5454 2430 5498 eramus
2453 5439 2491 5490 ‘.
2520 5433 2745 5505 Quando
2773 5432 2915 5488 enim
2955 5445 3079 5485 eum
3103 5427 3386 5498 dereliquit
3414 5427 3600 5492 Pater,
3631 5439 3662 5478 a
3693 5437 3807 5495 quo

2215 5545 2487 5601 nunquam
2525 5524 2806 5583 discessit?
2830 5523 3079 5594 Legimus
3117 5519 3282 5577 etiam
3308 5519 3360 5574 in
3407 5527 3590 5573 monte
3616 5530 3810 5573 orasse

2218 5627 2388 5682 solum
2409 5623 2590 5678 Jesum
2608 5660 2622 5682 .
2647 5619 2874 5688 legimus
2893 5623 3237 5687 pernoctasse
3261 5614 3316 5669 in
3336 5612 3610 5676 oratione;
3637 5611 3807 5668 etiam

2219 5717 2318 5772 sub
2343 5726 2551 5784 tempus
2575 5709 2740 5782 ipsius
2771 5706 3032 5779 passionis
3055 5703 3168 5776 (Id.
3191 5719 3302 5770 xiv,
3327 5704 3418 5769 23;
3442 5701 3569 5758 Luc.
3591 5719 3666 5771 vt,
3687 5701 3782 5774 12)

2285 5901 2303 5932 ι
2336 5897 2410 5946 sic
2429 5900 2536 5948 uss.
2556 5898 2611 5943 At
2630 5888 2765 5951 add,
2781 5899 2995 5940 orantis.
