4042 6486
274 371 376 432 537

273 491 335 547 in
361 493 530 548 sinum
569 507 702 565 ergo
736 507 903 550 meum
947 499 1258 555 convertetur
1297 504 1460 558 oratio
1490 522 1621 560 mea.
1665 505 1857 567 Nescio

271 586 394 658 quid
420 586 620 642 melius
645 588 937 660 intelligam
959 591 1026 648 de
1042 592 1266 650 Domino
1285 613 1298 648 :
1317 595 1528 653 interim
1556 616 1697 657 nunc
1715 603 1857 673 quod

269 680 536 747 occurrit,
572 681 712 738 torte
758 683 949 739 melius
987 686 1187 757 aliquid
1233 699 1416 758 postea
1462 704 1742 762 occurret,
1772 696 1856 753 vel

268 772 415 838 mihi,
433 773 525 828 vel
549 774 798 845 cuiquam
827 777 1054 844 meliori,
1083 779 1134 833 in
1160 780 1326 835 sinum
1349 799 1516 837 meum
1540 795 1859 842 convertetur

265 864 430 917 oratio
457 881 595 932 mea,
631 865 733 921 hoc
754 867 994 939 intelligo
1013 869 1234 938 dictum,
1258 873 1380 942 quia
1407 875 1460 928 in
1491 876 1610 930 sinu
1633 893 1732 933 suo
1754 877 1854 933 ha-

265 953 422 1011 bebat
459 957 697 1014 Patrem.
739 958 880 1015 Deus
922 961 1064 1016 enim
1094 975 1209 1018 erat
1250 964 1302 1019 in
1341 961 1552 1022 Christo
1596 970 1854 1026 mundum

263 1049 618 1106 reconcilians
638 1051 737 1106 sibi
762 1051 826 1125 (ll
839 1052 956 1107 Cor.
971 1069 1024 1118 v,
1049 1055 1159 1126 l9).
1183 1055 1240 1110 in
1262 1071 1321 1113 se
1342 1057 1569 1114 habebat
1583 1076 1739 1131 quem
1755 1061 1853 1120 de-

263 1151 619 1210 precaretur:
649 1159 755 1199 non
783 1152 899 1200 erat
918 1145 986 1200 ab
1005 1146 1096 1201 illo
1121 1147 1298 1219 longe,
1322 1151 1444 1220 quia
1473 1151 1584 1222 ipse
1603 1151 1848 1210 dixerat:

267 1232 373 1305 Ego
397 1235 455 1288 in
487 1234 668 1303 Patre,
697 1245 744 1290 et
771 1235 928 1292 Pater
949 1240 1002 1292 in
1027 1255 1106 1294 me
1141 1250 1214 1294 est
1251 1240 1428 1311 (Joan.
1458 1259 1564 1308 xlv,
1599 1244 1712 1314 10).
1741 1243 1847 1301 Sed

259 1330 375 1398 quia
418 1329 599 1384 oratio
636 1329 705 1384 ad
750 1331 924 1403 ipsum
963 1333 1130 1403 magis
1160 1332 1428 1389 hominem
1458 1335 1727 1405 pertinet:
1758 1351 1847 1393 se-

258 1419 490 1474 cundum
518 1421 662 1476 enim
693 1421 832 1492 quod
855 1420 1087 1479 Verbum
1119 1435 1204 1480 est
1242 1424 1487 1482 Christus
1507 1469 1520 1492 ,
1553 1443 1659 1482 non
1686 1437 1842 1496 orat,

256 1511 345 1566 sed
366 1511 618 1578 exaudit;
650 1521 706 1568 et
753 1528 858 1568 non
889 1513 986 1569 sibi
1029 1515 1301 1572 subveniri
1329 1518 1554 1588 quazrit,
1597 1519 1689 1572 sed
1721 1535 1842 1574 cum

260 1601 414 1657 Patre
438 1603 695 1659 omnibus
724 1603 972 1660 subvenit
1004 1624 1016 1658 :
1045 1606 1172 1678 quid
1196 1617 1312 1674 est,
1343 1606 1521 1662 Oratio
1549 1627 1658 1663 mea
1687 1612 1739 1664 in
1767 1611 1840 1664 si-

255 1711 373 1747 num
395 1705 914 1764 meumconaertetur,
938 1697 1036 1752 nisi
1055 1739 1071 1764 ,
1104 1699 1156 1754 in
1187 1699 1389 1771 meipso
1419 1701 1742 1770 humanitas,
1780 1702 1833 1756 in

256 1786 463 1856 meipso
492 1787 802 1856 interpellat
835 1787 1202 1844 divinitatem?

317 1879 373 1932 6.
425 1873 582 1950 [υεη.
628 1876 742 1952 14.]
774 1879 920 1935 Sicut
957 1882 1274 1951 proximum,
1323 1883 1453 1938 sicut
1489 1887 1698 1955 fratrem
1741 1901 1841 1940 no-

252 1979 438 2034 strum,
469 1970 545 2024 ita
578 1970 952 2042 complacebam
979 1989 998 2028 :
1023 1979 1262 2043 tanquam
1289 1975 1463 2046 lugens
1490 1986 1536 2031 et
1565 1977 1837 2032 contrista-

252 2072 351 2129 tus,
380 2063 456 2116 ita
479 2062 808 2117 humiliabar.
838 2063 918 2118 Ad
939 2079 1132 2134 corpus
1153 2082 1304 2120 suum
1330 2068 1578 2136 respicit:
1600 2067 1710 2138 jam
1739 2083 1837 2124 nos

251 2152 332 2209 hic
355 2153 659 2210 videamus.
688 2153 912 2222 Quando
933 2157 1228 2228 gaudemus
1255 2157 1306 2212 in
1334 2163 1596 2226 oratione,
1623 2161 1836 2230 quando

249 2264 395 2304 mens
426 2259 612 2304 nostra
640 2259 943 2317 serenatur,
972 2267 1078 2306 non
1104 2253 1454 2322 prosperitate
1483 2255 1665 2308 seculi
1683 2296 1698 2320 ,
1732 2255 1828 2310 sed

249 2340 360 2396 luce
385 2341 632 2396 veritatis
657 2359 670 2394 :
694 2343 782 2411 qui
799 2343 959 2397 sentit
981 2343 1117 2397 hanc
1139 2344 1331 2411 lucem,
1349 2344 1494 2398 novit
1523 2344 1665 2414 quod
1688 2345 1829 2414 dico,

247 2442 294 2487 et
317 2431 468 2488 videt
497 2432 607 2500 hic,
639 2433 984 2504 agnoscitque
1005 2433 1147 2504 quod
1174 2435 1374 2490 dictum
1399 2444 1511 2501 est,
1534 2434 1680 2490 Sicut
1707 2453 1830 2507 pro-

246 2525 469 2591 ximum,
501 2525 635 2578 sicut
675 2525 884 2595 fratrem
913 2536 1160 2594 nostrum,
1190 2527 1262 2581 ita
1303 2527 1696 2598 complaccbam.
1744 2528 1834 2584 Sic

247 2619 381 2672 enim
413 2627 545 2672 tunc
573 2618 747 2671 anima
792 2619 964 2687 placet
997 2619 1106 2674 Deo
1131 2660 1145 2683 ,
1191 2636 1296 2673 non
1322 2619 1478 2690 longe
1518 2621 1727 2690 posita;
1763 2618 1830 2674 In

243 2707 363 2775 illo,
391 2709 600 2780 inquit,
627 2724 883 2764 moremur
903 2720 951 2764 et
969 2726 1142 2765 sumus
1169 2711 1301 2782 (Act.
1332 2726 1440 2766 xvn
1463 2751 1478 2775 ,
1499 2711 1595 2782 28)
1630 2729 1644 2766 :
1677 2712 1828 2783 quasi

245 2800 427 2869 latri,
449 2803 604 2874 quasi
632 2803 957 2874 propinquo,
990 2805 1142 2874 quasi
1185 2803 1378 2861 amico.
1420 2805 1477 2860 Si
1517 2814 1692 2861 autem
1721 2821 1829 2862 non

245 2905 324 2951 est
345 2896 492 2963 talis,
521 2906 582 2951 ut
607 2898 776 2967 possit
803 2897 880 2952 sic
899 2898 1151 2969 gaudere,
1174 2899 1250 2953 sic
1273 2897 1480 2970 fulgere
1509 2900 1526 2932 ¹
1547 2941 1562 2967 ,
1589 2900 1665 2954 sic
1696 2916 1820 2970 pro-

245 2990 521 3061 pinquare,
553 2991 631 3044 sic
659 2989 958 3059 adluerere,
982 3000 1036 3046 et
1056 2991 1200 3047 videt
1219 2992 1375 3061 longe
1400 3007 1458 3047 se
1484 2992 1636 3058 inde;
1667 2993 1826 3048 faciat

243 3082 378 3153 quod
401 3081 684 3154 sequitur:
708 3081 973 3155 Tanquam
998 3083 1171 3154 lugens
1195 3095 1240 3138 et
1266 3085 1604 3151 contristatus,
1623 3086 1695 3138 ita
1721 3087 1822 3138 Itu-

243 3174 492 3228 miliabar.
538 3171 608 3229 Ut
631 3177 839 3244 fratrem
869 3184 1094 3228 nostrum
1119 3215 1134 3240 ,
1162 3180 1235 3229 ita
1264 3175 1632 3244 complacebam
1651 3217 1667 3242 ,
1697 3191 1821 3246 pro-

243 3264 502 3334 pinquans
529 3263 699 3318 dixit:
736 3261 807 3319 Ut
834 3263 1010 3335 lugens
1033 3273 1080 3318 et
1110 3266 1456 3330 contristatus,
1483 3267 1556 3320 sic
1579 3267 1824 3320 humilia-

242 3356 342 3420 δατ,
364 3362 611 3412 remotus
635 3363 689 3412 et
716 3354 872 3426 longe
895 3355 1096 3425 positus
1139 3356 1290 3411 dixit.
1314 3356 1450 3424 Quid
1475 3357 1618 3413 enim
1649 3358 1816 3429 luget,

243 3449 335 3504 nisi
360 3448 508 3519 quod
534 3448 805 3504 desiderat
831 3456 888 3504 et
909 3464 1014 3504 non
1037 3449 1232 3505 habet?
1265 3450 1330 3505 Et
1359 3465 1736 3522 nonnunquam
1768 3453 1822 3509 in

242 3557 341 3598 uno
366 3541 589 3598 homine
609 3550 892 3613 utrumque
911 3543 1187 3614 contingit,
1211 3553 1268 3599 ut
1293 3545 1576 3616 aliquando
1605 3547 1820 3616 propin-

241 3645 378 3709 quet,
410 3643 468 3692 et
490 3636 780 3709 aliquando
809 3636 961 3707 longe
989 3634 1108 3690 llat:
1136 3636 1452 3708 pr0pinquat
1478 3638 1596 3694 luce
1623 3640 1819 3694 verita—

243 3730 322 3796 tis,
349 3731 511 3802 longe
535 3731 594 3785 tit
620 3728 800 3786 nubilo
821 3728 1016 3786 carnis.
1042 3726 1225 3802 Neque
1243 3729 1386 3783 enim
1411 3772 1426 3797 ,
1454 3729 1643 3786 fratres
1659 3772 1674 3799 ,
1708 3731 1820 3787 Deo

238 3826 320 3895 qui
346 3822 552 3895 ubique
584 3832 702 3890 est,
722 3833 776 3879 et
795 3824 943 3879 nullo
967 3825 1269 3880 continetur
1297 3826 1434 3894 loco,
1465 3831 1556 3881 aut
1584 3839 1681 3898 per
1703 3824 1815 3879 loca

239 3919 677 3989 propinquamus,
704 3929 795 3973 aut
815 3918 882 3973 ab
906 3917 998 3972 illo
1033 3934 1126 3987 per
1149 3919 1264 3974 loca
1295 3935 1652 3976 removemur.
1685 3921 1818 3978 Pro-

237 4011 492 4081 pinquare
521 4009 630 4075 illi,
655 4017 739 4064 est
769 4009 997 4064 similem
1026 4010 1100 4064 illi
1128 4010 1274 4078 ﬁeri;
1302 4011 1557 4069 recedere
1581 4013 1648 4068 ab
1688 4012 1815 4083 illo,

234 4101 548 4156 dissimilem
575 4099 654 4155 illi
678 4099 816 4156 ﬁeri.
843 4099 1031 4157 Nonne
1053 4116 1174 4156 cum
1204 4101 1354 4158 vides
1375 4102 1510 4160 duas
1532 4119 1620 4161 res
1650 4119 1816 4176 prope

234 4197 452 4260 similes,
472 4195 628 4260 dicis,
653 4195 979 4266 Pr0pinquat
1005 4193 1118 4250 haec
1146 4196 1257 4250 illi?
1279 4196 1346 4250 Et
1365 4197 1576 4266 quando
1598 4198 1690 4252 tibi
1707 4198 1817 4255 dis-

232 4288 418 4342 similia
447 4287 902 4352 demonstrantur,
938 4287 1181 4360 quamvis
1207 4304 1311 4343 uno
1340 4288 1461 4344 loco
1495 4299 1549 4344 et
1578 4291 1812 4358 plerum-

233 4394 329 4449 que
350 4394 458 4434 una
482 4393 643 4433 manu
664 4387 964 4446 teneantur,
987 4378 1142 4446 dicis,
1163 4379 1345 4450 Longe
1364 4391 1446 4436 est
1471 4380 1585 4436 haec
1608 4384 1814 4452 species

230 4473 293 4527 ab
313 4473 441 4528 illa?
459 4471 664 4527 Arabas
685 4479 860 4540 tenes,
882 4470 1065 4526 ambas
1085 4471 1347 4543 adiungis,
1366 4483 1420 4528 et
1444 4473 1597 4540 dicis,
1634 4476 1813 4546 Longe

229 4572 306 4618 est
334 4562 451 4620 haec
480 4577 570 4618 res
599 4563 666 4618 ab
687 4562 775 4617 illa
798 4579 812 4617 :
837 4578 941 4618 non
972 4563 1154 4634 utique
1175 4564 1324 4628 loco,
1358 4565 1451 4618 sed
1477 4565 1812 4622 dissimilitu-

226 4656 364 4711 dine.
385 4655 442 4712 Si
474 4669 606 4726 ergo
639 4653 722 4710 vis
745 4656 1205 4726 appmpinquare,
1231 4655 1420 4711 similis
1445 4665 1560 4712 esto
1585 4676 1598 4712 :
1628 4659 1673 4714 si
1703 4674 1809 4714 non

225 4749 300 4802 vis
348 4761 474 4803 esse
512 4746 740 4811 similis,
783 4746 1172 4816 longinquabis.
1201 4745 1304 4802 Sed
1333 4761 1454 4802 cum
1491 4748 1680 4804 similis
1713 4764 1807 4819 es,

220 4839 424 4908 gaude;
451 4852 576 4892 cum
601 4837 892 4902 dissimilis,
920 4852 1075 4908 geme
1107 4854 1120 4891 :
1151 4847 1204 4893 ut
1232 4839 1459 4908 gemitus
1488 4841 1684 4896 excitet
1712 4841 1810 4896 de-

219 4931 495 4995 siderium,
520 4930 630 4984 imo
653 4929 974 4985 desiderium
995 4931 1192 4986 excitet
1212 4933 1491 5001 gemitum,
1517 4943 1572 4988 et
1593 4949 1689 5005 per
1714 4951 1808 5006 ge-

221 5026 400 5078 mitum
434 5023 793 5094 propinques,
825 5022 917 5092 qui
947 5037 1188 5092 cmperas
1217 5022 1584 5093 longinquare.
1619 5023 1805 5082 Nonne

218 5116 403 5172 Petrus
423 5116 826 5189 propinquavit,
852 5115 1066 5185 quando
1091 5116 1257 5170 dixit:
1281 5115 1362 5170 Tu
1381 5134 1432 5171 es
1459 5117 1686 5172 Christus
1711 5117 1806 5172 Fi-

217 5212 310 5265 lius
337 5210 435 5266 Dei
465 5210 604 5265 viai?
629 5209 697 5264 Et
737 5225 949 5264 rursum
983 5209 1122 5265 idem
1163 5209 1278 5280 ipse
1316 5210 1470 5282 longe
1512 5210 1684 5267 factus
1723 5221 1806 5268 est

215 5303 440 5358 dicendo
469 5320 484 5358 :
515 5302 749 5369 Domine,
779 5303 910 5356 absit
946 5320 979 5356 a
1005 5311 1084 5368 te,
1115 5319 1215 5356 non
1256 5303 1340 5371 ﬁet
1369 5304 1524 5357 istud.
1565 5304 1802 5374 Denique

215 5405 465 5466 tanquam
514 5395 790 5466 proximus
829 5395 954 5466 quid
994 5395 1126 5450 dixit
1165 5396 1578 5466 propinquanti?
1616 5395 1801 5450 Beatus

211 5504 291 5555 es,
315 5488 500 5543 Simon
518 5487 765 5559 Barjona.
790 5487 1062 5557 Tanquam
1086 5487 1451 5558 longinquanti
1480 5499 1531 5543 et
1560 5488 1801 5544 dissimili

213 5580 336 5648 quid
357 5581 493 5636 dixit
518 5598 532 5636 :
553 5578 684 5634 Redi
711 5589 864 5647 retro,
892 5590 1114 5635 satanas.
1144 5580 1220 5635 llli
1245 5582 1616 5652 propinquanti
1642 5598 1654 5634 :
1677 5580 1800 5636 Non

196 5657 299 5729 .tibi
324 5677 560 5730 reuelauit
586 5691 706 5729 caro
744 5683 794 5728 et
821 5675 1058 5745 sanguis,
1088 5675 1288 5744 inquit,
1340 5677 1428 5729 sed
1474 5675 1628 5729 Pater
1661 5691 1800 5730 meus

210 5769 294 5838 qui
321 5769 373 5822 in
391 5769 530 5824 ewlis
556 5777 664 5823 est:
687 5767 826 5822 illius
842 5769 931 5822 lux
956 5777 1008 5822 te
1029 5766 1279 5839 perfudit,
1305 5768 1442 5824 illius
1460 5768 1578 5824 l-nce
1605 5768 1797 5839 fulges.

268 5904 290 5938 ⁸
322 5904 456 5971 Edd.,
491 5906 683 5972 fugere.
716 5905 886 5958 Itelius
909 5913 1033 5970 Mss,
1065 5905 1267 5974 fulgere.

587 6000 803 6037 ἠμῖν-’ψ
820 6015 861 6035 .H
878 6021 923 6047 .r_
947 6025 996 6049 NA
1032 6048 1059 6058 HJ

1381 383 1781 449 ENARRATIO
1817 391 1883 448 IN
1922 394 2242 460 PSALMUM
2285 403 2522 464 XXXIV.

3445 427 3550 489 538

1964 516 2184 610 Quando
2199 532 2374 579 autem
2398 524 2553 597 longe
2569 528 2736 585 lactus
2750 535 3070 594 contradixit
3086 545 3316 610 passioni
3337 547 3548 607 Domini

1963 608 2154 668 futurae
2176 630 2271 684 pro
2296 616 2467 672 salute
2493 630 2673 676 nostra
2699 639 2712 676 :
2739 623 2859 680 Non
2885 631 3052 699 sapis,
3084 608 3287 704 inquit,
3310 655 3422 709 qua
3449 641 3546 698 Dei

1961 713 2098 804 sunt,
2114 706 2203 759 sed
2215 723 2328 771 qua:
2345 720 2460 763 sunt
2474 711 2728 768 hominum
2745 713 2956 787 (Matth.
2979 736 3091 786 xv1,
3113 723 3200 790 16,
3217 727 3304 792 l7,
3319 706 3410 798 ΕΞ,
3424 731 3541 804 25).

1962 792 2149 895 blerito
2175 799 2358 855 ambas
2382 816 2467 856 res
2497 818 2699 871 ponens
2723 807 2933 876 quidam
2967 810 3019 866 in
3050 814 3254 882 psalmo
3283 820 3358 874 ait
3381 792 3538 895 :vEg'o

1958 887 2067 942 dixi
2094 889 2146 944 in
2167 894 2347 948 ecstasi
2371 912 2480 949 mea
2505 913 2524 950 :
2550 899 2800 970 projectus
2823 919 2937 956 sum
2957 921 2989 958 a
3011 907 3143 977 facie
3154 911 3413 968 oculorum
3431 887 3544 972 ttio-

1957 996 2069 1079 rum
2099 981 2272 1055 (Psal.
2297 1004 2423 1053 xxx,
2452 953 2565 1062 25):
2603 953 2655 1047 In

1956 1081 2270 1145 pinquaret:
2300 1081 2520 1136 ecstasis
2544 1084 2686 1139 enim
2713 1088 2906 1144 mentis
2935 1105 3188 1147 excessus
3214 1107 3318 1152 est.
3341 1097 3541 1157 Effudit

1955 1181 2118 1236 super
2141 1183 2200 1224 se
2229 1172 2460 1230 animam
2489 1191 2637 1232 suam
2657 1219 2672 1244 ,
2697 1189 2750 1234 et
2770 1184 3143 1254 propinquavit
3177 1187 3284 1246 Deo
3317 1206 3329 1242 :
3359 1202 3413 1247 et
3443 1208 3542 1263 per

1952 1260 2234 1328 quamdam
2265 1266 2482 1335 nubem,
2506 1269 2814 1342 pondusque
2842 1276 3020 1332 carnis
3044 1294 3227 1336 rursus
3257 1283 3308 1337 in
3338 1260 3534 1342 terram

1954 1354 2250 1422 projectus,
2287 1359 2536 1416 recolens
2566 1362 2651 1416 ubi
2684 1364 2901 1434 fuisset,
2935 1377 2988 1423 et
3022 1370 3208 1427 videns
3237 1374 3324 1430 ubi
3355 1387 3534 1447 esset,

1949 1443 2080 1499 dixit
2105 1465 2117 1500 :
2157 1446 2425 1519 Projectus
2453 1469 2565 1506 sum
2590 1472 2622 1507 a
2661 1458 2791 1528 facie
2819 1461 3081 1518 oculorum
3109 1474 3331 1521 tuorum.
3365 1443 3530 1541 Ergo,

1951 1536 2094 1591 Sicut
2122 1543 2444 1611 proximum,
2471 1547 2600 1601 sicut
2627 1552 2834 1620 fratrem
2861 1564 3084 1610 nostrum
3101 1599 3116 1623 ,
3156 1559 3227 1612 ita
3252 1536 3533 1632 complaca—

1946 1628 2080 1696 bant,
2112 1643 2323 1700 pratstet
2351 1646 2410 1690 ut
2441 1637 2529 1692 liat
2556 1639 2609 1693 in
2642 1642 2814 1697 nobis.
2849 1644 3074 1711 Quando
3102 1660 3280 1706 autem
3310 1628 3414 1708 non
3449 1655 3526 1722 lit,

1944 1721 2029 1775 vel
2062 1723 2160 1778 hoc
2187 1725 2296 1791 liat,
2333 1725 2593 1800 Tanquam
2622 1733 2796 1805 lugens
2823 1745 2872 1790 et
2893 1741 3238 1811 contristatus,
3261 1743 3333 1798 ita
3359 1745 3531 1800 itu-mi-

1944 1813 2122 1873 liabar.

2013 1912 2064 1966 7.
2100 1911 2248 1986 [vers.
2291 1917 2406 1990 i5.]
2434 1917 2501 1972 Et
2543 1919 2780 1975 adversus
2828 1941 2905 1978 me
2935 1924 3092 1980 laetati
3108 1938 3223 1981 sunt
3260 1941 3304 1982 et
3348 1946 3527 1988 conve-

1941 2017 2140 2072 nerunt,
2169 2008 2222 2062 in
2253 2025 2438 2064 unum.
2477 2011 2556 2066 llli
2589 2013 2712 2076 lani,
2741 2029 2840 2084 ego
2876 2017 3063 2072 tristis.
3102 2019 3208 2074 Sed
3241 2021 3398 2076 modo
3426 2038 3524 2076 an-

1943 2099 2172 2156 divimus
2197 2102 2251 2157 in
2286 2103 2593 2175 Evangelio,
2633 2104 2775 2162 Beati
2803 2110 2890 2178 qui
2918 2110 3086 2179 lugent
3113 2113 3324 2184 (Matth.
3354 2131 3407 2182 ν,
3439 2115 3520 2189 5).

1940 2191 1996 2248 Si
2022 2193 2162 2248 beati
2192 2195 2282 2264 qui
2325 2197 2522 2268 lugent,
2572 2199 2752 2255 miseri
2800 2203 2888 2271 qui
2917 2203 3110 2258 rident.
3150 2205 3402 2261 Adversus
3446 2225 3525 2262 me

1939 2285 2093 2339 laetati
2119 2296 2236 2342 sunt
2264 2297 2311 2341 et
2353 2301 2688 2345 convenerunt
2719 2307 2738 2346 :
2764 2306 3065 2366 congregata
3091 2308 3207 2350 sunt
3251 2299 3303 2351 in
3329 2316 3407 2353 me
3425 2301 3526 2368 ﬂa-

1937 2379 2089 2450 gella,
2112 2388 2157 2433 et
2176 2381 2548 2452 ignoraverunt.
2581 2384 2840 2451 Quoniam
2867 2402 2984 2455 qua:
3023 2387 3328 2458 ignorabam
3357 2391 3524 2446 inter-

1933 2471 2194 2542 rogabant
2217 2488 2324 2541 me,
2372 2483 2422 2529 et
2459 2475 2560 2545 ipsi
2591 2475 2967 2548 ignoraverunt
3009 2494 3166 2550 quem
3225 2481 3521 2553 interroga-

1935 2571 2074 2618 rent.

2005 2654 2059 2710 8.
2090 2652 2238 2727 [verm
2269 2653 2380 2729 16.]
2409 2655 2487 2731 (a)
2512 2656 2845 2714 Tentaverunt
2869 2677 2964 2725 me,
2992 2671 3041 2716 et
3085 2663 3520 2721 subsannaverunt

1933 2762 2013 2799 me
2053 2746 2462 2802 subsannatione.
2505 2749 2560 2804 ld
2593 2759 2696 2816 est,
2748 2751 3028 2808 irriserunt
3073 2768 3180 2820 me,
3226 2755 3517 2813 insultave-

1932 2846 2056 2892 runt
2076 2836 2208 2892 mihi
2239 2856 2252 2892 :
2285 2837 2387 2893 hoc
2425 2840 2610 2910 capiti,
2641 2840 2741 2895 hoc
2781 2843 3014 2912 corpori.
3065 2845 3355 2911 Attendite,
3412 2847 3521 2904 fra-

1934 2939 2060 2995 tres,
2092 2930 2159 2984 ad
2187 2931 2408 3001 gloriam
2449 2931 2721 2999 Ecclesiae,
2766 2949 2884 3003 quae
2935 2951 3076 2990 nunc
3121 2946 3223 3002 est;
3265 2939 3515 3007 respicite

1931 3020 2217 3091 Opprobria
2239 3021 2354 3092 ejus
2377 3024 2669 3091 przeterita,
2687 3025 2938 3094 reSpicite
2967 3025 3248 3095 aliquando
3275 3027 3512 3098 undique

1931 3115 2136 3186 fugatos
2163 3130 2283 3170 esse
2310 3115 2661 3184 Christianos,
2708 3126 2764 3172 et
2799 3117 3126 3189 ubicumque
3153 3119 3420 3188 inventos,
3448 3121 3517 3178 il-

1929 3207 2091 3275 lusos,
2125 3222 2314 3273 caesos,
2347 3207 2574 3275 occisos,
2626 3208 2809 3264 bestiis
2836 3210 3093 3280 obiectos,
3117 3213 3383 3280 incensos,
3417 3214 3514 3270 lae-

1930 3308 2065 3354 tatos
2091 3299 2335 3355 homines
2361 3298 2621 3356 adversus
2642 3299 2781 3355 illos.
2810 3301 2963 3370 Quod
2989 3303 3170 3375 capiti,
3196 3305 3298 3359 hoc
3318 3314 3372 3360 et
3395 3321 3517 3362 cor-

1927 3392 2063 3461 pori.
2087 3393 2232 3448 Sicut
2259 3392 2401 3447 enim
2430 3392 2654 3448 Domino
2688 3393 2743 3450 in
2786 3407 2968 3460 cruce,
3001 3395 3079 3451 sic
3107 3399 3320 3467 corpori
3343 3398 3513 3469 ipsius
3562 3447 3568 3453 .

1927 3483 1978 3538 in
2001 3484 2147 3539 omni
2176 3484 2263 3538 illa
2289 3499 2408 3554 qua:
2427 3483 2538 3554 jam
2565 3484 2697 3539 facta
2735 3494 2818 3540 est
2846 3487 3214 3556 persecutione
3243 3507 3256 3541 :
3287 3505 3386 3546 nec
3405 3491 3504 3548 de-

1926 3576 2107 3629 sinunt
2135 3576 2294 3630 etiam
2341 3590 2483 3630 nunc
2526 3578 2923 3646 persecutiones
2961 3578 3222 3648 ipsorum.
3255 3581 3508 3638 Ubicum-

1923 3685 2026 3739 que
2051 3669 2353 3724 invenerint
2377 3669 2748 3737 christianum,
2790 3670 2967 3725 solent
2996 3672 3273 3741 insultare,
3317 3677 3509 3748 exagi-

1926 3771 2057 3824 tare,
2080 3759 2322 3828 irridere,
2344 3775 2537 3816 vocare
2557 3761 2828 3828 hebetem,
2860 3763 3142 3836 insulsum,
3170 3765 3364 3824 nullius
3387 3782 3512 3826 cor-

1922 3855 2026 3927 dis,
2059 3855 2254 3914 nullius
2304 3856 2530 3929 peritite.
2559 3854 2822 3929 Quidquid
2863 3857 3045 3916 volunt
3090 3860 3304 3930 faciant,
3355 3861 3514 3918 Chri-

1923 3961 2036 4006 stus
2062 3950 2116 4005 in
2142 3949 2280 4006 caelo
2306 3959 2426 4005 est:
2458 3949 2714 4020 quidquid
2746 3951 2930 4006 volunt
2967 3950 3186 4018 faciant,
3227 3952 3512 4011 honoravit

1922 4044 2013 4098 ille
2032 4057 2244 4113 pmnam
2270 4057 2440 4109 suam,
2469 4041 2578 4111 jam
2598 4057 2813 4098 crucem
2834 4059 2986 4098 suam
3009 4045 3060 4098 in
3085 4045 3329 4101 omnium
3357 4045 3509 4104 fron-

1923 4136 2064 4191 tibus
2089 4135 2203 4190 ﬁxit
2235 4136 2465 4205 :impius
2490 4135 2744 4190 insultare
2779 4137 3120 4205 permittitur,
3149 4139 3337 4195 saevire
3394 4155 3502 4196 non

1919 4228 2276 4299 permittitur;
2305 4227 2398 4282 sed
2427 4236 2602 4282 tamen
2629 4242 2695 4281 ex
2726 4241 2793 4282 eo
2821 4226 2962 4298 quod
2983 4227 3159 4296 lingua
3183 4231 3395 4297 promit,
3421 4231 3504 4286 in-
3575 4243 3584 4248 '

1921 4321 2174 4392 telligitur
2202 4320 2329 4391 quid
2357 4328 2529 4392 gestet
2547 4321 2601 4376 in
2631 4320 2813 4376 corde.
2843 4320 3138 4376 Striderunt
3165 4323 3219 4376 in
3260 4341 3339 4378 me
3375 4325 3506 4378 den~

1919 4414 2048 4468 tibus
2073 4414 2198 4467 suis.

1917 4515 1944 4575 ⁸,
1988 4504 2217 4578 9.[vers.
2247 4504 2360 4579 l7].
2408 4505 2642 4571 Domine,
2695 4505 2898 4577 quando
2963 4506 3232 4576 respicies?
3278 4506 3509 4566 Restitue

1917 4599 2139 4653 animam
2179 4613 2345 4652 meam
2392 4598 2456 4652 ab
2496 4597 2691 4652 astutiis
2738 4613 2930 4662 eorum,
2979 4614 3012 4652 a
3037 4598 3262 4653 leonibus
3301 4602 3504 4658 unicam

1916 4707 2098 4745 meam.
2126 4689 2292 4745 Nobis
2315 4690 2459 4746 enim
2486 4689 2694 4745 tardum
2734 4698 2836 4755 est,
2866 4699 2920 4746 et
2960 4705 3028 4745 ex
3064 4705 3289 4760 persona
3319 4703 3502 4751 nostra

1915 4781 2019 4838 ltoc
2039 4782 2238 4837 dictum
2267 4791 2370 4848 est,
2402 4782 2617 4849 Quando
2642 4782 2916 4852 respicies?
2942 4781 2993 4836 id
3023 4790 3128 4847 est,
3157 4783 3370 4852 quando
3419 4787 3501 4840 vi-

1914 4872 2160 4928 debimus
2180 4871 2466 4927 vindictam
2483 4871 2550 4926 dc
2574 4871 2659 4927 bis
2683 4872 2773 4942 qui
2796 4872 2950 4926 nobis
2974 4872 3268 4928 insultant?
3287 4877 3501 4946 quando

1913 4966 2057 5021 illam
2109 4965 2320 5021 viduam
2363 4965 2529 5035 judex
2577 4966 2734 5019 taedio
2810 4965 2979 5018 victus
3029 4967 3373 5023 exanditurus
3419 4980 3502 5025 est

1913 5057 2062 5129 (Luc.
2095 5074 2244 5125 xvul,
2273 5056 2362 5128 δη
2390 5055 2950 5124 Verumtamcnjudex
2976 5067 3157 5112 noster
3187 5074 3289 5114 non
3318 5059 3494 5125 tudio,

1911 5149 2007 5204 sed
2055 5165 2237 5204 amore
2285 5148 2461 5203 dilTert
2511 5150 2734 5202 salutem
2780 5159 3051 5213 nostram;
3122 5150 3346 5214 ratione,
3390 5166 3497 5206 non

1910 5241 2120 5311 inopia;
2154 5257 2257 5295 non
2285 5240 2407 5309 quia
2435 5255 2539 5292 nun
2574 5248 2745 5308 potest
2779 5249 2829 5294 et
2859 5239 3016 5294 modo
3059 5242 3361 5305 subvenire,
3399 5240 3494 5296 scd

1910 5345 1971 5391 ut
1996 5349 2250 5390 numerus
2293 5332 2529 5386 omnium
2580 5341 2818 5387 nostrum
2870 5348 3035 5402 usque
3061 5333 3112 5386 in
3145 5333 3298 5386 ﬁnem
3327 5333 3494 5402 possit

1909 5429 2138 5499 impleri.
2163 5427 2232 5482 Et
2269 5436 2446 5482 tamen
2496 5443 2592 5481 nos
2638 5443 2703 5483 ex
2750 5426 3012 5482 desiderio
3057 5426 3180 5495 quid
3231 5426 3494 5479 dicimus?

1909 5523 2141 5589 Domine,
2170 5522 2371 5590 quando
2409 5522 2680 5592 respicies?
2720 5521 2945 5588 Restilue
2971 5520 3192 5572 animum
3219 5534 3380 5571 meam
3428 5519 3490 5571 ab

1905 5617 2104 5671 astutiis
2130 5631 2300 5669 eorum
2328 5656 2343 5679 ,
2372 5631 2404 5666 α
2452 5613 2678 5668 leonibus
2725 5614 2926 5666 unicam
2960 5626 3121 5664 meam
3145 5626 3161 5664 :
3185 5608 3235 5664 id
3275 5618 3357 5664 est
3390 5609 3492 5662 Ec.

1903 5711 2122 5767 clesiam
2149 5724 2321 5764 meam
2347 5725 2376 5761 a
2407 5707 2748 5764 saevientibus
2780 5703 3148 5777 potestatibus.

1968 5845 2039 5908 (a)
2064 5846 2148 5908 Hic
2175 5845 2350 5894 omittit
2373 5845 2582 5908 priorem
2625 5849 2814 5908 partem
2850 5837 3078 5892 versiculi
3112 5838 3189 5902 16,
3210 5853 3356 5905 quam
3380 5849 3489 5908 post

1905 5903 2100 5974 attingit
2122 5909 2169 5958 in
2189 5914 2326 5956 Enar.
2353 5903 2472 5956 Psal.
2492 5921 2600 5969 u'n,
2627 5903 2674 5955 i1.
2701 5903 2776 5956 ΞΟ.
