4042 6502
540 463 647 519 843

539 578 691 651 quo?
733 575 815 632 Ad
838 573 1184 643 semetipsum
1212 585 1227 625 :
1257 568 1404 625 ducit
1429 581 1488 623 se
1515 566 1675 632 intro,
1704 574 1759 621 et
1786 579 1943 620 nemo
1977 563 2124 618 illum

550 669 696 723 videt.
728 686 742 724 :
780 666 868 721 ubi
919 663 1204 719 meditatur
1245 660 1399 715 dolos
1434 667 1488 713 et
1532 656 1754 712 insidias
1799 664 1853 710 et
1907 653 2122 718 delicta,

545 775 704 816 nemo
728 757 889 812 videt.
918 756 1106 811 Posset
1128 768 1229 808 nec
1258 752 1328 806 ibi
1355 749 1492 821 apud
1512 764 1572 805 se
1601 747 1870 812 meditari,
1893 746 1938 801 si
1979 744 2125 815 cogi-

547 861 687 906 taret
705 851 828 919 quia
869 850 1009 905 Deus
1044 847 1191 901 illum
1219 842 1362 899 videt
1395 862 1408 898 :
1438 841 1532 898 sed
1559 842 1680 912 quia
1721 855 1825 895 non
1857 848 1939 894 est
1968 840 2129 893 timor

544 944 636 999 Dei
659 954 784 999 ante
809 942 993 999 oculos
1021 940 1157 1010 ejus,
1181 954 1299 993 cum
1322 934 1628 992 discesserit
1652 948 1678 986 a
1711 940 1997 1003 conspectu
2025 928 2128 984 ho-

544 1039 746 1094 minum
776 1035 841 1092 ad
867 1050 961 1089 cor
986 1049 1160 1095 suum,
1191 1031 1260 1085 ibi
1286 1043 1444 1100 quem
1477 1025 1699 1083 timeat?
1725 1023 1988 1094 Numquid
2020 1037 2128 1077 non

546 1130 620 1186 ibi
648 1141 729 1187 est
753 1144 990 1202 praesens
1016 1128 1158 1182 Deus
1177 1125 1200 1178 ?
1221 1123 1326 1181 Sed
1365 1137 1471 1177 non
1494 1130 1577 1177 est
1607 1121 1765 1176 timor
1790 1118 1883 1174 Dei
1911 1118 1966 1173 in
1994 1130 2128 1172 con-

542 1233 728 1294 spcctu
752 1221 886 1291 ejus.

614 1315 668 1370 5.
697 1311 846 1386 [νει-δ.
881 1308 958 1382 5.]
1012 1306 1293 1364 Meditatnr
1337 1320 1465 1375 ergo
1511 1302 1663 1359 dolos
1708 1318 1721 1356 :
1754 1299 1824 1357 et
1864 1298 2127 1371 sequitur,

544 1408 743 1480 (Forte
766 1408 896 1463 latet
920 1404 1233 1474 illum,qula
1262 1401 1406 1455 Deus
1434 1398 1507 1454 ibi
1533 1396 1711 1453 videt?
1741 1395 1915 1450 Etiam
1946 1400 2129 1448 osten-

542 1501 687 1556 ditur
712 1498 853 1571 quod
884 1496 1064 1553 dicere
1106 1508 1371 1564 cmperam
1406 1509 1419 1546 :
1448 1492 1574 1547 latet
1615 1491 1782 1553 illum,
1805 1486 1898 1543 sed
1944 1485 2130 1541 volen-

542 1601 682 1658 tem;
711 1591 832 1662 quia
852 1598 1037 1645 contra
1053 1603 1112 1643 se
1140 1586 1265 1642 fecit
1284 1584 1471 1640 nolens
1500 1579 1847 1653 intelligere.)
1878 1577 2131 1646 Quoniam

545 1685 719 1739 dolose
745 1683 842 1754 egit
871 1683 923 1736 in
954 1689 1223 1751 conspectu
1244 1679 1372 1749 ejus.
1398 1678 1455 1733 ln
1493 1675 1647 1747 cujus
1671 1682 1961 1743 conspectu
1982 1671 2008 1725 ?
2025 1669 2131 1725 Cu-

542 1774 630 1844 jus
655 1775 813 1829 timor
838 1788 941 1827 non
970 1779 1053 1827 est
1079 1783 1204 1826 ante
1226 1770 1412 1825 oculos
1437 1768 1554 1839 ejus
1582 1767 1670 1836 qui
1698 1764 1881 1820 dolose
1901 1764 2029 1835 egit.
2061 1760 2129 1817 Ut

542 1867 786 1920 inveniret
810 1865 1120 1936 iniquitatem
1146 1879 1313 1929 suam,
1340 1871 1386 1916 et
1413 1859 1618 1915 odisset.
1662 1857 1767 1912 Iste
1795 1857 1873 1911 sic
1919 1854 2026 1925 egit
2072 1863 2134 1910 ut

540 1974 653 2012 non
696 1957 984 2012 inveniret.
1032 1955 1166 2011 Sunt
1213 1955 1355 2008 enim
1405 1951 1649 2006 homines
1706 1948 1798 2019 qui
1833 1947 1984 2017 quasi
2038 1960 2131 2000 co-

542 2059 738 2104 nantur
777 2062 1018 2120 quaerere
1066 2046 1396 2116 iniquitatem
1442 2058 1613 2107 suam,
1667 2049 1722 2095 et
1751 2040 1940 2095 timent
1984 2037 2130 2093 illam

541 2142 818 2207 invenire;
847 2140 969 2211 quia
992 2138 1036 2194 si
1061 2139 1204 2193 illam
1232 2136 1554 2202 invenerint,
1586 2134 1781 2189 dicitur
1810 2132 1934 2196 illis,
1962 2131 2133 2185 Rece-

543 2235 652 2289 dite
673 2235 740 2288 ab
769 2234 857 2287 illa
889 2250 902 2290 :
929 2233 1044 2287 hrec
1064 2230 1231 2287 fecisti
1255 2238 1539 2299 antequam
1569 2228 1759 2292 scires,
1797 2226 2128 2297 iniquitatem

542 2326 715 2383 fecisti
744 2341 864 2381 cum
907 2338 1054 2380 esses
1104 2325 1156 2378 in
1197 2322 1525 2394 ignorantia;
1558 2320 1650 2375 dat
1695 2320 1834 2375 Deus
1881 2318 2127 2373 veniam:

545 2420 705 2476 modo
730 2417 1024 2490 cognovisti
1061 2432 1221 2483 eam;
1266 2415 1472 2470 dimitte
1516 2413 1659 2469 illam
1688 2423 1744 2468 ut
1772 2413 1940 2483 possit
1977 2411 2131 2467 facile

543 2511 857 2582 ignorantiae
882 2519 984 2564 tuae
1008 2508 1162 2564 venia
1190 2506 1327 2575 dari,
1350 2514 1409 2562 et
1434 2506 1598 2561 libera
1630 2504 1803 2561 fronte
1823 2504 1970 2559 dicas
1996 2503 2128 2570 Deo,

544 2603 742 2660 Delicta
762 2603 1047 2674 iuventutis
1066 2617 1189 2656 mea:
1213 2610 1260 2655 et
1279 2601 1579 2673 ignorantia
1601 2615 1724 2654 mea:
1761 2616 1824 2653 ne
1842 2598 2132 2654 memineris

545 2695 727 2771 (Psal.
763 2711 913 2759 xxrv,
958 2695 1048 2767 7).
1080 2693 1192 2749 Hac
1220 2693 1362 2748 illam
1404 2693 1614 2763 quaerit,
1646 2691 1747 2747 hac
1786 2693 1934 2746 timet
1959 2706 2028 2747 ne
2049 2691 2131 2745 in-

541 2787 722 2843 veniat
741 2787 889 2841 illam
918 2803 933 2840 :
961 2784 1148 2841 dolose
1169 2782 1312 2840 enim
1337 2783 1547 2854 quterit.
1578 2783 1693 2838 Non
1734 2782 1968 2839 sciebam
2007 2783 2130 2853 quia

545 2890 823 2952 peccatum
856 2888 957 2945 est,
982 2876 1199 2948 quando
1233 2876 1362 2932 dicit
1399 2875 1598 2931 homo?
1627 2874 1758 2929 Cum
1785 2874 1981 2930 viderit
2005 2876 2129 2944 quia

545 2982 825 3043 peccatum
872 2980 972 3036 est,
1022 2979 1078 3024 et
1103 2968 1367 3025 destiterit
1395 2968 1574 3024 facere
1612 2969 1783 3038 ipsum
1829 2977 2125 3039 peccatum,

542 3063 682 3133 quod
726 3062 845 3117 ideo
883 3058 1132 3124 faciebat,
1161 3059 1284 3129 quia
1314 3057 1626 3128 ignorabat;
1680 3073 1805 3113 vere
1854 3059 1931 3113 sic
1962 3059 2132 3114 voluit

543 3170 706 3212 nosse
734 3154 1084 3224 iniquitatem,
1118 3160 1177 3206 ut
1204 3151 1485 3216 inveniret,
1515 3160 1568 3205 et
1594 3150 1814 3205 odisset.
1847 3150 2000 3205 Nunc
2028 3168 2129 3205 au-

546 3258 652 3303 tem
700 3246 853 3301 multi
908 3245 1094 3299 dolose
1141 3251 1326 3314 agunt,
1376 3250 1434 3297 ut
1472 3242 1749 3297 inveniant
1794 3241 2128 3313 iniquitatem

543 3354 716 3401 suam,
750 3336 801 3392 id
827 3344 929 3403 est,
953 3351 1059 3390 non
1080 3350 1149 3391 ex
1181 3334 1361 3389 animo
1389 3341 1553 3404 agunt
1592 3333 1828 3389 invenire
1852 3343 1906 3389 et
1926 3334 2127 3391 odisse.

542 3430 646 3486 Sed
670 3429 790 3501 quia
818 3430 868 3483 in
888 3431 1001 3498 ipsa
1028 3427 1371 3498 inquisitione
1398 3424 1551 3480 dolus
1593 3433 1696 3491 est,
1729 3426 1781 3479 in
1824 3424 2129 3481 inventione

543 3520 782 3578 defensio
809 3520 1100 3591 iniquitatis
1138 3518 1261 3574 erit.
1291 3515 1426 3572 Cum
1474 3516 1618 3572 enim
1646 3516 1909 3572 invenerit
1936 3517 2128 3588 iniqui-

543 3624 725 3683 tatem,
756 3628 884 3670 ecce
907 3612 1015 3683 jam
1058 3611 1400 3667 manifestum
1444 3619 1525 3664 est
1568 3609 1681 3675 illi,
1725 3610 1847 3680 quia
1877 3609 2129 3680 iniquitas

543 3719 644 3763 cst.
670 3706 790 3761 Noli
813 3705 958 3759 illam
988 3703 1185 3769 facere,
1225 3702 1419 3772 inquis.
1449 3700 1519 3756 Et
1551 3701 1642 3755 ille
1667 3701 1757 3770 qui
1784 3701 1967 3757 dolose
2000 3717 2128 3772 age-

542 3804 636 3857 bat
662 3810 717 3856 ιιι
742 3800 1023 3866 inveniret,
1038 3797 1149 3868 jam
1176 3798 1399 3863 invenit,
1432 3803 1485 3850 et
1515 3810 1619 3849 non
1663 3795 1772 3849 odit
1798 3812 1810 3847 :
1834 3794 1959 3863 quid
1983 3796 2126 3850 enim

546 3896 719 3952 dicit?
746 3894 915 3962 Quam
942 3892 1094 3946 multi
1122 3891 1225 3945 hoc
1246 3890 1462 3953 faciunt,
1493 3898 1543 3943 et
1567 3889 1686 3958 quis
1710 3888 1812 3943 hoc
1828 3903 1933 3943 non
1960 3887 2128 3944 facit?

542 3989 609 4044 Et
658 3985 914 4057 numquid
952 3998 1140 4040 omnes
1185 3982 1485 4053 perditurus
1509 3991 1591 4036 est
1620 3981 1807 4036 Deus?
1834 3982 1939 4036 Aut
1980 3991 2127 4038 certe

545 4084 648 4138 hoc
678 4082 807 4135 dicit
838 4097 851 4134 :
879 4078 935 4135 Si
962 4078 1125 4133 nollet
1151 4078 1292 4131 Deus
1321 4076 1405 4130 illa
1438 4076 1580 4140 fieri,
1609 4075 1851 4132 viverent
1875 4076 2124 4133 homines

540 4175 627 4244 qui
660 4176 758 4228 ista
779 4169 1156 4228 committunt?
1189 4168 1347 4223 Vides
1371 4168 1492 4239 quia
1520 4168 1705 4223 dolose
1730 4170 1923 4239 agebas
1947 4169 2015 4225 ad
2038 4171 2126 4225 in-

541 4265 853 4321 veniendum
881 4263 1211 4334 iniquitatem
1237 4270 1377 4316 tuam
1397 4260 1422 4314 ?
1442 4261 1573 4315 Nam
1595 4262 1638 4315 si
1669 4275 1775 4315 non
1796 4260 2001 4327 dolose,
2025 4263 2122 4320 sed

538 4362 815 4417 sinceriter
834 4374 1040 4429 ageres,
1057 4357 1166 4427 jam
1187 4355 1482 4411 invenisses
1507 4364 1561 4409 et
1584 4353 1822 4409 odisses:
1852 4354 2013 4410 modo
2036 4356 2124 4411 in-

537 4452 728 4508 venisti
758 4458 814 4507 et
840 4449 1080 4506 defendis
1113 4466 1128 4503 :
1154 4447 1338 4503 dolose
1364 4460 1492 4516 ergo
1519 4446 1732 4515 agebas,
1765 4460 1885 4499 cum
1907 4461 2121 4516 quatre-

537 4558 665 4690 nsi.
700 4633 854 4707 [vers.
890 4630 970 4703 4.]
1009 4628 1169 4685 Verba
1192 4629 1294 4683 oris
1333 4628 1442 4698 eius
1479 4627 1718 4698 iniquitas
1744 4635 1792 4681 et
1815 4626 1965 4684 dolus
1990 4645 2009 4683 :
2031 4646 2123 4685 no-

540 4729 633 4782 luit
662 4725 974 4795 intelligere,
1005 4731 1061 4776 ut
1088 4723 1209 4776 bene
1246 4729 1433 4792 ageret.
1466 4719 1669 4775 Videtis
1696 4720 1818 4790 quia
1864 4722 2121 4778 voluntati

540 4817 667 4872 illud
695 4815 877 4870 tribuit
912 4831 925 4867 :
969 4813 1092 4883 quia
1139 4823 1263 4866 sunt
1289 4810 1531 4865 homines
1575 4812 1663 4881 qtti
1703 4811 1890 4866 volunt
1921 4813 2120 4868 intelli-

538 4924 664 4977 gere
685 4948 699 4971 ,
731 4914 788 4961 et
820 4919 926 4959 non
955 4911 1214 4974 possunt;
1247 4909 1372 4956 sunt
1411 4910 1587 4956 autem
1634 4902 1879 4959 homines
1906 4904 1995 4975 qui
2026 4920 2122 4961 no-

529 5001 657 5055 tlttnt
677 4998 994 5069 intelligere,
1021 4995 1143 5051 ideo
1162 5010 1267 5051 non
1291 4994 1614 5066 intelligunt.
1637 4993 1819 5049 Noluit
1844 4997 2123 5068 intelligere

538 5102 593 5147 ut
621 5091 745 5146 bene
764 5096 950 5161 ageret.

610 5185 665 5240 5.
702 5181 851 5256 [verm
874 5178 955 5254 5.]
982 5178 1309 5250 Iniquitatem
1335 5178 1602 5233 meditatus
1650 5188 1719 5233 est
1744 5181 1797 5234 in
1828 5181 1979 5234 cubili
2008 5199 2117 5236 suo.

492 5306 497 5313 -
541 5274 677 5345 Quid
699 5274 876 5340 dixit,
898 5273 952 5327 in
993 5271 1146 5327 cubili
1172 5271 1305 5326 suo?
1329 5270 1474 5324 Dixit
1506 5271 1743 5343 injustas,
1787 5282 1839 5324 ut
1864 5272 2122 5343 delinquat

535 5369 590 5423 in
615 5367 879 5440 semetipso
900 5382 920 5420 :
947 5364 1090 5436 quod
1111 5363 1246 5419 dixit
1283 5363 1530 5432 superius
1550 5405 1563 5429 ,
1594 5364 1647 5417 in
1688 5373 1950 5435 semetipso
1971 5380 1992 5429 ;
2021 5365 2122 5421 hoc

543 5460 630 5515 hic
669 5460 821 5525 dixit,
851 5460 904 5513 in
931 5457 1086 5513 cubili
1112 5473 1226 5511 suo.
1277 5455 1466 5511 Cubile
1492 5465 1732 5510 nostrum
1784 5467 1865 5510 est
1908 5472 2001 5513 cor
2026 5474 2122 5514 no-

540 5563 712 5610 strum
746 5570 759 5606 :
792 5552 883 5629 ibi.
909 5552 1190 5607 tumultum
1219 5551 1451 5619 patimur
1478 5549 1630 5603 malae
1664 5550 2005 5607 conscientia:
2032 5560 2123 5608 :et

540 5647 613 5701 ibi
643 5644 1047 5716 requiescimus,
1077 5640 1294 5713 quando
1348 5640 1485 5694 bona
1514 5642 1843 5696 conscientia
1871 5651 1972 5697 est.
2021 5642 2120 5711 Qui

539 5748 683 5796 amat
709 5737 885 5793 cubile
914 5736 1093 5792 cordis
1141 5733 1244 5800 sui,
1272 5732 1467 5801 aliquid
1499 5732 1622 5785 boni
1650 5732 1720 5786 ibi
1749 5742 1890 5803 agat.
1921 5733 1996 5788 lbi
2041 5741 2123 5789 est

541 5831 736 5895 cubile,
765 5830 852 5885 ubi
885 5843 981 5883 nos
1004 5826 1259 5883 Dominus
1289 5824 1444 5879 Jesus
1470 5822 1883 5895 Christusjubct
1912 5841 2071 5880 orare
2098 5844 2111 5880 :

540 5923 689 5985 Intra
713 5923 763 5981 in
789 5922 1071 5981 cubiculum
1111 5930 1269 5991 tuum,
1304 5929 1348 5976 et
1376 5919 1557 5977 claude
1587 5918 1771 5979 ostium
1797 5927 1954 5978 tuum.
1984 5916 2121 5991 Quid

1775 452 1837 507 S.
1877 444 2248 508 AUGUSTINI
2285 447 2587 508 EPISCOPI

3714 460 3821 520 διι

2229 571 2333 627 est,
2362 563 2543 620 claude
2566 566 2749 620 ostium
2765 577 2906 622 tuum
2923 570 2950 624 2
2972 567 3090 625 Noli
3116 570 3240 626 talia
3265 581 3578 642 exspectare
3594 572 3663 629 de
3683 575 3818 641 Deo,

2230 668 2349 723 quas
2371 655 2663 714 forinsecus
2708 668 2871 726 sunt;
2903 660 2996 716 sed
3032 676 3094 716 ea
3141 677 3261 733 qua:
3303 663 3625 720 intrinsecus
3655 674 3820 729 sunt;

2233 743 2301 799 Et
2359 744 2516 802 Pater
2564 756 2703 816 tuus,
2751 751 2837 820 qui
2882 751 3097 806 videtin
3137 752 3452 821 abscondito,
3498 756 3675 810 reddet
3734 756 3822 811 tibi

2233 840 2265 909 (ι
2294 838 2481 893 Matth.
2506 858 2578 909 vt,
2610 842 2696 914 6).
2724 842 2853 910 Quis
2877 853 2960 900 est
2986 846 3079 916 qui
3105 861 3211 901 non
3234 848 3432 903 claudit
3454 848 3695 905 ostium?
3720 849 3825 918 Qui

2234 932 2357 985 talia
2385 934 2516 1003 petit
2542 950 2572 988 a
2602 934 2712 990 Deo
2753 951 2851 1005 pro
2898 953 3092 1008 magno
3116 949 3170 994 et
3196 939 3268 996 ibi
3296 942 3578 997 constituit
3626 958 3825 999 omnes

2232 1039 2420 1095 preces
2460 1041 2604 1091 suas,
2637 1037 2697 1083 ut
2747 1030 2973 1102 accipiat
3017 1047 3078 1087 ea
3111 1049 3229 1103 quas
3264 1043 3389 1089 sunt
3437 1034 3597 1105 hujus
3636 1035 3826 1091 saeculi

2231 1114 2392 1170 bona.
2449 1117 2600 1173 Patet
2656 1120 2852 1176 ostium
2894 1130 3060 1187 tuum,
3108 1124 3260 1180 turba
3308 1125 3459 1182 videt
3508 1141 3632 1181 cum
3665 1142 3819 1183 oras.

2232 1207 2368 1276 Quid
2396 1219 2477 1266 est
2494 1211 2740 1268 claudere
2763 1216 2959 1271 ostium
2983 1218 3170 1271 tuum?
3201 1216 3273 1273 Ut
3304 1218 3406 1273 hoc
3428 1229 3580 1289 petas
3600 1235 3632 1274 a
3662 1220 3776 1275 Deo
3805 1260 3824 1286 ,

2233 1301 2373 1372 quod
2398 1305 2542 1359 solus
2570 1306 2710 1362 Deus
2735 1309 2882 1363 novit
2900 1309 3166 1379 quomodo
3192 1309 3283 1365 tibi
3310 1311 3420 1367 det.
3440 1311 3579 1379 Quid
3608 1321 3699 1367 est
3720 1312 3825 1368 hoe

2234 1405 2451 1464 propter
2475 1397 2617 1467 quod
2665 1398 2869 1454 claudis
2894 1402 3088 1456 ostium
3110 1442 3125 1467 ,
3159 1411 3214 1456 et
3242 1403 3418 1472 petis?
3442 1402 3597 1470 Quod
3631 1404 3826 1459 oculus

2235 1502 2341 1543 non
2373 1487 2524 1556 vidit,
2581 1506 2683 1548 nec
2737 1493 2881 1547 auris
2929 1493 3169 1560 audivit,
3217 1509 3318 1549 nec
3347 1496 3400 1549 in
3445 1510 3539 1552 cor
3586 1495 3827 1552 hominis

2233 1580 2476 1635 ascendit
2515 1580 2685 1651 (Isai.
2713 1600 2841 1639 thv
2866 1625 2882 1652 ,
2909 1586 2972 1651 4;
3008 1584 3028 1638 l
3068 1584 3185 1640 Cor.
3216 1602 3275 1651 ιι,
3306 1586 3402 1657 9).
3432 1587 3501 1642 Ει
3541 1586 3684 1643 forte
3715 1602 3823 1644 non

2233 1673 2474 1727 ascendit
2504 1675 2555 1727 in
2583 1674 2757 1744 ipsum
2786 1676 2961 1732 cubile
3005 1686 3176 1743 tuum,
3218 1676 3272 1732 id
3310 1685 3392 1732 est
3422 1678 3474 1732 in
3505 1692 3602 1733 cor
3643 1688 3819 1734 tuum.

2233 1763 2338 1819 Sed
2371 1764 2513 1820 Deus
2549 1767 2696 1821 novit
2720 1767 2845 1838 quid
2886 1767 2982 1822 tibi
3003 1768 3223 1824 daturus
3250 1779 3351 1824 est.
3387 1769 3613 1838 Quando
3638 1782 3824 1827 autem

2235 1855 2376 1911 erit?
2402 1857 2627 1924 Quando
2650 1859 2971 1915 revelabitur
2996 1861 3268 1925 Dominus,
3293 1861 3506 1932 quando
3541 1863 3828 1933 apparebit

2229 1943 2413 2017 judex.
2434 1949 2569 2016 Quid
2596 1951 2739 2005 enim
2766 1951 3098 2007 manifestius
3122 1968 3280 2023 quam
3311 1953 3450 2023 quod
3474 1954 3724 2010 dicturus
3743 1965 3829 2011 est

2231 2039 2301 2094 ad
2348 2040 2620 2097 dexteram
2661 2044 2888 2113 positis?
2929 2044 3131 2109 Venite,
3175 2045 3422 2100 benedicti
3463 2045 3639 2101 Patris
3684 2048 3825 2115 mei,

2233 2133 2473 2202 percipite
2518 2150 2728 2202 regnum
2772 2136 2906 2206 quod
2956 2136 3091 2191 vobis
3120 2145 3355 2207 paratum
3393 2147 3466 2190 est
3493 2137 3555 2191 ab
3605 2139 3811 2209 origine

2233 2226 2411 2280 mundi
2450 2227 2673 2298 (Matth.
2722 2244 2845 2294 xxv,
2893 2227 3018 2302 54).
3080 2229 3312 2284 Audient
3354 2229 3472 2285 haec
3499 2230 3576 2285 illi
3625 2233 3719 2302 qui
3755 2231 3823 2287 ad

2234 2320 2501 2375 sinistram
2545 2330 2721 2387 erunt,
2776 2332 2830 2378 et
2877 2331 3094 2393 gement
3125 2323 3452 2380 infructuosa
3498 2326 3819 2396 pmnitentia

2235 2412 2403 2483 (Sap.
2434 2429 2488 2479 v,
2512 2412 2582 2484 '5)
2610 2431 2624 2479 ;
2656 2415 2778 2484 quia
2822 2429 2941 2469 cum
2991 2416 3062 2469 ita
3087 2416 3346 2481 viverent,
3378 2431 3499 2472 eam
3543 2415 3825 2473 fructuose

2233 2505 2519 2560 noluerunt
2540 2520 2718 2576 agere.
2745 2506 3026 2574 Quomodo
3040 2509 3288 2577 gement?
3313 2508 3447 2576 Quia
3472 2523 3578 2563 non
3604 2519 3690 2565 est
3716 2509 3821 2565 illis

2234 2598 2384 2653 locus
2437 2600 2809 2655 correctionis.
2868 2600 3102 2656 Audient
3152 2610 3328 2656 autem
3383 2610 3439 2657 et
3462 2602 3562 2671 ipsi
3592 2620 3606 2656 :
3637 2601 3720 2656 Ite
3771 2604 3825 2658 in

2231 2693 2401 2764 ignem
2442 2702 2681 2747 internum
2705 2694 2791 2763 qui
2819 2704 3027 2764 paratus
3071 2704 3143 2748 est
3172 2694 3373 2749 diabolo
3402 2704 3450 2748 et
3476 2696 3674 2766 angelis
3708 2697 3825 2767 ejus

2241 2784 2469 2856 (Matth.
2501 2802 2633 2852 xxv,
2686 2787 2751 2841 ll
2776 2784 2817 2857 ).
2844 2787 2947 2842 lsle
2966 2795 3050 2843 est
3072 2786 3285 2843 auditus
3307 2788 3499 2844 malus.
3531 2788 3666 2843 Nam
3691 2788 3825 2859 justi

2233 2878 2299 2934 ad
2324 2878 2564 2934 auditum
2615 2880 2814 2936 bonum
2862 2879 3199 2950 gaudebunt;
3250 2880 3329 2936 sic
3375 2881 3517 2936 enim
3562 2881 3822 2951 scriptum

2232 2983 2315 3028 est
2347 2989 2360 3025 :
2391 2971 2458 3026 In
2486 2974 2729 3027 memoria
2777 2981 2966 3028 wterna
3008 2974 3102 3028 erit
3120 2974 3317 3045 justus,
3366 2977 3430 3029 ab
3478 2977 3659 3030 auditu
3688 2977 3824 3032 malo

2233 3081 2335 3121 non
2375 3064 2562 3119 timebit
2606 3063 2797 3133 (Psal.
2853 3081 2960 3130 CXI,
3009 3066 3101 3137 7).
3151 3068 3194 3122 A
3246 3083 3352 3138 quo
3399 3068 3581 3125 auditu
3638 3071 3827 3127 malo?

2232 3157 2400 3225 Quem
2429 3157 2656 3212 audituri
2701 3168 2826 3212 sunt
2855 3158 2949 3223 illi,
2978 3157 3062 3213 Ite
3099 3159 3153 3213 in
3181 3159 3345 3231 ignem
3382 3168 3650 3216 internum.
3680 3164 3826 3220 Deus

2233 3266 2364 3322 ergo
2386 3252 2475 3321 qui
2513 3260 2686 3319 potest
2714 3266 2871 3323 supra
2902 3267 3060 3321 quam
3092 3252 3321 3322 petimus
3357 3265 3448 3309 aut
3474 3254 3826 3325 intelligimus

2233 3341 2409 3398 facere
2436 3341 2665 3413 (Ephes.
2698 3358 2789 3409 ιιι,
2817 3340 2926 3413 20)
2951 3384 2964 3405 ,
2998 3343 3263 3398 occultum
3287 3344 3544 3414 gemitum
3576 3358 3826 3406 nostrum

2233 3434 2441 3505 quaerit,
2475 3442 2532 3488 ut
2557 3435 2612 3488 in
2632 3443 2920 3504 conspectu
2949 3434 3066 3503 ejus
3096 3435 3424 3505 placeamus,
3469 3446 3523 3491 et
3566 3454 3671 3493 non
3722 3456 3828 3498 nos

2233 3524 2383 3595 quasi
2411 3524 2477 3579 de
2499 3525 2702 3595 jttstitia
2734 3535 2914 3580 nostra
2942 3535 3065 3581 ante
3091 3525 3338 3582 homines
3376 3527 3669 3598 jactemus.
3712 3533 3823 3599 Qui

2231 3620 2373 3675 enim
2400 3619 2468 3674 de
2509 3619 2711 3688 justitia
2755 3634 2848 3673 sua
2875 3618 3084 3688 placere
3109 3619 3222 3673 vult
3246 3619 3553 3677 hominibus
3574 3663 3589 3687 ,
3618 3639 3727 3678 non
3758 3640 3831 3681 eo

2232 3712 2337 3766 fine
2357 3721 2415 3765 ut
2443 3710 2682 3765 homines
2705 3710 2793 3780 qui
2814 3726 2934 3766 eum
2961 3709 3142 3767 vident
3166 3711 3334 3768 Deum
3364 3712 3601 3778 laudent,
3631 3716 3730 3771 sed
3755 3732 3825 3774 ea

2231 3803 2527 3858 intentione
2543 3811 2600 3855 ut
2620 3802 2733 3871 ipse
2762 3801 3025 3865 laudetur,
3053 3816 3161 3857 non
3187 3802 3387 3858 claudit
3412 3804 3607 3859 ostium
3633 3816 3827 3863 contra

2230 3895 2509 3965 strepitum
2545 3911 2559 3948 :
2588 3894 2711 3963 quia
2742 3901 2884 3963 patet
2912 3893 3106 3948 ostium
3132 3894 3222 3949 illo
3246 3894 3495 3964 strepitu,
3517 3906 3704 3953 etnon
3728 3913 3827 3953 au-

2230 3987 2308 4043 dit
2337 3987 2477 4042 Deus
2501 3984 2768 4056 quomodo
2815 3984 3002 4040 audire
3048 3986 3183 4040 vult.
3229 3985 3413 4043 Cubile
3441 4002 3571 4058 ergo
3596 4004 3693 4043 cor
3720 4005 3827 4046 no-

2230 4090 2400 4137 strum
2449 4080 2752 4133 laboremus
2791 4077 3073 4144 mundare,
3126 4077 3215 4133 ubi
3264 4079 3433 4149 possit
3478 4080 3635 4136 nobis
3683 4082 3830 4138 bene

2229 4187 2370 4228 esse.
2398 4170 2556 4225 Novit
2578 4169 2823 4224 Charitas
2846 4168 3032 4225 Vestra
3047 4184 3210 4239 quam
3232 4170 3399 4225 multa
3425 4172 3577 4226 multi
3608 4173 3831 4241 patiun-

2228 4274 2316 4321 tur
2341 4264 2393 4319 in
2421 4262 2653 4333 publico,
2687 4262 2739 4316 in
2767 4262 2901 4327 foro,
2930 4261 2982 4315 in
3000 4261 3193 4331 jurgiis
3215 4304 3230 4329 ,
3263 4262 3315 4316 in
3356 4264 3825 4334 contentionibus,

2227 4356 2280 4410 in
2310 4354 2565 4409 molestiis
2595 4353 2926 4421 negotiorum
2952 4370 2967 4406 :
3000 4352 3268 4421 quomodo
3306 4355 3530 4425 quisque
3562 4356 3824 4428 fatigatus

2225 4446 2452 4516 negotiis
2478 4444 2625 4511 foris,
2656 4443 2825 4498 currit
2849 4442 2915 4498 ad
2962 4442 3178 4498 domum
3222 4458 3373 4499 suam
3412 4454 3467 4499 nt
3498 4445 3583 4501 ibi-
3600 4449 3829 4518 requie-

2228 4547 2365 4604 scat,
2392 4546 2447 4592 et
2475 4536 2567 4591 dat
2588 4550 2804 4605 operam
2832 4534 2938 4589 cito
2960 4534 3112 4591 linire
3134 4532 3345 4606 negotia
3363 4552 3480 4605 quae
3504 4535 3637 4593 foris
3669 4549 3830 4608 sunt,

2225 4638 2281 4686 et
2307 4628 2497 4685 tollere
2524 4642 2583 4683 se
2610 4627 2678 4682 ad
2709 4626 2949 4697 requiem
2978 4626 3032 4679 in
3059 4625 3278 4681 domum
3313 4642 3490 4682 suam.
3518 4627 3645 4683 Ideo
3672 4632 3831 4688 enim

2226 4720 2588 4792 unusquisque
2615 4718 2833 4774 domum
2856 4733 3007 4773 suam
3036 4716 3215 4784 habet,
3251 4719 3376 4789 quia
3404 4718 3476 4774 ibi
3506 4721 3835 4791 requiescit.

2228 4816 2285 4872 Si
2307 4830 2435 4871 vero
2461 4823 2517 4869 et
2544 4814 2612 4867 ibi
2640 4811 2911 4867 molestias
2954 4812 3209 4882 patiatur,
3258 4812 3348 4867 ubi
3382 4822 3559 4881 potest
3602 4817 3842 4885 requie-

2224 4906 2421 4963 scere?
2446 4904 2582 4973 Quid
2609 4904 2774 4974 ergo?
2804 4903 3011 4958 Bonum
3031 4911 3115 4958 est
3135 4912 3196 4958 ut
3223 4904 3307 4958 vel
3328 4904 3381 4959 in
3413 4904 3574 4960 domo
3595 4921 3695 4961 sua
3730 4925 3840 4966 re-

2225 5000 2403 5071 quiem
2439 4996 2648 5052 habeat.
2674 4995 2730 5051 Si
2759 5004 2938 5050 autem
2979 4996 3175 5065 patitur
3200 4994 3332 5051 foris
3360 4996 3626 5065 inimicos,
3676 5000 3844 5059 intus

2226 5089 2362 5145 forte
2407 5087 2601 5141 malam
2635 5100 2891 5151 uxorem;
2948 5086 3189 5156 procedit
3237 5088 3289 5141 in
3346 5088 3613 5157 publicum
3651 5106 3845 5150 :cum

2224 5184 2337 5239 vult
2360 5181 2697 5254 requiescere
2733 5181 2802 5234 ab
2847 5179 2932 5233 his
2960 5196 3078 5250 qum
3112 5180 3242 5235 foris
3266 5190 3411 5249 sunt,
3441 5182 3601 5236 intrat
3642 5183 3694 5237 in
3727 5185 3849 5241 (ιο.

2225 5291 2369 5331 ιιιιιιιι
2409 5272 2660 5344 :quando
2683 5286 2812 5337 vero
2837 5288 2937 5327 nec
2982 5273 3052 5327 ibi
3092 5274 3396 5344 requiescit,
3428 5289 3530 5329 nec
3563 5272 3699 5329 foris
3736 5295 3850 5336 re-

2225 5366 2469 5437 quiescit,
2505 5363 2593 5419 ubi
2614 5364 2717 5419 erit
2743 5364 2998 5435 requies?
3030 5363 3228 5419 Saltem
3249 5365 3303 5419 in
3332 5366 3576 5421 cubiculo
3605 5369 3847 5440 cordis,

2227 5465 2285 5512 ut
2313 5455 2467 5511 tollas
2496 5464 2549 5509 te
2569 5452 2634 5508 ad
2656 5454 2912 5510 interiora
2941 5455 3283 5512 conscientia:
3325 5465 3446 5511 tute.
3476 5455 3532 5510 Si
3562 5455 3633 5511 ibi
3664 5458 3815 5519 inve
3842 5493 3858 5503 ς

2226 5548 2350 5604 nisti
2373 5546 2509 5602 forte
2534 5547 2834 5617 coniugem,
2876 5562 2994 5617 qum
3025 5546 3120 5601 tibi
3161 5562 3267 5603 non
3320 5546 3474 5603 faciat
3499 5551 3853 5610 antaritudi~

2225 5657 2369 5706 nem,
2403 5637 2716 5709 sapientiam
2753 5637 2842 5692 Dei
2869 5654 2883 5704 ;
2906 5654 3024 5692 cum
3069 5639 3180 5709 ipsa
3209 5638 3550 5710 conjungere,
3600 5641 3862 5711 quiesce

2226 5732 2369 5785 intus
2395 5731 2444 5784 in
2470 5729 2712 5784 cubiculo
2737 5739 2846 5796 tuo,
2879 5745 2981 5784 non
3013 5730 3135 5784 inde
3170 5739 3220 5786 te
3247 5731 3422 5800 cjiciat
3456 5730 3636 5786 fumus
3666 5738 3863 5796 mala:

2226 5824 2580 5879 conscientiae.
2630 5822 2816 5877 Atille
2860 5831 2918 5876 ut
2971 5823 3322 5878 meditaretur
3364 5822 3541 5890 dolos,
3602 5825 3749 5883 illuc
3789 5846 3864 5891 se

2232 5917 2471 5991 tollebat,
2504 5917 2571 5976 dc
2595 5932 2702 5993 quo
2729 5915 2963 5990 loquitur
2992 5916 3091 5974 ista
3122 5915 3417 5993 Scriptura,
3448 5915 3537 5975 ubi
3566 5915 3868 5995 homines
