4042 6470
200 349 297 408 ω

204 468 313 525 vide
339 464 465 538 quid
492 463 564 538 de
589 465 696 521 illis
716 463 962 536 superius
982 463 1115 518 dixit
1140 480 1154 518 :
1182 461 1283 531 Qui
1307 478 1422 516 cum
1445 460 1788 532 cognovissent

204 559 378 623 Deum,
397 575 501 611 non
525 568 581 611 ut
600 555 764 612 Deum
787 556 915 628 glori
919 557 1212 625 ﬁcaverunt,
1238 563 1323 607 aut
1344 555 1534 627 gratias
1555 559 1792 624 egerunt:

205 654 284 710 sed
308 661 621 706 evanuerunt
651 652 702 703 in
729 650 1107 721 cogitationibus
1136 648 1240 702 suis
1261 690 1275 713 ,
1307 657 1353 701 et
1379 646 1696 702 obscuratum
1722 652 1794 698 cst

203 747 436 814 insipiens
462 761 551 799 cor
577 761 752 798 eorum
808 741 992 799 Unde?
1021 743 1093 798 De
1114 742 1380 812 snperbia.
1403 739 1638 795 Dicente:
1661 739 1795 794 enim

204 858 252 898 se
273 857 377 894 esse
403 841 686 908 sapientes.
718 837 857 891 stulti
897 836 1017 907 facti
1055 845 1187 888 sunt.
1233 833 1358 888 Inde
1393 833 1500 904 iam
1533 831 1790 902 sequitur,

208 933 435 989 Tradidit
483 933 600 986 illos
651 929 786 994 Deus
833 931 884 984 in
932 929 1354 999 concupiscentias
1411 928 1574 980 cordis
1623 942 1795 979 eorum

209 1025 372 1100 (Rom.
401 1040 439 1091 1,
470 1026 560 1090 2|,
583 1022 674 1090 22,
701 1023 816 1084 24).
851 1020 982 1098 Quia
1010 1037 1135 1094 ergo
1166 1022 1374 1073 luerunt
1403 1018 1611 1090 superbi
1639 1028 1691 1072 et
1717 1018 1796 1070 iu-

203 1122 354 1192 grati,
379 1118 526 1189 digni
552 1117 718 1176 habiti
741 1126 862 1172 sunt
882 1116 970 1185 qui
995 1113 1329 1170 traderentur
1351 1113 1399 1166 in
1424 1111 1797 1182 concupiscen-

206 1215 297 1268 tias
323 1213 509 1268 cordis
539 1213 658 1277 sui,
687 1222 739 1266 et
779 1209 899 1263 lacti
937 1218 1059 1262 sunt
1094 1208 1316 1280 abyssus
1357 1205 1552 1273 multa,
1596 1215 1652 1258 ut
1690 1219 1796 1258 non

204 1307 369 1364 solum
403 1313 714 1378 peecarent,
744 1303 840 1359 sed
868 1304 1026 1358 etiam
1057 1301 1243 1356 dolose
1271 1308 1508 1372 agerent,
1541 1315 1607 1354 ne
1638 1297 1795 1352 intel-

205 1399 428 1471 ligerent
475 1397 807 1468 iniquitatem
852 1410 1034 1462 suam,
1065 1403 1120 1450 et
1145 1392 1401 1447 odissent.
1449 1390 1550 1446 lsta
1583 1388 1798 1460 profun-

207 1492 335 1546 ditas
360 1500 446 1546 est
477 1490 727 1552 malitia},
771 1499 825 1541 ut
852 1487 1055 1541 nollent
1082 1483 1319 1539 invenire
1363 1490 1416 1536 et
1453 1481 1648 1535 odisse.
1691 1477 1796 1534 Sed

208 1585 266 1638 ad
293 1584 452 1638 istam
497 1579 909 1651 profunditatem
955 1575 1223 1650 quomodo
1268 1575 1488 1645 quisque
1537 1571 1796 1643 perVenit,

208 1675 399 1729 vide‘:
433 1672 642 1727 Iudicia
673 1671 769 1726 Dei
806 1670 1015 1742 nbyssns
1059 1671 1236 1721 multa.
1279 1669 1425 1722 Sicut
1463 1675 1669 1719 n'iontes
1707 1663 1799 1717 Dei

203 1768 401 1840 iustitia
429 1765 583 1837 ejus,
611 1765 704 1835 .qui
748 1779 842 1834 per
870 1763 1090 1830 gratiam
1124 1761 1286 1831 ipsius
1317 1759 1447 1812 llunt
1474 1757 1649 1828 magni
1679 1774 1690 1809 :
1721 1754 1800 1810 sic

209 1870 256 1915 et
283 1877 375 1930 per
398 1859 600 1930 iudicia
630 1857 795 1929 ipsius
821 1854 951 1909 ﬁunt
983 1856 1031 1909 in
1063 1851 1343 1923 profundo,
1375 1851 1461 1922 qui
1491 1858 1800 1918 merguntur

210 1952 257 2008 in
282 1953 487 2006 ultima.
521 1951 632 2004 Hae
657 1966 785 2020 ergo
811 1948 1074 2002 delectent
1103 1955 1153 2001 te
1177 1955 1403 2009 montes,
1433 1943 1534 1998 hac
1558 1950 1799 1997 avertere

209 2045 270 2100 ab
292 2045 513 2117 abysso,
539 2054 592 2097 et
612 2050 922 2100 convertere
950 2039 1013 2093 ad
1045 2039 1093 2094 id
1123 2038 1261 2109 quod
1288 2038 1478 2091 dicitur
1503 2055 1513 2089 :
1537 2036 1800 2089 Auxilium

208 2156 362 2193 meum
391 2155 424 2191 a
454 2137 696 2191 Domino.
725 2135 826 2191 Sed
853 2135 1029 2189 unde?
1061 2133 1192 2198 Quia
1215 2132 1368 2186 levavi
1394 2131 1562 2185 oculos
1590 2145 1722 2184 meos
1747 2129 1800 2183 in

210 2242 415 2286 montes.
457 2229 600 2300 Quid
645 2239 726 2284 est
768 2228 907 2283 hoc?
956 2227 1142 2282 Latine
1187 2225 1358 2280 dicam
1403 2243 1416 2278 :
1463 2223 1518 2278 In
1564 2223 1799 2278 Ecclesia

208 2325 399 2381 Christi
432 2323 644 2379 invenis
673 2323 955 2395 abyssum,
1001 2319 1208 2376 invenis
1236 2329 1287 2374 et
1317 2325 1557 2383 montes;
1593 2315 1800 2370 invenis

207 2418 270 2474 ibi
296 2419 584 2491 pauciores
607 2415 798 2482 bonos,
826 2414 945 2486 quia
976 2421 1182 2467 montes
1208 2411 1359 2482 pauci
1392 2419 1514 2468 sunt
1534 2453 1548 2473 ,
1576 2410 1800 2480 abysms

209 2511 304 2565 lata
333 2518 452 2574 est,
488 2508 542 2563 id
570 2517 651 2568 est
683 2507 757 2581 (α)
779 2549 795 2576 ,
827 2505 1021 2560 multos
1053 2504 1190 2558 male
1219 2505 1462 2558 viventes
1489 2501 1554 2555 ab
1580 2503 1652 2554 ira
1685 2500 1795 2565 Dei,

209 2606 321 2676 quia
361 2604 445 2659 sic
493 2609 718 2676 egerunt
761 2610 818 2655 ut
865 2599 1203 2654 traderentur
1245 2597 1297 2652 in
1341 2596 1800 2666 concupiscentia:

207 2699 375 2753 cordis
400 2699 508 2764 sui,
543 2706 601 2750 ut
623 2697 730 2765 iam
757 2693 1042 2750 defendant
1067 2700 1283 2764 pet-cata
1311 2707 1426 2760 sua,
1459 2699 1511 2746 ct
1538 2706 1640 2744 non
1671 2705 1800 2743 con-

208 2793 470 2853 lileantur,
501 2789 594 2846 sed
626 2789 806 2844 dicant
846 2805 857 2840 :
893 2785 1106 2855 Quare?
1133 2784 1259 2856 quid
1292 2783 1430 2838 feci?
1464 2784 1524 2836 lit
1553 2782 1642 2836 ille
1673 2779 1798 2835 illud

210 2884 358 2949 fecit;
391 2893 448 2938 et
478 2883 568 2938 ille
603 2881 705 2934 hoc
745 2880 885 2933 fecit.
926 2878 1043 2933 .lam
1087 2878 1245 2932 etiam
1287 2873 1572 2936 defendere
1614 2873 1800 2927 volunt

207 2977 338 3048 quod
364 2975 544 3046 arguit
563 2989 742 3029 sermo
763 2971 974 3027 divinus
999 2989 1010 3024 :
1035 2971 1261 3042 abyssus
1286 2978 1387 3022 est.
1419 2967 1542 3022 ldeo
1568 2967 1796 3036 quodam

207 3069 318 3126 loco
346 3069 423 3122 ait
451 3067 760 3138 Scriptura,
789 3065 908 3120 audi
941 3063 1191 3135 abyssum
1237 3080 1251 3115 :
1294 3060 1572 3127 Peccalor,
1606 3058 1794 3129 inquit,

208 3179 311 3220 cum
347 3160 539 3215 venerit
567 3159 620 3212 in
655 3156 964 3229 profundum
995 3153 1276 3218 mulorum,
1313 3153 1579 3206 contemnit
1613 3149 1794 3224 (Prov.

210 3271 363 3322 mu,
405 3253 485 3327 ὅ).
529 3254 664 3309 Ecce
695 3251 894 3322 judicia
933 3260 1020 3304 tua
1056 3248 1186 3304 sicut
1224 3247 1432 3318 abyssus
1471 3246 1650 3300 multa.
1690 3243 1797 3301 Sed

208 3348 436 3404 nondum
465 3361 528 3402 es
556 3360 744 3409 mons,
785 3341 1020 3402 nondum
1063 3356 1124 3397 cs
1161 3341 1386 3411 abyssus
1424 3356 1438 3393 ι
1479 3339 1596 3409 lnge
1639 3336 1798 3410 abys-

208 3456 316 3497 sum
334 3484 352 3511 ,
379 3440 601 3498 attende
625 3445 680 3496 in
706 3446 952 3504 montes;
981 3435 1078 3493 sed
1115 3449 1216 3490 nec
1251 3448 1531 3490 remaneas
1561 3433 1613 3487 in
1642 3447 1797 3491 mon-

211 3538 358 3597 tibus.
389 3536 666 3595 Auxilium
705 3533 848 3596 enim
878 3542 1026 3588 tuum
1051 3545 1085 3586 a
1135 3519 1394 3597 Domino,
1413 3527 1502 3600 qui
1532 3525 1658 3582 fecit
1685 3539 1795 3584 eaea

209 3630 307 3686 lum
336 3639 388 3685 et
417 3637 638 3684 terram.

271 3723 357 3778 ll.
389 3719 546 3794 [νεη.
568 3715 652 3789 8.]
680 3715 924 3776 Homines
950 3723 996 3778 et
1030 3714 1267 3784 jumenta
1294 3712 1460 3767 salvos
1483 3711 1661 3782 facies,
1686 3709 1797 3767 Do-

209 3815 367 3881 mine;
405 3813 542 3868 sicut
581 3809 917 3880 multiplicata
961 3815 1038 3862 est
1085 3804 1429 3866 misericordia
1473 3813 1594 3870 tua,
1631 3801 1790 3864 Deus.

209 3906 330 3977 Quia
358 3905 534 3968 dixit,
564 3899 922 3962 Mismicordia
955 3905 1042 3956 Lua
1071 3897 1124 3952 in
1153 3896 1325 3960 ccelo;
1360 3905 1417 3950 ut
1461 3903 1515 3949 et
1557 3895 1610 3948 in
1653 3904 1794 3950 terra

205 4016 319 4060 esse
354 4001 594 4066 sciatur,
640 3996 747 4061 ait,
789 3993 1034 4050 Donu'nes
1069 4001 1117 4048 et
1145 3992 1376 4062 jumenta
1413 3990 1579 4048 salvos
1615 3990 1791 4060 facies,

205 4092 454 4159 Domine;
481 4092 615 4148 sicut
631 4090 974 4160 inultiplicata
999 4096 1072 4142 est
1100 4084 1447 4150 misericordia
1471 4094 1557 4140 tua
1575 4126 1590 4150 ,
1629 4083 1791 4146 Deus.

205 4189 381 4260 lngua
409 4196 496 4243 est
519 4181 885 4241 n'usoricordia
912 4189 1020 4245 tua,
1041 4190 1093 4235 et
1115 4177 1390 4247 multiplex
1430 4177 1794 4232 misericordia

208 4294 309 4348 tua.
335 4282 483 4340 Deus
507 4297 526 4334 :.
543 4288 600 4335 et
625 4277 765 4336 hanc
788 4276 886 4332 llas
911 4285 968 4330 ct
987 4271 1295 4329 hominibus
1319 4280 1374 4326 et
1391 4271 1668 4340 iumentis.
1697 4272 1796 4328 Sa-

207 4375 286 4430 lus
305 4375 449 4430 enim
478 4371 760 4432 hominum
785 4383 816 4423 a
837 4367 982 4438 quo?
1009 4367 1053 4420 Δ
1078 4364 1212 4420 Deo.
1240 4363 1504 4433 Numquid
1534 4363 1676 4417 salus
1701 4363 1793 4433 iu-

201 4479 504 4526 mentorum
533 4480 563 4520 a
590 4465 706 4518 Deo
735 4477 842 4520 non
871 4461 988 4522 est?
1016 4458 1115 4528 Qui
1153 4457 1296 4514 enim
1337 4456 1462 4512 fecit
1501 4457 1790 4524 hominem,

205 4561 314 4632 ipse
339 4561 470 4616 fecit
494 4565 552 4616 et
575 4558 852 4626 immuta;
879 4554 973 4623 qui
1015 4561 1295 4620 utrumque
1323 4547 1449 4604 fecit
1466 4589 1482 4615 ,
1511 4558 1794 4620 utrumque

205 4654 367 4713 salvat
395 4670 411 4708 :
440 4649 540 4710 sed
579 4648 725 4704 salus
764 4646 1129 4717 imieutornm
1169 4642 1478 4711 temporalis
1519 4650 1622 4696 est.
1661 4641 1796 4698 Sunt

201 4757 377 4804 autem
401 4744 492 4815 Qui
519 4757 622 4812 pro
637 4754 837 4809 magno
864 4737 968 4792 hoc
989 4744 1172 4806 petunt
1198 4751 1229 4788 a
1252 4735 1360 4790 Deo
1381 4733 1522 4803 quod
1548 4733 1693 4790 dedit
1709 4734 1795 4804 iq-

201 4838 412 4893 mentis.
444 4833 790 4902 Multiplicata
815 4840 884 4884 est
912 4827 1252 4883 misericordia
1279 4837 1384 4892 tua,
1414 4824 1576 4891 Deus,
1605 4837 1660 4882 ut
1686 4842 1792 4884 non

199 4932 374 4988 “dum
409 4926 753 4990 hominibvs,
781 4923 878 4980 sed
913 4933 970 4980 et
993 4920 1249 4992 iumentis
1273 4921 1430 4976 detur
1448 4960 1463 4985 ,
1490 4936 1608 4990 qua:
1636 4919 1793 4976 datur

199 5022 540 5088 hminibus,
573 5020 672 5074 ista
697 5015 930 5074 carnalis
957 5024 1012 5070 et
1041 5012 1348 5084 temporalis
1377 5013 1540 5068 salus.

264 5116 356 5177 li.
399 5115 544 5186 Ergo
583 5111 830 5170 homines
868 5124 976 5164 non
1007 5106 1211 5162 habent
1231 5103 1431 5175 aliquid
1459 5103 1598 5174 apud
1627 5105 1792 5162 Deum

195 5221 513 5282 W9
543 5205 686 5278 (1³οά
712 5205 952 5275 ὗυιηϐειιι
983 5216 1090 5262 non
1125 5209 1429 5258 mercantur
1449 5238 1462 5262 ,
1493 5207 1549 5252 et
1575 5213 1681 5268 quo
1701 5199 1794 5268 in.

195 5313 376 5360 Ine-ta
391 5317 508 5358 non
531 5296 883 5369 perveniant?
905 5294 1112 5356 Habent
1136 5293 1314 5364 plane.
1343 5291 1410 5345 Et
1431 5291 1519 5346 ubi
1546 5299 1628 5346 est
1651 5290 1793 5360 quod

197 5395 432 5454 habent?
475 5390 606 5450 Filii
636 5401 802 5446 autem
825 5388 1089 5442 hominum
1105 5384 1197 5439 sub
1219 5383 1433 5454 tegmine
1451 5383 1652 5437 alarum
1677 5393 1794 5444 tuas-

256 5579 295 5646 ί-
313 5574 548 5646 Plerique
579 5576 710 5646 Mss,
737 5567 969 5646 quomodo
991 5562 1190 5646 quisque
1213 5559 1470 5646 pervenit?
1493 5563 1635 5646 “(inde
1657 5559 1797 5646 fin;

195 5640 328 5691 dicia
367 5626 477 5695 Dei,
505 5642 603 5685 etc.
632 5626 706 5695 lit
749 5626 920 5695 postea
950 5626 1165 5695 nonnulli
1203 5631 1570 5695 prosequuntur
1609 5626 1796 5695 :‘Sicut

191 5684 732 5767 manias—judicia
750 5684 868 5767 "hei;
893 5690 972 5767 qui
998 5702 1082 5753 per
1103 5684 1517 5767 gJ-aliwnjll'sius‘
1533 5684 1664 5767 lium.
1689 5699 1795 5757 mg-

191 5749 407 5830 si”
637 5755 790 5820 ipsius
809 5749 931 5820 ﬁunt
951 5749 1005 5807 in
1025 5749 1283 5818 pro'fwtdo,
1307 5749 1423 5814 quia
1442 5755 1724 5814 merguntur
1742 5749 1797 5801 in

256 5889 334 5947 tu)
359 5893 520 5954 Forte.

1295 342 1696 412 ENARBATIO
1734 341 1799 402 IN
1826 341 2154 410 PSALMUM
2190 346 2407 404 XXXV.

3378 364 3487 435 350

1899 477 2010 514 rum
2039 462 2325 532 sperabunt.
2361 464 2608 524 Attendat
2633 467 2882 530 Charitas
2902 472 3090 542 Vestra
3119 475 3484 542 dulcissimam

1899 556 2214 612 sententiam
2249 575 2260 610 :
2296 556 2539 612 Homines
2585 570 2632 614 et
2668 561 2903 634 jumenta
2943 567 3108 628 salvos
3152 570 3328 642 facies.
3366 574 3486 632 Jam

1899 646 2031 704 dixit
2054 649 2278 706 homines
2299 662 2343 704 et
2356 653 2610 722 ⁸ῑιιηιεηια,
2633 653 2823 711 deinde
2845 669 3043 728 autem,
3066 663 3163 732 [illi
3187 659 3486 726 hominum:

1901 743 2048 812 quasi
2075 744 2160 798 alii
2186 744 2290 798 sint
2313 744 2576 812 homines,
2609 749 2695 803 alii
2725 760 2901 808 autem
2931 753 3021 808 ﬁlii
3051 756 3342 816 hominum.
3374 763 3490 819 Al:-

1901 835 2115 905 quando
2145 837 2194 891 in
2222 837 2510 911 Scripturis
2546 842 2635 896 lilii
2670 842 2942 900 hominum
2982 847 3230 905 dicuntur
3265 868 3491 924 genera-

1902 926 2024 994 liter
2062 929 2340 998 homines,
2385 933 2668 1006 aliquando
2699 939 2911 1010 proprie
2949 943 3179 1012 quodam
3217 946 3374 1002 modo
3403 948 3489 1004 di-

1901 1031 2093 1077 Cuntur
2120 1023 2209 1078 lilii
2244 1025 2537 1094 hominum,
2571 1034 2779 1104 propria
2820 1035 3046 1103 quadam
3078 1037 3486 1110 signiﬁcatimie,

1902 1124 1960 1204 ut
1983 1132 2083 1169 non
2112 1135 2297 1174 «utines
2324 1119 2566 1175 homines
2595 1124 2956 1198 intelligantur
2983 1147 2995 1184 :
3024 1131 3252 1194 maxime
3278 1135 3491 1204 quando

1905 1203 2062 1261 habet
2089 1207 2503 1268 distinctionem.
2532 1214 2645 1270 Non
2671 1217 2810 1272 enim
2837 1220 2951 1276 sine
2977 1236 3136 1282 causa
3163 1224 3230 1284 ibi
3258 1228 3488 1296 positum

1904 1309 1981 1351 est
2003 1341 2016 1364 ,
2049 1298 2291 1356 Homines
2332 1313 2379 1358 et
2410 1307 2642 1375 jumcnta
2683 1311 2846 1366 salvos
2889 1314 3076 1383 facies,
3105 1313 3325 1374 Domine
3348 1335 3368 1374 :
3395 1321 3491 1390 ﬁlii

1903 1400 2069 1445 autem
2108 1394 2366 1450 hominum
2393 1415 2412 1452 :
2442 1401 2589 1471 quasi
2621 1402 2703 1458 bis
2732 1408 3106 1475 sequestratis,
3140 1412 3372 1467 custodit
3401 1428 3490 1470 se-

1899 1483 2112 1554 junctos
2163 1489 2300 1544 ﬁlios
2352 1492 2645 1547 hominum.
2697 1495 2976 1565 Seiuncms
3021 1516 3052 1556 a
3094 1501 3328 1572 quibus?
3371 1504 3490 1564 Non

1903 1579 2072 1632 solum
2105 1596 2133 1634 a
2165 1580 2421 1652 iumentis
2442 1627 2456 1653 ,
2487 1587 2580 1654 sed
2612 1588 2754 1644 etab
2779 1589 3112 1660 hominibus,
3140 1595 3229 1665 qui
3264 1596 3491 1654 salutem

1899 1671 2260 1740 iumentorum
2302 1689 2548 1748 qmeruut
2574 1697 2602 1734 a
2633 1681 2768 1749 Deo,
2803 1692 2856 1738 et
2887 1700 2982 1754 pro
3009 1702 3198 1758 magno
3222 1687 3325 1744 hoc
3351 1689 3493 1746 desi-

1904 1763 2110 1818 derant.
2138 1766 2234 1835 Qui
2260 1780 2381 1822 sunt
2405 1786 2530 1856 ergo
2561 1771 2650 1826 lilii
2681 1774 2991 1829 hominum?
3016 1777 3112 1847 Qui
3135 1781 3236 1836 sub
3263 1783 3494 1854 tegmine

1905 1856 2106 1912 alarum
2139 1859 2251 1930 eius
2279 1873 2514 1933 sperant.
2543 1863 2619 1918 llli
2653 1866 2793 1920 enim
2823 1866 3065 1924 homines
3091 1885 3212 1926 cum
3235 1872 3493 1942 iumentis

1904 1951 2135 2020 gaudent
2165 1955 2214 2007 in
2244 1971 2331 2021 re,
2367 1956 2456 2010 lilii
2489 1967 2662 2012 autem
2701 1958 2974 2016 hominum
3014 1963 3246 2032 gaudent
3275 1965 3325 2020 in
3352 1963 3490 2036 spe‘:

1906 2041 1976 2096 illi
2007 2047 2286 2113 prarsentia
2313 2046 2450 2102 bona
2473 2058 2744 2106 sectantur
2766 2066 2883 2105 cum
2905 2053 3180 2123 iumentis,
3206 2057 3293 2114 isti
3319 2057 3492 2114 lutura

1904 2133 2039 2189 bona
2085 2148 2301 2206 Spt‘l'alll
2339 2155 2459 2196 cum
2499 2143 2732 2213 Angelis.
2772 2143 2944 2212 Quare
2975 2161 3102 2217 ergo
3140 2163 3260 2202 cum
3302 2149 3494 2208 distin-

1905 2227 2078 2282 ctione
2111 2231 2179 2283 illi
2208 2244 2464 2286 vocantur
2493 2232 2758 2301 homines,
2793 2246 2844 2290 et
2875 2237 2960 2291 isti
2991 2250 3245 2294 vocantur
3275 2241 3369 2298 lilii
3399 2242 3498 2298 ho-

1905 2319 2145 2374 minum?
2174 2321 2304 2376 Nam
2331 2333 2384 2377 ct
2409 2324 2637 2393 quodam
2671 2327 2787 2382 loco
2814 2329 2892 2384 sic
2915 2330 2987 2384 ait
3013 2329 3281 2402 Scriptura
3313 2353 3327 2390 :
3359 2333 3498 2402 Quid

1905 2423 1977 2465 est
2009 2413 2156 2466 homo
2197 2415 2332 2486 quod
2371 2434 2561 2471 memor
2589 2436 2640 2472 es
2670 2420 2807 2490 ejus,
2841 2431 2928 2473 aut
2958 2422 3095 2490 ﬁlius
3123 2422 3340 2479 hominis
3366 2442 3495 2496 quo-

1906 2507 2040 2558 niam
2069 2507 2238 2561 visitus
2268 2525 2380 2562 cum
2425 2508 2593 2582 (Psal.
2619 2527 2706 2564 vin
2729 2554 2742 2578 ,
2770 2510 2863 2583 5)?
2891 2513 3025 2582 Quid
3057 2523 3138 2570 est
3169 2516 3327 2572 homo
3353 2516 3496 2589 quod

1905 2615 2110 2654 memor
2136 2617 2192 2654 cs
2220 2602 2372 2670 eius?
2399 2601 2600 2659 Memor
2622 2605 2736 2673 eius
2757 2621 2837 2671 es,
2862 2607 3011 2676 quasi
3033 2609 3303 2674 absentis;
3329 2610 3496 2667 lilium

1905 2703 2080 2745 autem
2123 2691 2352 2746 hominis
2391 2693 2574 2754 visitas
2605 2706 2943 2765 pra-sentem.
2978 2700 3113 2766 Quid
3144 2709 3256 2770 est,
3286 2718 3495 2760 memor

1903 2801 1962 2839 es
1986 2786 2250 2840 hominis?
2278 2787 2521 2842 Homines
2542 2800 2585 2842 et
2603 2801 2835 2860 iumenta
2857 2792 3021 2846 salvos
3045 2796 3216 2864 facies,
3244 2794 3494 2852 Domine:

1904 2879 2024 2948 quia
2057 2887 2109 2932 et
2135 2879 2263 2948 ipsis
2295 2881 2447 2935 malis
2482 2879 2577 2935 das
2612 2883 2868 2950 salutem,
2901 2893 2950 2938 et
2977 2885 3105 2954 ipsis
3140 2887 3228 2956 qui
3260 2904 3362 2942 non
3395 2888 3493 2944 de-

1904 2970 2140 3024 siderant
2167 2987 2385 3040 regnum
2418 2972 2696 3028 caelorum.
2731 2973 2930 3030 Tuctur
2955 2977 3096 3030 enim
3127 2978 3272 3046 illos,
3307 2989 3358 3034 et
3387 2994 3492 3039 non

1905 3063 2022 3119 illos
2050 3064 2248 3122 deserit
2271 3066 2563 3120 secundum
2592 3067 2803 3122 modum
2828 3085 3002 3134 Slllllll,
3029 3080 3277 3142 tauquam
3301 3088 3492 3142 pecora

1902 3169 1992 3208 sua
2025 3173 2035 3209 :
2067 3164 2120 3210 et
2149 3171 2254 3210 non
2298 3156 2418 3210 illos
2444 3156 2673 3224 deserit;
2707 3168 2881 3215 tamen
2913 3169 3160 3230 tanquam
3191 3163 3492 3221 absentium

1901 3262 2108 3301 memor
2135 3256 2235 3302 est.
2268 3249 2334 3301 At
2363 3264 2491 3303 vero
2519 3266 2674 3319 quem
2708 3251 2907 3319 visitat,
2942 3252 3078 3306 lilius
3111 3255 3342 3310 hominis
3371 3265 3489 3324 est;

1901 3347 1955 3392 et
1980 3337 2171 3392 dicitur
2195 3339 2244 3392 ci
2269 3357 2282 3393 :
2312 3337 2435 3392 Filii
2459 3350 2622 3394 autem
2652 3344 2909 3397 hominum
2937 3344 3027 3398 sub
3055 3348 3268 3418 tegmine
3294 3349 3493 3405 alarum

1903 3440 2104 3484 tuarum
2135 3432 2422 3500 sperabunt.
2453 3432 2520 3486 Et
2546 3433 2589 3486 si
2616 3434 2775 3488 vultis
2805 3435 3117 3494 discernere
3145 3439 3242 3494 ista
3274 3441 3378 3496 duo
3401 3457 3494 3513 ge-

1901 3540 2027 3578 nera
2057 3523 2353 3591 hominum,
2383 3525 2514 3579 duos
2543 3525 2788 3582 homines
2821 3529 2989 3599 primo
3016 3532 3290 3598 attendite,
3318 3535 3490 3591 Adam

1901 3628 1953 3672 et
1991 3616 2281 3672 Christum.
2316 3619 2451 3673 Audi
2493 3619 2805 3689 Apostolum
2849 3640 2864 3677 :
2908 3621 3052 3677 Sicut
3082 3626 3214 3680 cnim
3244 3626 3296 3680 in
3325 3627 3490 3682 Adam

1902 3728 2070 3766 omnes
2102 3713 2401 3780 moriuntur,
2433 3714 2504 3784 sic
2532 3723 2575 3766 ct
2601 3714 2652 3767 in
2679 3712 2878 3774 Christo
2909 3733 3076 3778 omnes
3105 3719 3492 3788 viviﬁcabuntur

1903 3803 1944 3874 (1
1967 3803 2084 3859 Cor.
2113 3821 2202 3869 xv,
2226 3803 2342 3876 2'2).
2367 3803 2646 3877 Nascimur
2668 3805 2733 3861 de
2755 3807 2945 3873 Adam,
2975 3817 3030 3862 ut
3053 3811 3343 3866 moriamur
3369 3831 3381 3866 :
3405 3828 3493 3870 re—

1899 3897 2166 3969 surgimus
2189 3897 2204 3928 ¹
2233 3915 2324 3968 per
2349 3896 2641 3968 Christum,
2668 3909 2721 3952 ut
2751 3916 2962 3970 semper
2987 3902 3244 3958 vivamus.
3268 3904 3492 3975 Quando

1901 4001 2175 4062 portamus
2197 3993 2478 4065 imaginem
2503 3995 2698 4049 terreni
2725 3995 2976 4064 hominis,
3001 3997 3245 4056 homines
3267 3975 3487 4058 smnus:

1900 4084 2112 4156 quando
2158 4094 2431 4156 portamus
2481 4087 2762 4158 imaginem
2810 4090 3044 4145 cmlestis
3090 4093 3356 4161 hominis,
3394 4094 3492 4154 lilii

1902 4176 2173 4232 hominum
2201 4193 2416 4243 smnus;
2449 4179 2570 4248 quia
2593 4179 2836 4234 Christus
2866 4181 3032 4248 Filius
3059 4182 3291 4239 hominis
3316 4187 3492 4245 dictus

1902 4278 1982 4324 est
2015 4267 2224 4341 (Matth.
2257 4285 2383 4336 vui,
2411 4268 2515 4336 20,
2546 4269 2695 4343 etc.).
2730 4271 2936 4328 Etenim
2967 4273 3133 4328 Adam
3161 4274 3323 4331 homo
3351 4290 3487 4349 erat,

1901 4362 1993 4417 sed
2041 4362 2181 4416 ﬁlius
2227 4361 2458 4418 hominis
2498 4377 2603 4417 non
2650 4373 2765 4418 erat
2798 4383 2811 4417 :
2845 4364 2966 4419 ideo
3012 4367 3084 4420 illi
3125 4369 3392 4438 pertinent
3421 4371 3492 4427 ad

1901 4453 2068 4510 Adam
2096 4455 2181 4524 qui
2213 4454 2516 4508 desiderant
2542 4455 2772 4508 carnalia
2804 4456 2960 4522 bona,
2995 4467 3046 4512 ct
3077 4459 3299 4514 salutem
3332 4463 3488 4518 istam

1902 4548 2267 4619 temporalem.
2299 4547 2582 4602 llortamur
2608 4548 2728 4602 illos
2751 4558 2809 4603 ut
2833 4548 2921 4603 lilii
2949 4550 3054 4604 sint
3079 4550 3373 4619 hominum,
3398 4556 3489 4626 qui

1899 4641 2000 4694 sub
2029 4640 2259 4712 tegmine
2301 4640 2502 4693 alarum
2550 4640 2665 4708 ejus
2707 4650 2954 4710 sperent,
2987 4652 3038 4696 et
3069 4643 3488 4706 misericordiam

1901 4732 2046 4787 illam
2077 4732 2405 4796 desiderent,
2436 4747 2553 4802 qua:
2586 4732 2634 4787 in
2665 4733 2800 4788 cado
2830 4743 2930 4810 est,
2962 4743 3013 4788 et
3042 4752 3158 4808 quae
3182 4739 3481 4799 annuntiat:

1901 4832 1982 4880 est
2015 4840 2107 4892 per
2135 4822 2321 4878 nubes.
2353 4822 2456 4878 Sed
2489 4824 2532 4876 si
2561 4839 2663 4878 non
2696 4833 2918 4896 possunt
2943 4826 3135 4892 adhuc,
3167 4828 3375 4900 interim
3409 4831 3481 4891 vel

1902 4918 2211 4986 temporalia
2232 4917 2365 4971 bona
2393 4931 2499 4972 non
2528 4917 2848 4982 desiderent,
2876 4919 2973 4973 nisi
3005 4920 3070 4975 ab
3099 4938 3204 4976 uno
3234 4923 3341 4978 Deo
3366 4941 3381 4979 :
3413 4925 3483 4983 sic

1899 5020 1954 5066 et
1983 5012 2035 5066 in
2058 5010 2237 5066 Veteri
2258 5009 2600 5065 Testamento
2625 5010 2858 5064 serviant
2878 5010 2921 5080 ',
2951 5019 3009 5065 ut
3040 5011 3104 5068 ad
3131 5013 3334 5069 Novum
3366 5031 3484 5087 per-

1899 5108 2133 5162 veniant.

1975 5199 2058 5253 l3.
2102 5196 2230 5252 Nam
2259 5205 2308 5250 et
2341 5195 2570 5266 populus
2600 5193 2685 5250 ille
2712 5201 2922 5252 terrena
2952 5197 3087 5254 bona
3120 5198 3478 5270 desideravit,

1901 5303 1953 5346 et
1980 5304 2199 5360 regnum
2227 5287 2558 5351 Jerusalem,
2588 5287 2969 5358 subiectionem
2994 5291 3324 5346 inimicorum
3366 5307 3476 5346 suo-

1902 5400 2017 5440 rum
2039 5423 2054 5448 ,
2083 5380 2456 5436 abundantiam
2485 5379 2747 5435 fructuum
2766 5423 2782 5449 ,
2813 5383 3038 5438 salutem
3071 5383 3334 5454 propriam
3353 5424 3367 5449 ,
3400 5400 3487 5441 sa-

1905 5479 2062 5532 lutem
2097 5477 2322 5528 liliurum
2355 5491 2591 5530 suorum.
2640 5475 2780 5531 Talia
2824 5476 3225 5544 desiderabant,
3267 5488 3320 5533 et
3363 5479 3488 5535 talia

1901 5567 2254 5638 accipiebant,
2286 5569 2383 5623 sub
2414 5568 2554 5640 Lege
2574 5567 2592 5600 ³
2619 5569 3072 5627 custodiebantur.
3104 5569 3481 5630 Desiderabanl

1967 5687 1983 5717 ι
2019 5685 2090 5733 sic
2114 5691 2219 5731 \lss.
2245 5690 2298 5732 At
2319 5682 2448 5742 Fdd.,
2475 5695 2791 5745 resurgcmtts.

1965 5749 1984 5818 ξ
2023 5746 2206 5816 Aliquot
2229 5753 2355 5818 sise,
2380 5745 2450 5796 sic
2466 5753 2516 5818 et
2549 5744 2703 5794 reteri
2726 5751 3008 5796 Terttunento
3029 5746 3255 5798 serviunt.
3286 5747 3390 5811 Alii,
3419 5747 3489 5801 sic

1902 5817 1948 5864 et
1966 5815 2016 5859 in
2041 5815 2192 5858 Veteri
2217 5816 2272 5858 Te
2284 5815 2504 5858 damento
2521 5817 2788 5858 servantur.

1970 5873 1993 5905 ³
2023 5872 2174 5922 Nostri
2200 5884 2370 5922 omnes
2402 5878 2506 5921 Mss.
2531 5871 2772 5937 omittunt,
2791 5868 2881 5918 sub
2905 5869 3024 5937 lege.

2201 6030 2312 6045 ’.ιρι-ιον
2381 6035 2407 6047 υ,
2425 6042 2445 6051 Α
