4042 6476
568 379 665 442 351

568 509 598 551 a
631 497 744 553 Deo
769 495 939 562 bona,
968 512 1088 568 qua:
1112 495 1203 552 dat
1227 507 1279 554 et
1313 495 1598 570 jumentis,
1631 500 1752 571 quia
1799 499 2034 556 nondum
2071 499 2138 556 ad

567 588 687 645 illos
706 600 923 651 venerat
948 588 1114 646 Filius
1134 591 1389 657 hominis,
1418 602 1476 646 ut
1497 602 1675 648 essent
1698 591 1817 647 Filii
1838 592 2148 649 hominum:

568 691 745 738 tamen
779 682 887 752 jam
925 682 1193 739 habebant
1231 685 1400 741 nubes
1428 685 1799 741 annuntiantes
1825 684 2018 741 Filium
2046 683 2150 742 ho-

566 775 747 830 minis.
801 775 1072 831 Venerunt
1109 774 1177 831 ad
1222 777 1342 831 illos
1368 777 1669 847 Prophetze,
1702 780 2152 834 annuntiaverunt

568 866 836 923 Christum
861 885 874 921 :
898 877 953 923 et
992 877 1146 923 erant
1180 868 1249 923 ibi
1290 869 1503 939 quidam
1529 869 1618 940 qui
1659 870 2054 941 intelligebant,
2095 879 2151 927 et

568 974 719 1030 spem
742 957 969 1014 futuram
992 960 1286 1027 habebant,
1310 968 1367 1015 ut
1386 961 1688 1031 acciperent
1708 961 2146 1031 misericordiam,

568 1068 689 1123 qua:
718 1052 770 1107 in
801 1053 938 1109 casio
962 1062 1063 1109 est.
1094 1054 1260 1108 Erant
1284 1054 1354 1108 ibi
1382 1055 1470 1124 qui
1500 1056 1711 1111 nonnisi
1737 1056 1966 1111 carnalia
1998 1054 2149 1111 desi-

568 1144 819 1200 derarent
842 1152 895 1200 et
925 1154 1189 1201 terrenam
1207 1161 1269 1201 ac
1295 1147 1643 1217 temporalem
1664 1147 1997 1203 felicitatem.
2015 1146 2149 1217 Ipsis

570 1235 884 1293 labebantur
930 1238 1093 1309 pedes
1140 1238 1205 1294 ad
1254 1237 1493 1293 facienda
1537 1238 1620 1295 vel
1664 1239 1932 1293 adoranda
1982 1237 2143 1294 idola.

570 1330 795 1399 Quando
836 1333 975 1388 enim
1016 1332 1136 1388 illos
1162 1332 1510 1396 admonebat,
1539 1341 1593 1389 et
1633 1332 1933 1403 ﬂagellabat
1969 1331 2022 1386 in
2067 1330 2151 1388 his

568 1424 815 1480 omnibus
851 1425 1044 1496 quibus
1072 1425 1503 1488 delectabantur,
1532 1432 1589 1479 et
1623 1422 1898 1479 auferebat
1929 1439 1989 1478 ea
2008 1465 2023 1490 ,
2052 1437 2149 1493 pa-

568 1516 834 1573 tiebantur
874 1516 1067 1572 famem
1099 1560 1115 1581 ,
1162 1516 1300 1573 bella
1323 1560 1338 1584 ,
1387 1517 1719 1586 pestilentias
1741 1558 1755 1582 ,
1791 1515 2009 1572 morbos
2038 1556 2052 1581 ,
2097 1524 2151 1570 et

566 1609 1014 1666 convertebantur
1040 1608 1105 1664 ad
1148 1608 1308 1664 idola.
1332 1608 1478 1664 Talia
1506 1609 1643 1665 bona
1682 1624 1802 1677 quae
1832 1622 1930 1678 pro
1958 1621 2149 1678 magno

567 1718 596 1757 a
630 1703 739 1757 Deo
768 1703 1071 1757 desiderare
1107 1701 1368 1757 debebant
1390 1743 1405 1769 ,
1437 1700 1504 1755 ab
1542 1701 1697 1755 idolis
1737 1698 2145 1767 desiderabant,

566 1805 621 1851 et
667 1794 1004 1851 dimittebant
1046 1796 1233 1850 Deum.
1264 1792 1790 1849 Attendebante'nim
1836 1793 1948 1862 ipsa
1986 1790 2145 1858 bona,

566 1903 683 1957 qua:
713 1888 1039 1958 quaerebant,
1063 1887 1334 1942 abundare
1363 1887 1542 1957 impiis
1568 1896 1622 1941 et
1650 1887 1944 1951 sceleratis,
1972 1894 2025 1942 et
2056 1902 2151 1956 pu-

566 1980 749 2036 tabant
776 1996 835 2037 se
857 1980 1051 2036 frustra
1076 1981 1238 2036 Deum
1260 1981 1459 2045 colere,
1498 1980 1620 2050 quia
1636 1994 1741 2035 non
1762 1978 1923 2034 dabat
1942 1993 2148 2035 merce-

563 2074 685 2131 dem
714 2082 997 2130 terrenam.
1026 2074 1072 2129 0
1095 2074 1257 2128 homo
1281 2075 1294 2129 ι
1327 2073 1603 2144 operarius
1630 2087 1690 2128 es
1715 2072 1838 2136 Dei;
1868 2080 2050 2143 postea
2067 2080 2150 2127 est

565 2174 776 2238 tempus
801 2166 1097 2222 mercedem
1127 2165 1420 2236 accipiendi
1451 2182 1464 2218 :
1488 2163 1612 2235 quid
1632 2164 1741 2233 jam
1769 2163 1972 2233 ﬂagitas
2001 2176 2147 2219 mer-

564 2261 752 2318 cedem
777 2270 1059 2333 antequam
1106 2259 1386 2330 opereris?
1417 2258 1474 2313 Si
1515 2258 1721 2313 venerit
1767 2257 2043 2328 operarius
2080 2255 2147 2312 ad

564 2354 779 2410 domum
822 2363 985 2420 tuam,
1013 2351 1267 2423 numquid
1312 2351 1463 2406 dabis
1507 2348 1807 2406 mercedem
1855 2357 1999 2417 ante,
2045 2348 2147 2404 nisi

522 2502 527 2506 .
564 2446 847 2515 perfecerit
873 2462 1034 2516 opera
1061 2461 1156 2500 sua
1179 2444 1204 2499 ἲ
1233 2443 1362 2499 Nam
1386 2457 1699 2514 perversum
1728 2457 1850 2497 eum
1875 2441 2147 2497 existima-

561 2539 665 2606 bis,
684 2540 727 2594 si
749 2539 943 2594 dixerit
964 2557 978 2592 :
1000 2536 1153 2593 Prius
1173 2536 1427 2605 accipiam
1449 2534 1771 2600 mercedem,
1795 2543 1848 2589 et
1874 2542 1997 2588 tunc
2017 2546 2146 2602 ope-

561 2634 738 2687 rabor.
762 2631 1029 2686 Irasceris.
1053 2630 1225 2699 Quare
1245 2637 1423 2685 autem
1457 2627 1747 2684 irasceris?
1770 2627 1903 2695 Quia
1924 2640 2029 2682 non
2052 2624 2147 2679 ha-

559 2723 674 2780 buit
702 2724 859 2780 fidem
896 2725 1095 2779 homini
1125 2722 1388 2779 mendaci.
1420 2722 1701 2790 Quomodo
1723 2720 1863 2777 Deus
1891 2736 1997 2776 non
2039 2722 2146 2775 ira-

560 2827 758 2887 scetur,
790 2835 909 2873 cum
941 2828 994 2874 tu
1017 2819 1170 2873 fidem
1200 2835 1304 2873 non
1333 2818 1535 2873 habeas
1570 2815 1669 2886 ipsi
1698 2813 1942 2869 veritati?
1988 2813 2140 2882 Quod

560 2911 650 2966 tibi
681 2912 941 2982 promisit,
969 2912 1192 2967 daturus
1210 2921 1292 2966 est
1316 2928 1330 2964 :
1361 2926 1466 2964 non
1495 2907 1641 2973 fallit,
1690 2907 1810 2977 quia
1844 2905 2042 2961 veritas
2062 2912 2146 2959 est

557 3005 649 3074 qui
696 3005 955 3075 promisit.
1007 3005 1110 3059 Sed
1157 3006 1315 3058 times
1345 3018 1411 3057 ne
1456 3001 1591 3056 forte
1630 2998 1974 3077 nonhabeat
1999 2996 2141 3067 quod

556 3094 688 3150 det?
712 3096 1061 3165 Omnipotens
1085 3105 1186 3150 est.
1209 3094 1325 3148 Noli
1354 3093 1562 3156 timere,
1589 3106 1657 3145 ne
1684 3105 1789 3145 non
1817 3088 1987 3160 sitqui
2010 3089 2098 3144 det
2123 3105 2138 3155 ;

556 3185 871 3241 immortalis
899 3197 1000 3242 est.
1027 3187 1142 3242 Non
1168 3187 1374 3250 timeas,
1398 3200 1467 3239 ne
1487 3181 1804 3239 succedatur
1828 3182 1876 3237 ei
1901 3197 1916 3247 ;
1951 3197 2143 3252 perpe-

557 3298 677 3343 tuus
697 3295 783 3343 est
809 3307 822 3342 :
847 3302 1068 3344 securus
1086 3296 1222 3343 esto.
1245 3286 1301 3341 Si
1327 3285 1408 3339 vis
1429 3286 1481 3337 in
1509 3291 1563 3338 te
1583 3296 1907 3353 praesumere
1925 3287 2031 3334 tota
2054 3279 2141 3336 dic

553 3381 854 3452 operarium
883 3390 1052 3445 tuum,
1084 3379 1243 3436 crede
1275 3386 1329 3434 et
1358 3386 1411 3431 tu
1435 3377 1548 3432 Deo
1576 3382 1683 3430 tota
1716 3374 1822 3428 vita
1859 3381 1947 3427 tua
1975 3390 1990 3439 ;
2017 3371 2137 3442 quia

552 3475 659 3529 vita
683 3485 768 3529 tua
813 3482 1138 3529 momentum
1169 3470 1422 3541 temporis
1442 3466 1619 3524 estad
1654 3465 1844 3520 Deum.
1895 3463 1962 3519 Et
2005 3462 2134 3531 eris,

551 3566 715 3639 quid?
744 3566 871 3621 Filii
895 3577 1062 3621 autem
1087 3566 1340 3620 hominum
1369 3562 1388 3595 ί
1414 3561 1507 3616 sub
1538 3560 1753 3631 tegmine
1777 3557 1977 3613 alarum
2016 3565 2132 3611 tua-

549 3676 664 3713 rum
683 3657 971 3730 sperabunt.

635 3752 723 3805 H.
765 3748 941 3823 [νει-ε.
983 3747 1036 3803 9.
1072 3746 1096 3821 ]
1133 3743 1523 3800 lnebriabuntur
1568 3740 1631 3795 ab
1670 3739 1894 3795 ubertate
1956 3738 2135 3793 domus

474 3838 497 3857 ⁸
522 3830 529 3833 “
551 3853 671 3899 tute.
702 3843 892 3899 Nescio
925 3841 1050 3914 quid
1075 3840 1228 3895 nobis
1255 3851 1504 3907 magnum
1533 3834 1814 3905 promittit.
1837 3832 1963 3887 Vult
2002 3830 2134 3887 illud

550 3936 748 3997 dicere,
785 3946 839 3989 et
867 3951 970 3988 non
1001 3933 1127 3987 dicit
1162 3950 1174 3986 :
1207 3946 1311 3984 non
1353 3935 1548 4000 potest,
1579 3943 1647 3981 an
1676 3942 1773 3981 nos
1800 3927 1822 3958 ’
1850 3941 1953 3980 non
1983 3923 2133 3996 capi-

548 4026 700 4082 mus?
728 4024 910 4079 Audeo
934 4023 1133 4084 dicere,
1163 4020 1353 4076 fratres
1382 4019 1505 4084 mei,
1538 4018 1699 4074 etiam
1721 4016 1788 4071 de
1813 4015 2013 4071 sanctis
2033 4015 2133 4069 lin-

547 4119 664 4189 guis
684 4127 736 4174 et
756 4116 1024 4181 cordibus,
1056 4130 1154 4185 per
1180 4128 1310 4184 quas
1341 4111 1492 4167 nobis
1520 4110 1715 4165 veritas
1755 4108 1989 4163 nuntiata
2026 4118 2128 4175 est,

548 4228 648 4267 nec
674 4211 776 4266 dici
807 4217 979 4280 potest
1005 4207 1145 4280 quod
1172 4206 1578 4271 annuntiahant,
1620 4218 1719 4258 nec
1746 4201 1989 4273 cogitari.
2023 4200 2130 4257 Res

545 4303 686 4359 enim
714 4317 898 4373 magna
926 4308 1010 4356 est
1035 4307 1090 4354 et
1111 4297 1391 4353 ineffabilia
1410 4315 1424 4350 :
1443 4306 1494 4350 et
1517 4294 1612 4365 ipsi
1630 4310 1692 4350 ev
1725 4301 1871 4363 parte
1890 4292 1942 4347 in
1965 4292 2133 4362 :enig-

544 4404 684 4451 mate
726 4392 992 4459 viderunt,
1034 4390 1169 4446 sicut
1192 4389 1321 4445 dicit
1346 4386 1676 4458 Apostolus:
1720 4383 1959 4439 Videmus
1997 4401 2130 4438 nunc

542 4506 606 4545 ea:
635 4497 777 4559 parte
800 4488 852 4541 in
875 4485 1160 4557 tenigmate,
1179 4491 1298 4537 tunc
1324 4489 1487 4535 autem
1504 4478 1634 4549 facie
1646 4477 1714 4531 ad
1739 4477 1919 4546 faciem
1935 4475 1954 4545 (
1973 4475 1989 4529 l
2006 4473 2124 4530 Cor.

543 4600 657 4653 xm,
690 4580 798 4653 li).
825 4579 968 4634 Ecce
993 4579 1046 4633 in
1082 4577 1360 4646 :enigmate
1399 4575 1638 4628 videntes
1676 4570 1755 4624 sic
1795 4566 2123 4624 eructabant.

542 4675 735 4743 Quales
751 4675 973 4739 erimus,
989 4686 1110 4726 cum
1123 4668 1409 4724 viderimus
1424 4665 1558 4720 facie
1582 4663 1647 4719 ad
1663 4664 1845 4718 faciem
1864 4660 2006 4732 quod
2027 4661 2126 4731 ipsi

542 4765 909 4840 parturiebant
941 4763 1122 4830 corde,
1151 4772 1205 4817 et
1232 4761 1409 4830 lingua
1437 4773 1623 4830 parere
1655 4771 1761 4811 non
1790 4763 2036 4827 poterant
2071 4763 2129 4811 ut

542 4867 795 4929 caperent
842 4854 1131 4912 homines?
1189 4853 1320 4922 Qum
1359 4849 1499 4906 enim
1542 4847 1831 4904 neCessitas
1868 4846 2040 4901 fuerat
2072 4857 2130 4901 ut

542 4951 786 5007 diceret:
832 4947 1221 5004 Inebriabuntur
1249 4943 1310 4998 ab
1337 4941 1559 4997 ubertate
1583 4940 1763 4994 domus
1813 4948 1912 4992 tua:
1930 4939 1956 4993 ?
1974 4937 2130 5006 Qua:-

541 5045 667 5102 sivit
690 5043 909 5099 verbum
932 5040 1071 5096 unde
1090 5040 1397 5111 loqueretur
1419 5035 1485 5092 de
1508 5034 1667 5090 rebus
1692 5033 1959 5100 humanis,
1985 5031 2127 5102 quod

541 5140 747 5193 diceret
764 5145 846 5192 :et
859 5136 980 5207 quia
993 5133 1122 5188 vidit
1147 5132 1391 5188 homines
1406 5127 1786 5201 ingurgitantes
1801 5141 1861 5182 se
1877 5125 1928 5180 in
1951 5125 2128 5182 ebrie-

542 5238 673 5296 tate,
695 5228 939 5299 accipere
962 5234 1137 5281 autem
1178 5224 1355 5279 vinum
1385 5219 1754 5286 immoderate,
1801 5226 1856 5273 ct
1893 5224 2125 5272 mentem

542 5324 805 5397 perdere;
843 5322 973 5377 vidit
998 5319 1123 5392 quid
1149 5319 1369 5384 diceret,
1401 5316 1522 5387 quia
1551 5329 1670 5369 cum
1714 5321 1929 5381 accepta
1972 5309 2129 5366 fuerit

542 5419 631 5474 illa
676 5415 956 5473 ineffabilis
993 5413 1206 5477 Ῑιυιίιίει,
1263 5410 1401 5482 perit
1445 5406 1838 5478 quodammodo
1896 5403 2128 5458 humana

544 5528 715 5577 mens,
748 5521 802 5568 ct
844 5510 902 5564 lit
934 5508 1132 5573 divina,
1155 5515 1208 5562 et
1246 5504 1536 5561 inebriatur
1553 5500 1619 5555 ab
1656 5500 1896 5555 ubertate
1937 5497 2129 5553 domus

544 5603 661 5661 Dei.
696 5603 850 5661 Unde
877 5613 929 5659 et
966 5601 1018 5656 in
1067 5600 1170 5654 alio
1202 5598 1401 5668 psalmo
1444 5594 1637 5649 dicitur
1668 5612 1682 5647 :
1716 5592 1862 5647 Catia:
1881 5600 1994 5645 tuus
2020 5591 2127 5644 ine-

607 5719 625 5750 ¹
660 5724 763 5766 Duo
786 5724 909 5766 Mss:
937 5713 1008 5764 ad
1033 5721 1187 5762 Deum
1207 5708 1267 5759 sit
1289 5722 1397 5772 spes
1416 5714 1513 5769 tua,
1540 5711 1586 5757 et
1606 5704 1705 5757 eris
1741 5702 1872 5771 [ilius
1902 5701 2123 5754 hominis.

544 5777 659 5831 Filii
687 5784 845 5827 autem
866 5775 1126 5834 hominum,
1152 5781 1248 5834 etc.

608 5827 772 5890 (add.
795 5854 807 5889 :
828 5848 926 5899 Non
950 5827 1184 5899 potestati
1206 5832 1262 5899 id_
1286 5831 1501 5899 animus,
1524 5843 1620 5899 non
1659 5829 1890 5896 capimus.
1933 5827 2128 5878 Concin-

546 5906 653 5961 nior
674 5908 751 5957 est
765 5909 870 5955 Mss.
893 5894 1059 5966 lectio,
1086 5909 1229 5966 quam
1248 5895 1327 5948 hic
1345 5894 1660 5947 restituimus.

1460 6059 1523 6089 ,ές-ζ
1543 6076 1553 6089 ο
1571 6072 1643 6093 ..ρ-ιθ

1790 382 1846 443 S.
1888 376 2251 441 AUGUSTINI
2292 378 2598 442 EPISCOPI

2257 501 2428 557 brium
2461 521 2614 574 quam
2653 507 2925 576 prteclarus
2956 520 3029 566 est
3067 509 3250 584 (Psal.
3284 530 3414 585 χιιι,
3445 515 3555 590 5)!
3595 519 3709 578 Hoc
3720 523 3837 593 jam

2255 595 2419 651 calice
2457 596 2699 654 inebriati
2725 609 2878 656 erant
2906 601 3182 678 Martyres,
3199 607 3411 677 quando
3436 609 3506 666 ad
3533 614 3840 683 passione.

2254 697 2462 757 euntes,
2476 705 2602 747 suos
2617 707 2726 748 non
2737 695 3114 765 agnoscebant.
3134 697 3272 767 Quid
3296 708 3405 778 tam
3424 703 3652 773 ebrium.
3675 724 3838 779 quam

2255 795 2360 835 non
2381 796 2669 853 agnoscere
2698 802 2917 843 uxorem
2934 787 3169 871 flentem,
3205 808 3311 849 non
3334 795 3491 865 ﬁlios,
3508 814 3614 854 non
3643 816 3844 871 paren-

2252 872 2368 926 tes?
2406 871 2526 929 Non
2555 878 2931 947 agnoscebant,
2955 895 3059 936 non
3097 866 3192 938 eos
3234 894 3358 940 ante
3382 866 3706 949 oculosesse
3740 906 3837 949 ar-

2256 961 2603 1022 bitrabantur.
2655 967 2831 1025 Nolite
2873 971 3091 1040 mirari;
3138 973 3270 1030 ebrii
3301 988 3473 1033 erant.
3501 979 3657 1037 Unde
3699 982 3840 1040 ebrii

2254 1049 2440 1104 erant?
2455 1049 2642 1107 Videte
2657 1071 2671 1107 :
2685 1065 3002 1124 acceperunt
3018 1058 3238 1114 calicem
3269 1062 3408 1118 unde
3425 1063 3841 1125 inebriarentur.

2254 1139 2408 1197 Unde
2435 1150 2490 1197 et
2522 1143 2608 1200 ille
2627 1146 2823 1216 gratias
2852 1147 2960 1203 Deo
2986 1149 3112 1220 agit,
3151 1150 3334 1208 dicens
3362 1171 3376 1207 :
3408 1154 3543 1223 Quid
3564 1159 3842 1216 retribuam

2254 1232 2473 1288 Domino
2518 1253 2609 1305 pro
2664 1240 2894 1296 omnibus
2947 1256 3060 1310 qua:
3110 1244 3338 1300 retribuit
3379 1249 3504 1302 mihi
3542 1249 3565 1304 ἱ
3615 1248 3845 1309 Calicem

2252 1326 2489 1381 salutaris
2507 1330 2784 1400 accipiam,
2832 1341 2881 1387 et
2913 1350 3091 1389 nomen
3124 1334 3329 1392 Domini
3373 1340 3611 1395 invocabo
3650 1342 3839 1415 (Paul.

2253 1420 2493 1487 cxv,12,
2533 1421 2656 1495 15).
2699 1425 2870 1497 Ergo,
2916 1425 3143 1497 fratres,
3188 1429 3358 1489 simus
3398 1432 3492 1488 lilii
3535 1434 3840 1505 hominum,

2254 1521 2306 1565 ct
2343 1526 2619 1581 speremus
2673 1515 2775 1571 sub
2808 1519 3039 1589 tegmine
3079 1521 3280 1577 alarum
3321 1523 3456 1594 ejus,
3496 1534 3544 1580 et
3604 1527 3842 1586 inebrie-

2253 1616 2373 1655 mur
2396 1603 2463 1658 ab
2499 1604 2740 1662 ubertate
2784 1606 2975 1665 domus
3016 1611 3151 1682 ejus.
3206 1613 3484 1682 Quomodo
3524 1619 3671 1688 potui
3726 1620 3840 1678 dixi

2252 1705 2307 1752 et
2349 1700 2616 1769 quomodo
2672 1717 2887 1773 possum
2940 1704 3098 1761 video
3128 1748 3145 1773 ,
3202 1716 3256 1763 et
3310 1709 3578 1780 quomodo
3633 1712 3793 1769 video
3817 1756 3838 1784 ,

2253 1787 2432 1844 dicere
2472 1806 2579 1845 non
2643 1806 2879 1862 possum.
2926 1793 3317 1852 Inebriabuntur
3355 1798 3417 1853 ab
3468 1799 3691 1858 ubertate
3745 1805 3844 1860 do-

2251 1895 2364 1934 mus
2401 1890 2504 1935 tua:
2544 1898 2563 1936 :
2599 1892 2649 1936 et
2690 1892 2958 1939 torrentem
3006 1887 3025 1919 ¹
3054 1888 3326 1960 uoluptatis
3364 1899 3465 1946 tute
3502 1895 3696 1963 potabis
3727 1912 3837 1952 eos.

2254 1969 2488 2026 Torrens
2538 1972 2731 2029 dicitur
2764 1990 2900 2046 aqua
2942 1978 3162 2034 veniens
3201 1994 3323 2036 cum
3354 1982 3570 2054 impetu.
3603 1985 3841 2057 Impetus

2251 2061 2356 2115 erit
2415 2062 2791 2119 misericordia:
2841 2066 2975 2134 Dei,
3024 2067 3092 2123 ad
3137 2068 3435 2141 irrigandos
3461 2082 3516 2129 et
3562 2074 3840 2132 inebrian-

2251 2152 2348 2209 dos
2389 2155 2477 2225 qui
2517 2154 2678 2211 modo
2722 2166 2926 2227 ponunt
2998 2174 3147 2231 spem
3184 2158 3310 2219 'sub
3362 2163 3674 2222 umbraculo
3720 2169 3840 2225 ala-

2250 2264 2368 2303 rum
2394 2247 2529 2318 ejus.
2562 2247 2816 2319 Voluptas
2844 2251 2931 2307 illa
2975 2268 3095 2324 quas
3138 2256 3257 2311 est?
3293 2255 3454 2323 Quasi
3493 2267 3701 2318 torrens
3748 2262 3838 2318 in-

2250 2341 2464 2398 ebrians
2499 2342 2760 2399 sitientes.
2788 2344 2943 2401 Modo
2973 2360 3106 2418 ergo
3130 2350 3220 2419 qui
3250 2350 3382 2419 sitit,
3429 2368 3577 2422 spem
3629 2365 3834 2425 ponat:

2250 2437 2338 2506 qui
2358 2437 2490 2505 sitit,
2507 2436 2703 2493 habeat
2743 2454 2915 2509 spem.
2948 2440 3240 2498 inebriatus
3260 2441 3474 2501 habebit
3498 2461 3644 2502 rem:
3674 2458 3839 2505 ante-

2250 2545 2405 2598 quam
2449 2528 2645 2586 habeat
2697 2546 2834 2596 rem,
2864 2531 3009 2588 sitiat
3054 2533 3106 2588 in
3139 2549 3253 2605 Spe.
3282 2534 3431 2593 Beati
3467 2539 3556 2609 qui
3592 2541 3839 2598 esuriant

2249 2633 2303 2678 et
2362 2624 2549 2678 sitiunt
2609 2623 2899 2694 justitiam,
2972 2627 3227 2697 quoniam
3309 2628 3410 2700 ipsi
3456 2633 3839 2692 saturabuntur

2250 2713 2269 2785 (
2298 2713 2482 2769 Matth.
2509 2731 2565 2781 v,
2587 2713 2686 2785 6).
3174 2702 3177 2707 ’

2320 2807 2407 2863 15.
2450 2806 2471 2880 [
2490 2824 2621 2862 vers.
2640 2808 2727 2865 10.
2756 2807 2777 2882 ]
2799 2808 2918 2878 Quo
2938 2825 3067 2881 ergo
3087 2810 3237 2869 fonte
3264 2814 3588 2885 irrigaheris,
3612 2827 3666 2874 et
3682 2820 3830 2879 unde

2246 2901 2410 2956 currit
2438 2909 2614 2957 tantus
2637 2903 2658 2935 ⁸
2688 2913 2896 2958 torrens
2923 2904 3206 2974 voluptatis
3234 2907 3394 2977 ejus?
3423 2908 3672 2975 Quoniam
3693 2913 3835 2982 apud

2247 3003 2310 3057 te,
2345 2994 2534 3063 inquit,
2563 2999 2678 3067 fons
2701 2998 2843 3061 vitta.
2864 2995 2994 3065 Quis
3037 3007 3120 3052 est
3154 2996 3274 3055 fons
3308 2999 3453 3067 vitm,
3510 3002 3612 3057 nisi
3650 3002 3836 3061 Chris-

2247 3086 2373 3140 tus?
2402 3086 2559 3141 Venit
2583 3087 2649 3141 ad
2679 3096 2731 3142 te
2754 3087 2805 3142 in
2827 3103 3009 3153 carne,
3041 3096 3099 3143 ut
3122 3089 3377 3146 irroraret
3406 3091 3585 3149 fauces
3614 3109 3733 3150 tuas
3761 3096 3835 3151 si.

2246 3180 2438 3235 tientes
2466 3198 2481 3234 :
2509 3179 2721 3234 satiabit
2743 3190 3066 3250 sperantem,
3114 3181 3201 3252 qui
3224 3183 3469 3239 irroravit
3488 3184 3509 3217 ³
3536 3185 3830 3244 sitientem.

2247 3265 2497 3332 Quoniam
2522 3266 2661 3336 apud
2684 3276 2730 3321 te
2752 3267 2865 3337 fons
2893 3268 3007 3323 vitta
3060 3267 3084 3300 ⁸
3106 3308 3123 3335 ,
3147 3269 3201 3323 in
3220 3268 3408 3325 lumine
3440 3280 3525 3325 tuo
3560 3272 3832 3330 ridebimus

2244 3358 2430 3412 lumen.
2456 3356 2551 3414 Hic
2575 3358 2719 3413 aliud
2741 3368 2824 3414 est
2866 3358 3002 3425 fons,
3033 3359 3178 3415 aliud
3206 3361 3382 3419 lumen
3416 3381 3432 3418 :
3462 3362 3534 3419 ibi
3579 3380 3683 3421 non
3730 3366 3828 3423 ita.

2241 3449 2391 3517 Quod
2417 3449 2561 3506 enim
2591 3458 2673 3507 est
2695 3447 2838 3517 fons,
2869 3450 2972 3506 hoc
2993 3458 3080 3507 est
3117 3459 3174 3508 et
3213 3452 3393 3510 lumen
3423 3472 3439 3509 :
3466 3464 3523 3510 et
3569 3456 3831 3528 quidquid

2239 3540 2342 3607 vis,
2363 3540 2490 3596 illud
2519 3554 2697 3606 vocas,
2729 3542 2850 3612 quia
2878 3556 2983 3597 non
3029 3552 3113 3599 est
3148 3543 3291 3614 quod
3316 3559 3516 3613 vocas;
3552 3549 3672 3619 quia
3716 3565 3832 3607 non

2240 3641 2390 3702 potes
2420 3647 2712 3704 congruum
2735 3648 2927 3690 nomen
2953 3633 3215 3698 invenire,
3236 3651 3342 3691 non
3368 3649 3609 3695 remanet
3639 3639 3691 3695 in
3714 3658 3825 3699 uno

2238 3724 2473 3780 nomine.
2499 3723 2554 3781 Si
2580 3725 2805 3790 diceres,
2843 3726 2964 3796 quia
2991 3726 3170 3783 lumen
3198 3736 3282 3784 est
3309 3729 3505 3799 solum,
3554 3731 3829 3791 diceretur

2238 3815 2368 3871 tibi:
2391 3814 2519 3872 Siue
2542 3830 2702 3871 causa
2722 3831 2850 3887 ergo
2874 3816 3004 3872 mihi
3023 3817 3221 3874 dictum
3245 3827 3329 3875 est
3348 3830 3406 3875 ut
3427 3822 3659 3878 esuriam
3681 3833 3739 3879 et
3761 3824 3832 3881 si-

2234 3910 2363 3965 tiam
2393 3928 2407 3965 :
2433 3910 2551 3981 quis
2579 3911 2721 3966 enim
2746 3920 2848 3977 est,
2878 3912 2969 3982 qui
2989 3912 3275 3969 manducet
3297 3914 3478 3971 lumen
3497 3916 3524 3970 ?
3548 3915 3681 3972 Illud
3711 3919 3831 3989 pla-

2234 4016 2305 4056 ne
2329 4011 2477 4058 recte
2497 4002 2625 4057 mihi
2643 4001 2842 4058 dictum
2870 4012 2989 4059 est:
3012 4003 3161 4058 Beati
3186 4005 3365 4061 mundi
3384 4007 3555 4076 corde,
3581 4010 3826 4079 quoniam

2232 4092 2334 4164 ipsi
2358 4092 2522 4147 Deum
2553 4092 2785 4148 videbunt
2819 4092 2841 4164 (
2867 4092 3027 4162 ιω,
3056 4094 3111 4162 6,
3140 4095 3213 4163 8)
3244 4113 3259 4150 :
3291 4095 3337 4151 si
3365 4095 3544 4153 lumen
3571 4107 3828 4163 est,octt-

2234 4184 2314 4241 los
2338 4201 2486 4241 meos
2521 4200 2724 4256 parem.
2758 4186 2891 4241 Para
2927 4197 2983 4242 et
3010 4188 3374 4260 fauces;quia
3400 4190 3530 4247 illud
3556 4192 3699 4264 quod
3739 4193 3826 4249 lu-

2232 4294 2354 4334 men
2375 4287 2477 4344 est,
2500 4289 2554 4334 et
2572 4277 2690 4334 fons
2707 4288 2790 4336 est
2805 4297 2818 4334 :
2835 4277 2973 4346 fons,
2993 4280 3116 4351 quia
3134 4280 3293 4337 satiat
3315 4281 3590 4348 sitientes;
3614 4284 3823 4353 lumen,

2232 4372 2353 4442 quia
2384 4370 2648 4426 illuminat
2673 4386 2866 4427 ctecos.
2887 4370 2986 4427 Hic
3000 4372 3287 4444 aliquando
3312 4373 3441 4430 alibi
3462 4375 3667 4444 lumen,
3694 4377 3824 4433 alibi

2232 4462 2371 4518 fons.
2403 4461 2704 4533 Aliquando
2729 4464 2868 4518 enim
2898 4473 3122 4520 currunt
3167 4463 3343 4522 fontes
3369 4476 3426 4524 et
3458 4468 3512 4523 in
3545 4469 3820 4538 tenebris;

2230 4565 2288 4613 et
2325 4555 2611 4627 aliquando
2652 4555 2704 4610 in
2735 4569 2919 4612 eremo
2979 4556 3179 4626 pateris
3205 4557 3414 4625 solem,
3457 4573 3563 4615 non
3611 4560 3828 4618 invenis

2231 4647 2470 4704 fontem:
2509 4647 2596 4704 hic
2615 4662 2744 4718 ergo
2773 4656 2999 4718 possunt
3030 4647 3129 4703 ista
3155 4647 3264 4704 duo
3288 4663 3411 4705 esse
3436 4659 3678 4719 separata
3706 4689 3721 4704 .
3749 4650 3827 4707 ibi

2231 4757 2339 4798 non
2364 4739 2687 4813 fatigaberis,
2705 4740 2828 4811 quia
2848 4738 2969 4795 fons
2993 4748 3114 4806 est;
3146 4753 3255 4796 non
3285 4739 3669 4808 tenebraberis,
3698 4741 3827 4812 quia

2231 4836 2410 4891 lumen
2428 4841 2531 4891 est.
3323 4882 3334 4897 ,

2305 4925 2395 4981 16.
2425 4924 2586 4998 [νινε.
2614 4920 2727 4996 11.]
2766 4922 3037 4979 Prctende
3063 4922 3631 4987 misericordiantm
3657 4924 3826 4980 scieti-

2232 5021 2365 5075 tibus
2400 5028 2447 5073 te
2460 5061 2474 5085 ,
2494 5028 2542 5073 et
2560 5017 2809 5090 justitiam
2834 5025 2972 5071 tuam
2991 5016 3068 5072 Itis
3085 5017 3174 5090 qui
3194 5025 3331 5071 recto
3345 5025 3462 5071 sunt
3477 5017 3650 5071 corde.
3666 5016 3825 5086 Quod

2232 5127 2376 5185 stupe
2399 5111 2629 5166 diximus
2647 5153 2663 5178 ,
2698 5110 2821 5182 quia
2848 5108 2921 5165 illi
2950 5121 3075 5165 sunt
3094 5111 3225 5167 recti
3247 5109 3411 5166 corde
3428 5152 3442 5173 ,
3466 5111 3557 5181 qui
3586 5125 3829 5180 sequun-

2232 5214 2320 5260 tur
2349 5206 2405 5260 in
2445 5204 2543 5258 hac
2566 5204 2674 5259 vita
2703 5203 3027 5259 voluntatem
3059 5203 3174 5259 Dei.
3195 5200 3455 5260 Voluntas
3484 5203 3578 5259 Dei
3607 5212 3693 5260 at
3717 5204 3829 5259 ali-

2233 5297 2447 5369 quando
2476 5306 2533 5351 ut
2560 5309 2725 5351 sanus
2748 5295 2822 5350 sis
2840 5336 2856 5363 ,
2882 5293 3168 5366 aliquando
3194 5303 3252 5350 ut
3277 5304 3506 5365 aegrotes
3528 5312 3543 5350 :
3566 5295 3613 5351 si
3654 5310 3830 5366 quan-

2232 5391 2303 5448 do
2326 5406 2565 5457 sanuses,
2591 5389 2760 5443 dulcis
2784 5396 2867 5442 est
2905 5388 3154 5443 voluntas
3178 5387 3299 5455 Dei,
3333 5397 3389 5444 et
3412 5386 3625 5458 quando
3647 5402 3830 5460 aegro-

2234 5495 2335 5555 tas,
2356 5498 2535 5540 amara
2556 5491 2639 5538 est
2657 5481 2900 5537 voluntas
2917 5481 3041 5549 Dei;
3059 5495 3168 5538 non
3187 5490 3334 5537 recto
3345 5480 3505 5538 corde
3519 5497 3600 5539 es.
3614 5481 3833 5552 Quare?

2301 5639 2317 5670 ί
2351 5637 2423 5698 sic
2442 5634 2659 5684 melioris
2680 5640 2808 5684 nota:
2826 5639 2933 5683 Mss.
2953 5633 3091 5696 juxta
3113 5638 3222 5683 LXX
3248 5634 3516 5698 [torrente].

2296 5700 2316 5731 ¹
2350 5696 2516 5758 Plures
2535 5704 2661 5756 Mss,
2682 5702 2924 5758 tanquam.

2298 5761 2319 5823 ρ
2350 5755 2671 5823 sieplerique
2689 5755 2799 5807 Mss.
2832 5757 3038 5823 At_Edd.,

2298 5822 2318 5854 ι
2350 5818 2464 5871 md;
2485 5835 2500 5872 ς
2521 5818 2750 5882 omnium
2769 5819 2900 5888 apud
2922 5825 2967 5869 te
2989 5818 3059 5870 est
3075 5818 3179 5884 fon}
3200 5820 3327 5881 uitta,
3352 5826 3398 5872 et
3421 5818 3472 5871 in
3504 5818 3706 5887 lumine,
3729 5829 3833 5888 εις

2236 5884 2336 5938 Ille
2355 5896 2522 5950 voces,
2551 5888 2637 5949 est,
2662 5890 2728 5948 et,
2750 5884 2926 5934 absunt
2944 5894 2973 5932 a
2995 5888 3105 5935 Mss.
3128 5890 3182 5939 et
3202 5897 3231 5935 a
3251 5892 3414 5939 orm
3429 5889 3562 5937 Lxx.
