4042 6480
209 397 312 460 353

209 516 331 588 Quia
361 526 468 569 non
491 510 578 567 vis
589 510 920 568 voluntatem
953 516 1098 564 tuam
1121 506 1348 578 dirigere
1375 507 1442 562 ad
1468 508 1792 565 voluntatem

209 608 328 674 Dei,
358 605 452 662 sed
483 605 583 662 Dei
614 605 694 660 vis
719 619 938 659 curvare
962 601 1028 657 ad
1057 611 1220 657 tuam.
1252 599 1346 655 Illa
1373 609 1516 656 recta
1544 610 1659 665 est,
1693 602 1788 657 sed

209 712 261 758 tu
283 714 516 757 curvus:
539 699 791 754 voluntas
817 707 902 751 tua
928 694 1239 766 corrigenda
1280 702 1363 749 est
1399 693 1465 747 ad
1507 693 1670 760 illam,
1691 710 1796 750 non

209 796 287 853 illa
319 793 594 850 curvanda
625 799 709 847 est
731 790 797 846 ad
826 799 879 846 te
910 808 924 845 :
950 799 1005 844 et
1031 799 1234 844 rectum
1262 786 1482 842 habebis
1507 801 1619 842 cor.
1654 787 1798 844 Bene

206 902 283 950 est
315 889 368 946 in
412 889 518 942 hoc
547 885 770 951 saeculo,
793 882 1141 940 benedicatur
1172 881 1312 937 Deus
1338 881 1426 952 qui
1455 880 1792 941 consolatur;

205 985 472 1040 laboratur
511 979 566 1034 in
611 977 841 1041 saeculo,
870 973 1215 1030 benedicatur
1254 972 1393 1026 Deus
1431 971 1554 1042 quia
1597 986 1784 1026 emen-

205 1077 287 1133 dat
310 1085 362 1130 et
395 1075 589 1145 probat
617 1089 630 1126 :
659 1080 713 1126 et
733 1070 840 1125 eris
868 1077 1015 1122 recto
1043 1064 1204 1121 corde
1233 1064 1419 1120 dicens
1439 1105 1455 1130 ,
1488 1061 1791 1118 Benedicam

203 1168 476 1228 Dominum
492 1173 551 1224 in
573 1166 711 1218 omni
731 1173 981 1233 tempore,
1003 1175 1200 1230 semper
1219 1158 1332 1213 laus
1352 1158 1460 1230 ejus
1488 1157 1542 1212 in
1568 1173 1654 1212 ore
1685 1173 1794 1212 meo

205 1259 382 1333 (Psal.
417 1273 608 1312 χχχιιι.
638 1254 732 1328 2).

266 1350 354 1405 17.
398 1347 564 1420 [oers.
596 1345 710 1419 12.]
743 1343 862 1400 Non
882 1344 1046 1398 veniat
1079 1342 1202 1396 mihi
1224 1359 1310 1413 pes
1338 1341 1603 1412 superbite.
1636 1340 1794 1397 Certe

203 1445 300 1515 jam
325 1441 501 1507 dixit,
532 1439 644 1496 Sub
677 1437 989 1494 umbraculo
1023 1435 1227 1490 alarum
1260 1443 1466 1490 tuarum
1505 1434 1794 1504 sperabunt

205 1536 287 1592 lilii
326 1534 644 1600 hominum,
676 1540 731 1587 et
772 1529 1174 1586 inebriabuntur
1213 1527 1281 1582 ab
1317 1527 1556 1582 ubertate
1601 1526 1792 1582 domus

205 1637 315 1682 tute.
347 1625 491 1682 Cum
521 1623 744 1694 coeperit
769 1622 990 1693 quisque
1021 1617 1279 1675 isto’fonte
1305 1617 1521 1673 uberius
1547 1618 1786 1689 irrigari,

205 1727 382 1776 caveat
421 1733 492 1774 ne
531 1715 819 1786 superbiat.
850 1713 965 1768 Non
1004 1711 1146 1768 enim
1186 1709 1373 1766 deerat
1397 1711 1414 1743 ¹
1443 1709 1574 1766 Δάαι
1615 1712 1788 1781 primo

206 1815 399 1870 homini
432 1829 446 1866 :
473 1810 573 1868 sed
603 1809 747 1866 venit
781 1809 854 1863 illi
887 1822 980 1877 pes
1022 1805 1318 1876 superbiat,
1347 1813 1402 1859 et
1441 1804 1606 1859 movit
1644 1805 1790 1861 illum

205 1921 385 1963 manus
431 1904 761 1976 peccatoris,
792 1901 845 1957 id
884 1909 966 1956 est
1009 1915 1196 1954 manus
1235 1897 1430 1953 diaboli
1483 1897 1710 1968 superba
1734 1901 1787 1953 ³.

204 1999 476 2070 Quomodo
502 1999 590 2054 ille
622 1997 710 2068 qui
748 2010 868 2051 eum
907 1992 1152 2056 seduxit,
1193 1991 1359 2052 dixit.
1395 1989 1594 2045 Panum
1620 1990 1790 2046 sedem

205 2112 354 2148 meam
376 2093 449 2146 ad
469 2089 770 2160 Aquilonem
793 2088 814 2158 (
836 2086 965 2142 Isai.
989 2101 1078 2139 ιιι*
1097 2126 1113 2151 ,
1137 2082 1244 2156 15)
1271 2103 1284 2137 :
1309 2084 1384 2138 sic
1406 2083 1479 2137 illi
1502 2084 1786 2154 persuasit,

206 2186 424 2249 Gustate,
449 2191 496 2237 et
516 2182 655 2236 eritis
674 2181 802 2234 sicut
826 2178 897 2232 dii
933 2175 1098 2250 (Gen.
1132 2191 1218 2242 nt,
1250 2175 1282 2229 ὅ
1304 2174 1345 2246 ).
1375 2174 1635 2244 Superbia
1661 2190 1790 2246 ergo

207 2280 326 2351 lapsi
353 2293 576 2344 sumus,
603 2284 662 2330 ut
686 2274 753 2329 ad
782 2274 935 2328 istam
966 2270 1338 2326 mortalitatem
1369 2269 1785 2340 perveniremus.

205 2373 262 2428 Et
279 2372 401 2443 quia
432 2385 533 2425 nos
557 2367 803 2437 superbia
821 2365 1219 2426 vulneraverat,
1245 2361 1515 2415 humilitas
1552 2360 1676 2416 facit
1704 2375 1790 2416 sa-

205 2480 307 2525 nos.
330 2463 496 2519 Venit
525 2461 740 2515 humilis
766 2459 932 2522 Deus,
958 2465 1016 2512 ut
1040 2471 1070 2510 a
1101 2465 1248 2512 tanto
1273 2454 1537 2525 superbiae
1569 2455 1788 2511 vulnere

203 2567 404 2614 curaret
445 2555 740 2610 hominem.
777 2551 963 2615 Venit,
987 2551 1108 2621 quia
1148 2548 1382 2603 Verbum
1427 2563 1551 2602 caro
1589 2547 1786 2603 factum

204 2660 292 2717 est,
321 2660 375 2705 et
411 2647 672 2703 habitavit
700 2645 751 2700 in
795 2644 949 2699 nobis
976 2640 1166 2716 (Joan.
1199 2657 1245 2707 ι,
1281 2641 1404 2712 14).
1435 2638 1790 2712 Comprehen-

204 2758 284 2798 sus
322 2750 407 2796 est
451 2754 479 2792 a
521 2737 752 2804 Judaeis,
786 2736 1098 2791 insultatum
1146 2743 1229 2788 est
1266 2734 1338 2788 ei.
1385 2733 1622 2789 Audistis
1664 2750 1784 2790 cum

202 2835 540 2906 Evangelium
569 2833 850 2903 legeretur,
865 2827 989 2900 quid
1018 2827 1297 2894 dixerunt,
1330 2837 1384 2882 et
1407 2829 1488 2881 cui
1513 2827 1782 2897 dixerunt,

202 2929 513 2985 Damonium
531 2927 680 2981 habes
695 2925 715 2997 (
731 2923 938 2991 Idm",
959 2923 1028 2978 18
1041 2923 1079 2991 );
1096 2931 1149 2977 et
1170 2921 1256 2976 illc
1273 2935 1376 2975 non
1394 2920 1552 2985 dixit,
1577 2921 1786 2976 Daemo-

203 3021 331 3074 nium
371 3017 586 3073 habetis
600 3029 718 3080 vos,
736 3017 858 3086 quia
880 3028 974 3068 vos
993 3013 1045 3067 in
1072 3011 1304 3082 peccatis
1328 3011 1519 3064 vestris
1545 3011 1702 3077 estis,
1729 3021 1780 3067 et

203 3111 434 3166 diabolus
460 3107 702 3179 possidet
726 3105 884 3161 corda
907 3113 1101 3160 vestra.
1125 3102 1242 3158 Non
1267 3103 1367 3157 hoc
1382 3102 1544 3167 dixit,
1567 3103 1707 3173 quod
1738 3103 1782 3159 si

205 3205 432 3270 diceret,
469 3216 660 3256 verum
698 3199 939 3264 diceret;
972 3196 1065 3252 sed
1101 3212 1204 3251 non
1242 3205 1356 3251 erat
1378 3205 1585 3267 tempus
1607 3204 1662 3251 ut
1682 3197 1784 3253 hoc

202 3294 430 3362 diceret,
448 3308 519 3346 ne
546 3307 654 3346 non
670 3291 945 3345 veritatem
975 3287 1264 3359 prmdicare
1283 3329 1297 3350 ,
1321 3287 1414 3342 sed
1442 3287 1780 3344 maledictum

203 3388 412 3442 reddere
433 3385 728 3440 videretur.
772 3381 980 3437 Dimisit
1013 3379 1155 3451 quod
1199 3380 1435 3446 audivit,
1479 3381 1630 3451 quasi
1674 3397 1781 3436 non

202 3480 443 3534 audisset.
478 3477 713 3533 Medicus
741 3475 882 3532 enim
923 3482 1070 3538 erat,
1098 3481 1154 3526 et
1192 3472 1561 3542 phreneticum
1590 3488 1781 3529 curare

202 3581 426 3628 venerat.
463 3568 744 3639 Quomodo
788 3566 1026 3622 medicus
1064 3579 1168 3618 non
1204 3573 1358 3619 curat
1384 3564 1636 3635 quidquid
1679 3579 1780 3619 au-

203 3665 296 3721 diat
328 3683 358 3720 a
393 3664 745 3735 phrenetico,
775 3661 868 3716 sed
913 3659 1180 3731 quomodo
1222 3660 1558 3714 convalescat
1596 3667 1650 3714 et
1688 3659 1781 3715 flat

202 3773 347 3813 sanus
376 3755 723 3827 phreneticus
746 3769 760 3819 ;
791 3767 890 3808 nec
915 3753 958 3806 si
989 3759 1045 3806 et
1071 3766 1303 3822 pugnum
1344 3750 1412 3806 ab
1440 3751 1530 3804 illo
1555 3752 1780 3820 accipiat

201 3859 368 3914 curat;
411 3847 504 3902 ille
544 3846 620 3901 illi
661 3843 788 3900 facit
823 3858 959 3899 nova
1004 3844 1256 3909 vulnera,
1297 3842 1387 3898 ille
1421 3852 1654 3897 veterem
1695 3843 1776 3898 fe-

200 3941 335 3998 brem
375 3946 576 3996 sanat:
604 3937 684 3993 sic
716 3944 770 3992 et
809 3935 1065 3991 Dominus
1104 3934 1171 3988 ad
1209 3943 1466 4006 aegrotum
1500 3935 1676 3999 venit,
1709 3933 1777 3988 ad

201 4033 559 4103 phreneticum
613 4028 806 4094 venit,
858 4035 916 4081 ut
960 4025 1214 4096 quidquid
1257 4014 1772 4097 audiret,quidquid

199 4139 376 4195 passus
399 4132 548 4180 esset
568 4128 953 4182 contemneret,
977 4117 1078 4172 hoc
1108 4118 1228 4187 ipso
1249 4133 1343 4173 eos
1371 4117 1572 4173 docens
1598 4118 1775 4174 humi-

201 4217 392 4273 litatem
411 4258 427 4284 ,
454 4223 516 4270 ut
554 4212 850 4268 humilitate
879 4211 1021 4265 docti
1043 4249 1058 4274 ,
1085 4219 1398 4265 sanarentur
1433 4225 1462 4264 a
1484 4210 1729 4281 superbia
1754 4227 1770 4276 ;

199 4309 256 4366 de
289 4324 396 4380 qua
440 4308 544 4363 iste
587 4303 802 4359 liberari
847 4301 1163 4371 deprecatur
1197 4300 1380 4356 dicens
1409 4319 1422 4355 :
1455 4301 1575 4355 Non
1609 4303 1776 4357 ueniat

199 4403 315 4455 mihi
335 4417 422 4470 pes
437 4395 718 4469 superbia;
745 4403 792 4450 et
815 4411 993 4448 manus
1014 4394 1287 4464 peccatoris
1303 4393 1324 4424 ³
1345 4409 1444 4447 non
1463 4405 1653 4448 moueat
1674 4412 1767 4451 me.

198 4493 246 4549 Si
269 4494 412 4549 enim
431 4489 640 4546 venerit
662 4503 758 4559 pes
783 4486 1042 4556 superbiae
1062 4527 1077 4551 ,
1105 4493 1281 4539 movet
1308 4500 1498 4539 manus
1527 4495 1771 4556 peccato-

198 4589 283 4643 ris.
318 4587 448 4656 Quae
472 4593 558 4641 est
582 4596 772 4637 manus
793 4579 1128 4652 peccatoris?
1169 4578 1303 4633 Male
1343 4579 1616 4634 suadentis
1649 4595 1778 4650 ope-

196 4681 349 4736 ratio.
377 4677 578 4733 Factus
619 4689 680 4730 es
720 4671 1022 4743 superbus?
1062 4670 1182 4726 Cito
1224 4678 1277 4725 te
1315 4671 1646 4737 corrumpit,
1684 4671 1777 4743 qui

197 4773 334 4829 male
372 4768 584 4826 suadet.
627 4765 854 4821 Humilis
895 4762 1100 4834 ﬁgere"
1127 4762 1182 4817 in
1226 4762 1444 4828 Deo,et
1475 4778 1580 4818 non
1624 4762 1781 4820 valde

195 4879 351 4922 cures
377 4862 503 4933 quid
545 4860 640 4916 tibi
667 4858 893 4912 dicatur.
927 4855 1061 4909 Hinc
1089 4861 1174 4909 est
1199 4853 1340 4923 quod
1370 4853 1495 4908 alibi
1534 4853 1730 4910 dicitur
1759 4870 1776 4909 :

198 4957 266 5011 Ab
286 4955 502 5012 occultis
520 4953 646 5006 meis
670 4949 860 5003 munda
880 4963 960 5001 me
976 4987 991 5011 ,
1015 4955 1061 5000 et
1081 4945 1145 5000 ab
1165 4947 1344 5000 alienis
1364 4961 1517 5016 parce
1535 4963 1674 5000 seruo
1695 4959 1780 5002 tuo

195 5048 364 5121 (Paul.
381 5059 534 5111 xvm,
552 5044 639 5107 15,
659 5041 771 5113 14).
795 5040 931 5107 Quid
950 5047 1051 5102 est,
1070 5038 1144 5091 Ab
1160 5036 1370 5091 occultis
1387 5038 1538 5092 meis?
1552 5036 1672 5092 Non
1693 5055 1780 5093 ve-

196 5143 296 5195 niat
328 5141 455 5194 ntihi
499 5153 589 5209 pes
613 5134 880 5204 superbiat.
906 5130 1042 5201 Quid
1082 5139 1191 5194 est,
1221 5127 1290 5183 Et
1316 5129 1380 5184 ab
1417 5129 1596 5183 alienis
1634 5146 1784 5200 parce

194 5246 328 5286 seruo
365 5241 456 5285 tuo
472 5230 498 5283 ι
538 5226 718 5298 Neque
755 5240 936 5279 manus
960 5220 1237 5293 peccatoris
1264 5229 1457 5274 moveat
1485 5235 1582 5275 me.
1618 5219 1781 5277 Serva

194 5321 332 5393 quod
359 5323 506 5377 intus
534 5328 647 5384 est,
678 5325 734 5374 et
755 5331 862 5372 non
890 5313 1105 5370 timebis
1135 5312 1285 5368 toris.
1605 5375 1608 5378 ,

262 5415 350 5470 18.
372 5412 527 5486 [οπο.
555 5408 669 5483 13.]
690 5409 872 5477 Quare
895 5415 1076 5462 autem
1105 5405 1259 5460 valde
1285 5403 1389 5460 hoc
1418 5403 1784 5473 timesiQuasi

192 5503 482 5571 diceretur,
506 5500 589 5556 lbi
613 5501 899 5556 ceciderunt
924 5514 1096 5553 omnes
1118 5498 1205 5569 qui
1233 5504 1506 5568 operantur
1540 5496 1783 5567 iniquita-

259 5619 275 5652 ¹
313 5619 387 5668 Sic
409 5615 648 5667 tredecim
665 5619 775 5663 Mss.
797 5619 853 5662 At
869 5611 1002 5671 Edd.,
1021 5608 1194 5661 inerat.

252 5683 275 5712 ⁸
311 5681 501 5742 Aliquot
518 5686 646 5747 Mss,
659 5673 879 5747 superbi.
901 5668 1116 5732 Quidam,
1137 5670 1409 5736 superbum.
1435 5668 1655 5721 Nonnulli
1692 5669 1783 5720 de-

193 5754 342 5801 mum,
367 5754 453 5801 per
470 5751 768 5801 superatam.

257 5805 280 5836 ³
313 5803 481 5852 Plures
504 5810 610 5851 Mss.
630 5801 771 5863 juxta
800 5803 929 5863 1.5x,
951 5801 1274 5863 peccatorum.

256 5865 391 5978 ξω
785 5860 874 5911 Alii
896 5856 1033 5921 vero,
1055 5857 1251 5910 humilis
1293 5856 1430 5923 (iere.
1453 5857 1588 5918 Edd.,
1620 5862 1786 5922 satagc

1257 389 1652 451 ENARRATIO
1687 394 1756 452 IN
1791 393 2116 454 PSALMUM
2152 394 2391 455 XXXVI.

3386 418 3496 476 354

1905 519 2044 575 tem;
2072 519 2132 565 ut
2170 511 2415 567 venirent
2460 512 2527 569 ad
2575 513 2717 571 illam
2761 519 3030 593 abyssum,
3061 523 3130 583 de
3157 543 3260 601 qua
3289 531 3487 590 dictum

1903 603 2240 699 est,Judicia
2275 615 2362 659 tua
2390 608 2520 662 sicut
2553 611 2766 682 abyssus
2801 618 2996 684 multa;
3022 628 3081 675 ut
3107 623 3174 678 ad
3202 625 3328 681 illttd
3360 645 3487 699 pro-

1905 696 2124 754 fundum
2153 701 2508 770 pervenirent,
2544 705 2629 760 ubi
2663 719 2970 776 peccatores
2998 715 3086 785 qui
3115 696 3484 792 contemnunt,
3551 713 3576 736 ⁴

1902 791 2207 849 ceciderunt
2242 797 2282 849 ⁸.
2319 795 2610 852 Ceciderunt
2641 815 2660 854 :
2685 801 2772 856 ubi
2821 804 2992 874 primo
3038 809 3382 870 ceciderunt?
3428 817 3486 874 In

1904 882 2039 952 pede
2064 887 2344 956 superbite.
2373 890 2564 946 Audite
2593 891 2783 962 pedem
2806 899 3069 966 superbiae
3099 921 3112 958 :
3146 903 3245 970 Qui
3267 924 3382 963 cum
3403 929 3488 967 co-

1901 980 2182 1046 gnovissent
2201 979 2388 1048 Deum,
2414 1000 2516 1038 non
2544 986 2672 1040 sicut
2694 987 2859 1044 Deum
2879 993 3306 1064 gloriﬁcaverunt.
3330 1005 3487 1063 Venit

1901 1081 2029 1160 ergo
2051 1068 2157 1124 illis
2180 1084 2271 1140 pes
2295 1074 2578 1144 superbiae,
2602 1079 2742 1134 unde
2763 1095 3026 1141 venerunt
3045 1088 3097 1144 in
3126 1092 3482 1160 profundunt:

1901 1156 2135 1214 Tradidit
2159 1161 2276 1218 illos
2293 1164 2432 1222 Deus
2457 1168 2510 1224 in
2529 1173 2959 1244 concupiscentias
2986 1156 3152 1238 cordis
3177 1201 3370 1256 eorum,
3405 1195 3487 1262 fa-

1899 1268 2011 1307 cere
2059 1271 2174 1358 qua:
2217 1273 2318 1313 non
2365 1265 2660 1319 conveniunt
2691 1266 2865 1338 (Rom.
2895 1285 2929 1336 ι,
2962 1271 3052 1342 21,
3082 1276 3196 1348 24).
3230 1278 3484 1340 Radicem

1901 1356 2118 1415 peccati,
2154 1357 2205 1404 et
2235 1361 2394 1420 caput
2424 1357 2627 1423 peccati
2660 1358 2832 1414 timuit
2855 1362 2945 1432 qui
2973 1363 3142 1420 dixit:
3168 1368 3290 1426 Non
3319 1375 3485 1431 ueniat

1899 1437 2025 1491 mihi
2061 1456 2159 1533 pes
2202 1443 2470 1533 superbiai.
2513 1447 2688 1514 Quare
2736 1450 2882 1506 illum
2924 1456 3113 1526 pedem
3153 1459 3324 1518 dixit?
3349 1465 3484 1533 Quia

1898 1531 2254 1628 superbiendo
2272 1535 2436 1628 Deum
2453 1537 2709 1610 deseruit,
2722 1553 2774 1596 et
2787 1543 3030 1603 discessit
3047 1567 3062 1605 :
3082 1551 3270 1621 pedem
3294 1531 3479 1628 ipsius,

1897 1622 2144 1677 allectum
2186 1625 2351 1694 ipsius
2379 1627 2532 1684 dixit.
2566 1630 2689 1686 Non
2719 1636 2882 1689 ueniat
2920 1640 3046 1694 mihi
3084 1659 3170 1712 pes
3197 1622 3481 1718 superbiat;

1898 1723 1944 1767 et
1969 1731 2148 1812 "ianus
2173 1722 2448 1812 peccatoris
2476 1739 2576 1776 non
2605 1736 2796 1780 moveat
2823 1745 2935 1784 me:
2963 1731 3013 1786 id
3039 1743 3142 1802 est,
3175 1752 3336 1808 opera
3360 1757 3486 1812 pec-

1897 1807 2094 1862 catoris
2125 1823 2231 1862 non
2260 1825 2345 1864 me
2371 1810 2675 1870 dimoveant
2702 1831 2730 1870 a
2763 1825 2835 1886 te,
2864 1831 2920 1875 ut
2951 1822 3142 1880 imitari
3182 1807 3270 1883 illa
3300 1807 3480 1889 velim.

1896 1896 2073 1967 Quare
2099 1909 2274 1956 autem
2305 1913 2490 1958 contra
2522 1908 2822 1976 superbiam
2856 1911 2959 1968 hoc
2984 1914 3142 1982 dicit,
3171 1917 3254 1974 Ibi
3283 1925 3480 1979 cecide-

1895 2001 2014 2047 runt
2037 1995 2122 2065 qui
2146 2008 2418 2066 aperantur
2444 1999 2797 2070 iniquitatem?
2822 2004 2954 2074 Quia
2977 2010 2996 2040 ²
3017 2011 3288 2083 ιιιιὶιηοόο
3316 2016 3482 2089 iniqui

1896 2096 2040 2152 sunt,
2071 2088 2122 2142 in
2153 2089 2397 2158 superbia
2436 2093 2763 2150 ceciderunt.
2798 2095 2922 2154 Ideo
2947 2114 3068 2156 cum
3097 2114 3306 2162 cautam
3334 2088 3480 2166 lace-

1895 2184 1979 2230 ret
2002 2177 2259 2234 Dominus
2280 2179 2596 2248 Ecclesiam,
2621 2186 2694 2240 ait
2717 2204 2731 2241 :
2754 2186 2861 2241 Illa
2891 2199 3049 2258 tuum,
3085 2193 3275 2266 inquit,
3309 2199 3482 2255 obser-

1894 2268 2028 2321 vabit
2046 2278 2218 2341 caput,
2243 2281 2289 2324 et
2316 2281 2370 2327 tu
2393 2274 2505 2343 ejus
2526 2274 2819 2331 calcaneum
2839 2278 2990 2349 (Gen.
3011 2298 3087 2348 Ill,
3114 2286 3224 2355 15).
3249 2287 3483 2359 Serpens

1894 2359 2143 2416 observat
2170 2363 2385 2432 quando
2417 2365 2510 2421 tibi
2532 2368 2709 2423 veniat
2729 2385 2827 2441 pes
2851 2375 3132 2443 superbiae,
3162 2380 3372 2448 quando
3404 2382 3483 2436 la-

1893 2452 2060 2522 baris,
2094 2465 2152 2509 ut
2179 2457 2426 2526 dejiciat;
2464 2467 2518 2514 tu
2548 2471 2723 2517 autem
2751 2476 2909 2534 caput
2937 2466 3052 2537 ejus
3080 2469 3302 2526 observa
3331 2491 3345 2528 :
3376 2475 3481 2530 ini-

1895 2547 2025 2601 tium
2051 2550 2227 2604 omnis
2253 2551 2454 2619 peccati
2486 2553 2732 2624 superbia
2757 2555 2943 2628 (Eccli.
2967 2575 3022 2626 χ,
3050 2561 3160 2634 15).
3185 2561 3268 2618 Ibi
3292 2568 3482 2622 cecide-

1892 2649 2010 2692 runt
2046 2641 2133 2710 qui
2163 2651 2439 2712 operantur
2465 2644 2820 2717 iniquitatem:
2847 2651 3042 2720 expulsi
3081 2663 3221 2721 sunt,
3254 2672 3345 2710 nec
3385 2675 3482 2728 po-

1894 2742 2096 2785 tuerunt
2139 2736 2482 2804 stare:prior
2529 2737 2617 2791 ille
2658 2739 2748 2808 qui
2800 2740 2852 2794 in
2894 2743 3117 2800 veritate
3159 2763 3267 2803 non
3311 2752 3480 2821 stetit,

1891 2823 2084 2879 deinde
2123 2840 2216 2894 per
2257 2842 2378 2881 eum
2423 2828 2495 2882 illi
2535 2845 2670 2899 quos
2705 2831 2906 2887 dimisit
2944 2835 3087 2892 Deus
3115 2838 3182 2894 de
3210 2843 3480 2911 paradiso.

1891 2915 2044 2972 Unde
2087 2918 2177 2972 ille
2221 2919 2435 2975 humilis
2465 2922 2556 2992 qui
2597 2939 2705 2979 non
2747 2941 2806 2981 se
2843 2927 2979 2983 dicit
3015 2930 3231 3002 dignum
3272 2935 3483 2996 solvere

1891 3009 2174 3079 corrigiam
2212 3011 2582 3081 calceamenti,
2616 3031 2722 3071 non
2752 3026 2836 3073 est
2864 3021 3135 3090 expulsus,
3171 3025 3266 3084 sed
3295 3037 3401 3083 stat
3428 3039 3484 3086 et

1890 3101 2037 3156 audit
2085 3118 2230 3169 eum,
2269 3112 2323 3158 et
2350 3105 2542 3176 gaudio
2583 3107 2780 3180 gaudet
2823 3121 3038 3181 propter
3066 3129 3252 3172 vocem
3299 3121 3482 3188 sponsi

1893 3192 2072 3265 (Joan.
2096 3210 2133 3259 ι,
2156 3195 2261 3260 27;
2295 3212 2368 3263 ιιι,
2394 3195 2511 3271 29),
2535 3209 2588 3254 et
2619 3215 2723 3255 non
2754 3213 2976 3274 propter
3002 3221 3178 3275 suam,
3209 3225 3278 3266 ne
3305 3213 3482 3271 veniat

1889 3289 1940 3342 ei
1975 3303 2067 3358 pes
2094 3290 2381 3358 superbire,
2407 3300 2461 3346 et
2487 3293 2800 3363 expellatur,
2832 3313 2932 3353 nec
2958 3301 3128 3368 possit
3155 3313 3320 3360 stare.

1960 3380 2047 3434 19.
2092 3379 2157 3434 Et
2186 3381 2230 3434 si
2262 3396 2382 3436 cum
2415 3383 2594 3438 labore
2623 3387 2886 3456 aliquibus
2913 3400 3149 3448 vestrum
3183 3396 3340 3451 taedio
3366 3396 3483 3455 fue-

1887 3472 2073 3539 rimus,
2109 3473 2374 3530 ﬁnivimus
2410 3476 2700 3545 Psalmum,
2736 3483 3245 3555 transivit-taedium,
3271 3498 3326 3544 et
3351 3506 3479 3562 gra-

1889 3563 2193 3631 tulabimur,
2217 3568 2335 3638 quia
2360 3568 2600 3625 Psalmus
2628 3581 2768 3628 totus
2788 3576 3062 3645 expositus
3085 3587 3186 3633 est.
3213 3577 3269 3634 In
3300 3583 3478 3638 medio

1880 3656 1991 3726 jam
2022 3658 2214 3714 timens
2244 3676 2312 3716 ne
2340 3675 2618 3719 onerarem
2646 3679 2744 3720 vos
2763 3707 2777 3733 ,
2809 3656 3126 3724 dimissurus
3151 3686 3300 3727 eram
3334 3692 3348 3730 :
3379 3675 3475 3732 sed

1885 3750 2111 3819 cogitavi
2141 3751 2262 3822 quia
2297 3752 2518 3808 intentio
2553 3764 2735 3810 nostra
2767 3760 3165 3828 prmciderelur,
3188 3773 3243 3818 et
3269 3779 3372 3820 non
3401 3766 3481 3823 sic

1885 3843 2150 3900 rediretur
2175 3843 2244 3900 ad
2268 3845 2570 3914 dimidium,
2595 3851 2863 3918 quomodo
2887 3853 2933 3908 si
2962 3869 3374 3913 excurreremus
3401 3867 3482 3914 to-

1890 3943 2036 4000 tum;
2065 3945 2119 3990 et
2145 3938 2306 3992 malui
2337 3939 2491 3994 vobis
2529 3941 2706 4011 gravis
2729 3958 2867 4010 esse,
2893 3961 3050 4016 quam
3082 3964 3142 4005 re
3170 3949 3479 4022 imperfecta

1881 4027 2138 4098 reliquias
2167 4044 2403 4085 servare.
2431 4031 2664 4088 Debetur
2689 4036 2832 4090 enim
2855 4039 3005 4094 vobis
3031 4041 3192 4097 etiam
3213 4045 3478 4100 crastinus

1883 4134 2061 4174 sermo
2087 4137 2102 4174 :
2134 4130 2280 4177 orate
2311 4139 2408 4192 pro
2434 4125 2590 4180 nobis
2619 4137 2674 4182 ut
2697 4130 2971 4187 valeamus
3005 4135 3281 4206 exhibere,
3310 4147 3365 4193 et
3395 4141 3478 4194 al-

1883 4211 2019 4266 ferte
2045 4210 2228 4268 fauces
2254 4215 2553 4272 esurientes
2577 4229 2632 4273 et
2654 4222 2815 4277 corda
2835 4224 3047 4282 devota.

1881 4341 3466 4380 _.._____________________

2269 4425 2352 4486 IN
2394 4425 2775 4488 PSALMUM
2818 4429 3095 4492 XXXVI

2384 4549 2785 4609 ENARRATIO
2823 4552 2925 4627 (a).

2503 4676 2676 4719 satum
2712 4679 2729 4717 ι
2755 4661 2851 4735 (b).

2323 4774 2403 4830 De
2426 4776 2590 4846 prima
2614 4785 2758 4849 parte
2788 4775 3004 4832 Psalmi.

1959 4894 2010 4948 1.
2051 4889 2386 4947 Novissimus
2411 4891 2530 4946 dies
2549 4891 2860 4947 terribiliter
2886 4901 3140 4948 venturus
3159 4894 3373 4952 auditur
3393 4897 3473 4956 eis

1885 4985 1976 5056 qui
2006 4985 2178 5040 securi
2219 4999 2340 5040 esse
2377 4983 2514 5039 bene
2539 4982 2765 5037 vivendo
2791 4983 2998 5049 nolunt,
3026 4993 3080 5039 et
3109 4986 3249 5043 male
3286 4989 3472 5044 vivere

1885 5077 1977 5133 diu
2016 5077 2216 5132 volunt.
2255 5074 2468 5132 Utiliter
2505 5083 2683 5128 autem
2724 5073 2863 5128 Deus
2912 5075 3077 5131 latere
3116 5078 3283 5132 voluit
3323 5078 3470 5132 illum

1886 5167 2052 5234 diem,
2081 5176 2138 5221 ut
2163 5180 2376 5234 semper
2419 5165 2490 5218 sit
2537 5173 2779 5233 paratum
2816 5178 2911 5219 cor
2952 5165 3021 5220 ad
3058 5167 3473 5238 exspectandum

1887 5258 2032 5328 quod
2063 5272 2182 5312 esse
2221 5265 2500 5311 venturum
2551 5255 2673 5323 scit,
2719 5264 2773 5311 et
2819 5257 3032 5327 quando
3077 5267 3355 5314 venturum
3401 5260 3474 5315 sit

1951 5419 1970 5451 ι
2005 5417 2172 5468 Plures
2191 5422 2320 5488 Mss,
2342 5411 2427 5464 ubi
2446 5417 2667 5477 peccator
2683 5413 2768 5481 qui
2785 5412 3056 5474 conterruit,
3079 5413 3270 5465 cecidit.

1949 5481 1972 5513 ⁸
2004 5481 2167 5538 Abest.
2202 5489 2333 5538 mna.
2355 5489 2385 5526 ει
2403 5483 2512 5528 Iss-
2805 5537 2813 5538 ,
3056 5537 3063 5538 ,

2202 5489 2512 5540 mansa.

1954 5542 2027 5606 (a)
2053 5546 2136 5592 Hic
2155 5536 2352 5591 silentio
2396 5539 2650 5606 praeterire
2674 5552 2770 5588 non
2803 5537 2919 5606 licet
2939 5537 3069 5606 quod
3093 5539 3146 5606 in_
3161 5543 3206 5584 S.
3231 5536 3470 5606 Fulgentit

1954 5553 2027 5606 (a)
2053 5553 2136 5592 HIC
2157 5553 2352 5591 suentto
2396 5553 2650 5651 [greaterire
2674 5553 2770 5588 non
2805 5553 2919 5589 llcel.
2939 5553 3069 5601 quoa
3094 5553 3142 5585 In
3161 5553 3206 5584 δ.
3233 5553 3470 5600 rutgentu

1887 5607 1991 5656 vita
2009 5610 2254 5675 narratur,
2274 5615 2379 5675 cap.
2439 5635 2453 5659 ,
2479 5601 2666 5675 scilicet
2687 5615 2796 5675 cum
2816 5603 2921 5675 ipse
2950 5602 3115 5675 animo
3127 5600 3363 5675 jamnaute
3381 5600 3473 5675 tle-

1888 5669 2129 5718 crevisset
2149 5661 2432 5714 renuntiare
2451 5663 2650 5722 saeculo,
2674 5661 2930 5725 aliquando
2949 5662 3142 5725 tandem
3174 5677 3196 5705 ι
3220 5661 3351 5725 Beati
3383 5672 3472 5711 au.-

1896 5747 1920 5777 ι
1943 5730 2127 5792 gustini
2149 5726 2444 5792 exponentis
2466 5720 3236 5792 tricesimum'sextumt’salmum
3257 5721 3348 5792 dis;
3367 5731 3470 5792 uta-

1896 5809 1921 5839 ι
1943 5781 2076 5842 lione
2097 5781 2418 5840 commonitus
2435 5795 2489 5837 et
2507 5794 2838 5847 compunctus,
2863 5781 3111 5846 publicare
3144 5796 3285 5832 suum
3302 5781 3471 5836 statuit

1898 5870 1922 5901 ε
1944 5861 2124 5910 votum,
2143 5859 2331 5902 mutare
2348 5852 2570 5912 gestiens
2582 5849 2812 5912 habitum.
2839 5863 2862 5891 »
2971 5908 2980 5912 _
3215 5908 3242 5912 __
3429 5862 3443 5871 ‘

1955 5908 2029 5979 (ὁ)
2053 5908 2250 5964 Habitus
2267 5908 2552 5972 Carthagine
2573 5924 2682 5962 cum
2703 5910 2891 5964 duobus
2909 5908 3340 5972 subsequentibus.
