4042 6466
529 410 644 479 ιω

539 534 710 596 nescit
733 520 904 603 :‘Quia
927 530 1056 590 'vero
1078 518 1338 589 Dominus
1366 520 1548 587 noster
1566 527 1720 585 Iesus
1740 523 1981 583 Christus
2005 539 2117 579 ma-

438 670 478 708 .
507 662 511 666 -
539 631 707 703 gisler
733 622 887 684 nobis
917 627 1112 682 miSSUS
1152 635 1265 692 est,
1298 624 1456 679 etiam
1486 621 1674 677 Filium
1716 619 1945 674 hominis
1990 618 2121 673 dixit

536 722 747 779 nescire
770 718 920 775 illum
940 710 1082 774 diem
1107 712 1296 788 (Marc.
1320 731 1432 779 xm,
1452 714 1569 791 3-2),
1593 715 1714 785 quia
1744 713 1796 767 in
1819 711 2121 780 magisterio

537 815 655 888 eius
677 816 784 871 non
806 814 922 869 erat
938 808 997 868 'u't
1019 827 1114 882 per
1133 812 1255 867 eum
1278 811 1508 867 sciretur
1528 824 1553 861 a
1578 807 1748 863 nobis.
1778 806 1957 879 Neque
1978 803 2119 859 enim

538 906 736 979 ahquid
767 902 868 961 scit
889 906 1044 961 Pater
1060 899 1204 976 quod
1225 892 1392 960 Filius
1418 902 1594 958 nescit
1624 919 1637 956 :
1666 917 1784 957 cum
1812 900 1928 972 ipsa
1950 897 2123 954 scien-

536 996 611 1056 tia
636 994 813 1055 Patris
856 987 943 1054 ilia
975 997 1062 1063 sit,
1096 1002 1213 1068 qua:
1257 992 1513 1067 sapientia
1544 995 1659 1065 ejus
1690 1002 1769 1048 est
1796 1013 1807 1049 :
1836 1001 1917 1050 est
1945 1002 2119 1047 autem

538 1089 797 1163 sapientia
826 1090 942 1160 ejus
964 1080 1132 1144 Filius
1161 1090 1294 1158 ejus,
1324 1084 1553 1144 \‘erbum
1580 1090 1713 1157 ejus.
1741 1082 1845 1142 Sed
1874 1086 1994 1156 quia
2020 1100 2120 1140 no-

538 1183 622 1239 bis
647 1182 784 1238 scire
814 1188 919 1237 non
953 1183 1220 1253 proderat,
1248 1180 1387 1252 quod
1414 1181 1625 1253 quidem
1656 1181 1742 1235 ille
1770 1184 2009 1241 noverat,
2032 1170 2120 1250 qui

537 1286 639 1331 nos
664 1273 857 1331 docere
878 1280 1124 1341 venerat,
1154 1288 1259 1328 non
1290 1281 1465 1328 tamen
1490 1266 1596 1329 hoc
1620 1271 1761 1343 quod
1790 1266 1939 1327 nobis
1965 1262 2121 1327 nosse

537 1380 644 1422 non
679 1365 964 1437 proderat;
994 1376 1101 1420 non
1142 1365 1313 1421 solum
1346 1366 1483 1419 sicut
1510 1364 1761 1435 magister
1798 1360 1992 1434 aliquid
2020 1360 2119 1418 do—

536 1460 665 1525 cuit,
689 1460 783 1516 sed
811 1460 948 1515 sicut
967 1460 1220 1531 magister
1244 1458 1442 1530 aliquid
1470 1472 1577 1514 non
1595 1461 1611 1491 ¹
1628 1459 1825 1515 docuit.
1847 1454 2118 1530 Tanquam

535 1555 679 1610 enim
705 1553 958 1625 magister
976 1553 1178 1609 sciebat
1204 1560 1258 1607 et
1277 1551 1470 1609 docere
1491 1553 1628 1625 quod
1658 1552 1923 1623 proderat,
1941 1562 1992 1607 et
2014 1568 2119 1621 non

534 1645 731 1701 docere
752 1644 897 1716 quod
937 1644 1141 1701 oberat.
1166 1643 1257 1701 Sic
1286 1653 1464 1699 autem
1492 1644 1719 1716 quodam
1751 1658 1943 1716 genere
1970 1644 2121 1700 locu-

536 1737 697 1795 tionis
724 1739 933 1793 nescire
965 1730 1135 1792 Filius
1171 1734 1365 1792 dicitur
1401 1735 1542 1807 quod
1574 1753 1677 1792 non
1706 1734 1864 1792 docet
1893 1754 1905 1790 :
1939 1734 1986 1790 id
2016 1743 2116 1803 est,

535 1832 745 1889 nescire
768 1820 963 1886 dicitur
987 1829 1128 1902 quod
1161 1833 1366 1887 nescire
1392 1845 1489 1886 nos
1519 1826 1661 1896 facit,
1689 1829 1955 1900 quomodo
1984 1844 2121 1902 quo-

536 1924 664 1980 tidie
706 1925 995 1995 loquimur,
1046 1916 1207 1979 modo
1260 1918 1488 1993 quodam
1538 1918 1842 1990 locutionis,
1890 1932 1946 1978 ut
1988 1920 2119 1979 dixi.

533 2010 737 2073 Ltctttin
766 2012 911 2071 enim
944 2014 1088 2071 diem
1123 2014 1369 2081 dicimus,
1399 2014 1521 2085 quia
1563 2015 1714 2070 laetos
1752 2026 1848 2070 nos
1879 2014 2035 2081 facit;
2068 2010 2123 2071 et

534 2108 740 2164 tristem
770 2108 934 2175 diem,
961 2109 1081 2179 quia
1112 2107 1289 2163 tristes
1316 2120 1414 2162 uos
1440 2105 1602 2173 facit;
1626 2116 1677 2162 et
1704 2106 1867 2178 frigus
1894 2107 2117 2179 pigrum,

534 2201 655 2270 quia
690 2200 874 2271 pigros
913 2208 1011 2252 nos
1049 2198 1191 2253 facit.
1229 2194 1507 2266 Quomodo
1534 2207 1717 2253 contra
1749 2197 1941 2252 dicitur
1964 2214 1992 2252 a
2018 2198 2123 2254 Do-

532 2290 719 2345 mino:
740 2287 893 2344 Nunc
924 2290 1167 2358 cognovi.
1196 2288 1403 2344 Dictum
1436 2298 1518 2345 est
1548 2286 1776 2344 Abrahae
1808 2310 1820 2345 :
1852 2286 2004 2344 Nunc
2033 2308 2118 2345 co-

533 2381 682 2454 gnovi
716 2378 851 2449 quod
879 2380 1055 2435 timeas
1080 2389 1134 2435 tu
1160 2379 1326 2436 Deum
1355 2378 1506 2453 (Cen.
1533 2382 1661 2446 nixu,
1695 2368 1807 2452 12).
1842 2376 1951 2436 lloc
1981 2381 2120 2439 Deus

535 2479 757 2528 noverat
785 2478 840 2526 et
867 2480 990 2527 ante
1018 2462 1165 2527 illam
1195 2470 1584 2544 probationem.
1609 2470 1738 2527 Nam
1764 2468 1852 2527 illa
1880 2466 2119 2545 probatio

533 2565 656 2623 ideo
679 2565 815 2622 facta
846 2560 948 2634 est,
971 2572 1030 2622 ut
1056 2580 1155 2622 nos
1186 2580 1467 2621 nossemus
1493 2564 1633 2638 quod
1661 2566 1798 2623 Deus
1827 2567 1930 2638 iam
1958 2582 2121 2623 nove-

531 2668 636 2725 rat,
679 2666 735 2715 et
780 2667 996 2731 prepter
1043 2670 1142 2716 nes
1184 2656 1454 2715 docendos
1499 2661 1942 2727 conscriberetur,
1976 2659 2120 2732 quod

532 2756 657 2806 ante
695 2751 1073 2806 documentum
1120 2748 1208 2805 ille
1248 2756 1469 2806 noVerat
1499 2768 1512 2806 :
1547 2761 1599 2806 et
1642 2748 1867 2807 fortasse
1908 2760 1962 2807 et
2005 2754 2120 2822 ipse

532 2840 801 2900 Abraham
816 2836 1051 2899 nendum
1066 2858 1260 2899 novera
1270 2853 1286 2897 t
1298 2859 1430 2915 quas
1441 2844 1582 2899 vires
1598 2838 1818 2901 haberet
1831 2842 1959 2899 ﬁdes
1972 2844 2116 2915 ejus:

530 2936 901 3005 unu5qui5que
920 2934 1063 2990 enim
1086 2938 1143 2991 se
1173 2936 1463 2991 tentatione
1486 2942 1733 3006 tanquam
1762 2937 2120 3007 interrogatus

528 3022 773 3098 agnus‘cit
796 3043 808 3080 :
833 3028 969 3083 sicut
992 3020 1181 3083 Petrus
1220 3042 1350 3098 quas
1380 3028 1522 3082 vires
1568 3026 1790 3084 haberet
1828 3027 1961 3084 ﬁdes
2003 3029 2119 3101 ejus

530 3118 717 3187 utique
744 3117 1039 3186 nesciebat,
1063 3117 1276 3188 quando
1302 3114 1435 3173 dixit
1464 3106 1692 3175 Domino
1718 3137 1730 3173 :
1755 3118 1941 3175 Tecum
1962 3123 1982 3152 ¹
2007 3137 2121 3175 sum

531 3220 689 3284 usque
714 3212 782 3266 ad
811 3218 1042 3267 mortem.
1068 3204 1328 3267 Domitius
1357 3216 1533 3266 autem
1578 3213 1665 3283 qui
1706 3221 1929 3268 noverat
1972 3229 2115 3281 eum,

533 3304 783 3377 praedixit
811 3304 900 3360 ubi
927 3302 1200 3371 deficeret,
1220 3305 1601 3374 'prtenuntians
1641 3304 1716 3360 illi
1760 3304 2120 3362 infirmitatem

532 3397 669 3467 ejus,
706 3402 955 3468 tanquam
986 3402 1126 3452 taeta
1157 3411 1291 3452 vena
1318 3396 1496 3453 cordis
1524 3397 1641 3469 ejus
1667 3398 1686 3468 (
1708 3395 1835 3452 Luc.
1867 3414 1997 3464 χχιι,
2026 3398 2114 3466 55,

531 3488 643 3560 54).
668 3478 898 3544 Proinde
916 3486 1127 3555 Petrus,
1152 3489 1241 3559 qui
1261 3497 1387 3545 ante
1406 3489 1754 3545 tentationem
1784 3492 2122 3563 praesumpsit

530 3578 600 3637 de
626 3592 705 3649 se,
735 3580 787 3635 in
817 3580 1109 3637 lentatione
1138 3581 1326 3636 didicit
1355 3598 1434 3637 se.
1463 3578 1550 3637 Sic
1579 3597 1705 3654 ergo
1743 3597 1848 3637 non
1889 3583 2121 3641 absurde

532 3674 794 3728 Sentlm‘us
823 3674 877 3729 et
906 3678 1110 3744 patrem
1141 3678 1383 3728 nostrum
1407 3672 1672 3728 Abraham
1700 3676 2018 3747 cognovisse
2043 3675 2120 3731 vi-

532 3776 621 3821 res
661 3764 782 3820 fidei
829 3772 958 3831 sua},
1004 3763 1093 3819 ubi
1143 3762 1323 3837 jussus
1367 3765 1645 3821 immolare
1689 3767 1904 3820 unicum
1952 3766 2119 3824 ﬁlium

537 3860 714 3923 suum,
738 3864 845 3913 non
884 3858 1147 3914 dubitavit
1175 3875 1274 3914 nec
1303 3858 1584 3932 trepidavit
1609 3858 1656 3914 ei
1694 3854 1883 3915 ofl'er're
1908 3862 1995 3931 qui
2025 3860 2121 3919 de-

534 3951 715 4018 derat;
744 3951 864 4022 quia
887 3946 1331 4022 quemadmodum
1352 3952 1575 4008 nescivit
1596 3951 1736 4007 unde
1761 3951 1979 4009 daturus
2004 3964 2121 4011 erat

536 4043 772 4099 nondum
805 4050 1011 4110 natum,
1040 4043 1118 4097 sic
1145 4042 1370 4098 credidit
1398 4058 1556 4114 posse
1589 4058 1839 4114 reparare
1878 4044 2120 4102 immola-

535 4144 667 4193 tum.
699 4135 844 4193 Dixit
871 4144 999 4209 e'rgo
1026 4123 1187 4203 Deus,
1210 4134 1365 4192 Nunc
1391 4139 1618 4209 cognovi
1644 4155 1657 4191 :
1682 4138 1824 4208 quod
1869 4139 2118 4212 intelligi-

531 4246 671 4296 mus,
693 4229 845 4287 Nunc
874 4238 1200 4302 cognoscere
1240 4237 1290 4285 te
1321 4230 1417 4286 feci
1448 4249 1463 4287 :
1492 4230 1785 4287 secundum
1819 4231 2115 4290 locutiones

529 4334 663 4395 quas
698 4323 1215 4391 waitiiendav'imus,
1252 4323 1470 4395 Pigrqu
1520 4322 1707 4396 frigus,
1753 4318 1895 4397 quod
1940 4322 2118 4398 pigros

532 4415 720 4482 faciat;
752 4426 805 4471 et
846 4416 1022 4469 laetum
1046 4414 1210 4481 diem,
1240 4415 1385 4486 quod
1416 4418 1566 4470 lwtos
1590 4417 1753 4472 faciat
1778 4436 1791 4471 :
1813 4418 1891 4473 sic
1915 4433 2117 4490 cogno-

530 4523 708 4576 scens,
736 4508 879 4577 quod
904 4507 1493 4578 cognoscentes'faeiat.
1521 4508 1647 4564 lude
1677 4520 1758 4564 est
1786 4510 1915 4564 illud
1945 4528 1958 4563 :
1984 4510 2117 4566 Ten-
2184 4516 2191 4525 '

532 4609 605 4652 tat
640 4614 723 4653 vos
766 4596 1011 4651 Dominus
1041 4597 1179 4651 Deus
1207 4608 1382 4663 vester,
1415 4608 1467 4652 ut
1504 4600 1629 4653 sciat
1671 4600 1715 4654 si
1758 4601 1967 4672 diligitis
2004 4619 2118 4657 eum

530 4687 708 4761 (Deut.
732 4704 850 4755 xm,
875 4687 955 4760 5).
982 4688 1138 4741 Dabis
1173 4690 1313 4742 enim
1344 4688 1583 4758 profecto
1620 4691 1845 4747 Domino
1874 4694 1985 4749 Deo
2012 4710 2116 4750 no-

529 4789 663 4842 stro,
710 4779 817 4833 Deo
865 4788 1094 4844 summo,
1126 4770 1245 4833 Deo
1279 4776 1406 4833 vero
1449 4786 1690 4851 inag‘nat‘n
1738 4784 2112 4855 ignorantiam,

528 4868 671 4944 quod
702 4866 884 4941 utique
913 4872 1229 4942 sacrilegum
1252 4882 1373 4927 esse
1402 4874 1685 4944 intelliges,
1706 4876 1757 4930 si
1786 4868 1864 4931 sic
1889 4874 2115 4949 accepe-

528 4966 625 5032 ris,
653 4960 834 5019 Tentat
858 4974 949 5017 vos
974 4963 1226 5020 Dominus
1255 4974 1307 5018 ut
1333 4967 1478 5031 sciat,
1503 4974 1751 5036 tanquam
1771 4971 1893 5039 ipse
1920 4970 1988 5027 de
2014 4986 2115 5028 no-

527 5064 640 5112 stra
666 5054 961 5111 tentatiOne
984 5057 1248 5127 concipiat
1277 5057 1574 5125 scientiam,
1613 5058 1667 5112 in
1706 5062 1813 5129 duo
1841 5072 1957 5117 erat
1993 5074 2117 5122 ante

529 5148 849 5219 ignorantia.
882 5148 989 5204 Sed
1021 5149 1151 5219 quid
1188 5156 1288 5213 est,
1319 5146 1502 5204 Tentat
1526 5164 1633 5215 vos,
1662 5158 1715 5204 ut
1739 5153 1903 5207 sciat?
1928 5153 2117 5211 Tentat

529 5252 648 5309 vos,
679 5246 735 5295 ut
762 5241 907 5298 seire
929 5250 1023 5297 vus
1053 5241 1230 5298 faciat.
1252 5240 1495 5313 Accipite
1521 5258 1649 5315 ergo
1676 5256 1705 5298 a
1734 5249 2004 5303 contrario
2025 5262 2118 5305 re.

529 5332 709 5404 gulam
757 5332 1154 5405 intelligentiae;
1196 5342 1252 5391 et
1290 5336 1740 5408 quemadmodum
1781 5341 2118 5413 cumjDeum

530 5422 735 5480 auditis
761 5418 962 5494 dicere,
1000 5418 1246 5500 CognOvi,
1288 5422 1603 5500 intelligitis,
1648 5430 1980 5502 Cognoscere
2022 5447 2119 5491 vos

530 5514 631 5575 Ieci
662 5533 682 5574 :
704 5518 789 5575 sic
830 5526 888 5576 et
926 5530 1046 5576 cum
1088 5512 1281 5577 auditis
1307 5522 1375 5577 de
1400 5520 1538 5578 Filio
1564 5523 1827 5594 hominis,
1860 5526 1914 5582 id
1940 5536 2026 5584 est
2050 5527 2120 5586 de

595 5682 612 5714 ι
646 5682 720 5732 sic
749 5690 826 5736 Er.
850 5685 1061 5738 etmulti
1096 5693 1203 5737 suis.
1234 5692 1284 5737 At
1306 5692 1437 5748 tam,
1470 5684 1657 5752 aliquid
1680 5700 1774 5740 non
1803 5696 1968 5742 totum.
1997 5698 2117 5742 Tan-

531 5754 983 5876 ε’ῗκξΐῗέίίαθξῗὼτιεσιιιη
1016 5817 1215 5876 paratus
1252 5824 1361 5863 sum
1397 5824 1544 5876 usque
1576 5813 1643 5867 ad
1670 5821 1885 5867 mortem.
1920 5821 1976 5866 At
2008 5822 2114 5865 Mss.
2138 5820 2151 5847 ι

528 5870 758 5943 plerique
1052 5880 1258 5937 parata
1271 5888 1384 5929 sum
1406 5888 1425 5929 :
1447 5870 1503 5935 et
1522 5876 1721 5943 quidam
1748 5880 1970 5931 retineat
1988 5890 2113 5943 sunt,

529 5934 626 5989 hoc
645 5934 842 5998 habent,
866 5934 1077 6000 paratus.
1538 5934 1547 5973 ῖ

1778 410 1837 468 s.
1879 390 2248 466 Auensriitt
2281 400 2577 475 mscort

3708 426 3815 491 356

2230 524 2444 585 Christo
2473 522 2573 589 dici
2613 532 2752 605 quod
2793 535 2940 592 illum
2980 537 3117 595 diem
3142 532 3364 611 nesciat,
3405 536 3683 616 intelligite
3713 530 3818 607 diCi

2230 621 2369 687 quod
2412 626 2618 680 nescire
2658 625 2833 682 faciat.
2872 630 3007 698 Quid
3035 642 3117 687 est
3149 643 3348 701 autem,
3378 636 3584 692 nescire
3620 628 3826 696 faciat?

2228 707 2492 803 Dccultet,
2523 726 2579 771 ut
2607 722 2874 776 neseiatur
2902 723 3042 794 quod
3070 724 3223 782 nobis
3250 722 3404 798 prodi
3434 745 3542 785 non
3573 726 3815 803 prodest.

2228 800 2342 859 illoc
2370 818 2451 863 est
2478 808 2617 880 quod
2642 810 2772 880 dixi,
2799 815 3107 887 magistrum
3132 817 3326 874 bonum
3352 836 3508 878 nosse
3529 800 3657 895 quid
3682 826 3818 897 pro-

2228 899 2340 963 dat,
2366 916 2525 959 nosse
2550 904 2670 975 quid
2702 916 2879 977 tegat:
2903 909 3040 965 sicut
3059 910 3300 982 qua-dam
3329 929 3451 969 eum
3480 916 3707 988 legimus
3735 912 3820 974 di-

2229 999 2462 1055 stulisse.
2488 1001 2639 1057 Unde
2662 1004 3002 1077 intelligimus
3024 1024 3128 1063 non
3150 1009 3329 1065 omnia
3356 1012 3645 1081 promenda
3666 1029 3813 1081 esse,

2227 1106 2348 1163 quin
2384 1109 2576 1164 capere
2603 1113 2706 1165 non
2736 1109 2957 1168 possunt
2991 1099 3045 1155 hi
3083 1102 3273 1172 quibus
3308 1114 3645 1175 promuntur.
3674 1100 3819 1161 Dicit

2229 1185 2371 1239 enim
2401 1187 2525 1242 alibi
2552 1207 2564 1242 :
2591 1188 2758 1244 Multa
2796 1192 2952 1247 habeo
2992 1195 3127 1249 vobis
3150 1195 3334 1264 dicere,
3362 1198 3452 1252 sed
3481 1216 3579 1254 non
3608 1199 3818 1271 potestis

2226 1280 2318 1335 illa
2345 1291 2545 1353 portare
2569 1285 2717 1339 modo
2748 1285 2924 1359 (Joan.
2951 1305 3059 1354 xvr,
3095 1288 3207 1363 ιε).
3237 1280 3373 1348 Dicit
3399 1302 3453 1349 et
3478 1294 3768 1362 Apostolus
3799 1306 3815 1350 :

2230 1373 2352 1428 Non
2376 1378 2516 1445 potui
2546 1378 2684 1449 loqui
2709 1379 2843 1435 vobis
2863 1382 3008 1451 quasi
3026 1384 3393 1454 spiritualibus,
3421 1386 3507 1441 sed
3534 1391 3677 1457 quasi
3697 1373 3815 1441 dare

2227 1466 2445 1535 natibus,
2468 1472 2611 1540 quasi
2641 1475 2863 1541 parvulis
2890 1475 2941 1529 in
2968 1476 3168 1532 Christo
3196 1480 3274 1533 lac
3304 1482 3440 1534 vobis
3466 1491 3642 1551 potum
3664 1482 3809 1551 dedi,

2226 1572 2326 1611 non
2370 1576 2534 1614 escam
2559 1577 2577 1616 :
2598 1579 2756 1632 neque
2782 1566 2917 1619 enim
2953 1569 3233 1637 poteratis;
3258 1572 3347 1625 sed
3376 1587 3463 1625 nec
3488 1572 3657 1627 adhuc
3692 1574 3815 1645 qui-

2228 1644 2341 1705 dem
2365 1654 2572 1724 potestis
2594 1657 2613 1724 (
2641 1654 2655 1707 l
2680 1655 2797 1710 Cor.
2820 1674 2899 1726 ιιι,
2925 1660 2977 1727 Ι,
2999 1659 3076 1731 2).
3103 1661 3219 1729 Quo
3243 1662 3454 1733 proﬁcit
3478 1664 3575 1720 iste
3596 1644 3816 1721 sermo?

2227 1742 2295 1800 Ut
2319 1748 2569 1817 quoniam
2591 1748 2735 1805 diem
2763 1752 3110 1808 novissimum
3142 1755 3339 1810 scimus
3364 1766 3667 1824 venturum,
3697 1758 3810 1813 uti-

2226 1837 2347 1895 liter
2390 1851 2566 1896 autcm
2608 1843 2810 1900 scimus
2846 1853 3128 1901 venturum
3166 1856 3223 1904 et
3264 1849 3465 1904 utiliter
3505 1850 3814 1922 ignoramus

2227 1934 2440 2004 quando
2463 1943 2718 1993 venturus
2741 1939 2833 2005 sit,
2862 1946 3104 2009 paratum
3130 1956 3225 1996 cor
3249 1939 3538 1998 habeamus
3562 1940 3700 2000 bene
3726 1944 3814 2000 vi-

2226 2026 2432 2094 vendo;
2466 2036 2519 2084 et
2548 2044 2654 2083 non
2683 2031 2856 2085 solum
2886 2047 2994 2087 non
3026 2034 3308 2090 timeamus
3337 2046 3615 2091 venturum
3660 2036 3813 2092 illum

2227 2119 2389 2186 diem,
2416 2120 2512 2178 sed
2545 2132 2601 2178 et
2625 2138 2887 2180 amemus.
2912 2125 3034 2180 Dies
3058 2127 3255 2198 quippe
3283 2129 3373 2184 ille
3408 2131 3545 2186 sicut
3584 2130 3814 2187 infideli-

2225 2210 2324 2266 bus
2354 2212 2589 2269 laborem
2615 2223 2796 2287 auget,
2821 2218 2898 2274 sic
2922 2218 3167 2275 fidelibus
3191 2220 3325 2277 t‘mit.
3349 2222 3486 2292 Quid
3513 2233 3689 2279 autem
3714 2223 3814 2280 ho-

2225 2318 2342 2359 rum
2372 2304 2598 2361 duorum
2626 2323 2748 2365 esse
2770 2310 2923 2377 velis,
2950 2322 3233 2384 antequam
3261 2314 3461 2380 veniat,
3488 2331 3625 2372 nunc
3643 2326 3728 2373 est
3754 2318 3809 2374 in

2224 2406 2521 2467 potestate;
2549 2415 2671 2456 cum
2720 2403 2946 2470 venerit,
2990 2421 3095 2460 non
3140 2406 3261 2461 erit.
3311 2406 3461 2479 Elige
3510 2422 3638 2480 ergo
3681 2422 3807 2465 cum

2226 2496 2435 2558 tempus
2456 2498 2539 2546 est
2567 2508 2579 2544 :
2608 2492 2730 2561 quia
2766 2493 2908 2549 Deus
2930 2494 3073 2566 quod
3109 2495 3527 2554 misericorditer
3552 2500 3806 2570 occultat,

2224 2581 2641 2639 misericorditer
2656 2583 2852 2640 ditl‘ert.

2295 2673 2350 2728 2.
2390 2674 2506 2731 Jam
2531 2692 2656 2733 vero
2684 2679 2809 2750 quia
2835 2679 2887 2745 in
2915 2695 3252 2753 quocumque
3277 2698 3474 2755 genere
3496 2685 3639 2754 vita,
3666 2678 3810 2757 quod

2226 2765 2385 2823 habet
2413 2770 2641 2839 aliquam
2668 2772 3085 2842 professionem,
3115 2791 3223 2830 non
3248 2791 3436 2832 omnes
3471 2777 3814 2837 inveniuntur

2235 2860 2420 2930 probi,
2450 2875 2554 2917 non
2591 2877 2782 2920 omnes
2818 2867 3063 2937 reprobi,
3097 2882 3162 2923 ex
3194 2868 3293 2923 hoc
3318 2879 3564 2940 apparet,
3590 2870 3712 2942 quia
3744 2872 3814 2929 de

2225 2952 2542 3023 quibusdam
2572 2956 2845 3031 hominum
2873 2960 3158 3029 generibus
3177 3002 3193 3028 ,
3229 2977 3348 3032 quae
3383 2978 3478 3033 per
3506 2963 3811 3019 similitudi—

2226 3061 2322 3101 nes
2347 3048 2397 3102 in
2424 3047 2714 3120 Evangelia
2744 3051 2903 3106 modo
2930 3054 3201 3124 proposita
3226 3054 3541 3123 audivimus,
3576 3057 3654 3114 sic
3681 3073 3815 3113 con-

2224 3139 2455 3196 cluditur
2484 3160 2497 3196 :
2530 3140 2675 3197 Unus
2701 3154 3005 3213 assumetur,
3029 3157 3077 3200 et
3101 3163 3232 3202 unus
3257 3149 3562 3216 relinquetur
3592 3149 3810 3223 (Matth.

2226 3248 2374 3301 xxrv,
2393 3234 2504 3307 40).
2520 3236 2836 3294 Assumctur
2855 3239 3042 3308 bonus,
3065 3242 3393 3315 relinquetur
3407 3247 3596 3303 malus.
3617 3246 3812 3304 Videa-

2227 3333 2314 3381 tur
2339 3325 2446 3381 duo
2471 3329 2523 3382 in
2552 3343 2714 3399 agro;
2741 3331 2928 3389 eadem
2966 3333 3231 3403 professio
3257 3345 3360 3404 est,
3391 3338 3484 3395 sed
3521 3355 3626 3395 non
3666 3340 3811 3399 idem

2225 3433 2336 3474 cor.
2366 3420 2760 3479 Professionem
2804 3424 2988 3481 vident
3027 3427 3303 3497 homines,
3341 3446 3435 3486 cor
3475 3433 3618 3489 novit
3645 3433 3808 3491 Deus.

2224 3511 2508 3579 Quodlibet
2555 3530 2682 3586 ergo
2722 3532 2853 3588 ager
2899 3519 3181 3591 signiticet,
3226 3522 3372 3580 Unus
3410 3537 3712 3593 assmuetur,
3761 3538 3812 3584 et

2224 3623 2356 3663 unus
2384 3609 2711 3680 relinquetur.
2740 3611 2858 3667 Non
2887 3615 3037 3683 quasi
3067 3614 3285 3671 dimidia
3324 3632 3451 3688 pars
3483 3630 3809 3689 assumetur,

2224 3700 2508 3756 etdimidia
2533 3704 2893 3775 relinquetur:
2912 3706 3005 3761 sed
3026 3722 3218 3776 genera
3243 3709 3512 3767 hominum
3534 3711 3641 3767 duo
3655 3713 3808 3770 dicit.

2226 3794 2294 3849 Et
2321 3793 2363 3847 si
2389 3793 2532 3848 aliud
2560 3810 2745 3850 eorum
2774 3797 2844 3851 sit
2868 3797 2921 3851 in
2946 3799 3152 3869 paucis,
3171 3800 3318 3857 aliud
3345 3803 3398 3857 in
3424 3803 3630 3871 stultis,
3663 3803 3809 3863 Unus

2224 3897 2526 3954 «sumetur,
2561 3897 2607 3943 et
2637 3905 2769 3945 unus
2810 3892 3155 3964 relinquetur:
3176 3895 3281 3951 hoc
3310 3907 3411 3959 est.
3432 3914 3599 3953 ιιιιιιιιι
3639 3915 3812 3971 genus

2224 3987 2546 4047 assumatur,
2570 3989 2624 4035 et
2643 3982 2866 4037 alterum
2895 3986 3239 4055 relinquetur.
3264 3988 3352 4044 Sic
3380 3991 3432 4044 in
3460 3989 3621 4059 lecto,
3646 3994 3726 4048 sic
3754 3995 3810 4051 in

2224 4070 2552 4126 molendino.
2578 4074 2913 4145 Exspectatis
2942 4077 3169 4135 fortasse
3194 4082 3323 4150 quid
3351 4083 3447 4137 ista
3477 4085 3585 4141 sint
3610 4104 3624 4140 :
3657 4088 3811 4146 vide-

2226 4152 2292 4217 tis
2319 4172 2456 4219 tecta
2487 4181 2628 4233 esse,
2653 4176 2707 4222 et
2733 4170 3169 4227 similitudinibus
3194 4174 3514 4243 quidwdam
3547 4179 3806 4239 involuta.

2224 4253 2408 4310 Potest
2438 4257 2568 4311 mihi
2597 4259 2740 4313 aliud
2773 4260 2966 4328 videri,
2996 4264 3151 4320 alteri
3180 4266 3322 4322 aliud
3345 4286 3359 4323 :
3382 4270 3475 4323 sed
3498 4287 3678 4342 neque
3703 4289 3808 4345 ego

2224 4361 2291 4402 eo
2314 4348 2453 4418 quod
2484 4349 2672 4405 dixero
2696 4354 2982 4421 praescribo
3008 4356 3163 4412 alteri
3191 4358 3258 4413 ad
3288 4362 3566 4420 meliorem
3590 4366 3809 4424 intelle-

2222 4450 2388 4508 ctum,
2437 4456 2535 4499 nec
2584 4443 2671 4498 ille
2723 4446 2850 4500 mihi
2896 4447 2963 4502 ad
3014 4459 3297 4521 utrumque
3346 4456 3808 4527 asapiatdunnsi

2223 4543 2508 4605 utrumque
2532 4552 2653 4591 cum
2683 4538 2784 4593 ﬁde
2806 4543 3114 4599 concordat.
3143 4544 3398 4607 “duntur
3425 4551 3566 4607 enin
3588 4555 3722 4611 mild
3746 4557 3808 4614 ill

2220 4640 2350 4698 agro
2379 4628 2623 4685 laborare
2652 4631 2740 4700 qui
2764 4643 3009 4700 praesunt
3026 4638 3320 4705 Eoolesiis;
3350 4642 3489 4698 siem
3516 4644 3809 4717 Apstolus

2222 4718 2351 4776 dicit
2377 4739 2389 4774 :
2421 4720 2514 4775 Dei
2541 4722 2874 4793 agricuieura,
2896 4725 2995 4781 Dei
3020 4728 3293 4799 aediﬁcatio
3310 4736 3457 4799 «tisi
3478 4736 3611 4794 Nm
3637 4749 3690 4795 et
3711 4758 3807 4798 ar.

2220 4810 2505 4868 cltitectutu
2531 4827 2592 4869 se
2626 4814 2771 4878 dicit,
2801 4832 2922 4872 cum
2958 4819 3126 4876 dicit:
3153 4820 3224 4877 Ut
3263 4825 3467 4894 sapiens
3497 4831 3811 4891 architectus

2222 4904 2607 4977 fundamentum
2657 4911 2805 4979 posui
2827 4918 2932 4966 μοι
2973 4913 3280 4983 agricolam,
3329 4932 3450 4974 cum
3494 4920 3644 4990 dicit,
3686 4922 3810 4997 Ep

2222 5001 2468 5073 plantam}
2501 5002 2689 5073 Apollo
2720 5005 2927 5076 rigavit,
2962 5008 3051 5063 sed
3083 5006 3222 5065 Dm
3250 5013 3621 5073 inerme-lum
3667 5021 3810 5076 ddi!

2218 5092 2267 5163 (1
2284 5093 2405 5148 Cor.
2429 5108 2504 5161 vt,
2521 5095 2576 5160 9,
2597 5095 2707 5165 10).
2729 5095 2785 5151 in
2809 5099 3113 5156 molendino
3131 5117 3260 5173 ergo
3274 5104 3413 5161 duas
3430 5108 3567 5165 dixit
3578 5110 3805 5181 tum.

2224 5200 2373 5249 μιν,
2401 5186 2516 5257 41),
2547 5202 2654 5243 non
2681 5188 2849 5256 duos;
2870 5193 3222 5265 credo,un
3255 5196 3368 5254 huic
3392 5200 3653 5270 nurum
3682 5205 3807 5274 pte.

2224 5276 2318 5332 bes
2338 5280 2595 5348 pertineat
2618 5298 2631 5333 :
2655 5281 2774 5352 quia
2790 5285 3065 5352 {impositi
3090 5298 3299 5357 regunt,
3324 5290 3506 5359 plebes
3522 5304 3802 5364 smmum

2220 5371 2291 5428 Et
2330 5373 2696 5429 animum
2741 5385 2870 5444 μω
2912 5377 3111 5433 dictum
3150 5381 3411 5438 mundum
3458 5386 3818 5459 issu-mania

2222 5474 2343 5520 vote
2376 5464 2605 5535 Quadam
2648 5476 2949 5538 {eruperunt
2991 5471 3241 5541 volvitur,
3270 5473 3637 5535 etiamne-es
3676 5490 3812 5540 sum

2224 5560 2470 5613 conterit.
2492 5560 2628 5614 Sunt
2651 5575 2777 5632 ergo
2802 5563 2891 5631 qui
2916 5563 2983 5619 de
3002 5567 3299 5623 actionibus
3319 5570 3498 5625 mundi
3522 5587 3630 5628 non
3656 5588 3813 5630 rere-

2223 5649 2359 5705 dunt
2382 5668 2396 5706 :
2420 5651 2514 5706 sed
2537 5658 2712 5709 tamen
2732 5663 2789 5709 et
2812 5656 2885 5711 ibi
2908 5657 2996 5711 alii
3013 5658 3154 5714 bene
3178 5671 3484 5729 cperantur;
3513 5664 3600 5717 alii
3629 5666 3771 5723 male
3794 5685 3809 5733 ;

2225 5741 2315 5796 alii
2346 5743 2443 5797 sibi
2469 5747 2666 5801 amicos
2686 5747 2882 5804 faciunt
2902 5750 2969 5806 de
2987 5766 3287 5807 mammona
3311 5754 3617 5826 iniquitatis,
3640 5774 3671 5813 a
3694 5761 3816 5831 qui.

2226 5834 2327 5888 bus
2356 5835 2680 5906 recipiantur
2709 5840 2758 5892 io
2792 5841 3124 5898 tabernacula
3152 5856 3352 5901 retenta
3383 5846 3543 5919 (Luc.
3569 5864 3681 5913 XVI,
3711 5851 3746 5909 9
3769 5853 3816 5928 ),

2230 5930 2421 6002 quibus
2454 5930 2644 5989 dicitur
2669 5951 2680 5987 :
2710 5934 2938 6004 Esurivi,
2970 5947 3015 5994 et
3041 5938 3250 5996 dedistis
3292 5942 3415 5998 mihi
3456 5943 3775 6005 tttattducau
3798 5948 3820 6012 ’δ
