4042 6486
179 405 276 474 33⁸7

179 523 260 587 alii
286 529 389 584 ista
415 525 718 596 ne‘glignnt,
743 520 932 592 quibus
957 517 1150 573 dicitur
1172 516 1188 547 ¹
1212 512 1284 569 ibi
1313 532 1324 568 :
1351 510 1569 572 Esuriin‘,
1599 518 1642 562 et
1667 521 1769 560 non

182 619 380 679 dedistis
402 618 534 671 mihi
558 616 865 670 manducare
887 610 1097 682 (Matth.
1124 623 1248 672 xxv,
1273 605 1362 670 35,
1382 603 1494 672 η).
1524 598 1770 663 Proinde,

183 717 296 786 quia
324 711 393 766 de
423 709 513 764 his
540 710 630 778 qui
664 711 942 761 versantur
973 703 1024 757 in
1056 699 1280 769 negotiis
1312 709 1366 750 et
1395 693 1644 766 eperibus
1672 691 1776 744 liti-

184 781 262 880 ius
290 802 507 868 mundi,
539 801 630 854 alii
660 798 888 869 diligunt
922 793 1237 850 benefacere
1281 786 1658 860 indigentibus,
1689 781 1779 836 alii

188 899 462 970 negiigunt
491 912 504 947 :
536 903 787 962 tan‘quam
815 889 880 944 de
905 887 1108 942 duabus
1139 886 1190 939 ‘m
1220 882 1526 938 molendino
1559 893 1664 932 una
1692 892 1779 930 as-

187 968 430 1054 tuntetur,
464 995 513 1040 et
549 999 654 1038 una
697 984 1020 1051 relinquetur.
1066 976 1285 1032 Lectum
1331 980 1505 1028 autem
1554 968 1782 1041 positum

192 1081 419 1137 arbitror
470 1090 572 1148 pro
616 1075 837 1145 quiete:
870 1072 993 1142 quia
1038 1077 1162 1123 sunt
1205 1066 1292 1137 qui
1338 1075 1511 1133 neque
1548 1061 1785 1116 actiones

194 1170 373 1226 mundi
409 1167 517 1238 pati
549 1166 755 1229 volunt,
786 1163 921 1218 sicut
955 1169 1080 1215 sunt
1109 1155 1373 1227 conjugati
1413 1154 1656 1208 homines
1693 1149 1787 1204 ha-

199 1265 385 1317 bentes
417 1259 634 1322 domos,
669 1253 914 1316 familias,
943 1251 1118 1313 ﬁlios;
1153 1259 1323 1318 neque
1351 1243 1546 1314 aliquid
1589 1242 1642 1296 in
1683 1241 1788 1295 Ec-

199 1355 355 1411 clesia
383 1359 574 1421 agunt,
599 1348 737 1402 sicut
758 1341 1028 1417 pra'positi
1055 1339 1197 1395 velut
1223 1340 1274 1393 in
1301 1335 1617 1406 agricultura
1643 1332 1792 1386 labo-

199 1455 374 1504 rantes
399 1465 414 1512 ;
444 1443 541 1499 sed
570 1442 714 1496 velut
745 1440 810 1494 ad
837 1438 952 1492 huic
981 1433 1193 1498 iniit-mi,
1223 1431 1482 1488 secedunt
1509 1429 1575 1483 ad
1605 1426 1792 1493 otium,

203 1550 249 1597 et
284 1539 453 1610 quieti
503 1550 625 1591 esse
671 1533 927 1602 diligunt;
958 1528 1121 1583 veluti
1163 1538 1428 1580 memores
1473 1519 1795 1576 infirmitatis

203 1647 328 1696 sum,
354 1645 464 1683 non
493 1642 555 1682 se
581 1619 1210 1690 coniniittcntcsmagtis
1237 1616 1551 1681 actionibus,
1580 1622 1630 1667 et
1660 1626 1795 1682 quo-

205 1719 493 1778 dammodo
540 1717 593 1772 in
642 1725 808 1770 strato
859 1711 1182 1766 inﬁrmitatis
1225 1716 1473 1778 rogantes
1517 1706 1701 1759 Deum.
1733 1701 1799 1757 Et

207 1813 314 1886 ipsa
334 1809 606 1884 professio
623 1807 782 1862 habet
803 1805 990 1869 bonos,
1009 1803 1168 1856 habet
1195 1800 1345 1856 ticius
1365 1818 1375 1851 :
1395 1796 1618 1869 proinde
1639 1796 1797 1849 etiam

209 1923 268 1964 ex
298 1908 382 1961 his
425 1920 560 1958 unus
599 1909 900 1964 assumetur,
928 1907 973 1952 et
999 1912 1128 1950 unus
1155 1895 1478 1959 relinquetur.
1506 1890 1584 1944 Ad
1611 1905 1800 1959 quam-

210 2013 434 2070 cumque
484 1994 875 2066 professionem
928 1993 980 2044 te
1030 1986 1380 2049 converteris,
1425 1998 1554 2054 para
1605 1991 1654 2036 te
1697 1981 1804 2051 pati

214 2092 361 2148 ﬁctos
389 2108 405 2142 :
429 2089 670 2158 aiioquin
695 2085 736 2138 si
766 2093 816 2138 te
839 2098 941 2136 non
965 2079 1255 2150 para-veris,
1280 2077 1517 2131 invenies
1538 2075 1676 2145 quod
1700 2089 1805 2128 non

217 2181 494 2254 sperabas,
513 2188 568 2233 et
590 2175 808 2231 deﬁcics
835 2181 923 2227 aut
945 2169 1359 2242 perturbaberis.
1381 2168 1458 2221 Ad
1479 2167 1653 2220 omnia
1680 2181 1806 2235 ergo

213 2277 264 2330 te
288 2281 538 2345 paratum
575 2269 701 2323 facit
727 2267 814 2337 qui
848 2264 940 2320 tibi
973 2263 1224 2332 loquitur,
1256 2274 1377 2314 cum
1409 2269 1619 2327 tempus
1650 2265 1729 2312 est
1755 2265 1809 2311 et

218 2367 288 2422 iiii
316 2361 602 2435 loquendi,
628 2359 862 2416 nondum
877 2353 1171 2427 judicandi,
1197 2360 1249 2406 ct
1274 2352 1365 2406 tibi
1389 2349 1658 2415 audiendi,
1675 2361 1810 2402 non-

219 2457 335 2514 dum
379 2455 584 2511 frustra
628 2448 942 2522 pmnitcndi.
979 2446 1078 2501 Est.
1115 2445 1256 2500 enim
1299 2442 1460 2498 modo
1497 2441 1812 2512 pmnitentia

219 2566 318 2606 non
367 2546 567 2604 frustra
599 2564 617 2600 :
649 2545 752 2600 erit
799 2551 925 2597 tunc
964 2539 1187 2595 ii-ustra;
1212 2537 1326 2592 Non
1363 2537 1503 2590 enim
1546 2545 1668 2591 tunc
1706 2550 1812 2590 non

222 2641 500 2714 pinnitcbit
529 2638 776 2692 homines
801 2635 941 2690 male
966 2632 1202 2687 vixisse:
1227 2628 1320 2684 sed
1349 2629 1494 2682 nullo
1525 2628 1683 2681 modo
1709 2627 1814 2682 illis

219 2735 412 2805 iustitia
455 2732 551 2786 Dei
581 2736 804 2784 revocat
833 2725 972 2797 quod
1015 2739 1108 2779 sua
1147 2722 1406 2793 injustit-ia
1450 2720 1810 2791 perdiderunt.

223 2830 426 2886 iustum
453 2827 600 2884 enim
631 2832 715 2880 est
742 2822 881 2895 apud
909 2823 1097 2883 Deum,
1128 2826 1186 2873 ut
1215 2816 1374 2872 modo
1413 2815 1678 2886 impertiat
1713 2815 1815 2870 mi-

225 2925 590 2992 sericordiam,
633 2933 759 2978 tunc
800 2928 1049 2978 exerceat
1084 2916 1364 2988 judicium.
1397 2913 1518 2969 Ideo
1546 2927 1686 2968 nunc
1711 2923 1818 2966 non

229 3023 450 3075 tacetur.
490 3019 575 3074 An
625 3016 865 3071 tacetur?
903 3015 1104 3084 Arguat
1148 3011 1393 3082 quisque,
1426 3013 1740 3068 murmurat,
1774 3006 1820 3060 si

229 3121 325 3166 non
371 3119 474 3181 per
519 3117 691 3163 totum
737 3107 922 3162 orbem
967 3104 1084 3159 hinc
1122 3101 1397 3172 Scriptura
1447 3101 1701 3154 recitatur
1741 3105 1822 3151 at—

225 3205 324 3274 huc
368 3207 654 3266 cantatur;
688 3198 734 3255 si
767 3206 941 3254 cessat
979 3198 1138 3253 etiam
1179 3194 1382 3250 venalis
1423 3191 1548 3248 ferri
1586 3207 1682 3263 per
1727 3205 1824 3260 pu-

227 3295 442 3352 blicum.

292 3387 344 3448 ὅ.
389 3388 552 3463 [λυρτε.
585 3383 741 3462 ’1,2.]
770 3384 876 3441 Sed
897 3398 1082 3439 revera
1113 3381 1216 3436 hoc
1245 3388 1298 3436 te
1329 3376 1606 3449 perturbat
1644 3375 1823 3430 homi-

231 3499 346 3541 nem
377 3482 770 3545 chriStianum,
802 3478 920 3549 quia
960 3476 1108 3532 vides
1148 3474 1287 3528 male
1336 3471 1578 3525 viventes
1607 3469 1784 3522 felices
1806 3509 1821 3534 ,

231 3589 404 3631 rerum
433 3576 660 3629 istarum
687 3571 840 3642 copia
869 3567 1258 3629 circumﬂuere,
1284 3578 1443 3618 sanos
1469 3575 1606 3626 esse,
1639 3574 1826 3628 super-

231 3669 310 3725 bis
333 3667 685 3739 dignitatibus
711 3665 946 3721 eminere
970 3705 984 3730 ,
1018 3660 1337 3716 incolumem
1367 3654 1564 3709 habere
1584 3652 1824 3719 domum,

234 3761 419 3834 gaudia
458 3768 682 3817 suorum
702 3800 716 3819 .
747 3750 1001 3826 obsequia
1029 3751 1324 3817 clientium,
1351 3746 1828 3805 excellentissimas

236 3855 501 3926 potentias
526 3894 542 3919 ,
591 3847 725 3907 nihil
772 3850 921 3905 triete
963 3844 1304 3914 interpellare
1347 3841 1511 3896 vitam
1540 3840 1775 3908 ipsortmi
1810 3855 1823 3891 :

235 3961 412 4001 mures
455 3943 816 4014 nequissimos
868 3938 1048 4004 vides,
1097 3936 1377 3990 facultates
1435 3930 1828 4001 cupiosissimas

235 4037 524 4108 perspicis;
559 4043 616 4089 et
639 4034 765 4088 dicit
793 4048 885 4087 cor
901 4041 1050 4085 tuum
1081 4025 1281 4082 nullum
1312 4037 1432 4081 esse
1466 4023 1702 4078 divinum
1745 4021 1831 4091 ju-

236 4128 456 4195 dicium,
489 4129 674 4182 omnia
710 4123 921 4182 casibus
953 4123 1075 4178 ferri
1106 4127 1159 4177 e't
1188 4119 1420 4174 fortuitis
1446 4118 1677 4172 motibus
1705 4131 1831 4170 vcn-

237 4222 394 4277 tiiari.
438 4211 573 4275 Nam
598 4221 648 4274 ’si
686 4215 843 4285 Deus,
877 4217 1072 4288 inquis,
1109 4225 1196 4268 res
1220 4211 1477 4266 humanas
1504 4210 1828 4279 respiceret,

237 4311 457 4370 ﬂoreret
486 4312 630 4366 illius
655 4311 904 4381 iniquitas
925 4350 940 4374 ,
973 4317 1024 4362 et
1054 4321 1171 4361 mea
1201 4303 1504 4359 innocentia
1527 4300 1832 4355 laboraret?

237 4403 424 4461 Dniais
449 4405 674 4460 morbus
700 4403 861 4457 animi
891 4401 1049 4456 habet
1080 4400 1132 4454 in
1157 4397 1446 4468 Scripturis
1474 4395 1833 4448 medicamen-

239 4506 354 4553 tum
384 4507 543 4552 suum
589 4496 720 4565 :qui
753 4503 881 4564 ergo
924 4493 1000 4547 sic
1043 4499 1264 4563 a‘grotat
1293 4532 1305 4554 ,
1367 4497 1423 4542 ut
1467 4488 1562 4542 ista
1595 4486 1736 4540 dicat
1781 4485 1835 4540 in

237 4589 402 4644 surde
433 4603 555 4654 suo,
588 4587 733 4642 bibat
765 4587 1032 4656 potieriem
1090 4583 1274 4653 psalmi
1319 4581 1496 4648 hujus.
1533 4578 1670 4647 Quid
1713 4576 1836 4631 est?

237 4679 442 4738 lterum
473 4679 816 4748 inspiciamus
846 4675 969 4747 quid
994 4676 1207 4730 dicebas
1227 4674 1250 4726 ’ἲ
1281 4671 1416 4741 Quid
1459 4667 1722 4736 dictiham,
1753 4667 1838 4722 in-

237 4776 393 4846 quis,
425 4774 528 4827 nisi
573 4771 714 4843 quod
741 4767 929 4825 vides?
960 4765 1081 4823 Mali
1126 4767 1337 4834 ﬂorent,
1371 4765 1494 4819 boni
1546 4763 1785 4817 laborant
1822 4781 1835 4817 :

237 4864 518 4942 quomodo
563 4864 662 4918 ista
712 4862 859 4916 videt
913 4859 1097 4916 Deus?
1124 4860 1347 4927 Accipe,
1393 4857 1514 4911 bibe
1545 4874 1556 4909 :
1589 4856 1700 4926 ipse
1745 4854 1839 4909 tibi

236 4956 408 5026 hanc,
436 4956 504 5012 de
530 4971 637 5027 quo
658 4955 759 5008 ista
797 4962 1102 5008 murmuras
1122 4994 1136 5018 ,
1170 4949 1479 5020 temperavit
1525 4948 1793 5018 potionem
1822 4964 1837 5003 :

241 5056 457 5104 tantum
501 5062 572 5102 ne
600 5059 819 5101 recuses
858 5043 1265 5099 saluberrimum
1300 5041 1580 5110 poculum;
1631 5053 1842 5095 accom-

236 5140 408 5194 moda
435 5153 534 5209 per
569 5151 752 5192 aurem
781 5151 840 5189 os
869 5134 1068 5200 cordis,
1092 5142 1144 5188 et
1171 5133 1292 5187 bibe
1320 5131 1458 5202 quod
1491 5131 1640 5186 audis
1669 5149 1681 5185 :
1717 5129 1844 5186 Noli

239 5232 485 5286 mmulari
506 5231 560 5285 in
583 5228 1000 5300 malignantibus,
1032 5241 1190 5295 neque
1215 5225 1467 5278 sittulerit:
1489 5225 1725 5293 facientes
1746 5223 1845 5277 ini—

237 5327 512 5396 quitatem.
541 5323 795 5390 Quoniam
825 5332 1058 5393 tanquam
1079 5323 1266 5391 fwnum
1291 5319 1389 5372 cito
1410 5325 1651 5382 arescent,
1674 5325 1718 5370 ct
1741 5317 1843 5370 sic-

239 5427 302 5472 ut
331 5421 481 5471 olera
535 5416 670 5485 prati
698 5416 796 5470 cito
827 5415 1024 5468 cadent.
1056 5412 1207 5482 Quod
1237 5412 1330 5466 tibi
1360 5412 1573 5480 longum
1614 5410 1841 5475 videtur,

235 5509 363 5564 cito
392 5515 475 5563 est
500 5507 614 5562 Deo
641 5525 657 5561 :
688 5505 949 5574 subjunge
973 5514 1028 5559 te
1053 5505 1182 5566 Deo,
1209 5512 1265 5556 et
1287 5502 1376 5556 tibi
1407 5502 1514 5556 cito
1533 5502 1655 5556 erit.
1692 5500 1845 5568 Quod
1913 5529 1916 5532 -

235 5603 322 5657 ait
343 5604 570 5672 frenum,
607 5598 709 5654 hoc
729 5597 1074 5667 intelligimus
1099 5594 1236 5650 olera
1263 5596 1415 5666 prati.
1451 5592 1584 5679 Vilia
1601 5593 1842 5664 quaedam

308 5798 327 5828 ¹
372 5802 419 5847 to
445 5794 580 5856 add,
604 5793 796 5856 dicetur
832 5789 914 5842 ibi.
960 5792 1050 5842 Sed
1087 5793 1252 5856 verius
1295 5795 1422 5848 Mss,
1449 5788 1627 5856 dicitur
1655 5788 1723 5839 ibi
1751 5803 1767 5839 .'
1801 5791 1850 5840 id

237 5867 346 5917 est,
378 5851 712 5930 int-:vaugelio
734 5855 866 5919 quod
887 5855 1102 5906 concioni
1126 5853 1409 5918 praelectum
1452 5851 1601 5903 fuisse
1636 5861 1848 5905 cottana-

240 5928 455 5973 nwavit
473 5931 720 5984 superius

1230 387 1624 453 unaunam
1661 387 1729 446 lN
1766 377 2088 445 PSALMUM
2129 381 2370 440 xxxvr.

1883 509 2038 567 sunt,
2067 508 2119 556 et
2144 497 2480 570 superﬁciem
2517 505 2677 556 terra:
2710 503 2946 560 tenentia
2976 505 3016 570 ι,
3045 501 3207 562 altam
3231 508 3466 567 radicem

1881 609 1988 651 non
2033 595 2250 650 habent.
2283 593 2510 649 Proinde
2538 611 2631 664 per
2657 594 2892 652 hiemem
2929 598 3102 654 virent
3131 619 3143 653 :
3172 610 3228 656 at
3256 603 3343 657 ubi
3385 604 3469 660 sui

1884 688 2084 744 insutis
2111 687 2413 742 fervescere
2436 688 2681 758 coeperit,
2711 699 2974 744 arescent.
3001 691 3155 748 lado
3181 707 3310 765 ergo
3335 705 3472 752 tern-

1884 795 1985 854 pus
2013 791 2094 836 est
2125 780 2336 846 hiemis,
2377 781 2545 851 gloria
2588 791 2675 836 tua
2723 784 2960 838 nondum
3003 795 3267 856 apparet:
3304 789 3399 845 sed
3426 791 3472 846 si

1887 875 1992 928 sita
2013 874 2166 929 radix
2187 883 2272 929 est
2290 874 2355 928 ch
2367 875 2563 929 ari-tatis
2593 883 2720 944 tina,
2751 877 2890 931 sicut
2911 879 3194 934 nautarum
3219 881 3474 939 arborum

1889 977 1985 1038 per
2013 967 2276 1034 hiemem,
2303 970 2490 1023 transit
2513 968 2701 1038 frigus,
2746 972 2925 1028 veniet
2966 981 3157 1040 aratas,
3191 975 3242 1030 id
3287 978 3476 1048 estiu-

1890 1059 2014 1114 dieii
2055 1060 2170 1114 dies
2215 1077 2227 1114 :
2261 1070 2386 1114 tunc
2415 1069 2622 1116 arescet
2662 1063 2806 1117 viror
2853 1065 2981 1120 tacui
3003 1108 3016 1132 ,
3047 1075 3176 1122 tune
3204 1070 3480 1139 "apparebit

1892 1153 2145 1208 arborum
2195 1154 2380 1224 gloria.
2434 1153 2624 1210 Morini.
2679 1159 2811 1212 enim
2854 1160 2997 1228 estis,
3047 1164 3122 1218 ait
3152 1166 3480 1235 Apostolus:

1893 1245 2162 1314 quomodo
2190 1246 2438 1301 videntur
2477 1249 2699 1304 arbores
2741 1261 2837 1322 per
2867 1252 3096 1309 hiemem
3120 1299 3132 1320 ,
3184 1261 3332 1328 quasi
3378 1261 3484 1316 ari-

1892 1334 1998 1400 dic,
2021 1337 2171 1408 quasi
2200 1347 2444 1392 mortuae.
2477 1340 2618 1410 Ergo
2643 1357 2761 1413 quae
2792 1355 2936 1414 spes,
2966 1347 3009 1401 si
3027 1349 3230 1404 mortui
3261 1353 3482 1408 sumus?

1897 1430 2044 1486 intus
2065 1440 2146 1485 est
2173 1432 2321 1485 radix
2357 1449 2370 1485 :
2407 1433 2494 1488 tibi
2531 1434 2682 1489 radix
2713 1447 2916 1502 nostra,
2951 1438 3022 1496 ibi
3047 1452 3101 1495 et
3130 1443 3238 1496 vita
3266 1454 3481 1511 nostra;

1897 1523 1971 1579 ibi
2015 1525 2154 1578 enim
2187 1524 2418 1581 eharilas
2457 1538 2660 1582 nostra.
2691 1527 2752 1582 Et
2789 1530 2892 1584 vita
2925 1541 3107 1600 uestra,
3135 1535 3334 1605 inquit,
3363 1539 3483 1594 abs-

1902 1619 2105 1671 condita
2135 1628 2210 1672 est
2238 1636 2353 1672 cum
2377 1619 2576 1676 Christo
2597 1622 2648 1675 in
2676 1621 2800 1676 Deo.
2829 1625 3054 1692 Quando
3081 1630 3274 1684 arescit
3302 1632 3489 1702 quisic

1901 1706 2063 1764 habet
2105 1711 2384 1766 radicem?
2421 1712 2644 1780 Quando
2691 1723 2868 1770 autem
2917 1721 3020 1772 erit
3065 1733 3161 1775 ver
3207 1723 3492 1778 nostrum?

1900 1802 2115 1871 quando
2163 1810 2320 1857 aistas
2369 1805 2588 1859 nostra?
2617 1807 2828 1875 quando
2876 1822 2976 1864 nos
3012 1808 3375 1870 circumvcstit
3411 1815 3494 1871 di-

1905 1896 2080 1966 gnitas
2125 1897 2411 1964 foliorum,
2472 1905 2527 1954 et
2583 1901 2796 1956 ubertas
2842 1902 3108 1960 fructuum
3165 1907 3494 1979 locupletat?

1901 1987 2118 2058 quando
2151 1988 2251 2044 hoc
2291 1989 2437 2044 erit?
2464 1991 2599 2046 Audi
2629 1994 2770 2063 quod
2799 1997 3077 2066 sequitur:
3109 1997 3237 2053 Cum
3265 2001 3493 2057 Christus

1909 2082 2219 2182 apparuerit,
2231 2083 2346 2182 “vita
2373 2094 2555 2150 vestra,
2585 2094 2702 2139 tunc
2731 2094 2779 2140 et
2804 2103 2890 2142 ros
2913 2105 3027 2143 cum
3055 2090 3168 2161 ipso
3187 2095 3496 2165 apparebitis

1909 2172 1962 2224 in
2006 2173 2167 2242 gloria
2198 2172 2419 2243 (Coloss.
2468 2191 2546 2242 in,
2578 2177 2633 2242 5,
2664 2178 2739 2248 4).
2789 2179 2924 2246 Quid
2969 2197 3096 2252 ergo
3141 2184 3342 2239 modo?
3370 2186 3497 2241 Noli

1911 2265 2140 2318 mutuari
2160 2265 2210 2318 in
2237 2267 2647 2337 malignantibus,
2679 2285 2838 2340 neque
2860 2273 3112 2329 annuleris
3133 2274 3372 2346 facientes
3395 2279 3500 2332 ini-

1912 2361 2168 2428 quitatem.
2199 2359 2449 2426 Quoniam
2475 2370 2711 2431 tanquam
2733 2364 2920 2433 [wnunt
2941 2367 3038 2420 cito
3060 2379 3315 2438 arescent,
3336 2378 3378 2425 et
3403 2372 3500 2426 sic-

1907 2461 1970 2505 ut
1991 2453 2128 2505 olera
2156 2455 2289 2522 prati
2314 2455 2412 2508 cito
2439 2456 2637 2510 cadent.

1988 2545 2040 2598 ι.
2099 2545 2250 2616 [υεγε.
2279 2547 2332 2609 3,
2363 2545 2442 2619 4.]
2471 2548 2608 2616 Quid
2639 2559 2764 2619 ergo
2791 2551 2888 2605 tu?
2915 2551 3082 2620 Spera
3119 2555 3172 2608 in
3203 2554 3503 2614 Dominum-

1917 2633 1996 2689 liti
2048 2636 2189 2689 enim
2237 2649 2453 2706 sperant
2506 2649 2610 2694 neri
2644 2641 2693 2694 in
2749 2643 3032 2698 Dominum
3075 2658 3092 2697 :
3134 2661 3257 2717 spes
3291 2649 3504 2709 illorum

1915 2727 2181 2792 mortalis,
2205 2741 2327 2796 spes
2352 2729 2563 2783 illorum
2583 2731 2800 2797 Caduca,
2828 2733 3048 2804 fragilis,
3072 2737 3320 2807 voiatica,
3351 2748 3504 2796 tran-

1920 2818 2103 2873 sitoria
2126 2859 2141 2886 ,
2175 2819 2345 2874 inanis
2368 2823 2493 2875 erit.
2528 2825 2693 2892 Spera
2723 2825 2774 2878 in
2809 2825 3104 2884 Dominum.
3138 2830 3275 2886 Ecce
3304 2847 3466 2902 spero
3488 2876 3504 2905 ,

1921 2910 2046 2978 quid
2102 2911 2242 2980 ago?
2274 2910 2340 2964 Et
2391 2915 2474 2983 fac
2515 2914 2800 2970 bonitatem.
2849 2918 2968 2973 Noli
3025 2921 3316 2992 malitiam,
3347 2941 3504 2996 quam

1920 3000 2147 3068 respicis
2199 3003 2252 3055 in
2303 3003 2408 3056 illis
2436 3005 2572 3059 male
2613 3004 2926 3064 ﬂorentibus
2961 3027 2974 3063 :
3005 3016 3090 3083 {ac
3143 3014 3432 3086 bonitatem,
3462 3025 3506 3074 et

1921 3091 2150 3146 inhabitat
2174 3103 2378 3148 terram.
2411 3095 2487 3150 Ne
2517 3095 2653 3152 forte
2680 3099 3142 3161 bonitatcmcxtra
3172 3107 3511 3168 inhabitatio-

1926 3199 2050 3240 ncm
2098 3196 2252 3241 terrae
2275 3187 2463 3243 facias.
2495 3190 2656 3246 'l'erra
2683 3194 2828 3248 enim
2863 3195 3096 3264 Domini,
3130 3168 3367 3258 Ecclesia
3395 3205 3512 3275 ejus

1923 3287 2008 3333 est
2038 3297 2051 3333 :
2075 3279 2243 3348 ipsam
2268 3280 2422 3352 rigat,
2449 3282 2620 3352 ipsam
2643 3286 2771 3341 colit
2791 3285 2881 3342 ille
2902 3291 3131 3359 agricola
3149 3292 3306 3350 Pater
3330 3295 3512 3369 (han.

1926 3386 2018 3436 xv,
2052 3373 2130 3440 i).
2165 3371 2308 3427 stulti
2355 3375 2497 3428 enim
2527 3378 2676 3446 quasi
2728 3390 2985 3436 exercent
3025 3383 3163 3439 bona
3191 3401 3384 3456 opera,
3418 3391 3512 3448 sed

1927 3465 2048 3535 quia
2079 3475 2185 3519 non
2209 3465 2508 3521 inhabitant
2539 3477 2756 3537 terram,
2789 3485 2896 3526 non
2928 3477 3194 3543 pertinent
3217 3480 3282 3533 ad
3308 3483 3514 3551 agrico-

1927 3560 2054 3615 lam.
2088 3563 2226 3632 Ergo
2257 3563 2336 3617 fac
2361 3563 2651 3618 bonitatem
2677 3608 2692 3632 ,
2722 3579 2828 3622 non
2870 3577 3021 3624 extra
3065 3580 3282 3639 terram,
3307 3577 3400 3631 sed
3429 3578 3515 3632 in-

1927 3650 2104 3706 habita
2129 3662 2349 3708 terram.
2379 3653 2446 3709 Et
2465 3655 2592 3726 quid
2625 3655 2878 3713 habebo?
2910 3659 2976 3714 Et
2996 3665 3218 3731 pasceris
3241 3667 3295 3720 in
3327 3668 3519 3727 divitiis

1931 3744 2060 3814 ejus.
2094 3744 2223 3812 Qua:
2253 3755 2378 3799 sunt
2406 3746 2605 3801 divitia:
2634 3747 2750 3816 ejus
2778 3752 2978 3805 terrae?
3007 3752 3214 3809 Divitiae
3254 3756 3376 3827 ejus
3407 3760 3517 3816 Do-

1931 3837 2107 3891 minus
2133 3837 2248 3908 ejus
2275 3881 2290 3905 ,
2333 3837 2532 3894 divitiae
2560 3841 2677 3910 ejus
2722 3841 2860 3897 Deus
2895 3844 3030 3913 ejus.
3065 3846 3184 3917 ipse
3206 3860 3290 3905 est
3318 3852 3408 3908 ille
3431 3855 3520 3909 cui

1927 3928 2162 3995 dicitur;
2223 3929 2357 3986 Pars
2399 3949 2546 4001 mea,
2599 3931 2818 3991 Domine
2844 3935 3014 4009 (Psal.
3053 3957 3227 4009 Lxxn,
3253 3944 3368 4013 26).
3402 3947 3522 4019 ipse

1933 4031 2016 4076 est
2047 4023 2134 4076 ille
2163 4022 2230 4077 de
2258 4037 2365 4094 quo
2394 4025 2591 4080 dicitur
2613 4044 2626 4079 :
2652 4025 2899 4082 Dominus
2923 4046 3042 4100 pars
3065 4034 3371 4092 hwreditatis
3393 4053 3520 4096 mete

1935 4122 1984 4166 et
2033 4114 2204 4168 colicis
2251 4116 2351 4169 mei
2397 4115 2568 4186 (Psal.
2600 4133 2688 4183 xv,
2731 4120 2808 4186 5).
2840 4122 3058 4178 Recenti
3089 4137 3337 4183 sermone
3378 4143 3523 4188 eum.

1935 4205 2306 4260 mendavimus
2333 4206 2407 4278 (a)
2434 4207 2693 4265 Charitati
2723 4211 2953 4281 Vestrae,
2981 4223 3035 4268 et
3066 4215 3231 4271 Deum
3253 4233 3372 4276 esse
3389 4237 3522 4293 pos-

1936 4298 2228 4351 sessionem
2271 4309 2504 4354 nostram
2527 4341 2540 4364 ,
2579 4310 2634 4354 et
2673 4315 2773 4357 nos
2814 4317 2934 4359 esse
2981 4309 3372 4373 possessionem
3405 4313 3521 4370 Da“.

1937 4388 2074 4443 Audi
2105 4390 2227 4458 quia
2257 4389 2457 4444 divitia:
2479 4400 2636 4446 terrm
2667 4391 2823 4462 hujus
2851 4395 2965 4462 ipse
2981 4403 3069 4450 est
3101 4414 3114 4450 :
3142 4399 3262 4454 vide
3285 4403 3414 4470 quid
3441 4419 3524 4460 se-

1938 4481 2139 4549 quitur,
2175 4481 2431 4535 Detectare
2464 4482 2519 4536 in
2551 4482 2788 4537 Domino.
2837 4485 3113 4558 Tanquam
3138 4491 3435 4561 transieris,
3465 4505 3524 4553 et

1940 4571 2156 4638 dixeris,
2181 4573 2414 4628 Ostende
2436 4574 2568 4628 mihi
2594 4575 2804 4630 divitias
2829 4585 2990 4632 terra:
3036 4580 3197 4645 illius,
3227 4584 3279 4636 in
3305 4597 3406 4656 qua
3435 4603 3522 4646 me

1936 4663 2092 4734 jubes
2115 4665 2354 4720 habitare
2379 4683 2392 4731 ;
2423 4665 2706 4733 Delectare,
2735 4668 2930 4741 inquit,
2955 4671 3012 4726 in
3049 4671 3292 4745 Domino,
3313 4687 3362 4732 et
3386 4680 3529 4738 dabit

1944 4759 2029 4811 tibi
2055 4759 2318 4829 petitiones
2340 4760 2507 4813 cordis
2535 4761 2629 4814 tui.

2015 4852 2066 4907 5.
2095 4853 2378 4921 Signanter
2420 4853 2602 4934 accipe
2645 4853 2910 4923 petititmcs
2951 4855 3117 4911 cordis
3155 4859 3246 4913 tui.
3273 4860 3532 4924 Disce'me

1944 4945 2230 5014 petitiones
2273 4944 2453 5000 cordis"
2495 4945 2571 4999 tui
2612 4955 2639 4997 a
2676 4945 3018 5013 petitionibus
3055 4951 3252 5031 carpis,
3285 4953 3533 5015 discerne

1945 5047 2199 5107 quantum
2241 5045 2412 5107 potes.
2456 5037 2565 5092 Nec
2595 5035 2791 5092 frustra
2823 5037 3022 5095 dictum
3073 5052 3155 5098 est
3197 5044 3256 5100 in
3301 5050 3532 5118 quodam

1947 5129 2154 5199 psalmo
2180 5145 2193 5183 :
2226 5128 2366 5182 Deus
2394 5129 2561 5182 cordis
2586 5128 2704 5182 mei.
2736 5128 2810 5183 ibi
2837 5132 2980 5186 enim
3006 5136 3248 5205 sequitur
3282 5146 3338 5194 et
3365 5141 3530 5197 dicit:

1949 5219 2016 5273 Et
2045 5235 2164 5290 pars
2190 5233 2301 5273 mea
2333 5218 2476 5273 Deus
2501 5231 2643 5273 meus
2665 5220 2717 5273 in
2747 5223 2936 5277 swcuta
2983 5223 3159 5294 (Paul.
3209 5244 3380 5296 usti,
3411 5232 3529 5305 26).

1950 5311 2108 5366 Verbi
2139 5312 2328 5382 gratia,
2357 5325 2530 5367 caecus
2557 5320 2637 5368 est
2658 5325 2907 5385 corpore,
2930 5326 3082 5386 rogat
3103 5327 3160 5374 ut
3181 5320 3530 5380 illuminetur.

1913 5402 2052 5458 ista
2078 5405 2099 5436 ⁸
2129 5411 2304 5473 roget,
2353 5403 2481 5473 quia
2527 5411 2580 5459 et
2627 5403 2730 5459 ista
2775 5405 2914 5461 Deus
2960 5405 3120 5475 facit,
3161 5418 3219 5466 et
3261 5412 3359 5467 ista
3393 5414 3534 5472 Deus

1948 5603 2046 5716 ὦ
2069 5601 2256 5715 Αέἓυοι
2294 5606 2422 5660 Mss,
2469 5599 2686 5665 tcgentia.
2733 5598 2818 5650 Alii
2863 5599 3072 5664 quidam,
3096 5606 3270 5661 tenent.
3312 5619 3424 5660 nam
3461 5610 3534 5663 al-

2015 5679 2046 5713 n
2089 5679 2118 5714 e

2015 5679 2266 5798 εἈιιξῒνΕΓ.
2295 5733 2350 5796 et
2366 5732 2466 5774 tres
2489 5732 2594 5798 Mss.
2639 5726 2760 5785 loco,
2783 5723 2878 5774 ista
2914 5731 3063 5788 reget,
3087 5726 3269 5778 habent
3293 5768 3307 5792 ,
3333 5739 3431 5784 esto
3459 5750 3538 5788 ro-

1945 5797 2043 5854 get.
2071 5789 2160 5854 Alii
2188 5797 2310 5848 uss,
2335 5789 2421 5838 iste
2447 5796 2594 5854 roget.

2016 5853 2087 5922 (ᾳ)
2113 5852 2159 5899 id
2184 5846 2304 5922 sane
2325 5846 2678 5922 commendavit
2713 5861 2872 5922 supra,
2901 5847 3016 5922 col.-
3166 5858 3216 5902 et
3247 5851 3356 5918 295,
3391 5873 3538 5922 super

1953 5909 2189 5981 psalmum
2219 5913 2282 5964 32
2299 5924 2526 5964 sermone
2549 5912 2711 5962 habito
2732 5909 2859 5973 apud
2896 5909 3234 5975 Carthaginem
3273 5919 3323 5970 in
3345 5909 3539 5979 basilica
