4042 6470
522 475 744 579 praestat
776 517 791 555 :
822 496 919 555 sed
961 496 1151 566 rogant
1193 489 1310 547 hate
1339 486 1498 544 etiam
1549 480 1697 540 mali.
1742 476 1935 534 Petitio
1987 475 2105 579 haec

520 563 717 656 carnis.
760 563 1085 654 lnﬁrmatu'r,
1125 592 1280 655 rogat
1315 594 1374 636 se
1405 579 1612 634 salvum
1650 571 1805 628 ﬁeri:
1837 568 2018 624 salvus
2047 563 2113 621 ﬁt

521 690 835 749 moriturus.
869 683 937 738 Et
962 682 1066 738 ista
1108 677 1293 749 petitio
1318 671 1496 728 carnis
1521 676 1604 724 est
1632 684 1646 721 :
1676 673 1731 721 et
1778 663 1823 718 si
1852 675 1955 732 qua
1982 666 2109 714 sunt

522 784 669 842 talia.
696 777 890 837 Petitio
914 772 1091 831 cordis
1119 783 1243 842 qua:
1267 766 1391 823 est?
1427 764 1576 820 Sicut
1602 757 1788 831 petitio
1807 753 1984 812 carnis
2003 760 2106 819 est,

524 875 662 932 velle
683 871 784 928 sibi
804 865 1044 939 reparari
1068 864 1086 896 ι
1115 860 1322 927 oculos,
1345 857 1528 926 utique
1555 852 1621 907 ad
1642 847 1925 906 videndam
1951 843 2110 899 istam

526 970 729 1033 lucem,
759 936 881 1035 quae
926 958 1121 1016 talibus
1157 952 1327 1011 oculis
1355 947 1522 1005 videri
1552 952 1729 1017 potest
1770 959 1784 996 ε
1827 940 1898 996 ita
1925 936 2110 1010 petitio

527 1027 800 1129 cordis'ad
828 1055 985 1110 aliain
1032 1050 1206 1105 lucem
1259 1042 1510 1115 pertinet.
1556 1036 1705 1094 Beati
1741 1033 1885 1089 enim
1923 1027 2111 1085 mundi

529 1122 725 1218 corde,
755 1147 1007 1222 quoniam
1040 1142 1138 1215 ipsi
1189 1140 1352 1195 Deum
1404 1132 1657 1189 videbunt
1687 1125 1904 1200 (Matth.
1934 1139 1993 1222 v,
2029 1119 2110 1222 8).

529 1214 798 1318 Delectari:
824 1243 878 1296 in
906 1238 1153 1302 Domino,
1183 1243 1231 1288 et
1257 1231 1396 1286 dabit
1432 1226 1520 1282 tibi
1539 1223 1802 1297 petitiones
1830 1217 1997 1274 cordis
2017 1214 2111 1270 tui.

602 1314 656 1396 6.
680 1336 836 1412 [uers.
873 1334 926 1400 ὅ,
955 1329 1036 1404 6.]
1060 1328 1202 1384 Ecce
1246 1321 1494 1379 desidero
1514 1359 1529 1385 ,
1558 1330 1728 1412 rogo:
1739 1312 1864 1367 volo
1901 1328 1916 1365 :
1945 1320 2117 1379 egone

532 1403 765 1503 Implebo
786 1428 810 1482 ?
830 1426 970 1483 Non.
1010 1403 1143 1491 Quis
1185 1415 1351 1488 ergo?
1379 1410 1565 1468 Revela
1591 1409 1657 1462 ad
1687 1405 1959 1461 Dominum
1985 1403 2117 1503 uiam

534 1489 692 1595 tutim,
724 1531 772 1578 et
811 1536 960 1592 spera
986 1489 1050 1570 ini
1075 1529 1190 1569 eum
1210 1553 1226 1578 ,
1258 1518 1305 1563 et
1331 1508 1438 1578 ipse
1460 1504 1631 1575 faciet.
1676 1498 1852 1556 Indica
1884 1493 1960 1549 illi
1993 1489 2118 1595 quid

535 1581 781 1691 patiaris,
823 1581 997 1666 indica
1048 1604 1124 1660 illi
1174 1599 1303 1673 quid
1357 1595 1511 1652 velis.
1541 1591 1679 1663 Quid
1709 1589 1852 1646 enim
1880 1581 2120 1657 pateris?

533 1677 667 1767 Caro
695 1677 1004 1773 concupiscit
1026 1697 1263 1752 adversus
1281 1690 1537 1762 spiritum,
1577 1696 1623 1740 et
1651 1683 1860 1751 spiritus
1883 1677 2122 1731 adversus

537 1816 740 1858 carnem
762 1768 902 1870 (Gal.
930 1808 983 1858 v,
1015 1787 1125 1860 l7).
1153 1784 1289 1854 Quid
1310 1797 1439 1853 ergo
1464 1776 1587 1833 vis?
1612 1774 1806 1845 Infelix
1832 1786 1921 1842 ego
1949 1768 2119 1834 homo,

535 1895 648 1962 quis
674 1909 753 1947 me
771 1864 1008 1944 liberabit
1029 1884 1091 1938 de
1119 1895 1329 1951 corpore
1361 1874 1536 1930 mortis
1562 1869 1752 1942 hujus?
1779 1865 1983 1936 thuia
2010 1864 2124 1962 ipse

536 1987 719 2052 faciet,
751 1998 869 2038 cum
899 1975 1221 2035 revelaveris
1249 1970 1316 2027 ad
1343 1984 1464 2024 eum
1488 1967 1625 2021 viam
1647 1971 1788 2017 tuam
1811 2002 1827 2027 ,
1856 1956 1978 2012 vide
1997 1952 2126 2027 quid

538 2081 777 2152 sequitur
809 2095 825 2132 :
870 2073 1053 2152 Gratia.
1075 2068 1171 2122 Dei
1220 2082 1309 2137 per
1346 2062 1524 2117 Jesum
1555 2058 1811 2115 Christum
1852 2051 2126 2106 Dominum

540 2147 768 2232 nostrum
797 2147 974 2243 (Rom.
1007 2181 1101 2228 vn,
1128 2162 1221 2228 24,
1248 2158 1375 2229 ⁸25).
1420 2153 1556 2221 Quid
1587 2164 1716 2221 ergo
1746 2147 1982 2243 facturus
2011 2152 2123 2209 est,

474 2326 475 2329 η
540 2268 663 2341 quia
689 2240 884 2320 dictum
918 2267 1003 2315 est
1034 2276 1047 2312 :
1079 2253 1266 2310 Revela
1291 2248 1359 2303 ad
1407 2245 1682 2300 Dominum
1723 2240 1854 2295 viam
1880 2247 2039 2302 tuam,
2080 2243 2127 2289 et

541 2328 691 2434 spera
736 2358 791 2411 in
817 2371 931 2410 eum
954 2394 969 2420 ,
1000 2360 1047 2405 et
1087 2350 1197 2419 ipse
1232 2344 1382 2416 faciet
1409 2356 1427 2395 :
1454 2336 1582 2411 quid
1622 2332 1821 2390 faciet?
1853 2328 1920 2384 Et
1951 2328 2129 2383 educet

546 2422 674 2511 sicut
697 2452 866 2505 lumen
883 2443 1137 2517 justitiam
1169 2449 1326 2493 tuam.
1354 2433 1511 2489 Modo
1541 2429 1684 2487 cnim
1710 2422 2019 2481 abscondita
2047 2428 2131 2477 est

543 2546 745 2623 justitia
772 2552 859 2599 tua
884 2514 904 2596 γε
929 2540 980 2593 in
1010 2536 1112 2590 ﬁde
1137 2548 1223 2588 res
1269 2536 1384 2593 est,
1432 2523 1671 2581 nondum
1704 2521 1756 2575 in
1790 2516 1987 2589 Specie.
2016 2514 2129 2623 hli-

542 2606 672 2714 quid
708 2634 884 2703 credis
929 2639 984 2685 ut
1031 2626 1231 2691 facias,
1281 2618 1517 2676 nondum
1548 2614 1698 2670 vides
1742 2609 1884 2682 quod
1928 2606 2126 2663 credis.

547 2700 679 2792 Cum
705 2700 881 2786 autem
926 2721 1155 2794 cmperis
1181 2715 1363 2772 videre
1388 2710 1528 2783 quod
1555 2704 1847 2769 credidisti,
1869 2700 2129 2758 educetur

549 2833 601 2888 in
629 2826 866 2885 lumiue’
888 2818 1091 2893 justitia
1110 2825 1232 2870 tua:
1257 2805 1596 2881 quiajustitia
1628 2811 1714 2857 tua
1746 2807 1861 2854 erat
1882 2796 2015 2851 ﬁdes
2043 2801 2132 2847 tua

549 2882 796 2994 ἷίὶᾴδασ.
824 2882 996 2984 11:4).
1024 2909 1204 2965 Justus
1223 2903 1364 2961 enim
1386 2915 1449 2954 ex
1479 2895 1582 2951 ﬁde
1608 2892 1735 2948 vivit
1763 2888 1996 2994 (Roma;
2018 2882 2132 2988 l7).

621 3015 676 3068 7.
703 3010 768 3067 Et
798 2977 969 3063 educet
997 3001 1128 3058 velut
1154 2998 1323 3052 lumen
1332 2990 1590 3063 justitiam
1619 2996 1780 3049 tuam,
1810 2989 1857 3035 et
1879 2977 2133 3051 judicium

549 3118 687 3165 tuum
719 3105 846 3159 sicut
876 3096 1135 3154 meridiem
1170 3108 1188 3145 :
1227 3088 1331 3144 hoc
1359 3092 1442 3139 est
1468 3082 1672 3137 clarum
1709 3078 1910 3130 lumen.
1936 3071 2133 3126 Parum

550 3164 668 3257 erat
695 3172 875 3252 dicere
898 3233 913 3257 ,
963 3196 1016 3242 ut
1060 3184 1251 3239 lumen.
1282 3179 1483 3233 Lumen
1512 3172 1652 3230 enim
1676 3169 1786 3239 jam
1813 3164 2039 3221 dicimus
2081 3168 2137 3217 et

552 3305 675 3349 cum
700 3252 959 3347 albescit,
990 3280 1169 3333 lumen
1199 3272 1423 3327 dicimus
1449 3274 1504 3321 et
1528 3279 1649 3319 cum
1684 3259 1768 3316 sol
1796 3257 1966 3312 oritur
1995 3273 2009 3310 :
2042 3252 2137 3308 sed

554 3394 825 3455 nunquam
873 3346 955 3432 est
976 3370 1169 3428 clarior
1197 3366 1286 3420 lux
1312 3375 1470 3433 quam
1497 3355 1674 3412 medio
1698 3352 1805 3407 die.
1825 3348 1944 3455 Non
1963 3346 2137 3448 solum

553 3437 899 3547 erg—deducet
919 3465 1058 3521 sicut
1097 3458 1276 3514 lumen
1300 3450 1561 3523 justitiam
1596 3454 1738 3500 tuam
1757 3484 1770 3507 ,
1799 3439 1893 3545 sed
1921 3437 2135 3547 eritju-

555 3529 754 3627 digium
782 3572 929 3619 tuum
963 3565 1212 3624 tanquam
1255 3544 1527 3602 meridies.
1578 3536 1734 3594 Modo
1762 3533 1902 3591 enim
1930 3529 2138 3623 judicas

553 3617 1022 3733 sequi—Christum,
1053 3617 1156 3701 hoc
1206 3635 1568 3713 proposuisti,
1618 3631 1721 3685 hoc
1763 3617 2007 3733 elegisti,
2037 3622 2140 3725 hoc

555 3712 916 3825 ;:judicittm
959 3712 1107 3798 tuum
1131 3756 1148 3792 :
1177 3712 1335 3790 nemo
1382 3728 1473 3783 tibi
1503 3722 1735 3824 ostendit
1761 3717 1903 3789 quod
1932 3712 2143 3786 promi-

556 3813 628 3909 sit
700 3840 1080 3916 promissorem
1118 3827 1292 3883 adhuc
1321 3832 1472 3878 tenes
1494 3860 1510 3884 ,
1560 3813 1939 3916 exhibitore'm.
1959 3818 2142 3907 autem

911 3929 966 3984 in
1005 3921 1206 3996 judicio
1240 3931 1369 3986 ergo
1414 3910 1538 3967 ﬁdei
1587 3916 1692 4009 tua:
1724 3900 1942 4010 ‘elcgisti
1994 3894 2144 3966 sequi

559 3994 703 4108 ᾆῖιέξιι
731 4041 835 4084 non
859 3994 1028 4076 vides.
1062 4014 1118 4069 In
1162 4004 1476 4108 abscondito
1522 4009 1605 4108 est
1647 3994 1901 4108 judicium
1960 3999 2141 4108 tutum;

560 4078 1175 4188 adhuc-reprehenditur
1198 4109 1255 4156 et
1280 4095 1528 4154 irridetur
1552 4090 1621 4145 ab
1647 4083 1951 4188 inﬁdelibus
1972 4099 1985 4135 :
2008 4078 2146 4147 Quid

534 4176 878 4276 -credidisti?
907 4202 1044 4273 Quid
1069 4198 1162 4254 tibi
1183 4193 1426 4252 Christus
1451 4180 1740 4276 promisit
1765 4178 1900 4276 Quia
1929 4176 2149 4276 immor:

869 4266 1094 4356 etwdabit
1137 4288 1232 4345 tibi
1258 4285 1421 4340 vitam
1445 4273 1745 4335 mteruam?
1774 4272 1862 4326 ubi
1891 4277 1973 4325 est
2011 4266 2149 4321 hoc?

530 4365 776 4475 :quando
793 4365 979 4452 dabit?
1008 4382 1220 4458 quando
1243 4378 1362 4435 ﬁeri
1389 4371 1608 4445 potest?
1636 4365 1858 4475 Judicjas
1885 4372 2067 4475 tamen
2095 4368 2150 4413 tu

754 4452 907 4559 sequi
934 4452 1202 4539 Christum
1233 4467 1631 4543 promittentem
1666 4456 1809 4565 quod
1842 4469 1950 4511 non
1977 4452 2148 4565 vides;

566 4539 736 4658 Et;
755 4539 1547 4658 vibipiumreprehendente‘m.
1575 4548 1871 4608 credidisse
1917 4553 1970 4599 te
2010 4539 2152 4658 quod

569 4633 1004 4737 vides.
1154 4656 1260 4712 hoc
1284 4660 1363 4707 est
1386 4646 1645 4719 judicium
1675 4650 1829 4696 tuum
1859 4656 1873 4692 :
1914 4644 1970 4692 et
1997 4633 2152 4706 quale

570 4730 917 4837 sitjudicitim
944 4766 1092 4810 tuum
1121 4791 1138 4816 ,
1168 4746 1344 4802 adhuc
1383 4756 1487 4797 non
1533 4742 1755 4837 apparet
1785 4750 1798 4786 :
1829 4730 2026 4837 in.is'to
2045 4741 2154 4829 ste-

721 4851 871 4925 quasi
924 4861 1033 4905 nox
1069 4849 1174 4899 est.
1231 4832 1455 4906 Quando
1481 4843 1611 4900 ergo
1659 4825 1851 4881 educet
1891 4819 2155 4920 judicium

574 4910 906 5008 luunt'velut
925 4930 1242 4995 meridiem?
1268 4929 1400 4984 Cum
1428 4922 1675 4980 Christus
1703 4912 2011 4986 apparuerit
2049 4910 2157 4964 vita

548 5000 788 5102 host—ra,
835 5002 962 5088 tuitc
1003 5034 1060 5082 ct
1084 5037 1182 5079 vos
1204 5035 1326 5077 cum
1375 5017 1489 5086 ipso
1513 5006 1840 5081 apparebitis
1886 5005 1939 5058 in
1987 5000 2157 5102 gloria

538 5194 545 5201 ,
825 5143 903 5194 tu,
931 5122 1010 5195 ι).
1036 5119 1174 5178 Cum
1212 5112 1421 5171 venerit
1460 5104 1646 5180 judicii
1676 5103 1794 5158 dies
1813 5142 1832 5170 ,
1875 5107 1935 5207 et
1955 5096 2162 5207 venerit

575 5191 843 5286 Christus,
875 5191 930 5273 et
955 5191 1361 5286 congregaverit
1393 5214 1581 5259 omnes
1603 5204 1792 5270 gentes
1825 5191 2158 5264 judicandas,

542 5378 549 5385 ,
575 5284 705 5392 quid
724 5313 830 5371 erit
850 5306 1018 5366 tunc?
1045 5284 1245 5372 Impius
1269 5297 1355 5354 ubi
1379 5290 1672 5351 abscondet
1693 5284 1967 5392 perﬁdiam
1988 5297 2159 5384 suam,

538 5378 549 5475 ,.
578 5373 701 5467 dum
718 5405 899 5467 videro
920 5398 1080 5454 ﬁdem
1101 5388 1314 5449 meam?
1344 5388 1482 5457 Ergo
1504 5381 1662 5438 modo
1680 5378 1845 5449 quid?
1872 5373 2161 5445 Angustias,

582 5498 950 5558 tribulationes
973 5499 1029 5547 et
1064 5483 1406 5543 tentationes.
1430 5478 1498 5533 Et
1525 5477 1712 5531 beatus
1741 5470 1830 5541 qui
1858 5468 2110 5540 perdurat
2147 5484 2162 5521 :

580 5696 591 5705 ι
647 5663 665 5694 ι
698 5661 771 5711 sic
791 5666 895 5706 Mss.
917 5658 972 5702 At
993 5649 1127 5720 Edd.,
1472 5688 1473 5691 η

647 5726 666 5756 ι
698 5708 919 5782 odiaque
939 5721 1069 5774 Mss,
1102 5708 1355 5761 in'lumeu.

1726 368 1789 420 8.
1831 352 2201 417 AUGUSTlNl
2238 350 2538 411 EPISOOPI
2608 374 2617 383 -

2213 470 2336 541 quia
2380 468 2470 539 qui
2499 464 2928 539 perseveraverit
2954 479 3124 537 usque
3167 463 3222 523 in
3260 464 3444 532 ﬁnem,
3490 462 3581 520 hic
3622 461 3807 520 salvus

2213 561 2317 617 erit
2338 559 2550 631 (Matth.
2581 573 2731 624 xxrv,
2762 557 2875 626 15).
2925 554 3203 610 Neccedat
3237 554 3681 621 insultatoribus,
3734 566 3807 612 ne

2214 652 2377 723 eligat
2414 650 2500 704 hic
2528 649 2718 703 florere
2739 649 2829 701 ut’
2854 662 2920 702 ex
2950 647 3142 702 arbore
3170 647 3367 702 faenum
3396 647 3505 700 llat.

2289 744 2343 800 8.
2361 741 2528 815 .[vers.
2550 738 2697 814 7-9.]
2716 738 2851 807 Quid
2877 738 3032 810 igitur
3047 737 3257 792 debeo?
3281 737 3418 806 Quid
3436 736 3633 795 debeas
3648 736 3806 793 audi:
3827 775 3838 815 ς

2219 836 2463 893 Subditus
2487 844 2592 889 esto
2616 831 2857 899 Domino,
2880 840 2925 886 et
2951 832 3154 886 obsecra
3172 847 3306 885 etim.
3335 828 3451 885 Hoc
3472 829 3543 886 sit
3560 832 3666 885 vita
3690 840 3806 897 tua,
3836 832 3839 837 ’

2218 926 2437 983 obedire
2467 923 2748 995 praeceptis
2773 922 2909 992 ejus.
2955 922 3067 978 Hoc
3103 930 3187 976 est
3232 920 3377 975 enim
3410 919 3682 977 subditum
3730 919 3813 977 illi

2220 1033 2360 1085 esse,
2397 1027 2452 1074 et
2490 1016 2795 1080 obsecrare,
2820 1013 2992 1070 donec
3018 1013 3109 1068 det
3131 1013 3273 1083 quod
3314 1011 3576 1084 promisit.
3622 1012 3815 1068 Perse-

2221 1121 2372 1169 veret
2409 1111 2606 1167 bonum
2634 1123 2789 1177 Opus,
2818 1117 3122 1179 perseveret
3139 1115 3196 1162 et
3214 1107 3405 1161 oratio.
3427 1105 3649 1175 Oportet
3667 1106 3815 1161 enim

2221 1218 2434 1274 semper
2467 1216 2658 1269 orare,
2703 1208 2760 1256 et
2800 1214 2905 1254 non
2943 1198 3170 1253 deﬁcere
3212 1195 3381 1268 (Luc.
3414 1211 3572 1263 xvm,
3602 1197 3629 1251 1
3663 1196 3703 1267 ).
3758 1195 3818 1252 la

2225 1311 2333 1367 quo
2358 1309 2586 1366 appares
2611 1291 2891 1348 subditus?
2931 1289 3198 1345 Faciendo
3238 1288 3377 1360 quod
3404 1289 3675 1359 praecepit.
3707 1287 3819 1344 Sed

2224 1387 2528 1443 mercedem
2556 1384 2794 1440 nondum
2823 1382 3041 1454 accipis,
3067 1381 3201 1437 forte
3220 1380 3344 1452 quia
3367 1395 3560 1451 capere
3580 1380 3819 1435 nondum

2225 1489 2399 1551 potes.
2426 1478 2543 1533 Jam
2566 1475 2818 1532 enimille
2844 1482 3018 1545 potest
3038 1473 3187 1540 dare,
3214 1472 3310 1528 sed
3340 1480 3393 1526 tu
3420 1486 3523 1526 non
3550 1480 3701 1542 potes
3727 1487 3822 1527 ac-

2226 1574 2423 1644 cipere.
2453 1572 2718 1626 Exercere
2738 1568 3010 1638 operibus,
3028 1567 3209 1622 labora
3240 1564 3294 1620 in
3322 1566 3475 1631 vinea
3507 1582 3521 1619 :
3555 1564 3707 1619 ﬁnito
3731 1563 3824 1620 die

2228 1672 2351 1735 pete
2384 1661 2685 1717 mercedem
2721 1678 2734 1714 :
2764 1659 2938 1715 ﬁdelis
2963 1665 3048 1714 est
3070 1658 3162 1728 qui
3194 1668 3244 1711 te
3271 1656 3493 1711 adduxit
3516 1656 3583 1710 ad
3609 1656 3823 1713 vineam

2230 1755 2441 1828 (Matth.
2473 1752 2661 1825 xx,8).
2693 1751 2938 1806 Subditus
2960 1760 3065 1805 esto
3088 1748 3340 1812 Domino,
3376 1758 3421 1803 et
3452 1749 3655 1802 obsecra
3682 1763 3823 1802 eum.

2300 1848 2353 1903 9.
2398 1848 2534 1901 Ecce
2564 1845 2733 1909 facio;
2775 1842 3018 1899 subditus
3061 1857 3180 1898 sum
3224 1842 3472 1908 Domino,
3513 1850 3568 1895 et
3593 1840 3828 1895 obsecro

2231 1958 2373 1999 eum.
2419 1940 2524 1997 Sed
2566 1939 2694 2010 quid
2740 1938 2837 1994 tibi
2880 1936 3126 1993 videtur?
3174 1935 3391 1991 Vicinus
3434 1935 3524 1989 ille
3565 1950 3825 2005 nequam,

2231 2036 2371 2091 male
2395 2048 2558 2103 agens
2582 2039 2638 2087 et
2663 2030 2863 2086 florens
2887 2039 2999 2093 est;
3040 2027 3178 2083 furta
3213 2027 3328 2097 ejus
3347 2068 3362 2093 ,
3389 2026 3650 2082 adulteria
3680 2027 3825 2096 ejus,

2232 2126 2445 2196 rapinas
2472 2124 2588 2194 ejus
2621 2138 2722 2195 ego
2745 2122 2903 2186 novi;
2941 2122 2995 2176 in
3037 2120 3286 2176 omnibus
3316 2120 3508 2189 elatus,
3533 2119 3828 2189 superbus,

2235 2238 2329 2292 per
2355 2219 2685 2291 iniquitatem
2711 2218 2974 2273 exaltatus
2993 2229 3099 2270 non
3126 2230 3212 2268 me
3227 2213 3471 2285 dignatur
3490 2228 3786 2285 agnoscere
3812 2231 3828 2266 :

2234 2315 2286 2370 in
2316 2314 2399 2368 his
2427 2310 2696 2383 quomodo
2714 2307 2958 2365 duraho?
2976 2306 3192 2363 Morbus
3216 2306 3308 2361 illc
3328 2315 3427 2370 est,
3452 2305 3573 2360 bibe
3594 2315 3787 2360 contra
3813 2322 3829 2359 :

2237 2404 2321 2460 Ne
2344 2401 2687 2459 subtemuleris
2710 2417 2828 2457 eum
2854 2400 2940 2469 qui
2979 2405 3307 2469 prosperatur
3338 2396 3393 2450 in
3421 2397 3500 2450 uia
3535 2411 3647 2450 sua.
3697 2394 3834 2451 l‘ro—

2235 2505 2498 2569 speratur,
2527 2495 2623 2550 sed
2650 2495 2702 2548 in
2722 2494 2805 2547 via
2826 2506 2920 2548 sua
2951 2509 2964 2546 :
2992 2491 3224 2556 laboras,
3257 2488 3352 2544 sed
3397 2489 3451 2542 in
3491 2488 3570 2542 via
3597 2486 3715 2542 Dei.
3752 2486 3835 2541 Illi

2237 2590 2562 2663 prosperitas
2588 2589 2641 2643 in
2671 2590 2756 2642 via
2784 2595 2885 2652 est,
2916 2585 2969 2641 in
2997 2583 3344 2655 pervcntione
3372 2582 3655 2637 infelicitas
3685 2599 3698 2632 :
3732 2580 3833 2636 tibi

2237 2685 2388 2742 labor
2442 2684 2496 2738 in
2555 2683 2681 2750 via,
2738 2680 2791 2736 in
2849 2677 3198 2750 perveutione
3247 2675 3514 2741 felicitas;
3576 2674 3835 2745 quoniam

2238 2778 2343 2833 iter
2373 2775 2656 2846 impiorum
2683 2770 2895 2842 peribit.
2926 2769 3084 2825 Novit
3113 2767 3372 2823 Dominus
3399 2767 3503 2821 iras
3525 2766 3834 2836 justorum,

2239 2877 2296 2924 et
2342 2868 2445 2923 iter
2493 2865 2773 2935 impiorum
2824 2862 3018 2934 peribit
3069 2858 3257 2933 (Psal.
3303 2875 3353 2925 ι,
3406 2857 3504 2929 6).
3556 2855 3663 2912 llas
3717 2856 3838 2913 vias

2240 2960 2481 3015 ambulas
2526 2971 2661 3028 quas
2710 2956 2861 3009 novit
2897 2952 3194 3016 Dominus;
3226 2959 3281 3006 et
3313 2951 3358 3006 si
3396 2949 3607 3004 laboras
3642 2948 3696 3003 in
3727 2948 3834 3014 eis,

2240 3069 2351 3110 non
2380 3063 2431 3108 te
2456 3050 2707 3105 fallunt’.
2744 3046 2842 3102 Via
2869 3060 2995 3101 vero
3016 3044 3298 3113 impiorum
3325 3040 3546 3097 felicitas
3576 3039 3839 3095 transito-

2241 3146 2319 3201 ria
2350 3163 2364 3198 :
2398 3142 2546 3198 ﬁnita
2576 3141 2692 3205 via,
2721 3146 2932 3210 peracta
2959 3144 3043 3192 est
3076 3134 3316 3191 felicitas.
3347 3130 3560 3199 Quare?
3584 3129 3718 3198 Quia
3753 3129 3839 3187 via

2243 3241 2331 3296 illa
2362 3240 2467 3294 lata
2492 3245 2595 3303 est,
2627 3235 2746 3289 ﬁnis
2775 3232 2891 3303 ejus
2918 3231 2971 3285 in
3000 3226 3322 3301 profundum
3345 3224 3537 3281 inferni
3566 3223 3840 3294 perducit.

2244 3331 2342 3387 Via
2363 3345 2491 3384 vero
2508 3337 2596 3382 tua
2612 3332 2831 3396 angusta
2852 3330 2955 3387 est,
2975 3330 3027 3377 et
3045 3318 3196 3389 pauci
3214 3314 3581 3387 ingrediuntur
3599 3328 3696 3385 per
3715 3328 3841 3369 eam

2247 3423 2473 3497 (Matth.
2501 3436 2593 3487 vu,
2616 3421 2704 3486 1⁵5,
2734 3418 2835 3489 Li)
2866 3433 2879 3469 :
2907 3414 3001 3470 sed
3025 3413 3092 3469 ad
3114 3427 3271 3482 quam
3296 3409 3627 3465 latitudinem
3642 3422 3843 3496 perve-

2247 3490 2395 3573 niant
2405 3516 2425 3547 ⁸
2446 3515 2609 3570 debes
2624 3512 2875 3583 cogitare.
2896 3507 2977 3563 Ne
2987 3504 3330 3583 submleris
3342 3519 3456 3558 eum
3469 3502 3554 3573 qui
3570 3490 3845 3573 prospera-

2248 3620 2331 3667 tttr
2357 3612 2409 3664 in
2429 3609 2509 3664 tria
2530 3623 2642 3661 sua.
2673 3604 2741 3658 In
2767 3603 2966 3657 homine
2995 3600 3210 3672 faciente
3224 3596 3556 3667 iniquitatem,
3587 3592 3765 3647 desine
3783 3594 3846 3648 ab

2248 3704 2345 3771 ira,
2364 3711 2407 3756 et
2426 3700 2712 3767 derelinque
2737 3690 3011 3752 furorem".
3035 3689 3173 3760 Quid
3193 3685 3574 3745 stomacharis?
3597 3684 3738 3752 Quid
3754 3676 3846 3755 per

2251 3792 2578 3851 iracundiam
2608 3799 2662 3844 et
2689 3785 3107 3856 indignationem
3135 3781 3292 3836 istam
3333 3792 3423 3834 aut
3464 3777 3847 3848 blasphemas,

2251 3898 2341 3941 aut
2362 3898 2526 3956 prope
2554 3875 2923 3950 blasphemas?
2949 3874 3017 3929 In
3038 3874 3239 3929 homine
3263 3871 3476 3944 faciente
3495 3869 3848 3942 iniquitatem,

2253 3977 2419 4032 desine
2457 3976 2519 4028 ab
2556 3973 2669 4038 ira,
2714 3979 2760 4025 et
2802 3968 3088 4038 derelinque
3134 3968 3379 4039 furorem.
3421 3963 3608 4018 Nescis
3645 3978 3758 4034 quo
3800 3971 3851 4019 te

2256 4075 2508 4142 provocet
2541 4066 2619 4120 ira
2654 4062 2796 4120 ista?
2843 4062 3090 4116 Dicturus
3120 4074 3179 4115 es
3215 4058 3325 4113 Deo
3348 4056 3470 4128 quia
3501 4057 3717 4127 iniquus
3744 4067 3850 4122 est,

2254 4163 2382 4218 illuc
2406 4159 2594 4231 pergit.
2646 4157 2783 4212 Ecce
2812 4154 2903 4210 ille
2928 4168 3094 4225 quare
3121 4152 3248 4208 felix
3278 4159 3398 4215 est,
3439 4159 3494 4206 et
3537 4150 3626 4205 ille
3664 4150 3853 4206 infelix

2256 4255 2370 4311 est?
2413 4251 2548 4307 Vide
2572 4249 2698 4321 quid
2730 4246 2901 4319 pariat
2928 4263 2943 4303 :
2976 4244 3147 4301 olloca
3191 4245 3386 4299 malum
3421 4242 3852 4313 conceptionem.

2256 4346 2444 4400 Desine
2470 4342 2532 4396 ab
2558 4343 2659 4406 ira,
2686 4350 2732 4395 et
2753 4338 3041 4411 derelinque
3066 4336 3484 4407 indignationem,
3506 4342 3562 4389 ut
3580 4334 3695 4405 jam
3719 4335 3857 4390 resi-

2259 4439 2470 4510 piscens
2514 4434 2662 4489 dicas
2708 4449 2721 4485 :
2766 4429 3018 4485 Turbatus
3065 4436 3136 4482 est
3192 4442 3300 4499 pra
3351 4426 3430 4481 ira
3481 4426 3660 4479 oculus
3705 4440 3853 4479 meus

2261 4529 2446 4605 (Psal.
2501 4544 2586 4589 vn,
2640 4524 2737 4597 8).
2791 4522 2921 4593 Quis
2968 4521 3173 4585 oculus,
3228 4519 3329 4575 nisi
3369 4517 3531 4573 ﬁdei?
3574 4516 3859 4589 Interrogo

2260 4623 2472 4680 oculum
2503 4619 2624 4675 ﬁdei
2653 4627 2756 4673 tua:
2780 4634 2794 4671 :
2821 4613 3103 4670 Credidisti
3133 4612 3186 4667 in
3209 4610 3515 4674 Christum;
3543 4622 3713 4679 quare
3738 4622 3860 4663 cre-

2261 4714 2476 4773 didisti?
2505 4711 2641 4778 Quid
2680 4710 2773 4765 tibi
2804 4705 3084 4779 promisit?
3111 4704 3168 4761 Si
3194 4703 3503 4759 felicitatem
3542 4701 3727 4757 sazculi
3760 4702 3862 4755 hu-

2258 4809 2345 4881 jus
2386 4807 2481 4862 tibi
2525 4802 2766 4875 promisit
2808 4798 3083 4863 Christus,
3115 4810 3387 4852 murmura
3414 4792 3669 4849 adversus
3699 4791 3865 4848 Chri-

2266 4909 2429 4961 stum,
2449 4909 2718 4952 murmura
2759 4891 3015 4947 adversus
3049 4889 3221 4954 illum,
3250 4884 3463 4957 quando
3487 4883 3634 4939 vides
3665 4882 3867 4940 infide-

2268 4994 2372 5048 lem
2404 4990 2631 5045 felicem.
2664 4985 2802 5056 Quid
2832 4983 2925 5040 tibi
2949 4982 3196 5054 promisit
3232 4977 3537 5034 felicitatis?
3580 4976 3720 5043 Quid
3760 4977 3866 5033 nisi

2269 5087 2321 5141 in
2343 5080 2733 5139 resurrectione
2753 5073 3121 5133 mortuorum?
3146 5071 3281 5139 Quid
3312 5079 3487 5125 autem
3510 5069 3561 5122 iu
3580 5068 3680 5122 hac
3706 5068 3824 5122 vita
3844 5067 3866 5123 3

2268 5177 2418 5247 Quod
2445 5176 2559 5246 ipse
2588 5191 2602 5228 :
2635 5171 2776 5244 quod
2805 5171 2937 5241 ipse,
2957 5169 3193 5238 inquam.
3219 5164 3303 5220 An
3323 5161 3646 5232 dedignaris,
3678 5174 3873 5226 serve,

2271 5268 2553 5341 discipule,
2581 5262 2724 5336 quod
2752 5262 3029 5329 Dominus,
3061 5258 3204 5330 quod
3231 5256 3481 5328 magister
3502 5254 3563 5306 '?
3584 5252 3782 5308 Nonne
3803 5255 3874 5310 ab

2336 5429 2354 5461 ι
2394 5435 2493 5477 Am.
2521 5432 2573 5475 et
2591 5429 2722 5481 uss,
2745 5425 2791 5471 et
2821 5432 2887 5470 ex
2908 5415 3097 5477 arbore,
3124 5425 3218 5468 etc.

2335 5492 2356 5523 ³
2370 5474 2657 5556 Δἐίίξήοιιιηρέῖι
2678 5474 2831 5556 prope
2867 5488 2974 5556 Mss.
2995 5488 3066 5556 _At
3246 5487 3353 5556 Has
3367 5474 3470 5528 vias
3491 5474 3713 5535 ambula,
3764 5486 3876 5539 (uas

2271 5552 2399 5604 novit
2432 5547 2658 5601 Dominus
2676 5541 2694 5608 ξ
2715 5551 2760 5608 et
2769 5541 2825 5596 ’δί
2845 5541 3062 5595 ambulas
3081 5542 3135 5593 in
3155 5541 3246 5603 eis,
3278 5548 3374 5592 etc.

2338 5616 2358 5648 ³
2391 5621 2517 5669 ωδε..
2542 5606 2798 5675 perueniat.

2335 5677 2359 5709 δ
2390 5673 2606 5709 Nnnnnlrl
2629 5680 2720 5709 MSS
2761 5675 3051 5709 mnstanter-

2336 5677 2359 5709 ι
2390 5666 2608 5726 Nonnulli
2629 5680 2734 5722 Mss.
2761 5675 3053 5727 constanter,
3080 5666 3471 5731 indignationem.

2336 5740 2366 5808 '.
2391 5739 2465 5786 sic
2486 5735 2668 5808 αιίςιυοι
2687 5742 2794 5805 uss-
2817 5726 3513 5808 ερατ.γεξτρ,ξ9ξιίιξ-ιξξέξετῑι.ἑῑι

2275 5784 2411 5867 teris;
2428 5784 2673 5860 ’t'itt‘od'non
2693 5796 2815 5867 ipse,
2838 5795 2891 5845 in
2907 5805 3015 5856 qtae
3218 5789 3504 5867 dedignaris
3541 5798 3695 5845 serve,
3715 5784 3855 5840 duo.
3875 5817 3893 5824 -

2275 5849 2840 5929 mmmam.
2866 5849 3309 5919 αιεαηινηαᾰίειετν
