4042 6462
213 367 307 423 561

216 463 325 531 ipso
351 456 512 512 audis
549 471 565 510 :
599 455 726 511 Non
750 463 823 509 est
844 470 1018 508 servus
1039 452 1212 522 major
1234 452 1444 505 domino
1475 466 1590 513 suo,
1615 459 1663 502 et
1691 462 1797 503 non

214 564 283 609 est
304 549 594 623 discipulus
608 566 766 620 super
778 550 1086 618 magistrum
1101 544 1285 616 (Joan.
1310 560 1427 607 xm,
1449 542 1574 613 16)?
1596 540 1686 595 Ille
1699 553 1796 610 pro

218 657 266 700 te
289 645 507 699 dolores
534 642 771 713 ﬂagella,
803 639 1117 711 opprobria,
1148 652 1384 699 crucem,
1414 641 1642 687 mortem
1666 646 1794 700 pas-

217 755 305 796 sus
327 746 431 793 est.
488 737 555 791 Et
594 736 726 805 quid
763 736 957 789 horum
982 731 1132 800 justo
1159 727 1489 784 debebatur?
1514 724 1642 794 quid
1689 738 1793 777 non

216 833 305 887 tibi
329 828 608 900 peccaturi
640 827 966 883 debebatur?
994 824 1132 893 Ergo
1160 830 1282 875 tene
1306 820 1569 873 directum
1582 815 1796 869 oculum

212 944 375 1001 tuum,
401 948 470 987 ne
499 931 741 987 turbetur
768 933 967 999 praeira
998 946 1010 982 :
1039 925 1225 981 Desine
1239 923 1300 977 ab
1325 924 1421 987 ira,
1440 930 1485 975 et
1506 918 1792 986 derelinquc

213 1026 624 1097 mdignationem.
658 1021 709 1076 Ν
712 1039 739 1075 e
756 1020 1099 1077 subamtuleris
1119 1026 1174 1071 ut
1190 1015 1408 1086 maligne
1426 1013 1587 1083 facias
1605 1026 1623 1065 :
1639 1008 1792 1089 quasi

212 1114 463 1175 imitando
494 1129 618 1171 eum
647 1114 740 1184 qui
762 1113 991 1182 maligne
1013 1107 1256 1164 faciendo
1284 1106 1439 1160 ﬂoret
1464 1103 1528 1158 ad
1562 1114 1789 1171 tempus.

214 1206 290 1262 Ne
311 1205 689 1271 submuuleris,
714 1214 768 1258 ut
794 1202 1015 1273 maligne
1042 1201 1223 1272 facias.
1260 1197 1511 1263 Quoniam
1536 1195 1620 1265 qui
1646 1194 1794 1247 ntali-

212 1316 299 1371 gne
320 1307 504 1369 agunt,
535 1295 1015 1350 extenuinabuntur.
1037 1291 1142 1348 Sed
1172 1290 1477 1345 felicitatem
1502 1300 1689 1342 eorum
1718 1284 1794 1337 vi-

212 1392 322 1447 deo.
357 1390 535 1445 Crede
558 1389 632 1443 illi
659 1388 747 1459 qui
773 1387 900 1442 dicit
931 1404 943 1439 :
971 1383 1456 1440 Exterminabuntur
1487 1395 1504 1435 :
1530 1380 1652 1449 quia
1679 1394 1791 1432 me-

214 1484 307 1539 lius
346 1483 438 1537 ille
474 1481 621 1536 videt
645 1496 803 1550 quam
828 1489 904 1545 tu,
935 1479 1085 1547 cujus
1105 1476 1318 1533 oculum
1346 1474 1560 1529 turbare
1585 1472 1661 1526 ira
1688 1487 1794 1525 non

214 1587 399 1647 potest.
435 1575 691 1643 Quoniam
720 1574 804 1644 qui
842 1572 1060 1643 maligne
1090 1578 1249 1641 agunt
1267 1610 1283 1635 ,
1312 1564 1793 1623 exlerminabuntnr.

214 1668 529 1725 Sustinentes
551 1676 718 1720 autem
751 1664 1044 1719 Dominum.
1080 1660 1198 1717 Non
1227 1659 1370 1715 enim
1396 1658 1627 1728 aliquem
1649 1654 1797 1709 falla-

213 1776 342 1822 ιειιι,
378 1759 475 1813 sed
510 1758 689 1828 utique
716 1758 882 1827 ipsam
911 1754 1185 1810 veritatem
1219 1771 1232 1806 :
1263 1766 1371 1807 non
1403 1750 1545 1805 enim
1567 1747 1796 1817 aliquem

214 1852 382 1906 minus
408 1852 699 1915 valentem,
731 1847 823 1902 sed
852 1847 1033 1917 utique
1054 1845 1497 1913 omnipotentem.
1530 1839 1799 1896 Sustinea-

215 1954 279 1998 tes
294 1954 468 1997 autem
494 1940 787 2006 Dominum,
807 1957 821 1993 t
831 1940 903 2006 psi
929 1938 1221 1993 ltwreditate
1241 1934 1565 2007 possidebunt
1592 1942 1794 1986 terram.

214 2036 370 2102 Quam
404 2045 605 2089 terram
631 2075 646 2096 ,
675 2033 774 2087 nisi
798 2033 938 2086 illaut
967 2028 1291 2095 Jerusalem,
1319 2026 1472 2097 cujus
1497 2039 1681 2080 amore
1705 2022 1796 2095 qui

215 2126 529 2188 exardescit,
560 2123 829 2193 perveniet
858 2122 923 2177 ad
954 2120 1181 2192 pacem?

276 2219 361 2273 10.
402 2216 561 2290 [υεη.
588 2214 699 2287 10.]
724 2214 828 2271 Sed
844 2213 1092 2285 quamdiu
1122 2218 1371 2283 peccator
1392 2208 1589 2266 ﬂoret?
1614 2222 1800 2279 quam-

216 2310 293 2364 diu
321 2309 642 2365 sustinebo?
682 2307 927 2363 Festinas
953 2324 967 2360 :
998 2306 1107 2361 cito
1132 2306 1236 2361 erit
1262 2303 1405 2375 quod
1438 2302 1532 2358 tibi
1568 2301 1657 2357 diu
1694 2309 1796 2356 est.

215 2401 496 2455 inﬁrmitas
522 2398 645 2455 facit
673 2399 762 2453 diu
793 2396 961 2453 videri
986 2396 1126 2467 quod
1150 2397 1257 2451 cito
1281 2405 1382 2450 est.
1414 2392 1692 2460 Quomodo
1718 2392 1799 2447 in-

215 2494 495 2547 veniuntur
518 2489 788 2546 desideria
816 2488 1169 2560 tegrotorum?
1208 2486 1345 2542 Nihil
1376 2484 1599 2552 tamdiu,
1636 2500 1796 2554 quam

216 2595 265 2638 ut
287 2585 430 2639 calix
458 2583 662 2638 sitienti
694 2590 1035 2651 temperetur.
1068 2577 1259 2649 Utique
1286 2577 1565 2635 festinatur
1591 2590 1619 2628 a
1649 2574 1794 2640 suis,

216 2690 275 2729 ne
301 2675 443 2731 forte
460 2673 765 2729 offendatur
784 2670 1043 2726 infirmus.
1077 2668 1298 2738 Quando
1325 2668 1452 2723 fiet?
1479 2665 1691 2737 quando
1716 2681 1799 2720 co-

216 2764 439 2835 quetur?
467 2762 685 2835 quando
712 2761 960 2817 dabitur?
983 2760 1243 2815 Ccleritas
1267 2767 1350 2814 cst
1378 2758 1432 2812 in
1461 2757 1563 2811 illis
1587 2758 1675 2827 qui
1704 2755 1797 2810 tibi

215 2858 469 2922 serviunt,
518 2854 615 2912 sed
664 2855 943 2909 infirmitas
984 2863 1070 2907 tua
1112 2852 1419 2906 diuturnum
1466 2857 1613 2920 putat
1656 2848 1799 2919 quod

215 2948 311 3002 cito
336 2946 540 3018 agitur.
577 2946 716 3016 Ergo
743 2943 917 2998 videte
948 2942 1210 2997 medicum
1244 2950 1483 2995 nostrum
1516 2940 1798 2993 blandien-

218 3048 312 3092 tem
341 3040 560 3094 iuiirmo
576 3036 774 3091 dicenti
799 3054 811 3089 :
837 3035 914 3103 Qu
938 3034 1096 3087 .rndiu
1119 3031 1355 3087 durabo‘?
1382 3031 1633 3102 quamdiu
1660 3031 1800 3085 erit?

219 3128 275 3183 Et
300 3130 473 3183 adhuc
494 3128 760 3200 pusillum,
794 3136 956 3181 etnon
986 3127 1076 3179 erit
1098 3135 1345 3194 peccator.
1380 3124 1521 3178 lnlcr
1551 3133 1799 3194 peccato-

218 3234 293 3277 res
330 3231 482 3277 certe
526 3220 718 3290 gemis,
760 3218 827 3273 de
869 3226 1146 3287 peccatore
1192 3216 1361 3286 gemis
1395 3234 1408 3268 :
1439 3217 1707 3285 pusillum,
1746 3227 1801 3274 et

218 3330 309 3375 non
336 3314 463 3370 erit.
498 3312 577 3367 Ne
617 3310 788 3377 forte,
820 3311 940 3380 quia
976 3309 1066 3363 tibi
1108 3308 1250 3374 dixi,
1283 3308 1594 3363 Sustinentes
1635 3319 1803 3362 autent

221 3406 510 3472 Dominam,
543 3404 642 3474 ipsi
676 3402 968 3457 Itwreditate
996 3399 1317 3471 possidebunt
1342 3409 1549 3466 terram,
1584 3416 1650 3453 ne
1679 3414 1803 3454 sus-

218 3499 492 3554 tinentium
540 3496 694 3550 istam
740 3493 1103 3564 longissimam
1148 3500 1332 3561 putes;
1377 3491 1644 3545 modicum
1675 3505 1802 3544 sus-

218 3592 353 3657 tiae,
384 3590 507 3647 sine
540 3591 644 3643 line
672 3587 901 3657 accipies
938 3584 1080 3655 quod
1121 3583 1370 3638 sustines.
1418 3582 1609 3637 Adhuc
1639 3583 1802 3650 pusil-

218 3681 319 3737 lum
351 3700 368 3735 ;
400 3680 697 3736 modicum.
730 3677 923 3732 Recole
946 3690 1115 3734 annos
1141 3675 1210 3730 ab
1240 3674 1409 3729 Adam
1437 3689 1603 3745 usque
1626 3675 1679 3729 in
1708 3674 1807 3729 ho-

218 3773 459 3830 diernum
484 3772 653 3837 diem,
676 3784 927 3841 pereurre
948 3768 1247 3839 Scripturas
1272 3785 1285 3822 :
1317 3767 1431 3823 heri
1459 3783 1595 3838 pene
1622 3768 1709 3824 ille
1734 3768 1805 3825 de

218 3865 462 3936 paradiso
503 3863 686 3932 lapsus
725 3870 824 3917 est.
862 3860 963 3915 Tot
1004 3859 1196 3914 Sil‘Cllla
1239 3875 1454 3915 emensa
1497 3871 1551 3915 et
1588 3861 1803 3915 evoluta

218 3966 355 4011 sunt.
387 3954 493 4012 Ubi
521 3963 645 4008 sunt
668 3952 932 4023 prmterita
970 3950 1250 4019 tempora?
1274 3951 1361 4006 Sic
1388 3966 1548 4020 pauca
1572 3968 1689 4022 quae
1714 3967 1804 4007 re-

217 4057 373 4117 stant,
396 4048 585 4117 utique
608 4044 927 4101 transibunt.
960 4043 1016 4099 Si
1046 4053 1159 4100 toto
1185 4043 1279 4099 illo
1308 4054 1545 4114 tempore
1572 4045 1800 4111 viveres,

218 4156 281 4197 ex
306 4156 419 4213 quo
443 4140 618 4195 Adam
648 4138 716 4195 de
742 4137 986 4208 paradiso
1010 4137 1261 4191 dimissus
1290 4146 1373 4191 est
1398 4153 1566 4208 usque
1608 4138 1659 4192 in
1703 4140 1801 4192 ho-

218 4234 458 4289 diernum
492 4231 671 4297 diem;
702 4238 846 4285 certe
873 4228 1078 4283 videres
1106 4230 1266 4282 vitam
1308 4237 1449 4282 tuatn
1491 4244 1598 4283 non
1639 4229 1804 4286 fuisse

216 4328 522 4383 diuturnam
540 4364 555 4393 ,
589 4342 709 4396 quas
736 4327 813 4380 sic
838 4325 1121 4380 arolasset.
1152 4323 1321 4380 Unius
1340 4333 1518 4381 autem
1544 4326 1803 4396 cujusque

219 4421 443 4476 hominis
470 4421 574 4475 vita
619 4426 815 4489 quanta
857 4416 974 4472 CSt?
1014 4416 1168 4472 Adde
1211 4416 1568 4487 quantoslibet
1607 4431 1800 4483 annos,

214 4513 315 4569 due
341 4512 712 4586 longissimam
742 4518 1069 4566 senectutem
1091 4552 1106 4575 ,
1135 4509 1261 4580 quid
1291 4510 1405 4564 est?
1445 4508 1628 4564 Nonne
1671 4524 1801 4564 aura

215 4616 293 4659 est
321 4603 621 4660 atutina?
649 4602 788 4673 Ergo
817 4603 974 4671 longe.
997 4602 1064 4655 sit
1085 4600 1200 4656 dies
1222 4599 1430 4670 judicii,
1462 4599 1674 4671 quando
1699 4599 1803 4654 erit

214 4698 492 4753 retributio
534 4695 851 4766 injustorum
898 4703 954 4749 et
991 4694 1255 4763 justorum
1287 4712 1301 4748 :
1332 4703 1452 4749 tuus
1495 4704 1641 4749 certe
1684 4693 1802 4749 dies

213 4793 431 4848 ultimus
450 4792 610 4862 longe
631 4790 818 4845 abesse
838 4803 945 4845 non
970 4797 1162 4859 potest.
1194 4787 1276 4843 Ad
1300 4788 1439 4842 hunc
1462 4796 1516 4843 te
1538 4802 1799 4857 praepara.

210 4882 392 4950 Qualis
416 4882 562 4937 enim
589 4880 787 4935 exieris
812 4879 881 4934 de
913 4879 1011 4933 hac
1047 4878 1173 4943 vita,
1202 4877 1322 4932 talis
1352 4877 1589 4933 redderis
1616 4878 1687 4932 illi
1719 4879 1798 4933 ri-

213 4981 295 5028 tas.
342 4973 474 5028 Post
497 4972 659 5024 vitam
687 4971 841 5024 istam
878 4983 1091 5038 parvam
1124 4967 1356 5022 nondum
1387 4968 1494 5021 eris
1525 4968 1610 5023 ubi
1642 4976 1801 5023 erunt

208 5066 397 5127 sancti,
432 5063 628 5135 quibus
652 5062 859 5116 dicetur
888 5079 899 5114 :
948 5059 1138 5125 Venite,
1176 5060 1421 5113 benedicti
1453 5058 1625 5115 Patris
1656 5061 1751 5114 ιιιεὶ
1778 5102 1794 5125 ,

206 5159 451 5227 percipite
471 5171 683 5227 regnum
706 5153 839 5226 quod
864 5152 999 5207 vobis
1021 5162 1257 5221 paratum
1278 5160 1352 5205 est
1371 5151 1433 5205 ab
1456 5152 1599 5205 initio
1621 5152 1797 5205 mundi

205 5251 433 5319 (Matth.
459 5266 586 5314 xxv,
615 5249 683 5304 54
703 5247 747 5319 ).
776 5245 1022 5302 Nondum
1058 5245 1129 5300 ibi
1160 5245 1287 5309 eris,
1311 5245 1430 5315 quis
1456 5245 1661 5300 nescit?
1689 5245 1794 5299 Sed

198 5342 307 5413 jam
342 5342 549 5413 poteris
590 5340 663 5395 ibi
703 5354 859 5407 esse,
900 5338 989 5393 ubi
1018 5337 1166 5392 illum
1192 5337 1460 5409 quondam
1492 5337 1793 5393 ulcerosum

205 5449 495 5505 properem
522 5475 537 5496 .
585 5431 738 5488 dives
776 5432 866 5488 ille
902 5428 1165 5501 superbus
1202 5440 1255 5485 et
1297 5430 1494 5485 sterilis
1522 5430 1575 5485 in
1604 5431 1796 5486 mediis

200 5528 315 5582 suis
342 5527 626 5583 tumentis
648 5524 778 5580 vidit
795 5540 824 5579 a
848 5525 1007 5595 longe
1033 5522 1455 5593 requiescentem
1482 5522 1634 5595 (Luc.
1670 5540 1791 5590 xvi,

198 5619 271 5677 23
292 5622 336 5690 ).
382 5620 440 5676 In
471 5622 563 5676 illa
598 5621 778 5692 reiquie
805 5620 1006 5689 positus
1026 5660 1042 5686 ,
1089 5628 1233 5673 certe
1266 5633 1488 5674 securus
1516 5629 1794 5690 eXSpectns

201 5714 366 5782 iudici
422 5714 585 5780 diem,
625 5712 831 5783 quando
861 5711 1087 5781 recipias
1114 5719 1168 5765 et
1194 5725 1411 5782 corpus,
1445 5711 1656 5782 qttando
1688 5712 1788 5766 im-

202 5805 439 5863 tnuteris
460 5816 509 5859 at
537 5805 729 5873 angelo
764 5805 1011 5873 mqucris.
1061 5804 1200 5868 Ergo
1237 5816 1491 5876 quantum
1525 5816 1605 5860 est
1649 5806 1799 5862 onod.

532 5903 736 5959 Sancr.
780 5901 1012 5956 Avcrsr.
1071 5896 1178 5958 ιν.

1194 351 1602 413 'ENARRATIO
1642 345 1712 403 lN
1767 340 2088 396 PSAL‘JL’M
2128 341 2365 397 XXXVI.

3367 350 3474 410 381

1897 452 2222 519 festinamus,
2252 463 2304 510 et
2330 454 2558 511 dicimus
2588 474 2601 509 :
2633 456 2855 525 Quando
2881 459 3021 515 e:it?
3069 460 3298 519 Tardum
3328 467 3431 523 erit
3449 468 3493 521 2'

1894 542 2007 599 lloc
2032 545 2221 601 dicturi
2255 547 2347 601 ﬁlii
2381 548 2570 616 nostri,
2602 560 2656 605 et
2686 550 2786 607 hoc
2811 551 3006 608 dicturi
3028 567 3244 627 nepotes
3265 562 3432 616 nostri
3457 580 3471 613 θ

1892 644 2094 692 etcum
2126 639 2317 710 singuli
2359 642 2558 713 quique
2597 643 2698 699 sibi
2746 646 3096 704 succedentes
3126 649 3242 707 haec
3279 653 3477 710 dicturi

1893 739 2036 796 sunt,
2063 732 2139 787 sic
2169 735 2361 789 transit
2397 736 2537 804 quiid
2581 736 2755 793 adhuc
2798 738 3047 807 pusillum
3096 740 3327 799 futurum
3368 754 3473 810 est;

1894 822 2337 893 quemadmodum
2370 828 2576 881 lransiit
2606 837 2770 881 totum
2811 829 2952 898 quod
2990 831 3100 900 jam
3143 835 3475 902 praeteritum

1894 924 1995 970 est.
2039 914 2086 972 0
2127 916 2374 971 inﬁrmet
2426 917 2605 972 Adhuc
2650 920 2929 989 pusillum,
2973 931 3018 977 et
3051 941 3152 978 non
3180 926 3272 979 erit
3301 943 3477 997 pecca-

1891 1012 1995 1061 tor.

1968 1096 2055 1152 il.
2094 1096 2164 1151 Et
2187 1115 2378 1169 queres
2406 1100 2567 1155 locum
2587 1104 2714 1172 ejus.
2738 1114 2783 1158 et
2811 1122 2909 1161 non
2928 1108 3166 1163 invenies.
3192 1110 3469 1183 Ostendit;

1897 1188 2024 1259 quid
2063 1189 2229 1255 dixit,
2263 1209 2361 1246 non
2398 1196 2531 1248 erit:
2559 1212 2662 1249 non
2689 1197 2809 1266 quia
2839 1201 3058 1256 omnino
3084 1219 3188 1260 non
3219 1209 3350 1273 erit;
3383 1224 3480 1266 seu

1898 1281 2018 1351 quia
2040 1282 2106 1337 ad
2133 1284 2308 1338 nullos
2337 1301 2462 1340 usus
2484 1303 2602 1341 esse
2626 1291 2836 1357 poterit.
2868 1290 2922 1347 Si
2953 1294 3095 1349 enim
3122 1297 3341 1353 omnino
3372 1318 3477 1357 non

1898 1376 2019 1441 erit,
2065 1393 2164 1432 nec
2207 1381 2704 1452 torquebitur:jam
2754 1401 2883 1457 ergo
2926 1394 3182 1447 securitas
3226 1394 3345 1449 data
3399 1406 3485 1453 est

1902 1468 2164 1534 peccatori
2186 1510 2200 1533 ,
2240 1479 2297 1523 ut
2333 1470 2475 1525 dicat
2503 1490 2515 1525 :
2550 1461 2775 1529 Faciam‘
2796 1479 3049 1550 quidquid
3082 1484 3202 1538 volo
3229 1489 3482 1557 quamdiu

1899 1558 2056 1623 vivo,
2102 1570 2284 1630 postea
2322 1578 2426 1617 non
2466 1580 2579 1620 ero.
2622 1566 2736 1622 Non
2765 1571 2865 1624 erit
2892 1573 2979 1641 qui
3011 1573 3219 1641 doleat,
3250 1595 3353 1634 non
3380 1582 3485 1637 erit

1899 1650 1989 1720 qui
2021 1655 2359 1745 torqueatur?
2384 1655 2453 1711 Et
2479 1657 2564 1711 ubi
2592 1668 2695 1726 cst,
2725 1659 2806 1715 lle
2829 1662 2880 1716 in
2911 1664 3074 1735 ignem
3101 1678 3341 1725 (clernum
3361 1716 3374 1735 ,
3398 1674 3486 1745 qui

1902 1750 2107 1835 paratus
2132 1751 2205 1795 est
2236 1744 2436 1799 diabolo
2465 1756 2512 1801 et
2540 1750 2731 1819 angelis
2767 1752 2877 1821 ejus
2919 1753 3128 1824 (Matth.
3173 1774 3315 1828 xxv,
3347 1744 3485 1835 bl)?

1899 1832 2002 1890 Sed
2035 1834 2169 1889 forte
2196 1836 2341 1891 missi
2381 1840 2430 1893 in
2472 1840 2821 1910 iguenrillum
2851 1862 2954 1901 non
2984 1861 3173 1917 erunt,
3202 1864 3257 1909 et
3290 1832 3486 1914 constt-

1902 1932 2130 1979 Ineutur.
2175 1927 2289 1981 Non
2319 1930 2423 1984 illis
2451 1932 2722 1987 diceretur
2742 1977 2757 2001 ,
2791 1935 2872 1990 Ite
2910 1939 2962 1993 in
3002 1940 3168 2011 ignem
3196 1955 3439 2003 internum
3465 1967 3485 2016 ς

1901 2017 2019 2112 quia
2048 2035 2152 2071 non
2182 2018 2369 2074 futuris
2407 2038 2513 2077 non
2557 2035 2700 2081 esset
2741 2037 2992 2086 mternus.
3036 2033 3100 2088 Et
3144 2046 3317 2095 tamen
3358 2044 3483 2112 quid

1901 2106 2009 2163 illic
2038 2112 2265 2166 futurum
2306 2115 2374 2168 sit
2414 2116 2531 2182 eis,
2567 2127 2741 2175 utrum
2780 2124 2999 2179 omnino
3024 2106 3392 2202 consumptio;
3416 2147 3485 2192 au

1901 2201 2055 2257 dolor
2089 2214 2141 2258 et
2178 2207 2462 2269 cruciatus,
2507 2226 2610 2264 non
2655 2214 2819 2268 tacuit
2860 2215 3113 2274 Dominus
3146 2201 3330 2279 dicens
3360 2245 3373 2280 :
3406 2226 3490 2282 lbi

1901 2296 1992 2350 erit
2019 2299 2245 2365 ploratus
2270 2309 2318 2353 et
2343 2301 2529 2355 stridor
2548 2304 2770 2359 dentium
2796 2305 2906 2380 (Id.
2932 2325 3041 2374 \‘lll,
3068 2313 3178 2385 η).
3210 2315 3490 2385 Quomodo

1900 2402 2028 2457 ergo
2057 2389 2335 2458 plorabant
2363 2400 2415 2445 et
2444 2394 2744 2451 stridebunt
2770 2398 3016 2456 dentibus
3035 2444 3048 2467 ,
3083 2405 3125 2460 si
3154 2422 3258 2463 non
3288 2413 3491 2469 erunt?

1867 2478 1877 2483 ’
1901 2476 2181 2545 Quomodo
2210 2496 2337 2550 ergo
2365 2482 2451 2537 hic
2480 2484 2658 2539 Adhuc
2683 2489 2945 2557 pusillam,
2975 2502 3025 2548 et
3055 2512 3155 2551 non
3182 2500 3278 2553 erit
3306 2519 3486 2570 pecce-

1901 2576 1997 2634 tor,
2014 2570 2122 2666 nisi
2152 2573 2419 2666 quomodo
2450 2576 2763 2647 insequenti
2791 2598 2943 2638 versu
2966 2591 3231 2657 exposuit,
3257 2591 3326 2648 Et
3344 2613 3487 2666 qua»

1900 2676 1979 2756 res
2005 2660 2169 2713 locum
2191 2664 2321 2732 ejus,
2351 2673 2398 2718 et
2426 2682 2525 2720 non
2562 2667 2821 2725 invenies?
2850 2673 2986 2741 Quid
3016 2688 3114 2735 est.
3149 2679 3314 2736 locum
3338 2660 3493 2756 ejus!

1904 2749 2068 2806 Usum
2097 2752 2232 2821 ejus.
2264 2754 2431 2809 liabet
2461 2756 2603 2811 enim
2634 2760 2861 2831 aliquem
2892 2780 3042 2820 usum
3074 2783 3320 2838 peccator
3336 2749 3493 2832 tilla.

1903 2841 2026 2938 bet:
2061 2843 2156 2897 llic
2185 2845 2351 2899 utitur
2498 2849 2635 2903 Deus
2660 2852 2726 2904 ad
2759 2855 3084 2922 probandtnu
3108 2860 3329 2930 justum,
3360 2885 3493 2938 quos

1903 2930 2062 2987 modo
2093 2948 2218 2987 usus
2246 2944 2327 2989 est
2356 2936 2570 2992 diabolo
2595 2940 2659 2993 ad
2689 2943 3016 3010 probandum
3046 2949 3148 3006 Job
3168 2995 3183 3017 ,
3220 2930 3490 3025 quomodo

1906 3040 2031 3123 usus
2066 3035 2149 3123 est
2177 3026 2309 3123 Jutla
2355 3028 2423 3083 ad
2465 3030 2777 3089 tradendum
2820 3036 3114 3098 Christum.
3158 3045 3254 3102 Est
3284 3065 3411 3123 ergo
3438 3054 3489 3109 in

1907 3113 2005 3210 hac
2031 3117 2136 3171 vita
2167 3118 2307 3210 quod
2334 3128 2520 3190 agatur
2543 3121 2611 3177 de
2631 3136 2931 3195 peccatore.
2963 3130 3056 3188 llic
3085 3144 3314 3210 estergo
3343 3113 3493 3200 hicus

1906 3207 2044 3302 ejus,
2072 3209 2339 3279 quomodo
2374 3220 2458 3267 est
2498 3213 2549 3268 in
2590 3214 2804 3273 fornace
2842 3221 3073 3281 aurificis
3111 3207 3271 3284 locus‘
3302 3233 3490 3302 [nictet

1905 3298 2075 3397 Ardet
2104 3300 2250 3369 palea
2270 3341 2286 3367 ,
2324 3310 2381 3355 ut
2414 3318 2601 3359 aurum
2644 3320 2897 3380 purgetur
2923 3331 2937 3368 :
2968 3316 3043 3371 sic
3072 3322 3220 3375 Saevit
3262 3298 3492 3397 impius,

1907 3391 2160 3493 utjustus
2190 3394 2464 3462 probetur.
2494 3398 2597 3493 Sed
2624 3416 2745 3454 eum
2779 3407 3047 3463 transierit
3070 3420 3277 3482 tempus
3302 3391 3495 3487 proba;

1910 3487 2068 3536 tionis
2098 3494 2294 3537 nostra:
2318 3523 2334 3549 ,
2365 3487 2578 3553 quando
2600 3505 2705 3544 non
2734 3503 2892 3547 erunt
2916 3499 3004 3566 qui
3032 3502 3353 3570 probentur,
3386 3526 3491 3566 non

1908 3581 2066 3672 erunt
2098 3588 2193 3644 per
2229 3590 2363 3672 quos
2404 3578 2711 3672 probentur.
2755 3574 3018 3657 Numquid
3062 3594 3181 3660 quia
3219 3595 3450 3656 diximus
3473 3642 3494 3672 ,

1908 3662 2024 3768 Non
2064 3674 2220 3720 erunt
2256 3667 2345 3737 qui
2386 3668 2680 3768 probentur
2700 3715 2714 3739 ,
2747 3691 2853 3730 non
2884 3689 3040 3735 erunt
3070 3681 3204 3754 ipsi?
3232 3687 3336 3745 Sed
3370 3662 3491 3764 quid

1904 3761 2014 3861 jam
2043 3764 2147 3861 non
2175 3773 2307 3828 opus
2330 3761 2431 3861 erit
2452 3766 2821 3831 peccatoribus
2844 3784 2939 3838 per
2957 3788 3092 3842 quos
3107 3777 3235 3847 justi
3268 3761 3496 3851 proben-

1912 3858 1996 3948 tur
2019 3868 2032 3903 :
2060 3848 2124 3903 Et
2144 3867 2336 3921 qua’res
2356 3853 2521 3909 locum
2542 3857 2671 3927 ejus,
2691 3869 2737 3913 et
2757 3877 2858 3915 non
2877 3863 3115 3926 invenies.
3145 3848 3298 3928 Modo
3315 3892 3497 3948 quam

1912 3940 2086 3996 locum
2120 3947 2438 4013 peccatoris,
2467 3948 2725 4033 invenies.
2767 3953 2843 4011 De
2883 3969 3164 4028 peccatore
3195 3940 3504 4033 fecit'Deus

1910 4037 2195 4132 ﬂagellum,
2231 4039 2378 4096 dedit
2400 4041 2449 4097 ei
2478 4053 2532 4097 et
2567 4031 2855 4116 honorent,
2897 4050 3045 4109 dedit
3083 4056 3132 4111 ei
3167 4068 3221 4114 et
3259 4031 3495 4132 potestas

1911 4138 2038 4183 tem.
2071 4130 2372 4225 Aliquando
2400 4135 2542 4190 enim
2574 4136 2695 4191 facit
2718 4138 2848 4223 hoc;
2892 4143 2983 4198 dat
3028 4130 3293 4215 peceatori
3339 4169 3494 4225 p0te-

1909 4229 2123 4283 statem,
2156 4218 2653 4309 flagellanturinde
2698 4245 2785 4285 res
2828 4218 3073 4309 humanae
3099 4278 3114 4301 ,
3145 4218 3500 4304 emendantur

1910 4310 2032 4366 inde
2047 4312 2118 4382 pii
2137 4312 2176 4365 ¹.
2209 4312 2477 4369 Peccatori
2508 4308 2579 4370 illi
2604 4316 2704 4373 hac
2719 4308 2972 4378 reddetur
2989 4328 3130 4395 quod
3147 4328 3371 4389 debetur
3397 4354 3409 4390 :
3438 4348 3499 4395 et

1910 4411 2086 4459 tamen
2110 4404 2299 4458 factum
2327 4416 2410 4461 est
2449 4407 2516 4462 de
2560 4409 2650 4463 illo
2687 4412 2830 4468 unde
2868 4417 3108 4483 proficiat
3151 4422 3306 4492 pius,
3356 4429 3498 4486 unde

1907 4494 2121 4550 deficiat
2148 4496 2359 4565 impius.
2397 4492 2605 4579 Quteres
2634 4501 2798 4556 locum
2824 4506 2955 4577 ejus,
2985 4518 3031 4562 et
3056 4526 3156 4567 non
3181 4514 3418 4573 invenies.

1982 4586 2064 4641 li.
2109 4585 2259 4660 [rem
2291 4588 2401 4662 IL]
2432 4587 2689 4646 Mansueti
2722 4606 2891 4651 autent
2932 4598 3226 4659 hereditate
3261 4610 3494 4676 posside.

1907 4678 2029 4734 bunt
2058 4690 2261 4734 terram.
2294 4681 2456 4737 Terra
2481 4682 2565 4738 est
2598 4685 2685 4741 illa
2715 4685 2781 4743 de
2806 4705 2908 4759 qua
2939 4706 3079 4762 stupe
3102 4694 3260 4752 locuti
3286 4716 3494 4770 sumus,

1910 4771 2206 4828 Jerusalem
2239 4786 2421 4830 sancta
2444 4818 2459 4842 ,
2492 4793 2611 4847 quae
2640 4778 2951 4837 liberabitur
2975 4772 3043 4839 de
3070 4790 3497 4855 peregrinatione

1908 4864 2027 4930 i-ta,
2057 4875 2108 4919 et
2137 4866 2186 4919 in
2217 4874 2477 4922 internum
2509 4869 2652 4924 vivet
2694 4886 2812 4926 cum
2848 4873 2955 4926 Deo
2984 4884 3038 4930 ct
3074 4878 3142 4934 de
3180 4879 3309 4936 Deo.
3353 4883 3495 4956 Ergo

1906 4955 2198 5011 hereditate
2239 4958 2575 5041 possidebant
2632 4970 2837 5015 (errant.
2906 4966 3036 5030 Quae
3082 4980 3241 5028 erunt
3285 4955 3494 5034 delicia:

1904 5047 2182 5118 ipsorum?
2224 5047 2291 5102 Et
2322 5048 2697 5104 delectabantur
2720 5053 2771 5105 in
2803 5055 3125 5113 multitudine
3147 5063 3306 5130 pacis.
3338 5063 3497 5124 Dele.

1904 5149 2076 5195 etetur
2092 5130 2177 5195 bic
2194 5140 2384 5210 impius
2402 5136 2490 5195 ille
2505 5142 2555 5196 in
2578 5142 2913 5200 multitudine.
2929 5140 3131 5217 auri,in
3155 5154 3496 5215 multitudine

1904 5232 2128 5300 argenti,
2159 5231 2208 5284 in
2234 5232 2568 5288 niultitudiue
2601 5236 3018 5307 mancipiorum,
3057 5240 3111 5297 lu
3152 5244 3503 5307 multitudine

1906 5331 2177 5392 postremo
2215 5320 2478 5388 baiarum,
2513 5340 2773 5393 rosarum,
2800 5330 3137 5401 vinolentia,
3170 5334 3494 5395 lautissima-

1906 5430 2024 5468 rum
2055 5422 2107 5469 et
2144 5413 2534 5472 luxuriosorum
2564 5419 2926 5479 conviviorum
2951 5417 2990 5479 ⁸.
3034 5424 3159 5481 llaec
3187 5437 3268 5482 est
3296 5436 3491 5501 palen-2

1968 5548 1982 5579 ι
2018 5554 2134 5618 Vox,
2277 5548 2416 5599 abest
2438 5562 2467 5600 a
2517 5558 2621 5601 Mss.
2649 5551 2791 5618 Paulo
2808 5561 2921 5617 post
2946 5554 2992 5618 ia
3010 5553 3140 5618 ιω.
3179 5562 3304 5616 erat,
3323 5560 3495 5614 reddi-

1902 5614 1979 5674 tur
2008 5620 2024 5656 :
2049 5608 2186 5674 cujus
2210 5608 2315 5659 loco
2347 5625 2407 5661 ex
2440 5619 2545 5661 Mss.
2571 5608 2868 5674 reponimus,
2888 5615 3143 5666 reddetur.

1965 5670 2413 5748 :Edd‘.,postrento
2433 5686 2577 5736 opum
2609 5670 2925 5748 diversaeque
2951 5685 3015 5748 ζει
3051 5686 3154 5729 Mss.
3182 5688 3344 5730 autem
3384 5686 3498 5748 quis

1900 5730 2030 5802 dam,
2058 5730 2278 5802 quorum,
2325 5730 2543 5786 rosarum
2586 5748 2603 5785 :
2643 5738 2879 5802 nonnulli,
2918 5740 3183 5800 olivarum,
3217 5730 3494 5797 recensi—'3

1902 5790 1999 5853 alii,
2019 5793 2373 5854 odori/crurum
2387 5810 2604 5857 rosarum
2623 5790 3067 5866 :pluresrd'euique,
3086 5790 3335 5866 baiarum,
3350 5790 3489 5860 ibi;

2872 5906 3145 5999 (υιιιιιζα.
3157 5911 3189 5984 ,l
