4042 6474
543 340 650 398 363

543 461 614 512 tia
639 459 723 513 cui
747 457 969 525 invides,
1003 460 1102 515 iste
1130 459 1230 516 llos
1269 469 1352 516 est
1395 459 1484 530 qui
1527 465 1580 515 te
1621 456 1900 534 delectati
1929 455 2118 511 Nonne

540 552 639 604 etsi
683 563 895 619 semper
924 550 1001 605 sic
1039 561 1181 606 esset
1219 549 1545 622 plangendus
1580 549 1753 604 esset?
1793 547 1922 614 Qua:
1965 554 2118 602 erunt

540 650 716 695 autem
737 640 940 696 delicia:
963 641 1101 696 tum?
1131 641 1194 695 Et
1214 641 1593 696 delectabantur
1615 641 1669 694 in
1695 639 2015 692 multitudine
2035 653 2120 706 pa-

538 731 630 786 cis.
675 734 876 785 Aurum
917 742 1062 786 tuum
1103 746 1201 801 pax
1221 772 1235 795 ,
1265 739 1542 802 argentum
1573 739 1720 784 tuum
1758 743 1854 798 pax
1876 768 1891 794 ,
1923 725 2119 796 praedia

545 833 633 878 tua
658 837 778 892 pax,
805 823 911 878 vita
941 832 1029 877 tua
1057 838 1176 894 pax,
1209 823 1352 877 Deus
1379 831 1500 877 tuus
1528 835 1647 890 pax.
1680 819 1941 890 Quidquid
1973 817 2120 874 d'csi-

540 915 716 980 deras,
744 931 844 984 pax
883 916 978 972 tibi
1017 916 1139 970 erit.
1189 915 1322 982 Quia
1368 913 1455 969 hic
1491 929 1680 968 aurum
1709 911 1850 982 quod
1880 919 1981 976 est,
2013 925 2119 965 non

541 1016 714 1077 potest
742 1007 834 1061 tibi
859 1021 980 1063 esse
1004 1015 1311 1078 argentum;
1343 1005 1482 1075 quod
1511 1006 1689 1058 vinum
1717 1011 1798 1058 est
1818 1043 1832 1068 ,
1879 1017 1982 1056 non
2021 1015 2118 1071 po-

541 1107 647 1156 test
675 1098 767 1153 tibi
797 1113 918 1154 esse
945 1095 1124 1169 panis;
1156 1096 1296 1168 quod
1328 1096 1418 1151 tibi
1445 1096 1529 1150 lux
1548 1104 1651 1161 est,
1675 1107 1779 1149 non
1807 1101 1981 1163 potest
2000 1106 2120 1147 esse

541 1203 695 1262 potus
725 1212 738 1246 :
771 1193 908 1247 Deus
935 1201 1055 1246 tuus
1082 1200 1249 1246 totum
1295 1191 1384 1246 tibi
1425 1189 1546 1245 erit.
1593 1187 1930 1243 Mandueabis
1959 1201 2114 1254 eum,

538 1298 606 1338 ne
632 1284 864 1346 esurias;
893 1283 1042 1337 bibes
1065 1297 1208 1348 eum,
1238 1295 1305 1336 ne
1331 1280 1506 1342 sitias;
1538 1277 1920 1332 illuminaberis
1939 1277 2007 1331 ab
2027 1291 2112 1339 eo,

538 1391 606 1432 ne
631 1377 706 1430 sis
731 1390 936 1440 caecus;
967 1374 1201 1430 l'ulcicris
1230 1374 1297 1429 ab
1322 1389 1408 1438 co,
1439 1388 1503 1427 ne
1531 1371 1777 1436 delicias;
1826 1369 2116 1440 possidebit

536 1479 589 1525 te
629 1478 794 1524 totum
829 1469 1091 1540 integrum
1112 1509 1126 1532 ,
1156 1477 1298 1523 totus
1339 1467 1563 1536 inti-ger.
1598 1465 1880 1536 Angustias
1910 1479 2014 1516 non
2045 1461 2114 1517 ibi

537 1560 754 1628 patieris
780 1574 900 1613 cum
929 1572 995 1614 eo
1019 1575 1138 1613 cum
1169 1573 1275 1626 quo
1307 1565 1473 1611 totum
1509 1555 1750 1626 possides
1783 1573 1796 1609 :
1822 1563 1985 1609 totum
2017 1553 2114 1607 ha-

536 1651 707 1718 bcbis,
735 1659 904 1705 totum
933 1660 987 1706 et
1007 1650 1096 1704 ille
1126 1648 1366 1713 habebit;
1399 1649 1519 1718 quia
1541 1655 1595 1701 tu
1629 1656 1681 1700 ct
1707 1647 1794 1701 ille
1819 1660 1978 1700 unum
2009 1644 2115 1698 erl-
2156 1669 2162 1673 -

537 1744 625 1808 tis,
653 1742 794 1815 quod
818 1759 978 1796 unum
1003 1750 1166 1796 totum
1188 1749 1242 1795 et
1264 1741 1351 1795 ille
1375 1739 1589 1796 habebit
1613 1737 1703 1808 qui
1731 1752 1828 1792 vos
1853 1736 2109 1806 possidet.

533 1834 628 1890 lite
667 1842 782 1889 sunt
808 1833 1033 1903 reliquiae
1075 1831 1267 1886 homini
1301 1830 1532 1902 paciﬁca.
1577 1829 1687 1884 Hoc
1731 1829 2060 1883 cantavimus
2091 1843 2106 1881 ε

530 1927 619 1996 qui
648 1940 834 1982 versus
851 1927 1010 1994 longe
1033 1924 1243 1993 quidem
1270 1931 1355 1978 est
1377 1923 1431 1976 in
1452 1922 1553 1977 isto
1575 1922 1780 1991 psalmo
1803 1919 1869 1974 ab
1894 1919 1977 1974 his
2003 1929 2112 1974 tra-

529 2016 686 2072 ctatis
711 2015 970 2072 versibus.
997 2013 1100 2070 Sed
1126 2014 1248 2084 quia
1271 2013 1443 2083 ipsum
1464 2012 1811 2076 cantavimus,
1838 2009 1905 2065 ad
1935 2009 2108 2080 ipsum

527 2111 776 2174 claudere
814 2108 1089 2166 debemus.
1117 2108 1195 2164 Tu
1225 2117 1423 2162 tantum
1453 2119 1678 2161 securus
1714 2113 1868 2171 esto;
1912 2103 2110 2158 custodi

513 2203 892 2268 innocentiam,
948 2204 1178 2272 pretiosa
1225 2217 1314 2255 res
1363 2209 1465 2254 est.
1520 2199 1704 2252 Furari
1753 2200 1832 2252 vis
1875 2197 2103 2268 aliquid,

525 2296 707 2361 credo,
736 2304 796 2350 nt
819 2295 1062 2364 acquiras
1094 2312 1106 2347 :
1136 2293 1255 2347 vide
1281 2307 1385 2363 quo
1413 2307 1629 2346 manum
1657 2290 1851 2356 mittis,
1883 2297 1938 2344 et
1965 2289 2106 2346 unde

525 2390 687 2444 tollis.
719 2387 830 2443 Hac
856 2389 933 2441 vis
959 2387 1254 2457 acquirere,
1279 2386 1377 2440 hac
1415 2384 1592 2455 perdis
1627 2403 1641 2439 :
1681 2385 1912 2455 acquiris
1939 2399 2102 2453 pecu-

532 2481 692 2543 niam,
718 2479 897 2551 perdis
929 2478 1308 2533 innocentiam.
1336 2477 1558 2548 Evigilct
1589 2477 1762 2547 potius
1791 2491 1883 2529 cor
1910 2485 2054 2529 tuum
2086 2492 2101 2529 :

524 2578 612 2648 qui
627 2577 843 2632 volebas
861 2577 1136 2645 acquirere
1155 2575 1432 2644 pecuniam
1455 2582 1506 2628 et
1529 2571 1704 2642 perdis
1725 2570 2100 2633 innocentiam,

523 2669 685 2739 perde
711 2668 884 2739 potius
911 2668 1181 2737 pecuniam
1216 2685 1230 2721 :
1262 2665 1469 2721 Custodi
1494 2663 1826 2718 innocentiam
1847 2703 1862 2728 ,
1903 2673 1947 2715 et
1993 2662 2104 2715 vide

523 2760 845 2814 directionem
869 2799 883 2823 ,
911 2759 1030 2829 quia
1056 2758 1248 2827 diriget
1280 2768 1329 2812 te
1359 2757 1518 2823 Deus,
1545 2765 1600 2809 ut
1626 2755 1799 2809 omnia
1825 2769 2100 2825 quacum-

521 2868 626 2922 que
650 2851 782 2915 vult,
805 2851 936 2906 velis
961 2854 1022 2905 et
1042 2858 1095 2904 tu
1128 2867 1142 2903 :
1177 2850 1287 2919 ipsa
1313 2848 1453 2904 enim
1481 2856 1562 2902 est
1596 2846 1836 2902 dircctio.
1882 2845 2012 2900 Nam
2055 2846 2098 2900 si

521 2954 578 2999 tu
608 2946 742 2998 nolis
767 2943 906 3014 quod
937 2943 1078 2998 Deus
1103 2943 1230 3008 vult,
1262 2956 1454 2996 curvus
1481 2941 1606 3006 eris,
1643 2949 1698 2994 et
1743 2939 1974 3010 pravitas
2015 2949 2100 2993 tua

520 3051 628 3091 non
660 3046 712 3098 te
739 3037 1005 3105 permittet
1026 3035 1226 3105 planari
1245 3037 1262 3066 ¹
1288 3043 1454 3088 recto.
1478 3032 1682 3087 Custodi
1704 3048 1831 3104 ergo
1859 3033 2095 3087 innocen-

519 3131 662 3192 tiam,
694 3129 804 3182 vide
822 3128 1145 3182 directionem
1177 3144 1196 3182 :
1221 3135 1274 3181 et
1300 3126 1404 3181 noli
1435 3134 1620 3197 potare
1648 3125 1768 3194 quia
1812 3125 1955 3178 ﬁnita
2001 3127 2098 3180 ista

520 3221 649 3287 vita,
681 3219 856 3274 linitus
880 3226 962 3274 est
991 3218 1178 3285 homo;
1206 3218 1324 3290 quia
1351 3226 1467 3272 sunt
1494 3216 1717 3287 reliquie
1742 3216 1930 3270 homini
1958 3216 2098 3287 paci-

520 3313 637 3384 ﬁco.

1171 3395 1341 3437 εεῐιιιο
1378 3395 1436 3435 ΙΙ.

943 3537 1018 3606 Dc
1037 3537 1258 3593 secundo
1289 3545 1431 3608 parte
1457 3534 1673 3590 Psalmi.

591 3697 642 3750 l.
676 3694 749 3749 De
776 3693 978 3766 psalmo
1003 3693 1105 3747 isto
1145 3691 1285 3762 loqui
1331 3690 1583 3745 Charitati
1617 3689 1818 3745 Vestra}
1843 3731 1857 3754 ,
1891 3700 1938 3745 et
1963 3690 2098 3760 jussi

519 3803 718 3852 s-rmus,
751 3796 804 3840 et
833 3786 1198 3855 obtemperare
1221 3783 1520 3837 debuimus.
1553 3782 1728 3837 Voluit
1754 3785 1892 3836 enim
1921 3781 2100 3836 Domia

521 3894 621 3934 nus
675 3887 890 3948 propter
935 3875 1182 3930 imbrium
1229 3873 1551 3929 nimietatem
1593 3872 1867 3928 retardare
1913 3871 2096 3942 profc-

518 3971 746 4025 ctioncm
778 3979 1009 4023 nostram
1034 3985 1049 4033 ;
1095 3977 1148 4022 et
1178 3967 1494 4035 imperatum
1525 3975 1607 4020 est
1635 3965 1786 4018 nobis
1807 4007 1821 4030 ,
1854 3981 1918 4020 ne
1945 3981 2097 4019 vaca-

520 4074 597 4118 ret
629 4062 714 4116 hic
738 4076 861 4130 erga
893 4075 987 4114 vos
1015 4060 1193 4132 lingua
1223 4067 1423 4125 nostra,
1454 4073 1574 4112 cum
1603 4057 1782 4112 cordis
1810 4058 1973 4112 nostri
1999 4072 2096 4113 nc-

519 4155 719 4225 gotium
748 4167 960 4223 semper
984 4152 1099 4206 sitis
1128 4153 1148 4182 ¹
1169 4189 1187 4220 ,
1223 4150 1357 4205 sicut
1384 4160 1437 4205 et
1467 4163 1564 4204 nos
1593 4149 1772 4203 vestri.
1807 4149 2097 4204 Commen-

519 4245 836 4300 davcramus
862 4251 1036 4297 autem
1071 4241 1180 4312 jam
1208 4241 1532 4295 voluntatem
1561 4241 1650 4295 Dei
1675 4241 1725 4294 in
1749 4241 1850 4296 isto
1872 4241 2093 4311 psalmo,

517 4334 642 4404 quid
675 4350 770 4388 nos
801 4333 926 4388 velit
957 4332 1150 4386 docere
1173 4372 1189 4397 ,
1237 4331 1362 4401 quid
1390 4330 1676 4385 admonere
1698 4372 1712 4396 ,
1752 4341 1939 4386 contra
1969 4330 2094 4400 quid

517 4437 705 4481 cautos
733 4439 852 4481 esse
878 4466 890 4489 ,
919 4433 971 4479 et
1014 4423 1141 4495 quid
1184 4423 1414 4478 tolerare
1437 4465 1451 4488 ,
1480 4432 1533 4478 et
1559 4423 1682 4494 quid
1714 4438 1949 4494 sperare.
1985 4424 2098 4478 Duo

519 4519 661 4574 cnim
704 4533 898 4588 genera
928 4517 1232 4583 hominum,
1263 4516 1526 4587 juslorntn
1564 4524 1620 4570 ct
1663 4517 1998 4586 iniquorum,
2043 4519 2094 4572 itt

522 4609 622 4664 bac
651 4618 791 4662 terra
821 4617 876 4661 et
901 4608 951 4660 in
981 4606 1080 4661 hac
1109 4607 1212 4660 vita
1248 4608 1531 4661 commixta
1573 4616 1715 4662 sunt.
1751 4606 1952 4661 Habent
1983 4607 2095 4662 sin-

518 4701 638 4772 gula
669 4701 764 4754 ista
793 4713 986 4767 genera
1013 4698 1257 4768 proprias
1294 4698 1618 4752 intentiones
1646 4699 1820 4753 cordis
1854 4700 1954 4753 sui.
1988 4699 2096 4756 Ge-

521 4807 620 4846 nus
653 4790 916 4860 justornm
942 4797 1170 4844 conatur
1207 4789 1257 4842 in
1289 4788 1532 4842 sublimia
1563 4803 1655 4858 per
1694 4789 2044 4845 btuuilitatcm
2080 4809 2093 4846 :

521 4895 688 4950 genus
719 4879 1019 4949 iniquorum
1061 4878 1433 4949 prmpnnderut
1462 4879 1527 4932 ad
1571 4879 1822 4934 inferiora
1850 4896 1946 4951 per
1979 4883 2095 4936 ela-

521 4976 740 5029 tionem.
775 4969 887 5027 lloe
909 4971 1052 5026 enim
1082 4987 1142 5026 se
1168 4972 1421 5042 deprimit
1446 4982 1503 5027 ut
1523 4982 1723 5043 surgat,
1756 4975 1881 5030 illud
1911 4993 1970 5032 se
1998 4993 2094 5032 ex-

523 5069 660 5126 tollit
685 5077 740 5123 ut
773 5064 945 5121 cadat.
980 5065 1057 5120 Ex
1084 5080 1149 5121 eo
1175 5063 1231 5120 lit
1257 5075 1312 5120 ut
1339 5082 1500 5121 unum
1526 5083 1691 5138 genus
1720 5067 1929 5138 toleret,
1961 5071 2095 5125 alte-

517 5259 644 5296 rum.
671 5247 802 5294 naias
823 5242 948 5293 forte
972 5256 1047 5308 ex_
1060 5240 1369 5305 pulcherrimi
1399 5249 1458 5308 _et
1487 5241 1796 5308 celeberrimi
1831 5249 2096 5308 Campaniae

517 5323 562 5372 οε
580 5310 677 5372 pidi
696 5308 890 5372 nomine
918 5303 1153 5372 vocabant
1181 5317 1366 5372 animus
1399 5303 1501 5372 loca
1542 5314 1593 5356 et
1631 5305 1872 5372 fructuosa
1894 5303 2091 5372 pretiis,

516 5360 772 5442 utipieero
787 5360 1010 5442 acciperjc
1034 5366 1226 5442 videtut‘
1264 5366 1311 5438 in
1333 5369 1558 5438 Oratione
1582 5382 1673 5442 ιιηρ
1694 5367 1866 5442 tta-Iio:
1895 5360 2094 5442 iCujus,

523 5450 548 5480 α
568 5434 653 5491 alt,
677 5433 726 5482 in
747 5427 930 5489 hortos,
957 5427 1171 5487 domum,
1201 5427 1350 5484 baias,
1377 5427 1490 5491 jure
1518 5427 1606 5478 suo
1626 5429 1851 5491 libidines
1880 5427 2094 5491 omnium

522 5513 548 5542 ι
565 5489 913 5545 wmmearent.
939 5506 962 5533 ι
990 5496 1212 5538 Testatur
1233 5502 1352 5544 vero
1381 5490 1692 5545 Hieronymus
1721 5492 1766 5538 in
1801 5489 1884 5540 lih.
1910 5490 1941 5540 2
1962 5502 2091 5542 cont.

514 5552 770 5612 Jovinian.,
789 5562 835 5601 c.
854 5552 903 5616 9,
925 5549 1111 5616 palmas
1129 5563 1218 5599 seu
1242 5550 1502 5612 pahmrum
1541 5549 1650 5616 folia
1689 5553 1819 5616 baias
1841 5553 2089 5616 appellari.

514 5625 628 5676 Quae
650 5628 794 5678 porro
820 5612 1130 5674 subsequitur
1150 5625 1259 5670 vox,
1294 5624 1529 5678 rosarum,
1562 5612 1655 5662 huc
1683 5612 1880 5664 Forsitan
1901 5612 2015 5678 irrej
2031 5619 2094 5667 sit

516 5671 606 5741 [io
625 5671 778 5741 altera
799 5671 1065 5738 proptmjua
1082 5685 1218 5741 voce,
1239 5671 1405 5730 veluti,
1430 5683 1718 5724 mensarum.
1869 5689 1888 5698 ’·

579 5742 599 5774 ι
634 5734 1008 5807 remeare;

578 5748 1008 5850 ἒὲὶῶηθῗεῗέἑδῖ
1032 5748 1215 5846 limi
1371 5804 1381 5821 ι
1423 5807 1434 5818 ε
1525 5794 1570 5804 -·

733 5836 745 5848 .
925 5833 935 5845 .
1002 5810 1030 5846 e
1070 5801 1614 5862 usaiquott.ss.,sttts.

1704 339 1761 396 S.
1803 337 2164 396 Αυουετιδιι
2211 339 2513 398 EPISCUPI

3703 365 3815 422 εδδ

2233 471 2348 511 rum
2379 459 2666 527 toleretur;
2697 463 3134 537 propositumque
3168 468 3236 525 sit
3259 469 3418 540 iustis
3461 473 3608 546 ipsos
3646 478 3819 534 etiam

2228 549 2437 618 iniquos
2467 552 2519 606 in
2552 553 2712 609 vitam
2738 565 2996 612 mternam
3021 559 3235 627 lucrari,
3271 567 3598 635 propositum
3627 577 3812 626 autem

2227 638 2421 710 iniquis
2447 641 2673 700 reddere
2703 647 2842 701 mala
2871 663 2966 718 pro
2992 649 3164 718 bonis,
3192 662 3246 708 et
3274 670 3366 711 eos
3391 658 3480 726 qui
3509 659 3609 714 sibi
3638 661 3808 718 vitam

2227 743 2479 790 aeternam
2510 738 2716 808 volunt,
2744 741 2790 796 si
2824 742 2941 798 ﬁeri
2971 755 3165 815 potest,
3183 742 3355 803 'ctiam
3384 751 3488 804 vita
3525 753 3813 821 temporali

2223 825 2454 896 privare.
2480 827 2644 900 Egre
2668 831 2810 888 enim
2834 832 2956 900 fert,
2983 846 3035 890 ct
3063 835 3286 906 injustus
3304 839 3527 910 justum,
3555 850 3608 898 et
3627 843 3814 913 justus

2216 916 2478 989 'injustum
2510 937 2524 973 :
2553 923 2700 978 oneri
2741 925 2840 979 sibi
2879 937 3021 982 sunt.
3067 929 3235 986 Nemo
3283 931 3491 988 dubitat
3529 936 3669 1006 quod
3720 938 3811 994 istt

2226 1007 2332 1063 duo
2356 1011 2670 1068 alterutrum
2697 1013 2796 1071 sibi
2825 1019 2975 1074 oneri
3005 1030 3148 1084 sunt,
3175 1022 3268 1078 sed
3299 1024 3526 1082 diversis
3552 1027 3813 1085 intentio.
3905 1039 3908 1042 ’

2225 1101 2400 1192 nibus.
2429 1105 2507 1160 Ad
2541 1105 2641 1162 hoc
2675 1110 2815 1164 enim
2837 1110 3011 1180 justus
3039 1114 3237 1186 iujusto
3260 1119 3410 1173 oneri
3435 1125 3538 1188 est,
3568 1122 3692 1192 quia
3723 1124 3812 1179 ina-

2219 1191 2419 1261 justum
2445 1211 2564 1250 cum
2594 1212 2714 1254 esse
2755 1217 2858 1254 non
2885 1204 3022 1268 vult,
3049 1206 3143 1260 sed
3169 1223 3290 1262 eum
3326 1209 3528 1279 justum
3566 1191 3680 1269 lieri
3703 1257 3718 1279 ,
3751 1227 3811 1271 et

2223 1295 2369 1353 optat
2403 1289 2558 1355 votis,
2586 1299 2638 1345 et
2659 1303 2882 1348 conatur
2902 1296 3055 1352 factis
3083 1317 3096 1352 :
3128 1299 3355 1368 injustas
3379 1312 3556 1360 autem
3584 1307 3665 1372 sic
3689 1309 3811 1364 odit

2217 1375 2440 1445 justum,
2482 1391 2535 1434 ut
2567 1382 2697 1437 nolit
2727 1399 2848 1439 eum
2879 1401 3030 1455 esse,
3064 1405 3168 1445 non
3201 1400 3256 1447 ut
3285 1393 3480 1450 bonum
3507 1397 3634 1452 velit
3657 1414 3809 1457 esse;

2220 1467 2428 1534 Quanto
2453 1474 2594 1525 enim
2623 1473 2793 1529 bonus
2820 1487 2920 1540 est,
2953 1487 3098 1534 tanto
3125 1484 3289 1553 magis
3312 1485 3463 1540 oneri
3489 1495 3573 1542 est
3601 1489 3806 1558 iniqui:-

2222 1560 2314 1614 tati
2345 1561 2503 1617 illius.
2539 1565 2603 1618 Et
2634 1565 2841 1622 laborat
2867 1570 3102 1640 quidem,
3135 1574 3180 1629 si
3214 1560 3326 1630 tieri
3357 1586 3554 1646 potest,
3584 1590 3640 1634 ut
3673 1597 3804 1648 eum

2221 1653 2473 1723 injustum
2501 1656 2697 1727 faciat;
2725 1661 2770 1716 si
2795 1669 2972 1718 autem
3001 1679 3106 1720 non
3136 1676 3346 1736 potest,
3390 1669 3458 1726 de
3486 1671 3663 1726 medio
3693 1676 3802 1731 ιυθδ

2219 1747 2331 1814 lat,
2364 1757 2419 1803 et
2445 1765 2474 1804 a
2507 1765 2604 1806 suo
2642 1753 2800 1809 taedio
2839 1756 3190 1829 molestiaque
3217 1772 3506 1818 removeat.
3539 1763 3643 1820 Sed
3669 1774 3725 1820 et
3753 1767 3805 1822 si

2215 1852 2338 1893 eum
2368 1839 2552 1896 fecerit
2581 1843 2855 1914 injustam,
2882 1846 3228 1904 nihilominus
3253 1853 3404 1908 oneri
3432 1853 3503 1909 illi
3526 1855 3647 1910 erit.
3678 1855 3800 1911 Non

2216 1933 2358 1986 enim
2385 1933 2561 2002 justus
2583 1943 2784 1990 tantum
2810 1937 3007 2008 injusto
3031 1941 3179 1994 oneri
3202 1951 3309 2008 est,
3329 1943 3420 1997 sed
3443 1950 3497 2000 et
3518 1945 3625 2000 duo
3651 1946 3803 2016 inju-

2215 2022 2284 2076 sti
2307 2024 2391 2077 vix
2421 2039 2480 2079 se
2513 2027 2820 2094 patiuntur:
2851 2039 2903 2084 et
2939 2031 3152 2100 quando
3178 2049 3238 2088 se
3264 2035 3510 2091 videntur
3535 2037 3795 2109 diligere,

2216 2113 2598 2170 conscientiam
2627 2117 2727 2172 sibi
2754 2118 2989 2184 debent,
3036 2137 3141 2176 non
3169 2125 3476 2182 amicitiam.
3509 2127 3658 2184 Tunc
3699 2135 3802 2186 alt-

2215 2211 2320 2260 tem
2362 2220 2543 2263 secum
2584 2209 2948 2279 concordant,
2981 2214 3193 2283 quando
3241 2216 3294 2270 in
3337 2219 3624 2287 perniciem
3662 2220 3796 2290 justi

2210 2299 2562 2366 conspirant,
2601 2315 2706 2353 non
2737 2303 2860 2369 quia
2899 2317 2958 2359 se
2985 2315 3202 2370 amant,
3247 2306 3340 2360 sed
3379 2309 3497 2377 quia
3540 2325 3662 2363 eum
3701 2313 3795 2381 qui

2211 2387 2471 2443 amandus
2499 2402 2612 2444 erat
2650 2391 2807 2447 simul
2836 2393 3083 2449 oderunt.
3127 2394 3323 2450 Contra
3354 2397 3455 2452 hoc
3494 2413 3664 2468 genus
3695 2400 3800 2454 hm-

2211 2478 2411 2533 minum
2458 2481 2644 2536 indicit
2687 2483 2841 2538 nobis
2869 2485 3124 2541 Dominus
3155 2487 3295 2542 Deus
3331 2498 3510 2544 noster
3551 2491 3793 2547 tolerans

2209 2571 2335 2625 tiam
2362 2579 2416 2625 et
2454 2572 2711 2627 allectum
2748 2575 2894 2630 illum
2925 2577 3198 2634 eharitatis
3220 2621 3234 2644 ,
3265 2595 3424 2650 quem
3460 2583 3704 2637 novimus
3736 2586 3790 2638 in

2209 2659 2498 2732 Evangelia
2522 2704 2536 2728 ,
2569 2666 2910 2735 prmcipiente
2955 2670 3107 2723 nobis
3157 2670 3388 2726 Domino
3431 2682 3486 2728 et
3527 2673 3738 2730 dicente
3772 2693 3789 2729 :

2208 2750 2419 2824 Diligite
2446 2755 2673 2811 inimicos
2699 2769 2915 2824 vestros,
2945 2767 2991 2812 et
3024 2760 3300 2830 benefacite
3333 2762 3412 2816 his
3453 2765 3538 2834 qui
3573 2764 3792 2821 oderunt

2206 2861 2292 2899 vos
2320 2846 2529 2918 (Matth.
2563 2865 2594 2903 v
2617 2889 2632 2916 ,
2672 2849 2788 2919 AM).
2816 2850 2966 2906 Sicut
2991 2861 3046 2906 et
3083 2853 3368 2923 Apostolus
3395 2871 3410 2907 :
3441 2854 3566 2910 Noli
3593 2857 3728 2910 vinci
3756 2875 3801 2912 a-

2207 2941 2362 3005 mato,
2386 2942 2475 2996 sed
2499 2944 2638 2996 vince
2668 2945 2719 2998 in
2762 2944 2890 2998 bono
2919 2947 3111 3000 malum
3139 2938 3316 3017 (Hom.
3349 2965 3452 3013 ιιι,
3495 2949 3607 3022 21).
3641 2952 3789 3007 Cun-

2207 3035 2362 3090 tende
2389 3050 2509 3090 eum
2541 3037 2702 3102 malo,
2735 3038 2826 3092 sed
2851 3037 2920 3093 de
2951 3038 3204 3095 bonitate.
3234 3039 3345 3110 ipsa
3374 3052 3455 3097 est
3482 3044 3621 3097 enim
3655 3057 3789 3100 vera

2205 3125 2476 3179 contentio
2495 3165 2512 3192 ,
2546 3127 2628 3181 vel
2658 3129 2832 3197 potius
2859 3140 3130 3186 certamen
3159 3131 3400 3199 salubre,
3433 3142 3491 3188 ut
3517 3134 3590 3189 sit
3612 3135 3791 3192 bonus

2203 3225 2388 3271 contra
2417 3217 2612 3270 malum
2631 3259 2643 3280 ,
2672 3233 2776 3272 non
2805 3231 2860 3273 ut
2886 3221 2994 3274 sint
3020 3221 3126 3276 duo
3155 3223 3300 3276 mali.

2275 3306 2328 3360 2.
2380 3305 2530 3380 [rem
2577 3308 2679 3374 η,
2729 3309 2841 3382 15.]
2891 3311 3033 3382 Ergo
3075 3311 3142 3366 ad
3189 3313 3458 3368 Psalmutn
3503 3316 3778 3385 respicite.

2202 3402 2395 3458 Primm
2422 3413 2600 3473 partes
2615 3404 2725 3473 jam
2753 3413 2990 3461 tractata:
3017 3415 3162 3472 sunt,
3189 3416 3485 3477 sequuntur
3512 3408 3644 3464 lucc.
3674 3409 3789 3464 Ob-

2202 3496 2416 3550 sertmbit
2443 3506 2671 3567 peccator
2686 3499 2882 3569 justum
2899 3541 2912 3563 ,
2939 3509 2988 3553 et
3013 3501 3189 3554 stridet
3226 3517 3378 3569 super
3414 3517 3526 3554 eum
3551 3502 3790 3558 dentibus

2203 3587 2310 3640 suis
2333 3602 2352 3639 :
2380 3585 2634 3642 Dominus
2669 3597 2840 3643 autem
2879 3588 3106 3643 irridebit
3147 3606 3282 3644 eum.
3328 3589 3495 3656 Quem
3520 3594 3546 3645 Υ
3587 3590 3788 3664 Utique

2203 3687 2536 3747 peccatorcm
2575 3677 2890 3734 stridentem
2929 3694 3092 3749 super
3111 3680 3314 3749 justum
3353 3681 3603 3738 dentibus
3644 3685 3784 3739 suis.

2203 3766 2356 3823 Unde
2381 3777 2558 3823 autem
2593 3767 2840 3824 Dominus
2860 3770 3088 3826 irridebit
3106 3788 3219 3826 eum
3235 3773 3265 3827 .’
3293 3772 3546 3839 Quoniam
3573 3777 3788 3845 prospi-

2201 3860 2268 3914 cit
2293 3860 2430 3928 quod
2455 3861 2613 3914 veniet
2639 3861 2747 3916 dies
2774 3863 2905 3933 ejus.
2934 3863 3176 3918 Acci-bus
3206 3864 3435 3930 videtur,
3463 3879 3582 3920 cum
3611 3866 3788 3922 mina-

2203 3959 2290 4006 tur
2311 3955 2456 4020 justo
2500 3953 2747 4010 ncsciens
2790 3954 2976 4008 horam
3021 3956 3103 4010 sui
3145 3957 3437 4010 crastinam
3471 3974 3486 4012 :
3527 3958 3788 4015 Dominus

2202 4053 2376 4098 autem
2424 4043 2606 4110 videt,
2646 4054 2700 4100 et
2743 4045 3002 4116 prospicit
3047 4046 3188 4101 diem
3226 4046 3362 4117 ejus.
3394 4047 3563 4114 Quem
3595 4048 3798 4110 (Πεωὲ

2202 4137 2316 4204 Quo
2356 4136 2542 4191 reddet
2567 4138 2849 4208 unicuique
2889 4139 3179 4193 secundum
3223 4155 3385 4208 opera
3429 4153 3524 4194 sua
3560 4141 3784 4210 (Matth.

2207 4243 2336 4293 xvi,
2390 4228 2502 4296 27).
2552 4228 2898 4284 'l‘ltesaurizat
2934 4231 3075 4283 cuitu
3116 4231 3216 4284 sibi
3257 4233 3388 4284 iram
3442 4232 3494 4285 iu
3545 4232 3636 4288 die
3686 4234 3790 4289 ira:

2203 4328 2258 4374 et
2304 4319 2644 4374 revelatiunis
2672 4321 2802 4390 justi
2841 4320 3024 4390 judicii
3077 4322 3169 4376 Dei
3222 4321 3400 4391 (Rom.
3437 4338 3496 4386 tt,
3551 4322 3629 4392 ὅ).
3673 4323 3786 4379 Sed

2207 4411 2464 4466 Dominus
2487 4413 2742 4481 prospicit
2767 4452 2781 4477 ,
2816 4421 2870 4466 tu
2909 4421 3084 4466 autem
3114 4428 3220 4466 non
3246 4413 3544 4482 prospicis;
3575 4413 3784 4468 indica.

2205 4504 2283 4557 vit
2324 4504 2415 4557 tibi
2442 4503 2532 4572 qui
2575 4502 2828 4573 prospicit
2854 4504 2892 4555 ⁸.
2937 4503 3014 4556 Τιι
3055 4502 3197 4557 diem
3229 4502 3412 4572 injusti
3455 4518 3564 4573 quo
3593 4518 3788 4573 pinnas

2206 4611 2465 4666 pensuros
2492 4606 2571 4652 est
2602 4597 2882 4666 ignorabas
2913 4614 2926 4650 :
2959 4596 3051 4651 sed
3077 4596 3168 4666 qui
3199 4597 3318 4661 scit,
3351 4612 3454 4650 non
3487 4607 3540 4651 te
3561 4596 3784 4653 celavit.

2202 4688 2318 4743 Non
2348 4702 2510 4758 parva
2541 4703 2663 4758 pars
2691 4687 2929 4742 scientiae
2967 4699 3087 4752 est,
3127 4687 3312 4742 scienti
3361 4687 3632 4757 conjungi.
3686 4688 3787 4744 ille

2203 4783 2363 4837 habet
2389 4781 2572 4836 oculos
2595 4781 2932 4849 cugnitiouis,
2960 4789 3012 4832 tu
3036 4779 3232 4834 habeto
3251 4779 3602 4836 credulitatis.
3624 4780 3786 4846 Quod

2203 4872 2348 4927 videt
2379 4873 2535 4936 Deus,
2569 4871 2728 4925 crede
2755 4879 2832 4923 tu.
2863 4870 3046 4925 Veniet
3074 4871 3216 4926 enim
3245 4871 3362 4926 dies
3389 4871 3590 4940 injusti,
3615 4887 3786 4940 quem

2203 4966 2459 5036 prospicit
2507 4967 2664 5020 Deus.
2710 4964 2810 5030 Qui
2858 4964 3014 5017 dies?
3055 4963 3326 5034 Cujusque
3365 4963 3630 5017 vindictae.
3677 4964 3790 5018 No-

2201 5071 2359 5112 oesse
2406 5065 2489 5111 est
2537 5057 2678 5110 enim
2729 5065 2804 5110 ιιι·
2837 5055 3132 5110 vindicetur
3188 5055 3240 5109 in
3288 5055 3555 5125 impium,
3605 5056 3786 5109 vindi-

2201 5160 2354 5205 cetur
2397 5151 2447 5204 in
2509 5149 2762 5218 iniustum
2796 5191 2809 5211 .
2862 5149 2975 5203 sive
3025 5155 3302 5205 convertat
3347 5163 3408 5204 se
3435 5191 3451 5214 ,
3516 5149 3631 5202 sive
3675 5164 3786 5202 non

2202 5259 2260 5297 se
2299 5250 2590 5298 convertat.
2645 5241 2702 5295 Si
2755 5241 2897 5296 enim
2937 5255 2998 5295 se
3035 5240 3396 5303 converterit,
3454 5239 3783 5308 hoc‘ipsum

2203 5337 2253 5389 in
2313 5337 2400 5388 illo
2461 5334 2802 5397 vindicatur;
2865 5331 3006 5403 quod
3056 5333 3212 5403 periit
3264 5333 3533 5403 iniquitas.
3588 5332 3789 5389 Nonne

2203 5426 2364 5480 irrisit
2395 5425 2646 5479 Dominus
2678 5424 3004 5493 prOSpicicns
3033 5423 3151 5478 dies
3179 5424 3484 5494 iniquorum
3507 5424 3736 5478 duorum)
3765 5465 3780 5485 .

2201 5529 2253 5572 et
2273 5516 2424 5571 Judm
2453 5514 2726 5570 traditoris
2748 5522 2799 5568 et
2826 5515 2974 5569 Sauli
2999 5516 3358 5584 persecutoris
3380 5516 3513 5584 (Act.
3538 5531 3554 5568 ι
3579 5524 3629 5568 et
3659 5516 3739 5586 ix)
3765 5516 3790 5569 τ

2260 5678 2278 5708 ι
2314 5676 2386 5724 sic
2425 5681 2530 5724 Mss.
2567 5681 2619 5722 At
2642 5673 2776 5734 add,
2802 5673 3037 5746 indicabit.
3054 5674 3141 5726 tibi
3162 5689 3270 5746 qua
3292 5674 3536 5746 prospicit.
3564 5681 3626 5742 tit
3641 5675 3792 5737 paulo

2199 5746 2459 5852 agitem?
2475 5749 2638 5799 pinnas
2659 5749 2888 5800 passurus
2917 5745 2987 5788 est
3019 5738 3304 5802 ignorabas;
3327 5738 3410 5788 sed
3434 5738 3518 5801 qui
3556 5738 3667 5798 scit,
3693 5751 3793 5791 non
