4042 6494
187 428 281 494 $65

191 550 351 607 Unius
386 560 533 602 mem
566 542 839 616 prospexit
866 541 931 597 ad
972 555 1178 611 pmnam
1200 579 1215 602 ,
1261 537 1478 592 alterius
1506 534 1569 588 ad
1598 533 1752 603 justi-

192 644 331 698 tiam.
358 639 418 694 in
455 649 746 708 utrumque
786 632 1103 689 vindicatum
1131 638 1212 685 est
1240 647 1253 683 :
1284 628 1371 683 ille
1396 634 1478 682 est
1501 625 1758 696 gehennae

193 734 394 806 ignibus
422 731 736 800 deputatus,
768 726 868 787 iste
886 723 1089 780 cmicsti
1116 737 1241 775 voce
1268 727 1584 790 prostratus.
1616 715 1755 783 Ergo

192 836 242 883 et
261 836 315 882 ιιι
345 839 508 894 quem
538 822 737 893 pateris
764 819 1021 889 iniquum,
1049 829 1142 885 per
1165 814 1347 869 oculos
1366 810 1488 866 fidei
1514 807 1761 881 prospice

191 932 305 974 eum
335 917 446 970 Deo
475 914 596 969 dies
627 911 775 981 ejus;
806 914 862 964 et
877 923 998 964 cum
1019 921 1141 962 eum
1164 903 1363 958 videris
1386 904 1437 956 in
1468 912 1517 956 te
1540 900 1766 955 saevien-

194 1018 315 1071 tem,
349 1005 441 1061 die
472 1004 568 1059 tibi
602 1020 617 1057 :
649 1002 752 1057 iste
788 1009 878 1054 aut
904 1004 1201 1063 correctus,
1228 1007 1438 1048 mecum
1466 991 1483 1023 ⁸
1511 991 1647 1057 erit;
1676 995 1766 1043 aut

194 1110 567 1169 perseverans,
599 1107 806 1147 mecum
837 1104 940 1144 non
967 1088 1088 1143 erit.

258 1192 310 1246 3.
360 1189 519 1262 [τετε.
561 1182 777 1259 14-16.]
802 1182 938 1250 Quid
968 1181 1147 1236 enim?
1174 1178 1429 1248 iniustitia
1466 1174 1643 1244 iniusti
1670 1170 1767 1226 libi

196 1293 363 1349 nocet,
393 1291 444 1335 et
476 1282 554 1336 illi
582 1295 690 1335 non
719 1276 916 1332 nocet?
968 1274 1118 1332 Unde
1171 1273 1282 1328 fieri
1335 1280 1525 1341 potest,
1555 1278 1613 1322 ut
1666 1266 1768 1321 ini-

200 1377 371 1446 quitas
396 1373 538 1441 ejus,
586 1380 706 1441 qua:
750 1383 845 1440 per
889 1367 1004 1438 ejus
1042 1364 1453 1434 indignationem
1494 1368 1551 1416 et
1588 1358 1769 1413 odium

200 1466 437 1539 procedit
462 1464 532 1519 ad
562 1461 859 1518 .azdendum
890 1470 961 1525 te,
991 1474 1093 1512 non
1124 1457 1273 1527 prius
1299 1457 1467 1526 ipsum
1495 1460 1668 1505 vastet
1692 1450 1773 1503 in-

199 1569 292 1623 tus,
321 1562 487 1626 quam
513 1563 565 1609 te
586 1561 755 1609 tentet
775 1552 937 1607 foris?
960 1550 1131 1603 Tuum
1154 1563 1347 1617 corpus
1369 1544 1557 1615 premit
1579 1542 1773 1597 adver-

198 1652 337 1711 sitas,
364 1648 513 1701 illius
530 1646 765 1701 animum
790 1640 1067 1713 pulmfaeit
1092 1639 1359 1709 iniquitas.
1389 1635 1521 1691 Nam
1544 1643 1598 1689 et
1618 1632 1776 1703 quid-

201 1739 317 1811 quid
353 1740 408 1792 in
447 1747 501 1792 te
532 1735 729 1806 profert
751 1774 767 1801 ,
800 1734 854 1788 in
895 1732 1041 1787 illum
1073 1730 1231 1786 redit.
1264 1729 1391 1799 Ejus
1419 1727 1561 1783 enim
1592 1739 1773 1795 persc-

201 1828 334 1885 eutio
366 1838 423 1882 te
466 1827 594 1880 facit
631 1832 940 1894 purgatum,
971 1820 1121 1877 illum
1161 1834 1333 1874 reum.
1366 1816 1461 1870 Cui
1491 1831 1620 1886 ergo
1657 1813 1777 1884 plus

202 1919 390 1975 nocet?
433 1918 575 1972 Ecce
616 1913 889 1971 smviendo
929 1910 1243 1980 exspoliavit
1281 1917 1331 1962 te
1364 1925 1377 1959 :
1406 1906 1526 1976 quis
1572 1905 1778 1960 damno

201 2010 440 2081 graviore
489 2005 805 2076 percutitur,
855 2003 944 2073 qui
981 2000 1175 2055 amittit
1223 1998 1521 2069 pecuniam,
1572 2010 1637 2048 an
1686 1993 1774 2064 qui

204 2102 393 2157 amittit
421 2098 624 2154 fidem?
649 2097 859 2154 Norunt
893 2094 1076 2150 dolere
1100 2092 1288 2148 damna
1321 2091 1439 2154 ism,
1466 2088 1554 2158 qui
1586 2086 1781 2140 habent

206 2194 413 2248 oculum
444 2190 779 2246 interiorem.
812 2186 987 2241 Multis
1012 2184 1153 2238 enim
1199 2182 1362 2251 fulget
1390 2194 1577 2233 aurum
1602 2219 1615 2241 ,
1650 2176 1781 2232 fides

206 2300 299 2339 non
355 2283 545 2352 fulget.
591 2279 795 2334 Habent
838 2277 1033 2347 quippe
1071 2274 1256 2329 oculos
1299 2270 1438 2326 unde
1476 2284 1660 2323 aurum
1698 2268 1781 2321 vi-

206 2375 357 2430 deant
387 2392 401 2428 :
433 2372 579 2428 unde
601 2371 761 2426 fidem
789 2368 1039 2435 videant,
1067 2380 1173 2419 non
1199 2364 1412 2418 habent.
1441 2361 1572 2417 Nam
1604 2360 1647 2415 si
1683 2358 1780 2413 lia-

208 2466 389 2521 berent
427 2472 483 2518 et
522 2462 802 2524 viderent,
844 2460 1024 2528 utique
1068 2457 1183 2526 plus
1212 2463 1452 2510 amarent
1482 2470 1497 2505 :
1527 2458 1580 2506 et
1607 2461 1781 2504 tamen

208 2556 410 2627 quando
430 2555 513 2610 eis
540 2552 801 2622 frangitur
826 2549 978 2615 fides,
1006 2549 1258 2613 clamant,
1281 2544 1531 2601 invidiam
1561 2542 1778 2605 faciunt,

210 2657 257 2701 et
281 2647 468 2701 dicunt
496 2662 511 2698 :
541 2642 586 2698 0
628 2638 792 2695 fides!
826 2640 912 2694 ubi
940 2648 1020 2692 est
1049 2637 1224 2691 fides?
1255 2637 1417 2691 Amas
1441 2647 1557 2688 eam
1586 2640 1644 2685 ut
1674 2632 1786 2685 exi-

211 2751 329 2806 gas;
365 2750 491 2789 ama
526 2743 581 2787 ut
609 2730 882 2786 exhibeas.
925 2730 1064 2797 Ergo
1088 2728 1213 2797 quia
1256 2739 1441 2780 omnes
1483 2724 1571 2794 qui
1607 2736 1787 2789 perse-

210 2827 649 2898 quunturjustos,
674 2823 915 2893 graviore
935 2820 1130 2875 damno
1160 2817 1441 2880 feriuntur,
1468 2824 1522 2869 et
1542 2814 1785 2884 graviore

210 2920 439 2990 pernicie
484 2916 841 2981 afﬂictantur,
887 2928 1007 2968 cum
1054 2910 1106 2965 in
1143 2911 1221 2966 eis
1258 2919 1491 2963 vastatur
1526 2909 1636 2977 ipse
1672 2907 1789 2960 ani-

210 3027 347 3073 mus;
392 3008 673 3079 sumitur,
713 3015 767 3059 et
804 3004 1039 3059 ostendit
1081 3001 1184 3056 hoc
1224 3000 1468 3055 Psalinus
1499 3015 1512 3051 :
1546 2996 1786 3051 Gladium

212 3105 491 3169 eduxerunt,
510 3109 834 3172 peccatores,
858 3094 1175 3149 intenderunt
1194 3107 1366 3145 arcum
1390 3106 1535 3145 suum
1567 3099 1660 3144 :ut
1700 3088 1789 3143 de-

207 3196 379 3263 jiciant
405 3195 615 3263 inopem
644 3200 690 3245 et
724 3203 1023 3259 pauperem,
1064 3194 1121 3239 ut
1147 3183 1393 3238 trucidcnt
1430 3189 1590 3237 rectos
1616 3182 1784 3236 corde.

218 3284 257 3338 Γ
259 3300 429 3337 ramea
460 3297 637 3337 eorum
657 3280 807 3333 intret
826 3279 879 3332 in
900 3292 985 3331 cor
1004 3276 1245 3346 ipsorum.
1286 3272 1465 3328 Facile
1492 3280 1575 3327 est
1604 3281 1660 3325 ut
1687 3270 1789 3325 fra-

212 3392 316 3430 mea
328 3376 472 3444 ejus,
496 3372 550 3428 id
569 3380 671 3439 est,
689 3370 896 3441 gladius
912 3368 1026 3438 ejus
1040 3365 1313 3438 perveniat
1325 3365 1391 3419 ad
1407 3379 1601 3434 corpus
1613 3371 1784 3430 tuum,

215 3468 337 3521 sicut
355 3463 606 3535 pervenit
620 3461 827 3532 gladius
848 3467 1245 3530 persecutorem
1266 3456 1331 3511 ad
1352 3467 1576 3525 corpora
1594 3462 1793 3526 marty-

213 3572 355 3621 rum;
382 3555 482 3610 sed
510 3568 766 3625 percusso
793 3563 1018 3620 corpore
1036 3590 1051 3616 ,
1080 3562 1175 3604 cor
1198 3547 1392 3601 mansit
1428 3547 1651 3601 illaesum
1680 3563 1693 3598 :
1724 3546 1790 3599 il-

215 3644 308 3699 lius
332 3653 515 3700 autem
540 3658 637 3698 cor
652 3640 744 3712 qui
768 3639 999 3711 gladium
1028 3637 1212 3693 eduxit
1236 3637 1287 3691 in
1307 3650 1501 3706 corpus
1514 3634 1665 3705 justi,
1687 3647 1793 3689 non

215 3737 363 3807 plane
388 3735 592 3790 mansit
622 3732 863 3787 illaesum.
894 3730 1003 3784 lloc
1028 3728 1262 3800 psalmus
1280 3727 1381 3782 iste
1413 3730 1650 3781 testatur.
1675 3723 1795 3778 Fra-

217 3842 323 3879 mea
350 3840 545 3881 eorum
577 3836 681 3877 non
714 3823 905 3885 intret,
930 3819 1098 3885 dixit,
1127 3818 1179 3872 in
1201 3830 1394 3887 corpus
1418 3828 1603 3871 eorum
1636 3832 1650 3869 :
1673 3814 1793 3882 sed,

217 3912 623 3970 Framcaeorum
648 3913 793 3967 intret
812 3912 862 3964 in
877 3927 964 3965 cor
976 3910 1223 3979 ipsorum.
1238 3906 1295 3961 1n
1312 3922 1536 3975 corpore
1550 3905 1796 3962 occidero

216 4005 540 4072 voluerunt,
573 4005 626 4058 in
655 4003 829 4058 anima
866 4000 1181 4056 mdriantur.
1215 3997 1337 4053 Illos
1379 3997 1523 4052 enim
1566 4011 1794 4067 quorum

216 4113 439 4170 corpora
470 4094 776 4152 interficere
797 4093 1100 4157 voluerunt,
1123 4102 1341 4145 securos
1367 4088 1620 4142 Dominus
1649 4085 1794 4153 fecit,

216 4187 397 4244 dicens
423 4189 504 4243 eis
533 4206 547 4242 :
580 4185 756 4239 Nolite
779 4185 954 4238 timere
975 4199 1062 4237 eos
1088 4180 1174 4253 qui
1194 4195 1377 4248 corpus
1406 4178 1659 4245 occidunt,
1687 4178 1799 4231 ani-

216 4298 350 4333 mum
378 4291 548 4333 autem
569 4295 670 4331 non
695 4285 904 4349 possunt
925 4274 1150 4329 occidere
1176 4270 1387 4346 (Matth.
1410 4287 1465 4335 ι,
1486 4271 1604 4341 28).
1635 4270 1801 4336 Quale

216 4384 299 4428 est
327 4382 506 4427 autem
539 4370 731 4425 saevire
754 4367 951 4438 gladio,
975 4381 1073 4421 nec
1105 4380 1260 4436 posse
1284 4364 1531 4421 occidere
1559 4360 1659 4417 nisi
1685 4376 1805 4414 cor-

217 4477 317 4533 pus
352 4463 573 4528 inimici,
605 4470 843 4530 etposse
868 4456 1113 4513 occidere
1152 4457 1383 4512 animam
1424 4453 1615 4510 suam?
1643 4452 1798 4509 Desi-

219 4556 389 4625 piunt,
421 4562 610 4610 contra
637 4566 697 4606 se
726 4550 981 4617 smviunt,
1012 4549 1314 4614 insaniunt,
1346 4562 1449 4601 non
1476 4558 1535 4601 se
1575 4544 1755 4599 vident
1785 4560 1799 4598 :

220 4657 473 4715 tanquam
522 4644 570 4699 si
614 4642 774 4697 vellet
810 4640 999 4711 aliquis
1039 4655 1133 4711 per
1173 4654 1367 4710 corpus
1404 4651 1559 4692 suum
1604 4634 1801 4689 ferrum

219 4738 473 4807 trajicere
493 4777 508 4799 ,
553 4743 610 4788 ut
636 4731 1009 4788 conscinderet
1036 4730 1264 4785 tunicam
1291 4728 1530 4783 alterius.
1564 4723 1805 4779 Attendis

217 4844 329 4899 quo
361 4826 651 4898 pervenisti
677 4867 693 4892 ,
719 4835 775 4880 et
812 4835 918 4879 non
949 4821 1179 4879 attendis
1207 4836 1308 4892 qua
1337 4818 1593 4889 traiecisti
1624 4836 1638 4874 :
1666 4817 1807 4874 illius

119 4934 126 4941 ‘
212 4918 531 4976 conscidisti
558 4925 789 4981 vestem,
823 4924 964 4969 tuam
1005 4928 1243 4969 carnem.
1286 4912 1507 4968 Constat
1531 4925 1659 4982 ergo
1685 4910 1806 4982 plus

214 5026 343 5068 esse
359 5010 500 5081 quod
524 5025 587 5064 se
604 5007 803 5064 lmdunt
828 5006 1013 5078 iniqui,
1042 5016 1096 5061 et
1121 5003 1262 5076 quod
1289 5004 1389 5060 sibi
1414 5012 1628 5070 nocent,
1647 5019 1804 5073 quam

214 5103 368 5174 quod
396 5102 498 5158 sibi
529 5101 777 5155 videntur
803 5113 997 5154 nocere
1022 5098 1125 5152 illis
1149 5107 1285 5169 quos
1308 5096 1555 5151 oderunt.
1588 5093 1809 5150 Frantea

212 5213 355 5272 ergo
384 5213 560 5251 eorum
596 5195 747 5249 intret
784 5194 837 5248 in
875 5208 961 5247 cor
990 5193 1234 5264 ipsorum.
1281 5190 1554 5247 Sententia
1600 5191 1808 5246 Domini

213 5299 327 5354 est,
358 5288 516 5344 aliter
544 5286 659 5341 fieri
694 5299 797 5341 nov
821 5287 1016 5356 potest.
1040 5282 1107 5337 Et
1133 5298 1283 5337 arcus
1304 5298 1477 5337 eorum
1500 5292 1808 5337 conteratur.

213 5379 367 5448 Quid
395 5387 478 5434 est
501 5419 519 5441 ,
567 5392 718 5431 arcus
758 5391 931 5429 eorum
970 5374 1303 5427 conteratur?
1328 5372 1538 5428 insidize
1574 5372 1809 5441 ipsorum

204 5469 574 5526 frustrentur.
602 5466 858 5537 Superius
888 5465 1032 5519 enim
1063 5463 1276 5518 dixerat
1306 5481 1320 5517 :
1354 5461 1593 5518 Gladium
1619 5461 1811 5516 eduxe-

210 5573 347 5618 runt
383 5571 669 5633 peccatores
688 5600 703 5625 ,
733 5555 1053 5613 intenderunt
1082 5570 1255 5609 arcum
1283 5563 1447 5609 suum.
1478 5551 1651 5608 Gladii
1677 5552 1812 5608 edu-

211 5656 465 5714 ctionem
490 5697 504 5721 ,
557 5650 783 5721 intelligi
832 5649 1000 5705 voluit
1038 5657 1275 5719 apertam
1319 5646 1763 5719 oppugnationem
1796 5664 1810 5702 :

283 5858 305 5895 ⁶
335 5863 411 5911 sic
434 5870 538 5910 uss.
567 5865 622 5909 At
647 5854 784 5915 md,
810 5866 957 5904 nicas.

1276 420 1665 479 EN.\f‘.R.\Tl0
1704 417 1767 472 IN
1808 417 2125 474 assistunt
2167 396 2399 475 xxxvi.

3337 424 3441 480 3'6

1865 546 2019 588 arcus
2047 542 2223 588 autem
2265 534 2652 603 intentionem,
2682 537 2919 592 occultas
2961 540 3176 595 insidias
3213 541 3438 610 intelligi

1867 623 2052 677 voluit.
2086 624 2221 680 Ecce
2245 625 2452 696 gladius
2480 626 2599 695 ejus
2626 627 2841 698 perimit
2866 644 2987 684 eum
3006 671 3019 693 ,
3066 639 3119 685 et
3160 631 3444 702 dispositio

1870 714 2179 771 insidiarum
2204 717 2321 787 ejus
2348 716 2649 773 frustratur.
2681 719 2819 788 Quid
2849 730 2929 775 est
2950 763 2966 788 ,
2999 720 3323 778 frustratur?
3351 722 3445 779 Ni-

1872 808 1942 861 hil
1974 818 2127 864 nocet
2152 809 2313 878 justo.
2346 810 2625 876 Quomodo
2650 826 2777 881 ergo
2804 813 2934 867 nihil
2971 814 3021 868 ei
3050 816 3264 879 nocuit.
3296 816 3446 873 verbi

1869 899 2057 969 gratia,
2089 914 2243 969 quem
2274 901 2351 954 sic
2379 902 2712 971 exspoliavit,
2741 903 2824 959 cui
2855 903 3089 959 tollendo
3117 917 3203 961 res
3228 921 3353 962 suas
3379 906 3449 963 ad

1872 990 2140 1059 angustias
2174 989 2467 1061 perduxit?
2501 993 2668 1049 Habet
2710 994 2851 1065 quod
2896 1005 3115 1065 cantet,
3162 996 3348 1053 Helius
3376 1006 3453 1054 est

1874 1079 2124 1133 Modicum
2144 1082 2285 1150 justo
2313 1097 2464 1151 super
2488 1082 2687 1137 divitias
2717 1092 3031 1153 peccatorum
3062 1086 3266 1141 multas.
3341 1104 3347 1109 ’

1943 1171 1995 1225 4.
2042 1169 2193 1243 [vers.
2238 1170 2347 1246 η]
2382 1172 2485 1227 Sed
2525 1182 2769 1243 potentes
2808 1182 2931 1229 sunt
2958 1176 3156 1246 iniqui;
3198 1182 3255 1232 et
3282 1178 3449 1236 multa

1877 1260 2092 1329 faciunt,
2120 1274 2171 1319 et
2197 1265 2428 1334 suppetit
2453 1266 2530 1319 eis
2558 1280 2731 1320 rerum
2759 1266 3010 1335 effectus;
3043 1269 3229 1338 agendi
3256 1270 3454 1324 celeri-

1879 1363 1957 1408 tas
1976 1395 1989 1418 ,
2014 1355 2305 1423 jussionem
2335 1356 2633 1412 obedientia
2659 1359 2914 1428 sequitur.
2942 1358 3206 1431 Numquid
3232 1378 3450 1433 semper

1878 1447 2003 1501 sic?
2035 1446 2284 1514 Quoniam
2331 1448 2536 1503 brachia
2583 1460 2899 1521 peccatorum
2935 1452 3272 1507 conterentur.
3317 1453 3451 1509 Bra-

1879 1538 1996 1592 chia
2023 1555 2149 1607 ergo
2180 1556 2362 1595 eorum
2387 1582 2402 1608 ,
2437 1543 2671 1611 potentia
2696 1540 2902 1598 eorum.
2937 1544 3070 1612 Quid
3102 1546 3334 1603 facturus
3372 1557 3457 1603 est

1883 1631 1934 1685 in
1961 1632 2205 1701 gebenna
2232 1631 2256 1686 ἲ
2280 1634 2359 1687 An
2381 1634 2522 1703 quod
2549 1634 2674 1688 facit
2696 1636 2780 1690 ille
2808 1636 2980 1702 dives,
3012 1640 3099 1707 qui
3128 1638 3265 1707 apud
3292 1652 3455 1710 supeé-

1879 1735 1969 1775 ros
1993 1721 2325 1789 epulabatur,
2364 1722 2502 1792 apud
2533 1724 2730 1780 inferos
2756 1726 3100 1796 torquebatur
3137 1720 3287 1799 (Luc.
3330 1732 3453 1794 x’vt,

1883 1810 1950 1865 i9
1970 1851 1985 1876 ,
2012 1811 2103 1879 24)
2126 1812 2149 1864 7
2176 1810 2398 1866 Brachia
2424 1826 2552 1885 ergo
2591 1829 2762 1869 eorum
2798 1824 3134 1872 conterentur.
3180 1819 3459 1888 Conﬁrmat

1881 1913 2049 1955 autem
2067 1904 2236 1973 justas
2266 1902 2533 1958 Dominus.
2558 1906 2837 1974 Quomodo
2866 1920 2960 1962 eos
2987 1909 3304 1965 cbufirmat'!
3330 1911 3459 1980 quid

1883 1995 1962 2049 eis
1991 1994 2156 2049 dicit?
2182 1997 2331 2064 Quod
2373 1997 2564 2052 dicitur
2602 2001 2653 2053 in
2685 1999 2788 2054 alio
2821 2002 3024 2070 psalmo
3055 2021 3069 2057 :
3104 2004 3311 2059 Sustine
3354 2005 3462 2059 Do-

1886 2088 2095 2150 minum,
2125 2088 2334 2141 viriliter
2360 2105 2473 2158 age,
2504 2100 2550 2143 et
2570 2094 2885 2163 confortatur
2903 2104 2991 2148 cor
3015 2105 3175 2161 tuum,
3202 2106 3248 2150 et
3269 2098 3464 2153 sustine

1884 2172 2161 2229 Dominum
2190 2176 2360 2248 (Psat.
2387 2191 2532 2244 nvi,
2564 2180 2673 2250 14).
2702 2182 2836 2247 Quid
2865 2194 2947 2238 est
2973 2183 3094 2250 lue,
3128 2185 3335 2241 Sustine
3354 2186 3464 2241 Do-

1886 2268 2075 2320 minum
2095 2267 2121 2321 .’
2151 2269 2228 2322 Ad
2260 2279 2464 2339 tempus
2491 2271 2720 2336 laboras,
2752 2274 2803 2327 in
2832 2284 3086 2329 mteruum
3114 2293 3218 2331 non
3250 2278 3463 2334 labora-

1886 2356 1966 2412 bis
1998 2375 2013 2411 :
2046 2357 2219 2413 brevis
2245 2368 2325 2414 est
2364 2362 2606 2417 molestia
2638 2374 2723 2417 tua
2749 2406 2762 2428 ,
2810 2374 3006 2420 mterna
3047 2368 3149 2422 erit
3188 2369 3464 2426 beatitudo

1889 2456 1974 2502 tua
2011 2466 2023 2502 :
2056 2450 2119 2504 ad
2149 2451 2412 2507 modicum
2440 2454 2607 2518 doles,
2633 2456 2749 2510 sine
2772 2457 2876 2511 line
2896 2458 3169 2529 gandi-bis.
3193 2460 3300 2516 Sed
3323 2462 3467 2518 inter

1889 2541 2165 2595 molestias
2192 2542 2379 2613 incipis
2406 2545 2550 2600 labi?
2576 2546 2895 2618 Proponitur
2922 2554 3221 2623 exemplum
3253 2564 3307 2610 et
3334 2571 3459 2625 pas-

1888 2634 2094 2686 sionum
2127 2632 2341 2688 Christi.
2376 2636 2505 2691 Vide
2530 2638 2653 2707 quid
2684 2656 2780 2708 pro
2808 2650 2857 2695 te
2887 2643 3130 2712 pertulit,
3171 2646 3259 2716 qui
3294 2662 3462 2717 quare

1888 2720 2149 2790 perferret
2176 2741 2280 2778 non
2323 2724 2568 2781 habebat.
2607 2728 3040 2800 Quantacumque
3070 2736 3285 2805 patiaris
3306 2778 3321 2803 ,
3360 2753 3467 2795 non

1893 2814 2171 2881 pervenies
2197 2814 2263 2869 ad
2292 2815 2407 2869 illas
2436 2817 2821 2881 insultationes,
2847 2822 2912 2875 ad
2942 2824 3025 2878 illa
3058 2824 3283 2895 ﬂagella,
3310 2827 3378 2882 ad
3406 2828 3472 2883 il-

1890 2903 1995 2958 lam
2040 2906 2439 2975 iguominiosam
2466 2919 2668 2966 Vestem
2693 2954 2708 2976 ,
2745 2913 2810 2966 ad
2858 2914 2998 2968 illam
3037 2916 3274 2986 apiueam
3309 2932 3470 2975 coro-

1892 3008 2037 3060 nam,
2068 2994 2135 3049 ad
2168 2996 2308 3050 illam
2338 3006 2609 3067 postremo
2634 3010 2847 3056 crucem
2879 3019 2981 3057 non
3013 3007 3314 3075 pervenies,
3342 3009 3467 3079 quia

1886 3083 1996 3153 jam
2041 3095 2096 3141 et
2122 3085 2190 3141 de
2230 3102 2386 3156 pteua
2431 3089 2643 3158 generis
2680 3090 2895 3146 humani
2934 3094 3138 3149 sublata
3183 3105 3287 3154 est.
3334 3098 3468 3153 Cum

1893 3177 2034 3231 enim
2057 3178 2156 3233 sub
2176 3180 2404 3251 antiquis
2424 3182 2668 3237 scelerati
2690 3185 3148 3257 crucifigerentur,
3173 3190 3333 3255 modo
3352 3191 3473 3246 nul-

1894 3269 1979 3323 lus
2001 3269 2343 3341 crucifigitur.
2377 3272 2645 3329 Honorata
2676 3285 2758 3330 est
2779 3317 2794 3341 ,
2828 3286 2882 3332 et
2913 3277 3078 3333 finita.
3108 3280 3279 3337 Finita
3306 3292 3388 3338 est
3418 3284 3471 3339 in

1894 3372 2047 3429 paena
2074 3402 2089 3427 ,
2116 3371 2297 3416 manet
2324 3364 2373 3418 in
2400 3365 2569 3436 gloria
2596 3368 2634 3420 ‘.
2665 3367 2711 3422 A
2754 3367 2885 3424 locis
2926 3372 3308 3440 suppliciorum
3349 3374 3477 3437 fecit

1896 3452 2174 3506 transitum
2199 3449 2267 3508 ad
2298 3453 2498 3510 frontes
2526 3458 2923 3527 imperatorum.
2950 3461 3048 3529 Qui
3079 3462 3281 3519 tantum
3309 3466 3478 3521 bono.

1896 3556 2008 3595 rem
2035 3540 2179 3597 dedit
2204 3544 2375 3611 penis
2401 3546 2532 3613 suis,
2559 3547 2685 3617 quid
2726 3560 2903 3604 servat
2930 3551 3172 3608 fidelibus
3196 3553 3344 3610 suis?
3382 3556 3476 3612 His

1898 3646 2026 3702 ergo
2050 3633 2240 3699 rebus,
2275 3634 2358 3690 his
2384 3636 2590 3704 verbis,
2638 3638 2720 3694 bis
2755 3638 3164 3700 allocutionibus
3189 3686 3205 3711 ,
3254 3644 3357 3702 boc
3384 3650 3476 3703 tali

1898 3723 2144 3793 exemplo
2172 3725 2437 3793 conﬁrntat
2458 3728 2627 3798 justas
2663 3728 2930 3787 Dominus.
2965 3732 3197 3790 Saeviant
3222 3748 3477 3808 quantum

1898 3813 2202 3881 voluerint,
2242 3825 2299 3871 et
2321 3827 2577 3887 quantum
2618 3822 2865 3890 permissi
2903 3824 3096 3881 fuerint
3121 3832 3429 3898 peCeatoi-es
3461 3848 3476 3885 :

1900 3904 2165 3972 conﬁrmat
2181 3906 2352 3975 justas
2378 3901 2650 3964 Dominus.
2691 3910 2953 3983 Quidquid
2998 3917 3250 3973 acciderit
3289 3919 3436 3990 justo
3460 3961 3476 3986 ,

1901 3994 2157 4049 voluntati
2183 3995 2377 4052 divinae
2402 3998 2659 4069 deputet,
2691 4018 2795 4057 non
2825 4008 3073 4076 potestati
3102 4007 3323 4065 inimici.
3363 4011 3487 4067 Sae-

1902 4084 2014 4139 vire
2042 4086 2132 4140 ille
2154 4094 2330 4157 potest
2359 4107 2373 4144 :
2401 4089 2579 4156 ferire,
2610 4092 2653 4148 si
2686 4093 2774 4149 ille
2790 4096 3037 4162 noluerit,
3060 4112 3165 4153 non
3189 4104 3383 4167 potest.
3414 4103 3484 4157 Et

1903 4176 1947 4230 si
1979 4176 2070 4231 ille
2096 4178 2324 4235 voluerit
2351 4188 2411 4235 ut
2440 4182 2623 4248 feriat,
2666 4188 2813 4241 novit
2836 4203 2988 4243 suum
3028 4192 3480 4261 quemadmodum

1903 4266 2128 4337 excipiat
2158 4285 2172 4324 :
2203 4267 2364 4335 Quem
2393 4274 2525 4326 enim
2562 4274 2725 4346 diligit
2754 4275 3003 4334 Dominus
3028 4322 3043 4347 ,
3079 4284 3287 4353 corripit
3330 4301 3344 4340 ε
3386 4261 3497 4356 ﬂet-

1904 4358 2058 4429 gellat
2082 4367 2249 4414 autem
2268 4376 2464 4417 omnem
2491 4364 2656 4432 ﬁlium
2686 4374 2830 4436 quem
2855 4370 3029 4438 recipit
3062 4370 3242 4441 (Ilebr.
3272 4390 3371 4439 xu,
3402 4376 3482 4443 6);

1906 4450 2041 4517 Quid
2072 4452 2171 4505 sibi
2199 4464 2328 4523 ergo
2353 4453 2553 4523 plaudit
2581 4456 2811 4528 iniquus,
2844 4460 2966 4529 quia
2994 4459 3259 4533 flagellum
3288 4464 3388 4522 sibi
3415 4467 3487 4524 d'o

1908 4540 1999 4596 illo
2020 4540 2142 4596 fecit
2166 4539 2324 4599 Pater
2357 4544 2551 4600 meus?
2577 4544 2726 4602 Illum
2755 4551 2976 4605 assumit
2999 4553 3065 4607 ad
3096 4555 3445 4615 ministerium
3464 4594 3483 4628 ,

1907 4648 1994 4690 me
2019 4634 2194 4690 erudit
2226 4635 2293 4691 ad
2330 4638 2729 4706 patrimonium.
2761 4641 2871 4699 Nec
2914 4647 3189 4703 attendere
3230 4648 3489 4707 debemus

1908 4731 2164 4795 quantum
2223 4728 2497 4797 permittat
2548 4729 2760 4802 injustis
2788 4773 2805 4799 ,
2863 4734 2957 4791 sed
3007 4746 3261 4808 quantum
3310 4752 3491 4798 senet

1903 4814 2085 4889 justis.

1983 4906 2037 4963 5.
2068 4905 2173 4963 Sed
2193 4906 2450 4965 debemus
2483 4919 2667 4982 optare
2694 4914 2855 4969 etiam
2897 4915 3002 4972 illis
3033 4924 3126 4987 per
3153 4933 3287 4989 quos
3309 4918 3494 4994 neget--

1913 4999 2106 5066 Iamur,
2133 5004 2191 5054 ut
2212 5011 2615 5069 Convertuntur,
2642 5013 2696 5058 et
2716 5004 3064 5075 llagellenlur.
3080 5009 3169 5066 Sic
3197 5012 3337 5067 enim
3366 5030 3494 5070 suos

1916 5089 2103 5145 fideles
2130 5090 2422 5159 erudiebat,
2453 5094 2543 5162 qui
2567 5094 2637 5150 de
2661 5094 2823 5151 Saulo
2849 5095 3111 5167 flagellum
3136 5102 3237 5156 sibi
3269 5102 3489 5164 fecerat.

1915 5182 2011 5237 sed
2037 5192 2219 5254 postea
2250 5186 2512 5240 convertit
2537 5195 2592 5241 et
2616 5185 2857 5243 Saulum.
2888 5190 2952 5245 Et
2970 5206 3091 5247 eum
3120 5192 3341 5250 Ananiae
3370 5210 3494 5250 sam

1914 5281 2023 5341 cto,
2054 5288 2083 5327 a
2127 5283 2232 5344 quo
2260 5272 2555 5345 baptizatus
2583 5286 2664 5333 est
2699 5277 2923 5347 Saulus,
2968 5280 3169 5339 diceret
3196 5284 3450 5340 Dominus
3475 5318 3493 5352 ι

1919 5362 2066 5419 illum
2114 5364 2507 5434 suscipiendum
2536 5381 2655 5423 esse
2681 5370 2921 5435 Saulum,
2949 5372 3069 5442 quia
3093 5388 3186 5430 vas
3213 5382 3357 5430 esset
3381 5376 3492 5430 elc-

1917 5455 2143 5523 ctionis;
2176 5458 2448 5528 respondit
2486 5459 2753 5528 Ananias,
2784 5462 2975 5519 timens
3018 5472 3071 5519 et
3112 5464 3497 5539 exhorresceng

1918 5548 2091 5603 audita
2137 5548 2274 5604 fama
2302 5549 2448 5605 Sauli
2487 5554 2841 5622 persecutoris
2868 5569 2885 5617 ;
2914 5551 3128 5607 Domine
3147 5594 3163 5619 ,
3190 5554 3381 5623 audivi,
3410 5557 3497 5611 in-

1918 5641 2053 5711 quit,
2082 5656 2171 5711 ego
2202 5640 2265 5694 de
2290 5642 2395 5694 viro
2432 5641 2529 5695 isto
2556 5652 2767 5711 quantas
2789 5644 3155 5711 persecutiones
3178 5644 3369 5699 sanctis
3398 5648 3498 5702 tuis

1920 5734 2093 5804 fecerit
2116 5734 2167 5785 in
2188 5732 2508 5804 Jerosolyma
2526 5775 2542 5798 ,
2569 5744 2615 5787 et
2642 5751 2775 5788 nunc
2799 5734 3017 5803 acceptis
3047 5733 3220 5789 litteris
3244 5734 3412 5804 vadit,
3442 5738 3497 5793 et

1988 5848 2006 5878 ι
2041 5844 2314 5901 Quindecim
2332 5853 2456 5905 λιες,
2480 5845 2652 5908 gratia.
