4042 6476
530 422 629 479 567

527 539 822 605 ubicumque
862 533 1101 587 invenerit
1130 532 1414 585 invocantes
1459 540 1635 580 nomen
1665 532 1803 574 tuum
1823 562 1836 586 ,
1864 520 2028 571 trahat
2057 525 2102 569 et

530 630 672 698 liget,
703 636 749 680 et
793 627 862 678 ad
889 623 1152 694 ponti/ires
1193 619 1434 673 adducat.
1484 616 1549 670 Et
1591 623 1774 668 contra
1802 609 2056 664 Dominus
2088 622 2102 660 :

529 719 683 786 Sine,
707 717 900 787 inquit,
930 732 1021 786 ego
1045 713 1124 768 illi
1144 711 1408 766 ostendam
1433 723 1546 778 qua:
1574 707 1717 759 illum
1743 709 1970 774 oporteat
2000 699 2107 771 pati

529 827 622 880 pro
648 809 848 864 nomine
871 822 978 861 meo
1005 805 1136 877 (Act.
1163 820 1236 865 ιχ.
1262 799 1476 869 15-16).
1507 797 1744 853 lleddam
1784 794 1887 858 illi,
1913 793 2104 862 inquit,

527 901 810 958 vindicabo
844 915 930 954 me
967 899 1033 954 de
1064 897 1182 963 illo;
1209 908 1262 951 et
1295 895 1520 965 patietur
1549 905 1648 961 pro
1691 888 1903 942 nomine
1945 900 2102 950 meo",

528 995 619 1066 qui
663 992 814 1049 secvit
852 992 906 1048 in
948 1005 1142 1046 nomen
1180 1003 1376 1042 meum.
1422 984 1619 1040 Erudio
1656 980 1736 1036 vel
1777 977 1982 1034 erudivi
2010 991 2109 1046 per

529 1101 654 1141 eum
679 1086 812 1140 alios
835 1125 848 1148 ,
871 1082 1109 1138 erudiam
1157 1089 1209 1133 et
1239 1079 1409 1148 ipsum
1456 1089 1551 1145 per
1586 1072 1741 1128 alios.
1771 1069 1991 1124 Factum
2027 1073 2111 1120 est

533 1177 666 1242 hoc,
700 1183 756 1231 et
792 1174 1036 1230 novimus
1077 1177 1271 1241 quanta
1323 1165 1639 1222 sustinuerit
1675 1161 1865 1217 Saulus
1887 1199 1902 1222 ,
1942 1157 2111 1212 multo

531 1269 681 1338 plura
707 1282 864 1338 quam
895 1265 1113 1327 fecerat,
1141 1260 1291 1333 quasi
1332 1273 1523 1314 avarus
1548 1263 1764 1310 estactor
1787 1265 1908 1306 cum
1935 1247 2110 1304 usuris

535 1360 738 1430 recepit
763 1356 902 1428 quod
931 1355 1184 1410 dederat.-

602 1452 654 1508 6.
685 1450 792 1508 Sed
815 1449 934 1505 vide
967 1459 1142 1502 utrum
1181 1445 1236 1500 in
1265 1443 1360 1499 illo
1386 1442 1660 1513 impletum
1687 1438 1758 1492 sit
1783 1434 1923 1507 quod
1951 1432 2110 1489 modo

533 1545 777 1602 Psitlmus
802 1542 933 1598 dicit
953 1585 966 1606 ,
995 1541 1272 1610 Confirmat
1305 1545 1472 1591 autem
1493 1536 1661 1606 justas
1692 1532 1954 1586 Dominus.
1991 1525 2112 1580 Non

530 1636 714 1699 solum,
739 1633 909 1704 inquit
933 1631 1071 1688 idem
1095 1630 1309 1694 Paulus,
1327 1641 1445 1682 eum
1468 1626 1632 1680 multa
1661 1624 1794 1678 mala
1819 1628 2109 1692 pateretur,

531 1729 619 1782 sed
632 1739 677 1782 et
697 1727 972 1797 gloriamur
985 1725 1041 1778 in
1062 1719 1485 1785 tribulationibus,
1499 1714 1841 1785 scientes-quia
1858 1710 2112 1765 tribulatio

533 1822 826 1890 patientiam
867 1826 1137 1884 operatur,
1166 1812 1406 1886 patientia
1463 1809 1806 1882 probatione»:
1836 1847 1847 1868 ,
1879 1804 2112 1874 probatio

531 1931 691 1985 spent,
719 1929 832 1982 spes
844 1921 1007 1965 autem
1025 1925 1124 1963 non
1141 1923 1232 1962 con
1238 1903 1558 1978 fundit,quia
1574 1901 1794 1955 charitas
1813 1897 1904 1950 Dei
1925 1893 2114 1962 (ti/fusa

530 2007 666 2060 estin
683 2003 914 2060 cordibus
929 2001 1112 2056 nostris
1130 2016 1217 2070 per
1233 1997 1482 2068 Spiritum
1501 2003 1750 2054 sanctum,
1768 1990 1854 2062 qui
1875 1990 2022 2041 datus
2041 1995 2115 2041 est

532 2096 674 2152 nobis
704 2096 880 2166 (Rom.
902 2109 952 2159 v,
982 2093 1120 2163 5-5).
1148 2092 1308 2152 Bene;
1334 2087 1488 2158 plane
1510 2087 1616 2156 jam
1638 2085 1835 2154 justus,
1852 2082 1959 2150 jam
1987 2092 2116 2134 eon-

533 2191 793 2244 lirmatus.
823 2183 1102 2253 Quomodo
1122 2198 1248 2253 ergo
1270 2181 1354 2235 isti
1381 2181 1490 2250 jam
1517 2178 1830 2232 conﬁrmato
1855 2173 1986 2228 nihil
2015 2185 2112 2226 no-

533 2281 727 2338 cebant
750 2279 838 2350 qui
865 2279 1011 2334 illum
1040 2273 1454 2336 insectabantur,
1482 2270 1558 2324 sic
1588 2282 1686 2323 nec
1716 2267 1829 2336 ipse
1855 2265 1956 2319 illis
1981 2274 2115 2333 quos

537 2372 972 2445 persequebatur.
1019 2366 1299 2436 Conﬁrmat
1342 2373 1542 2426 autem,
1586 2360 1787 2430 inquit,
1809 2359 1978 2428 justos
2006 2354 2114 2408 Do-

534 2467 720 2521 minus.
759 2463 894 2518 Audi
925 2461 1054 2516 alias
1076 2473 1239 2513 voces
1266 2453 1563 2512 conﬁrmati
1587 2452 1732 2522 justi.
1768 2450 1892 2517 Quis
1917 2463 2008 2501 nos
2033 2463 2114 2501 sea

535 2556 732 2630 parabit
752 2572 784 2609 a
811 2555 1059 2609 charitate
1083 2549 1308 2605 Christi?
1335 2545 1636 2610 Tribulatio,
1663 2559 1728 2595 an
1756 2541 1991 2610 angustia
2009 2579 2024 2603 ,
2048 2553 2116 2591 an

536 2629 696 2719 fames
720 2688 734 2712 ,
753 2663 820 2700 an
859 2644 1094 2709 auditor,
1121 2659 1185 2695 an
1232 2639 1508 2713 persecutio
1536 2633 1643 2706 (Ιιι.
1669 2649 1762 2688 vttt
1781 2674 1796 2697 ,
1827 2630 1941 2702 55).
1971 2629 2117 2696 Quo-

539 2740 699 2797 modo
741 2737 1013 2802 luerebat,
1042 2736 1132 2807 qui
1160 2734 1318 2790 rebus
1358 2731 1550 2786 talibus
1591 2744 1693 2782 non
1734 2721 2118 2796 separabatur?

537 2830 813 2902 Confirmat
851 2839 1016 2882 autem
1046 2826 1217 2898 justos
1266 2823 1533 2878 Dominus.
1570 2817 1961 2872 Descenderant
1997 2811 2118 2884 qui-

537 2923 660 2978 dam
685 2920 958 2994 propheta:
987 2919 1054 2972 de
1078 2915 1428 2986 ierosolyma,
1461 2921 1512 2968 et
1540 2909 1737 2979 impleti
1770 2906 1967 2976 Spiritu
1994 2918 2120 2958 san-

539 3023 626 3069 cto
655 3007 1295 3083 prophetaveruuteidetn
1323 3004 1486 3060 Paulo
1512 3001 1651 3071 quod
1678 2999 1840 3053 multa
1871 3008 2122 3067 passurus

539 3112 685 3160 esset
733 3103 786 3157 in
829 3100 1122 3156 Jerusalem
1169 3115 1182 3151 :
1211 3097 1280 3150 ita
1309 3103 1364 3148 ut
1406 3090 1619 3163 quidam
1651 3103 1844 3144 eorum
1865 3129 1880 3154 ,
1910 3084 2123 3156 Agabus

540 3193 786 3256 nomine,
815 3191 987 3247 soluta
1021 3202 1153 3242 zona
1181 3186 1424 3256 alligaret
1451 3198 1531 3249 se,
1561 3177 2004 3252 quemadmodum
2032 3189 2122 3229 so~

543 3285 616 3340 let
647 3283 760 3340 fieri
786 3325 802 3350 ,
834 3290 892 3336 ut
929 3281 1014 3336 his
1065 3278 1273 3335 iudiciis
1300 3290 1476 3333 rerum
1521 3276 1691 3328 futura
1731 3271 2126 3325 demonstraret

542 3375 820 3448 propheta,
849 3375 1072 3430 dicens:
1105 3372 1251 3428 Sicut
1277 3370 1541 3442 alligatum
1564 3383 1642 3422 me
1661 3365 1858 3430 videtis,
1881 3362 1952 3418 sic
1976 3380 2129 3433 opor-

545 3479 610 3524 tet
633 3467 836 3540 alligari
862 3466 1112 3521 hominem
1141 3463 1274 3517 hunc
1309 3462 1362 3514 in
1396 3458 1751 3529 JerOsolymis.
1782 3456 1998 3510 Fratres
2036 3469 2130 3507 au-

545 3571 654 3618 tem
703 3573 963 3630 responso
1000 3558 1327 3612 admonitum
1357 3553 1576 3609 Saulum
1604 3595 1616 3617 ,
1637 3551 1746 3622 jam
1774 3549 1993 3606 Paulum
2017 3589 2030 3612 ,
2063 3563 2131 3604 ne

545 3669 605 3711 se
635 3655 794 3710 tantis
822 3651 1070 3722 periculis
1106 3646 1484 3711 committeret,
1509 3653 1787 3712 coeperunt
1819 3640 2088 3695 deterrere
2111 3677 2128 3704 ,

547 3758 600 3802 et
625 3744 891 3802 monendo
910 3752 964 3797 et
985 3739 1224 3811 rogando
1252 3750 1506 3793 revocare
1545 3750 1613 3789 ne
1653 3734 1754 3788 iret
1782 3731 1834 3786 in
1863 3729 2135 3799 Jerosoly-

549 3853 706 3893 mam.
739 3835 833 3891 Ille
874 3843 1054 3888 autem
1089 3830 1178 3901 qui
1202 3829 1311 3899 jam
1343 3827 1394 3882 in
1439 3839 1624 3882 eorum
1662 3836 1884 3877 numero
1924 3829 2039 3875 erat
2066 3818 2134 3874 de

548 3929 742 4000 quibus
779 3926 976 3982 dictum
998 3931 1115 3989 est,
1145 3921 1423 3989 Conﬁrmat
1465 3927 1629 3970 autem
1645 3916 1810 3986 justas
1852 3911 2137 3977 Dominus;

554 4020 710 4091 Quid,
740 4018 911 4088 inquit
933 4057 946 4081 ,
989 4013 1307 4085 confringitis
1333 4027 1420 4064 cor
1463 4025 1626 4062 meum
1645 4008 1670 4060 ἵ
1697 4006 1811 4061 Non
1857 4004 1993 4059 facio
2019 4003 2138 4056 ani-

555 4130 696 4170 mam
744 4110 916 4168 focam
951 4107 1233 4179 pretiosam
1285 4103 1433 4158 mihi.
1477 4100 1609 4169 Quia
1652 4099 1760 4168 jam
1810 4096 2018 4151 dixerat
2062 4093 2141 4149 eis

553 4220 689 4277 quos
724 4201 1044 4275 parturierat
1081 4198 1132 4251 in
1177 4194 1464 4264 Evangelio
1493 4209 1506 4246 :
1541 4190 1605 4246 Et
1625 4190 1735 4260 ipse
1763 4185 2026 4256 impendar
2050 4200 2142 4256 pro

554 4295 819 4351 animabus
865 4291 1039 4347 vestris
1066 4289 1130 4360 (ll
1153 4287 1272 4343 Cor.
1295 4301 1368 4341 xu
1389 4328 1403 4350 ,
1435 4285 1549 4356 15).
1597 4280 1708 4354 Ego
1748 4281 1914 4344 enim,
1938 4277 2140 4348 inquit,

555 4407 658 4444 non
696 4389 859 4442 solum
903 4382 1107 4454 alligari
1130 4423 1144 4445 ,
1186 4380 1274 4435 sed
1302 4379 1453 4433 etiam
1497 4375 1626 4430 mori
1663 4383 1871 4445 paratus
1911 4387 2024 4426 sum
2053 4386 2144 4441 pro

495 4495 500 4500 '
556 4482 758 4536 nomine
791 4453 1005 4530 Domini
1029 4473 1154 4527 Iesu
1181 4469 1367 4527 Christi
1401 4467 1533 4541 (Act.
1570 4481 1686 4532 χιι,
1716 4464 1930 4532 1115).
1981 4453 1993 4464 ’

577 4618 587 4628 .
629 4574 680 4626 7.
701 4570 852 4644 [υεη.
894 4565 1018 4639 18.]
1049 4563 1325 4634 Conﬁrmat
1354 4575 1480 4630 ergo
1514 4560 1681 4631 justos
1711 4555 1977 4611 Dominus.
1999 4551 2147 4620 Quo-

560 4643 722 4720 modo
765 4675 858 4716 eos
885 4655 1208 4715 confirmat?
1239 4653 1392 4708 Novit
1437 4651 1685 4706 Dominus
1711 4649 1818 4701 vias
1845 4643 2148 4700 immacula-

564 4768 750 4812 torum.
778 4752 1002 4822 Quando
1027 4749 1301 4822 patiuntur
1327 4746 1460 4800 mala
1482 4785 1497 4810 ,
1527 4743 1640 4798 vias
1667 4742 1834 4797 malas
1872 4739 2149 4794 ambulare

565 4848 857 4904 creduntur
880 4844 948 4899 ab
973 4841 1370 4914 ignorantibus,
1399 4838 1466 4892 ab
1502 4837 1584 4891 his
1628 4835 1715 4906 qui
1747 4848 1850 4887 non
1893 4838 2153 4886 noverunt

565 4940 750 4995 videre
778 4937 890 4992 vias
942 4927 1423 4989 itumaettlatorum.
1472 4927 1565 4982 Ille
1589 4927 1676 4998 qui
1714 4941 1804 4980 eas
1846 4923 2029 4989 novit,
2052 4923 2154 4978 scit

569 5047 844 5104 perquam
880 5039 1081 5085 rectum
1112 5027 1270 5080 ducat
1299 5029 1601 5078 mansuetos
1643 5031 1787 5073 suos.
1832 5015 1986 5072 Unde
2023 5013 2156 5070 dixit

569 5129 622 5183 in
649 5127 756 5182 alio
796 5123 999 5195 psalmo
1029 5139 1042 5175 :
1068 5117 1264 5189 Diriget
1302 5117 1442 5169 mites
1483 5113 1534 5167 in
1546 5111 1765 5184 judicio,
1788 5108 1982 5164 docebit
2013 5124 2159 5161 matr-

568 5228 735 5276 suetos
763 5194 870 5272 eius
892 5231 1012 5270 suas
1033 5210 1202 5285 (Psat.
1233 5224 1360 5264 xxw
1381 5249 1396 5273 ,
1419 5205 1496 5273 9).
1519 5202 1794 5271 Quomodo
1825 5194 2019 5273 putatis
2065 5199 2158 5252 de-

572 5320 793 5370 testatos
836 5308 1079 5363 homines
1128 5310 1466 5359 transeuntes
1514 5299 1812 5354 ulcerosum
1870 5307 2156 5365 pauperem

567 5405 835 5477 jaeeu'tem
880 5407 1002 5454 ante
1031 5395 1208 5451 divitis
1229 5393 1446 5464 januam
1501 5390 1518 5461 (
1553 5389 1676 5442 Luc.
1708 5401 1794 5442 xvt
1817 5427 1831 5450 ,
1861 5385 1952 5454 90)
1973 5383 1997 5437 ?
2019 5379 2161 5451 Quo-

573 5474 734 5552 modo
760 5492 895 5548 forte
920 5490 1062 5544 hunc
1102 5484 1331 5541 occlusis
1380 5481 1594 5536 naribus
1624 5477 1986 5546 constmebant
2008 5475 2031 5528 ?
2057 5474 2162 5528 No-

573 5597 726 5645 verat
761 5595 937 5640 autem
963 5581 1219 5638 Dominus
1269 5577 1342 5631 illi
1371 5589 1587 5630 servare
1615 5573 1628 5603 ‘
1664 5571 1984 5642 paradisum.
2014 5569 2160 5637 Quo-

577 5681 738 5737 modo
765 5687 942 5733 autem
987 5673 1086 5728 sibi
1113 5669 1330 5740 optabat
1354 5666 1516 5720 vitam
1557 5663 1699 5719 illius
1727 5662 1813 5732 qui
1847 5660 2164 5716 induebatur

579 5777 808 5847 purpura
837 5778 892 5825 et
915 5769 1107 5840 bysso,
1140 5772 1194 5818 et
1232 5760 1544 5830 epulabatur
1571 5755 1806 5829 qttOtidie
1851 5751 2166 5826 splendide?

641 5890 663 5921 ⁶
699 5893 749 5936 ut
772 5882 1014 5948 plerisque
1033 5885 1162 5939 Mss,
1185 5871 1384 5927 servari.
1477 5883 1485 5894 ⁴
1574 5894 1580 5901 -

1758 407 1813 461 s.
1858 399 2219 461 AthilISTlNl
2262 402 2558 461 EPISCOPI

3689 405 3794 465 368

2217 516 2468 572 Dominus
2505 528 2680 573 autem
2723 520 2812 590 qui
2843 518 3194 592 prospiciebat
3239 518 3359 576 dies
3385 519 3549 584 illius,
3577 531 3797 577 noverat

2211 610 2327 677 ejus
2365 610 2538 666 futura
2575 621 2836 666 tormenta
2859 655 2873 678 ,
2895 622 2950 667 et
2995 613 3110 668 sine
3151 612 3258 669 fine
3303 621 3584 668 tormenta.
3604 611 3756 684 Ergo
3779 655 3796 681 ,

2218 699 2370 755 Novit
2401 701 2646 757 Dominus
2661 704 2783 759 “vias
2806 704 3262 759 immacttiatorum.

2283 791 2338 846 8.
2369 791 2436 845 Et
2461 793 2730 848 hereditas
2751 810 2924 848 eorum
2964 795 3016 847 in
3051 788 3303 848 teternum‘
3323 793 3436 848 erit.
3462 793 3576 849 Hoc
3606 795 3666 849 in
3695 793 3800 850 ﬁde

2216 884 2504 941 habemus:
2537 887 2788 942 Dominus
2819 887 3071 958 numquid
3109 888 3160 942 in
3192 887 3339 943 (ide?
3368 888 3625 944 Dominus
3652 890 3803 944 novit

2215 975 2300 1029 illa
2329 977 2382 1032 in
2413 987 2556 1031 tanta
2586 979 3050 1044 manifestatione,
3077 979 3129 1060 in
3157 987 3350 1049 quanta
3381 989 3487 1034 n‘on
3517 984 3802 1048 possumus

2214 1066 2392 1121 dicere
2420 1108 2435 1134 ,
2475 1083 2596 1122 eum
2624 1068 2704 1123 vel
2754 1069 2946 1138 aequati
2993 1067 3210 1139 Angelis
3250 1069 3472 1124 erimus.
3510 1069 3624 1124 Non
3655 1072 3801 1126 enim

2217 1159 2370 1214 uoltis
2414 1169 2518 1214 tam
2565 1161 2842 1215 manifesta
2892 1163 3084 1228 erunt,
3127 1165 3435 1232 quaterent
3482 1159 3799 1229 manifesta,

2217 1268 2374 1322 quam
2404 1261 2529 1307 sunt
2576 1253 2853 1308 manifesta
2886 1254 2961 1308 illi
2989 1253 3079 1324 qui
3127 1269 3227 1309 nec
3252 1253 3575 1309 commutari
3601 1261 3799 1324 potest.

2217 1345 2418 1399 Tamen
2467 1354 2521 1400 et
2565 1345 2633 1400 de
2676 1346 2830 1400 nobis
2872 1346 2995 1415 quid
3044 1346 3242 1400 dictum
3279 1346 3404 1402 est?
3437 1345 3800 1412 Ditectissimi,

2215 1456 2346 1493 nunc
2379 1439 2470 1508 ﬁlii
2491 1438 2586 1493 Dei
2611 1455 2805 1503 sumus,
2827 1449 2873 1492 et
2903 1439 3127 1492 nondum
3155 1439 3390 1510 apparuit
3415 1439 3548 1509 quod
3576 1439 3803 1492 mimus:

2214 1533 2397 1586 scimus
2424 1531 2545 1600 quia
2563 1548 2676 1584 eum
2701 1531 3013 1601 apparuerit,
3042 1529 3234 1584 similes
3253 1531 3297 1583 ei
3326 1528 3532 1594 erimus,
3560 1529 3802 1598 quoniam

2214 1623 2490 1677 videbimus
2518 1639 2631 1677 eum
2659 1624 2807 1677 sicuti
2835 1633 2908 1677 est
2934 1623 2974 1694 (Ι
2999 1621 3158 1677 Joan.
3189 1638 3266 1685 Ill,
3284 1622 3362 1693 2).
3393 1621 3649 1678 Servatur
3667 1635 3802 1691 ergo

2216 1714 2372 1769 nobis
2393 1714 2577 1769 nescio
2618 1714 2758 1783 quod
2803 1714 2960 1769 dulce
2985 1714 3344 1784 spectaculum
3381 1715 3601 1768 omnino
3627 1729 3641 1768 :
3671 1723 3726 1768 et
3754 1713 3802 1768 si

2215 1805 2435 1875 cogitari
2461 1819 2525 1859 ex
2548 1804 2722 1874 aliqua
2751 1813 2897 1874 parte
2927 1805 2980 1858 in
3006 1804 3288 1874 aenigmate
3316 1813 3372 1858 et
3399 1809 3493 1872 per
3521 1803 3804 1873 speculum

2218 1906 2430 1969 potest,
2462 1897 2564 1952 diei
2607 1905 2781 1951 tamen
2807 1897 2954 1966 nullo
2984 1895 3144 1949 modo
3174 1903 3346 1964 potest
3367 1894 3712 1964 pulchritudo
3739 1895 3807 1950 ile

2216 1992 2318 2046 lius
2362 1990 2694 2055 dulcedinis,
2727 2004 2885 2060 quam
2933 1995 3115 2043 servat
3165 1988 3306 2041 Deus
3352 1987 3659 2042 timentibus
3705 2001 3804 2053 ser,

2217 2081 2422 2150 perlicit
2451 2089 2625 2134 autem
2673 2080 3008 2150 sperantibus
3039 2079 3090 2132 in
3135 2093 3194 2133 se
3221 2076 3391 2147 (Psul.
3422 2094 3520 2131 xxx
3547 2119 3562 2140 ,
3589 2075 3705 2149 ⁴20).
3738 2076 3808 2131 ll-

2217 2173 2303 2228 luc
2333 2183 2586 2243 parantur
2620 2172 2782 2227 corda
2805 2179 2983 2226 nostra
3010 2171 3060 2225 in
3082 2170 3334 2224 omnibus
3366 2171 3488 2224 vita:
3526 2170 3686 2240 hujus
3711 2173 3809 2226 tri-

2217 2265 2585 2324 bulationibus
2616 2273 2670 2318 et
2711 2263 3110 2319 tentationibus.
3159 2261 3274 2316 Noli
3329 2261 3546 2326 mirari,
3593 2261 3716 2332 quia
3749 2262 3806 2316 in

2218 2358 2491 2414 laboribus
2521 2355 2722 2427 pararis
2750 2372 2765 2410 :
2797 2355 2864 2409 ad
2895 2369 3141 2424 magnum
3171 2351 3367 2423 aliquid
3393 2353 3624 2422 pararis.
3653 2351 3810 2408 Unde

2217 2465 2317 2507 vox
2342 2451 2431 2506 illa
2450 2450 2580 2521 justi
2615 2448 2918 2504 conﬁrmati
2950 2465 2963 2501 :
2997 2446 3115 2500 Non
3141 2455 3253 2498 sunt
3281 2443 3554 2514 'condignte‘
3606 2443 3810 2514 passio-

2218 2563 2305 2600 nes
2326 2545 2477 2615 hujus
2498 2543 2734 2613 temporis
2754 2541 2821 2595 ad
2859 2543 3078 2612 futuram
3105 2539 3339 2609 gloriam,
3366 2533 3480 2605 (βιῶ
3504 2536 3813 2591 revelabitur

2218 2639 2271 2694 in
2302 2639 2442 2693 nobis
2464 2636 2637 2707 (llam.
2671 2652 2783 2701 vut,
2814 2634 2928 2703 18).
2952 2633 3080 2701 Qtue
3106 2632 3202 2685 erit
3224 2618 3391 2684 futura
3412 2629 3575 2701 gloria
3603 2638 3811 2694 nostra,

2221 2732 2322 2786 nisi
2349 2729 2546 2801 mquari
2567 2721 2797 2798 Angelis,
2823 2735 2875 2780 et
2899 2725 3078 2778 videre
3107 2715 3296 2776 Deum?
3310 2721 3570 2786 Quantum
3593 2723 3816 2791 pra‘stat

2221 2839 2385 2888 caeco,
2415 2822 2501 2892 qui
2528 2820 2600 2874 illi
2633 2819 2816 2873 oculos
2841 2814 3144 2879 sanaverit,
3177 2822 3234 2867 ut
3259 2811 3431 2867 videat
3447 2811 3580 2866 hanc
3600 2809 3818 2864 lucem?

2223 2915 2354 2970 Cum
2385 2927 2547 2969 sanus
2576 2911 2743 2966 factus
2774 2909 2931 2963 fuerit
2960 2909 3065 2969 ille,
3097 2921 3196 2960 nec
3225 2905 3423 2958 invenit
3449 2902 3573 2972 quid
3591 2901 3816 2972 dignum

2221 3007 2479 3078 rependat
2498 3003 2728 3059 sanatori
2758 2997 2887 3056 sud:
2907 2997 3290 3070 quantumlibet
3306 2996 3446 3051 enim
3462 2995 3535 3049 illi
3558 2993 3669 3060 det,
3687 2992 3819 3063 quid

2225 3099 2369 3154 dabit
2395 3096 2497 3152 tale
2521 3095 2675 3166 quale
2697 3094 2783 3148 ille
2810 3091 3084 3164 pravstitit?
3103 3089 3169 3147 Ut
3187 3089 3463 3159 plurimum
3486 3086 3595 3148 det,
3623 3100 3817 3140 aurum

2226 3189 2392 3251 dabit,
2413 3195 2465 3242 et
2485 3187 2710 3240 multum
2734 3200 2920 3239 aurum
2942 3183 3088 3238 dabit
3116 3197 3130 3234 :
3155 3182 3242 3235 ille
3262 3181 3431 3235 lucem
3455 3177 3716 3249 pratstitit.
3747 3177 3823 3233 Ut

2228 3279 2435 3335 noverit
2490 3278 2579 3333 ille
2608 3280 2728 3348 quia
2778 3275 2909 3340 nihil
2939 3275 3064 3340 dat,
3092 3272 3272 3326 videat
3300 3273 3362 3326 'in
3392 3272 3625 3326 tenebris
3671 3268 3820 3340 quod

2229 3369 2337 3426 dat.
2366 3367 2502 3438 Quid
2520 3383 2646 3438 ergo
2671 3366 2914 3421 dabimus
2955 3378 3052 3419 nos
3090 3363 3296 3419 medico
3324 3362 3429 3427 illi,
3457 3360 3642 3415 oculos
3672 3359 3816 3414 inte-

2231 3462 2404 3518 tiores
2437 3452 2652 3514 nostros
2681 3455 2887 3512 sananti
2907 3499 2920 3523 ,
2947 3455 3011 3509 ad
3035 3453 3313 3509 videndam
3335 3449 3615 3522 quamdam
3643 3449 3823 3504 lucem

2231 3566 2486 3609 mternam
2512 3594 2526 3618 ,
2553 3549 2696 3620 quod
2724 3557 2807 3604 est
2848 3547 3002 3616 ipse?
3029 3546 3154 3617 quid
3179 3545 3251 3598 illi
3280 3541 3566 3598 dabimus?
3592 3540 3821 3607 ρειπω-

2233 3660 2370 3706 mus.
2395 3637 2744 3705 inveniamus,
2763 3641 2806 3695 si
2835 3643 3150 3709 possumus;
3171 3646 3222 3690 et
3247 3635 3296 3689 in
3316 3634 3569 3704 augusdis
3598 3628 3826 3703 inquisi-

2239 3738 2398 3794 tionis
2442 3744 2636 3790 nostra:
2683 3732 3079 3789 exclamemus:
3112 3726 3249 3793 Quid
3289 3728 3557 3781 retribuam
3601 3723 3826 3778 Domino

2238 3841 2329 3902 pro
2356 3827 2583 3883 omnibus
2612 3835 2723 3897 ‘qtue
2766 3823 2988 3877 retribuit
3017 3817 3181 3875 mihi?
3205 3821 3267 3874 Et
3297 3818 3421 3889 quid
3459 3814 3697 3870 invenit?
3724 3814 3828 3868 (ἴα-

2242 3919 2384 3977 Iicem
2419 3918 2654 3974 salutaris
2707 3915 2951 3985 accipiam
2973 3956 2987 3979 ,
3021 3923 3068 3968 et
3103 3925 3282 3966 nomen
3335 3908 3538 3963 Domini
3581 3905 3828 3961 inuocobo

2243 4011 2412 4084 (Psal.
2446 4017 2547 4065 va
2571 4049 2586 4074 ,
2621 4007 2718 4071 12,
2753 4007 2865 4077 15).
2904 4004 3120 4059 Potestis
3145 4046 3158 4067 ,
3197 4001 3400 4072 inquit,
3433 4000 3595 4054 bibere
3616 3997 3830 4050 calicem

2243 4109 2388 4175 quem
2416 4117 2505 4171 ego
2535 4099 2778 4153 bibiturus
2801 4113 2909 4151 sum
2942 4094 3150 4168 (Matth.
3175 4098 3240 4148 xx
3269 4135 3283 4159 ,
3313 4088 3431 4163 92)?
3462 4089 3589 4144 lude
3619 4086 3784 4143 Petro
3810 4103 3825 4139 :

2245 4195 2398 4248 Amas
2427 4192 2544 4245 me?
2570 4189 2732 4244 Pasce
2759 4203 2872 4241 oves
2898 4201 3032 4240 meas
3061 4183 3237 4254 (Joan.
3271 4198 3362 4236 ut
3382 4223 3397 4248 ,
3425 4183 3509 4252 I7)
3550 4199 3562 4235 :
3587 4193 3684 4249 pro
3703 4179 3831 4247 quid

2247 4281 2344 4340 bus
2385 4282 2588 4337 biberet
2615 4279 2835 4334 calicem
2877 4275 3106 4331 Domini.
3153 4273 3430 4343 Confirmat
3475 4280 3639 4325 autem
3656 4269 3835 4340 justas

2251 4375 2518 4430 Dominus.
2549 4370 2704 4426 Nouit
2743 4368 2986 4423 Dominus
3010 4368 3115 4422 vius
3139 4365 3575 4420 immaculatorum
3599 4403 3614 4429 ,
3645 4369 3691 4415 et
3721 4361 3835 4413 htt-

2250 4468 2438 4521 reditas
2462 4478 2634 4519 eorum
2655 4464 2706 4515 in
2736 4470 2980 4515 aeternum
2999 4459 3111 4512 erit.

2333 4557 2388 4614 9.
2419 4556 2569 4630 [rers.
2605 4551 2729 4625 19.]
2761 4549 2883 4605 Non
2930 4547 3302 4621 eon‘fundentur
3323 4547 3374 4600 in
3407 4553 3627 4614 tempore
3669 4542 3835 4595 male.

2253 4651 2389 4721 Quid
2428 4659 2526 4716 est,
2563 4648 2683 4703 Non
2709 4641 3080 4716 confundentur
3105 4644 3158 4697 in
3189 4648 3409 4707 tempore
3445 4638 3617 4693 malo!
3651 4637 3708 4691 ln
3748 4637 3854 4692 die~

2256 4739 2632 4802 tribulationis,
2660 4738 2711 4791 in
2735 4737 2821 4790 die
2860 4734 3221 4804 uagostiarom
3259 4743 3364 4786 non
3400 4727 3798 4784 confundantur
3821 4743 3840 4780 :

2255 4833 2392 4887 sicut
2417 4827 2760 4886 confunditur
2785 4840 2941 4896 quem
2971 4823 3104 4878 fallit
3131 4835 3273 4894 spes.
3319 4821 3447 4889 Quis
3476 4827 3558 4875 est
3589 4817 3678 4888 qui
3708 4831 3849 4872 cou-

2258 4919 2529 4978 fttnditur?
2554 4917 2655 4985 Qui
2685 4917 2810 4972 dicit
2838 4932 2851 4970 ε
2883 4915 2993 4984 Ego
3031 4914 3171 4980 quod
3203 4911 3478 4983 sperabam
3507 4924 3610 4963 non
3637 4909 3846 4964 inveni.

2258 5013 2372 5070 Non
2401 5012 2666 5067 immerito
2694 5027 2706 5064 :
2730 5009 2982 5079 sperabas
3013 5007 3153 5061 enim
3185 5005 3252 5059 de
3277 5015 3345 5070 te,
3378 5012 3467 5057 aut
3492 5001 3745 5071 Sperabas
3777 4999 3858 5055 de

2258 5103 2478 5160 homine
2530 5103 2702 5156 amico
2743 5118 2754 5154 :
2789 5097 3101 5153 maledictus
3149 5105 3324 5150 autem
3369 5093 3454 5163 qui
3501 5107 3648 5162 spem
3690 5106 3854 5146 suam

2267 5196 2414 5269 ponit
2441 5195 2491 5248 in
2518 5187 2733 5248 homine
2777 5189 2986 5260 (Jerem.
3028 5201 3169 5251 xvn,
3198 5186 3273 5259 5).
3318 5183 3689 5248 Coufnnderis,
3718 5181 3858 5251 quia

2264 5288 2450 5344 fefellit
2478 5297 2527 5341 te
2555 5300 2697 5356 spes,
2727 5281 2912 5337 fefellit
2938 5294 3062 5348 Spes
3089 5278 3257 5348 posita
3290 5278 3340 5330 in
3370 5273 3647 5328 lttt‘lldacit)
3679 5288 3695 5327 :
3728 5289 3863 5326 om-
3910 5283 3926 5297 ·

2264 5383 2348 5438 nis
2378 5381 2518 5436 enim
2544 5377 2704 5432 homo
2729 5372 2956 5429 mendax
2987 5369 3155 5444 (Psal.
3185 5385 3307 5435 cxv,
3337 5367 3442 5435 il).
3470 5366 3528 5421 Si
3552 5379 3734 5420 autem
3765 5382 3865 5434 po.

2267 5491 2363 5531 nas
2391 5488 2539 5543 Spem
2593 5479 2738 5524 tuam
2789 5468 2840 5520 in
2871 5466 2978 5520 Deo
3021 5464 3148 5529 tuo,
3173 5478 3280 5518 non
3321 5458 3696 5519 eoufunderis;
3726 5458 3866 5528 quia

2267 5567 2357 5622 ille
2384 5567 2567 5632 inquo
2591 5557 2739 5630 spem
2772 5558 3027 5630 posuisti,
3058 5555 3168 5610 falli
3196 5557 3212 5588 ¹
3246 5570 3352 5609 non
3394 5559 3587 5622 potest.
3617 5548 3775 5605 Unde
3808 5548 3870 5606 et

2271 5660 2358 5715 ille
2381 5671 2538 5727 quem
2569 5653 2728 5725 paulo
2751 5660 2874 5707 ante
2899 5647 3345 5710 commemoravi,
3374 5645 3546 5715 justus
3573 5643 3870 5698 confirma-

2274 5761 2380 5813 lus,
2409 5745 2612 5816 positus
2656 5743 2708 5796 in
2753 5749 2994 5810 tempore
3023 5738 3199 5806 malo,
3229 5737 3280 5792 in
3319 5735 3408 5792 die
3453 5732 3865 5799 tribulationis,

2337 5864 2352 5894 ¹
2391 5859 2490 5924 Aliq
2500 5865 2574 5908 λοι
2597 5863 2722 5913 5153.,
2749 5852 2932 5904 mttere.
