4042 6460
226 538 343 609 quia
372 549 480 601 non
525 525 979 600 confundebatur,
1006 524 1143 595 quid
1164 522 1277 577 ait?
1304 515 1673 587 Glorientur.,in
1701 509 1795 609 tris

227 605 567 685 bulatiouicus
587 664 604 691 ,
654 622 867 691 scientes
907 621 1141 689 quoniam
1200 612 1456 669 tribulatio
1506 605 1800 681 patientiam

225 712 484 791 σμτωτ,
516 696 773 786 patientiae
793 709 1133 782 probationem
1159 748 1175 775 ,
1219 703 1442 774 probatio
1483 716 1662 772 spem,

225 787 391 868 autem
420 826 522 875 non
542 805 826 875 confundit.
855 802 1006 861 Unde
1044 814 1167 869 spes
1190 813 1294 854 non
1334 791 1643 851 confundit?
1670 787 1801 858 Quia

229 907 282 960 in
326 904 442 960 0w
487 900 660 972 posita
685 896 945 968 est._ldeo
969 892 1241 962 sequitur,
1263 886 1393 957 Quia
1439 883 1660 940 charitas
1709 879 1804 938 Dei

230 996 420 1065 dilue
460 993 619 1055 estin
663 988 895 1047 cordibus
930 985 1114 1042 nostris
1154 998 1244 1057 per
1288 979 1538 1053 Spiritum
1577 983 1805 1031 sanctum

230 1089 314 1161 σειί
340 1087 498 1149 ἀραιᾷ
522 1093 597 1139 est
634 1069 795 1149 nobis.
825 1079 941 1137 Jam
966 1076 1122 1137 datus
1142 1084 1226 1140 est
1248 1071 1403 1127 nobis
1428 1067 1654 1141 Spiritus
1679 1079 1803 1161 san:

228 1156 371 1247 etus,
387 1173 667 1248 (ιιιωιιοάρ
684 1221 693 1233 .
711 1186 810 1228 nos
849 1169 988 1239 fallit
1009 1166 1160 1238 cujus
1180 1163 1285 1232 tale
1298 1163 1499 1238 pignus
1524 1156 1808 1248 tenemus?

222 1266 353 1335 ,Nan
378 1247 759 1337 confundantur
780 1262 834 1331 in
862 1270 1084 1330 tempore
1109 1253 1245 1322 malo
1276 1269 1295 1308 :
1320 1262 1367 1308 et
1386 1252 1437 1307 in
1463 1249 1637 1319 diebus
1658 1247 1808 1319 {antis

231 1357 621 1412 saturabuntur.
648 1353 747 1409 Est
785 1350 926 1406 enim
953 1346 1192 1419 qumdam
1220 1344 1308 1400 hic
1326 1340 1575 1409 saturitas
1597 1352 1807 1394 eorum.

230 1449 361 1504 Nam
391 1447 517 1503 dies
542 1445 717 1510 bimis,
741 1444 865 1498 vita:
889 1440 1045 1511 hujus
1077 1447 1200 1495 sunt
1224 1455 1239 1492 :
1266 1434 1386 1491 aliis
1413 1430 1766 1491 esurientibus
1788 1469 1806 1497 ,

233 1540 306 1595 illi
360 1547 695 1597 saturantur.
732 1535 876 1611 Nam
920 1533 1010 1595 ille
1057 1528 1198 1588 unde
1224 1528 1540 1599 gloriaretur
1583 1523 1767 1580 dicens
1790 1563 1807 1586 ,

232 1632 531 1687 Gloriatur
555 1630 609 1684 in
623 1624 1044 1695 tribulationibus,
1058 1622 1104 1678 si
1127 1628 1416 1697 egestatem
1432 1618 1572 1672 intus
1596 1622 1808 1690 pptere-

232 1724 342 1789 ωτι
365 1721 696 1787 Videbantur
715 1718 843 1774 foris
868 1711 1263 1786 angustireksed
1290 1700 1659 1780 intuslatitudo
1671 1712 1807 1761 erat.

299 1814 388 1870 10.
414 1811 571 1885 [ναι
620 1808 739 1881 20.]
763 1806 898 1876 Quid
934 1814 1111 1861 autem
1149 1801 1274 1860 facit
1303 1799 1473 1855 malus
1504 1797 1663 1852 homo
1687 1810 1808 1861 cum

232 1903 457 1974 cmperit
481 1899 759 1956 tribulari?
786 1896 936 1961 Eoris
963 1892 1097 1950 nihil
1126 1892 1315 1965 habet,
1344 1887 1515 1944 ablata
1543 1893 1667 1941 sunt
1690 1900 1808 1939 oni-

232 1996 333 2060 nia,
362 1994 423 2048 in
446 1988 772 2048 conscientia
811 1987 1011 2043 nullum
1034 1982 1277 2059 solatium
1307 1989 1390 2051 est
1420 1996 1434 2033 :
1469 1993 1572 2033 non
1599 1984 1681 2033 est
1705 1990 1809 2057 quo

231 2070 408 2154 exeat,
433 2085 561 2155 quia
579 2082 711 2147 dura
740 2087 1020 2147 suntgnon
1061 2083 1273 2154 estque
1298 2072 1503 2138 intret,
1524 2069 1643 2140 quia
1671 2066 1808 2133 mala
1847 2114 1850 2125 ,

232 2184 370 2232 sunt.
400 2173 598 2229 Herito
616 2171 669 2228 ei
698 2170 756 2227 iit
782 2167 922 2240 quod
942 2165 1218 2239 sequitur:
1251 2161 1504 2232 Quoniam
1525 2167 1811 2231 peccatores

232 2267 485 2340 peribunt.
528 2262 731 2333 Quibus
771 2264 912 2317 enim
940 2258 1090 2314 locus
1114 2268 1370 2325 nusquam
1404 2261 1515 2319 est,
1543 2249 1810 2329 quomodo

230 2374 332 2415 non
370 2355 663 2427 peribunt?
682 2351 986 2409 Consolatio
1013 2364 1118 2406 non
1139 2358 1221 2403 est
1246 2347 1300 2403 in
1328 2344 1581 2409 externis,
1603 2358 1707 2398 non
1726 2350 1810 2397 est

230 2449 280 2507 in
326 2448 583 2504 internis.
618 2446 782 2502 Extra
808 2450 932 2498 sunt
957 2442 1098 2498 enim
1127 2455 1158 2496 a
1183 2438 1355 2503 nobis,
1377 2437 1445 2493 de
1470 2435 1661 2506 quibus
1682 2448 1811 2491 eon-

230 2540 420 2599 dilatio
459 2538 609 2595 nulla
635 2545 736 2592 est.
776 2536 843 2594 Et
879 2532 1113 2590 universi
1136 2530 1223 2602 qui
1263 2529 1428 2585 Deum
1450 2543 1554 2583 non
1581 2525 1809 2591 habent,

231 2631 469 2706 mnia
492 2670 512 2697 ,
541 2626 824 2695 amicitiae,
849 2608 1032 2697 gloria:
1051 2665 1068 2691 ,
1104 2620 1442 2684 facultatibus
1490 2617 1671 2680 mundi
1696 2630 1811 2681 ser-

234 2722 378 2778 viunt
409 2722 428 2754 ¹
453 2759 473 2789 ,
495 2728 559 2776 et
595 2731 943 2791 quacumque
986 2715 1124 2773 bona
1161 2720 1286 2770 sum
1327 2709 1621 2782 corporalia
1644 2748 1661 2774 ,
1703 2722 1809 2763 non

230 2820 452 2885 passum
502 2809 766 2875 consolari
814 2806 1154 2871 intrinsecus,
1183 2801 1449 2875 quomodo
1493 2796 1807 2856 consolaba-

230 2912 311 2960 tar
351 2903 447 2959 ille
488 2902 681 2975 plenus
726 2901 921 2971 sagina,
951 2898 1241 2963 interiore,
1281 2893 1432 2950 etde
1476 2892 1589 2963 ipsa
1628 2889 1808 2962 sagina

228 3001 441 3063 ructans
467 3011 485 3048 :
518 2990 767 3047 Dominus
791 2989 927 3045 dedit
945 3031 973 3058 λ
1004 2987 1247 3043 Dominus
1289 2984 1523 3050 abstulit,
1546 2983 1675 3039 sicut
1700 2980 1810 3036 Do-

230 3084 360 3149 Iillo
389 3082 608 3153 placuit,
635 3081 707 3145 ita
746 3084 934 3153 factum
953 3088 1061 3145 est;
1085 3079 1150 3133 sit
1178 3092 1358 3131 nomen
1379 3072 1587 3128 Domini
1609 3064 1810 3127 benedi-

231 3184 358 3235 dum
383 3172 525 3245 (Job.
568 3188 609 3238 ι,
639 3172 754 3244 Ξί).
786 3171 929 3243 Ergo
951 3170 1053 3227 illis
1079 3167 1442 3240 peccatoribus
1471 3181 1576 3221 non
1600 3173 1684 3221 est
1725 3164 1808 3221 lo-

231 3279 320 3329 cus
348 3266 406 3320 in
430 3262 523 3319 his
546 3278 668 3334 quae
709 3262 836 3317 foris
857 3268 1022 3328 sunt,
1051 3260 1175 3332 quia
1196 3256 1267 3316 ibi
1291 3258 1558 3330 patiuntur
1590 3255 1808 3312 tribula-

232 3355 403 3413 tiones
430 3358 452 3388 ¹
485 3372 502 3411 :
530 3353 852 3411 conscientia
900 3353 1019 3408 illos
1067 3367 1173 3407 non
1217 3348 1547 3417 consolatur;
1587 3364 1693 3404 non
1724 3355 1808 3404 est

232 3444 362 3505 bene
386 3444 494 3500 illis
525 3458 710 3500 secum
729 3483 748 3511 ,
775 3442 898 3514 quia
922 3442 1060 3498 bene
1095 3455 1216 3498 esse
1251 3454 1372 3496 cum
1400 3439 1541 3495 malo
1570 3453 1676 3494 non
1707 3451 1805 3508 po-

232 3545 349 3595 test.
401 3534 660 3605 Quisquis
699 3541 876 3593 autem
921 3531 1094 3587 malus
1141 3539 1258 3598 est,
1290 3529 1427 3584 male
1478 3543 1659 3592 secum
1685 3535 1802 3587 est:

229 3635 541 3697 torqueatur
562 3636 784 3681 necesse
802 3631 883 3679 est
906 3621 1008 3678 sibi
1036 3619 1212 3692 seipso
1253 3625 1538 3687 tormento.
1579 3616 1697 3689 [pse
1722 3625 1807 3671 est

232 3720 368 3775 enim
394 3732 555 3788 penna
581 3731 675 3772 sua
697 3756 714 3781 ,
734 3729 892 3787 quem
921 3722 1134 3784 torquet
1156 3711 1478 3773 conscientia
1505 3725 1619 3766 sua.
1650 3708 1808 3780 Fugit

233 3809 298 3865 ab
316 3808 538 3864 inimico
566 3823 676 3877 quo
700 3805 1003 3877 potuerit,.a
1033 3819 1093 3867 se
1129 3818 1234 3875 quo
1260 3802 1455 3874 fugiet?

298 3900 388 3954 li.
419 3895 747 3968 Ita,quidam
781 3910 849 3951 ex
888 3902 1036 3965 parte
1076 3893 1264 3950 Donati
1304 3902 1518 3949 venerat
1544 3890 1627 3948 'ad
1671 3908 1804 3961 nos,

230 3997 508 4047 accusatus
550 3996 606 4042 et
645 3987 1128 4057 excommunicatus
1165 4000 1195 4040 a
1239 3985 1384 4052 suis,
1430 3982 1518 4039 hic
1562 3999 1805 4054 qumrens

231 4079 369 4150 quod
397 4078 471 4133 ibi
502 4075 822 4149 perdiderat.
848 4074 953 4132 Sed
975 4076 1095 4147 quia
1119 4073 1313 4145 suscipi
1341 4088 1445 4129 non
1472 4074 1672 4144 potuit,
1705 4073 1804 4141 nisi

231 4185 295 4231 eo
320 4171 441 4226 loco
468 4183 578 4241 quo
604 4167 786 4225 debuit
811 4187 826 4222 :
854 4183 958 4222 non
990 4165 1131 4235 enim
1160 4164 1394 4233 deseruit
1431 4164 1574 4232 illam
1599 4173 1805 4235 partem

230 4250 379 4333 quasi
420 4264 628 4331 integer
653 4258 791 4329 apud
821 4259 994 4329 ipsos,
1024 4266 1082 4321 ut
1106 4264 1385 4331 appareret
1423 4271 1544 4312 eum
1581 4269 1685 4310 non
1714 4271 1807 4310 ne.

230 4352 499 4421 cessitate,
530 4349 624 4409 sed
648 4348 909 4405 electione
939 4347 1126 4417 fecisse
1147 4346 1169 4378 ⁸
1196 4364 1210 4402 :
1234 4347 1354 4417 quia
1372 4346 1442 4400 ibi
1462 4360 1589 4417 ergo
1609 4345 1805 4400 habere

231 4459 339 4501 non
371 4444 545 4516 potuit
570 4443 711 4515 quod
744 4443 1046 4516 quaerebat,
1083 4436 1354 4514 quarebat
1391 4452 1569 4498 autem
1611 4427 1802 4496 vanam

230 4537 596 4595 elationemet
626 4533 815 4605 falsum
841 4533 1121 4601 honorem,
1150 4542 1200 4589 et
1231 4532 1351 4605 quia
1374 4531 1459 4588 hic
1478 4547 1585 4588 non
1605 4531 1805 4587 invenit

227 4628 367 4698 quod
396 4627 469 4683 ibi
490 4626 743 4699 perdidit,
766 4635 821 4681 et
846 4628 967 4697 ipse.
985 4626 1161 4697 periit.
1190 4624 1449 4683 Gemebat
1474 4625 1684 4680 saucius
1703 4666 1718 4692 ,
1750 4632 1805 4679 et

229 4733 337 4775 non
378 4716 803 4773 consolabatur:
835 4725 990 4772 erant
1029 4715 1170 4772 enim
1217 4715 1271 4772 in
1312 4714 1638 4773 conscientia
1687 4713 1803 4783 ejus

227 4807 393 4867 aculei
427 4806 711 4862 horribiles
737 4805 900 4861 taciti.
924 4805 1265 4861 Tentavimus
1290 4804 1550 4873 consolari
1576 4819 1697 4859 eum
1734 4803 1804 4871 de

226 4896 389 4965 verbo
413 4896 508 4952 Dei
535 4912 549 4951 :
577 4895 674 4951 sed
704 4895 793 4951 ille
824 4912 928 4950 non
955 4904 1071 4954 erat
1096 4894 1163 4951 de
1187 4895 1510 4964 sapientibus
1541 4892 1798 4962 formicis,

225 5000 344 5056 qua!
371 4984 471 5041 sibi
500 4993 695 5044 astate
718 4984 1055 5055 collegerunt,
1076 4983 1217 5043 unde
1244 4984 1416 5049 hieme
1444 4983 1639 5042 vivant.
1667 4984 1801 5043 Cum

223 5076 365 5145 enim
406 5089 497 5135 res
538 5084 660 5130 sunt
688 5074 981 5147 tranquillae
1004 5115 1020 5141 ,
1059 5083 1182 5130 tunc
1208 5073 1368 5140 homo
1413 5073 1511 5129 sibi
1549 5069 1801 5150 colligere

223 5163 381 5221 debet
406 5164 631 5219 verbum
660 5163 785 5232 Dei,
809 5172 865 5218 et
890 5164 1181 5221 recondere
1205 5164 1257 5217 in
1279 5163 1476 5218 intimis
1496 5164 1671 5218 cordis
1692 5165 1798 5231 sui,

220 5253 671 5324 quemadmodum
691 5252 911 5317 furniica
934 5252 1210 5311 abscondit
1233 5254 1286 5308 in
1313 5254 1613 5308 cavernosis
1637 5269 1801 5324 pene-

281 5404 299 5458 ὶ
335 5432 457 5497 fres
477 5433 604 5475 Mss;
636 5423 863 5497 Pecunia,
881 5406 1115 5497 “anticitia,
1138 5426 1309 5497 gloria,
1332 5425 1580 5489 faculta!es
1611 5425 1804 5492 mundi,

214 5486 348 5537 serui
365 5492 411 5537 et
432 5498 747 5549 numaque
763 5486 898 5542 bona.
924 5494 1023 5549 etc.

214 5547 467 5658 ψιμέναί
490 5555 637 5609 ωε,
770 5548 1075 5609 conscientia.
1106 5550 1257 5601 Abest
1277 5562 1391 5613 vos,
1413 5548 1525 5614 ubi,
1552 5563 1582 5600 a
1616 5557 1722 5603 uss.
1749 5558 1802 5604 et

278 5670 302 5702 ³
333 5669 643 5733 sicmelioris
664 5674 915 5733 notatus.
940 5675 1108 5727 AIEP.,
1133 5670 1695 5733 delendam,
1714 5674 1800 5725 sed

212 5729 697 5849 mete-recisa.
722 5732 852 5791 ων..
876 5743 983 5783 eum
1006 5743 1108 5784 non.
1121 5731 1391 5796 dilectione,
1414 5734 1499 5786 sed
1522 5729 1798 5788 necessitate

1292 394 1688 463 EVARRATlO
1726 387 1789 446 IN
1828 364 2150 449 Psstnun
2190 391 2425 450 xxxvi.

3322 428 3357 437 -
3378 400 3484 457 570

1908 505 2125 571 tralilms
2144 506 2354 563 labores
2373 509 2567 575 a-statis
2592 508 2773 581 (Prov.
2806 508 2973 577 v|,_6.
3005 521 3052 565 et
3082 528 3204 575 χχιι.
3235 512 3350 581 9.3).
3382 513 3485 579 Dor

1902 588 2140 669 testatum
2169 602 2308 656 enim
2338 610 2489 657 vacat
2516 601 2618 658 hoc
2654 617 2812 674 agere
2840 621 2854 657 :
2885 613 3027 670 venit
3059 614 3235 661 autent
3277 603 3484 671 hiems.

1907 692 2065 759 idgest
2088 735 2101 757 ,
2130 694 2436 765 supervenit
2465 694 2769 759 tribulatio;
2811 703 2865 751 et
2892 694 2998 750 nisi
3037 695 3178 763 intus
3219 699 3486 755 invenerit

1906 784 2047 855 quod
2078 784 2230 849 edat,
2263 800 2483 841 necesse
2513 795 2595 841 est
2632 795 2688 840 ut
2723 784 2864 851 fame
2910 786 3199 858 dispereat.
3228 787 3333 857 Iste
3356 772 3488 863 ergo

1906 873 2005 930 sibi
2049 890 2153 930 non
2196 875 2483 946 collegerat
2530 875 2747 932 verbum
2790 877 2918 942 Dei,
2962 880 3265 951 supervenit
3290 881 3484 947 hiems,

1909 979 2029 1033 rion,
2044 966 2129 1022 hic
2161 967 2358 1023 invenit
2385 968 2524 1039 quod
2556 970 2858 1041 quatrebat,
2902 970 3166 1039 consolari
3217 973 3317 1037 nisi
3364 972 3488 1031 inde

1909 1070 2015 1123 non
2048 1066 2279 1127 poterat,
2307 1057 2375 1115 de
2404 1042 2567 1114 verbo
2598 1070 2773 1121 autem
2813 1060 2909 1127 Del
2951 1060 3099 1124 nullo
3131 1060 3309 1131 modo.
3338 1044 3489 1129 Intus

1910 1147 2047 1218 apud
2077 1163 2136 1205 se
2164 1149 2294 1205 nihil
2322 1151 2573 1223 habebat,
2600 1151 2726 1208 foris
2752 1153 2892 1225 quod
2915 1154 3190 1226 quaerebat
3210 1171 3314 1218 non
3336 1142 3489 1215 inve-

1913 1239 2088 1295 niebat
2116 1257 2131 1294 :
2158 1240 2378 1298 ardebat
2421 1243 2926 1314 indignationumet
2962 1244 3217 1309 dolorum
3255 1246 3487 1316 facibus,

1898 1330 2208 1401 agitabatur
2235 1346 2386 1389 mens
2425 1333 2540 1405 ejus
2580 1334 2862 1404 violenter,
2903 1344 2960 1392 et
3003 1337 3206 1393 tamdiu
3249 1339 3486 1407 occulte,

1911 1418 2087 1477 donec
2109 1422 2268 1477 etiam
2300 1434 2608 1495 erumperet
2649 1425 2703 1482 in
2749 1426 3006 1498 quosdam
3044 1430 3308 1499 gemitus,
3337 1430 3409 1486 ita
3434 1438 3490 1487 ut

1858 1524 1866 1535 "
1913 1510 2053 1571 inter
2079 1511 2270 1570 fratres
2293 1522 2544 1584 sonaret,
2586 1524 2639 1572 et
2679 1530 2737 1573 se
2779 1517 2949 1574 audiri
2979 1520 3229 1577 nesciret.
3256 1520 3483 1577 Videba-

1912 1616 2031 1671 mus
2048 1611 2148 1673 ,κει
2176 1601 2486 1674 dolebamus
2526 1610 2889 1676 vehementer,
2928 1608 3068 1666 Deus
3107 1611 3240 1678 scit,
3288 1621 3488 1668 tantam
3572 1682 3577 1689 η

1913 1707 2121 1773 prunam
2150 1697 2360 1760 anitum,
2388 1707 2560 1763 tantas
2582 1712 2787 1766 cruces,
2821 1708 2994 1766 tantas
3021 1701 3311 1771 gehennae,
3345 1712 3490 1760 tanta

1913 1793 2198 1842 tormenta.
2221 1787 2358 1859 Quid
2389 1789 2665 1859 pluribus?
2691 1789 2974 1866 impatiens
2999 1793 3101 1848 ioci
3132 1791 3371 1862 humilis,
3399 1795 3487 1852 cui

1902 1876 1962 1945 si,
1984 1885 2230 1947 saperet,
2262 1888 2443 1949 posset
2467 1894 2587 1937 esse
2616 1880 2763 1937 locus
2789 1881 3051 1949 salubris,
3074 1883 3193 1939 talis
3218 1887 3485 1957 apparuit,

1856 1984 1857 1987 η
1913 1974 1971 2021 ιιι
2015 1966 2171 2021 etiam
2221 1969 2588 2040 projiceretur.
2616 1970 2799 2043 Neque
2841 1971 2965 2029 hinc
3002 1973 3288 2045 desperare
3326 1975 3488 2032 debe-

1912 2073 2063 2126 mus,
2094 2061 2283 2117 fratres
2302 2103 2316 2128 ,
2345 2061 2412 2119 de
2436 2062 2554 2118 aliis
2572 2106 2587 2129 ,
2614 2065 2703 2136 qui
2731 2063 2866 2121 forte
2889 2067 3147 2138 elegerint
3172 2068 3446 2149 veritatem
3468 2109 3486 2132 .

1913 2164 2018 2209 non
2049 2150 2215 2207 secuti
2244 2151 2441 2217 fuerint
2467 2156 2859 2211 necessitatem.
2883 2154 3064 2229 Usque
3090 2159 3226 2214 adeo
3250 2159 3393 2215 enim

1894 2232 2540 2311 ceterisdesperaudum
2565 2260 2669 2299 non
2696 2253 2779 2300 est
2798 2286 2812 2310 ,
2842 2254 3023 2302 utnec
3061 2247 3129 2303 de
3167 2248 3268 2303 isto
3293 2232 3487 2320 despe-

1912 2345 2052 2399 rem,
2081 2330 2337 2402 quamdiu
2364 2333 2511 2388 vivit.
2553 2333 2627 2390 De
2670 2334 2820 2391 nullo
2857 2336 3000 2391 enim
3043 2337 3253 2394 vivente
3294 2338 3490 2410 despc-

1898 2414 2133 2474 ‘randum
2164 2424 2264 2476 est.
2287 2420 2399 2478 Hoc
2424 2438 2570 2494 ergo,
2595 2424 2806 2494 fratres,
2829 2441 2896 2482 ex
2925 2427 3206 2483 occasione
3232 2428 3331 2485 hac
3348 2415 3490 2487 scire

1912 2506 2095 2573 debuit
2120 2509 2359 2565 Charitas
2380 2509 2570 2567 Vestra
2587 2555 2600 2578 ,
2634 2528 2701 2570 ne
2740 2515 2859 2586 quis
2901 2514 3041 2573 forte
3065 2516 3206 2572 aliud
3232 2517 3381 2574 vobis
3408 2519 3490 2576 di-

1898 2596 2017 2654 cat.
2060 2597 2192 2655 Nam
2238 2600 2592 2659 subdiaconus
2635 2616 2855 2672 eorum,
2898 2605 3029 2678 qui,
3075 2624 3195 2664 cum
3245 2609 3295 2664 ei
3345 2610 3488 2666 nulla

1910 2690 2135 2759 quaestio
2180 2690 2250 2746 ibi
2288 2705 2734 2763 commoveretur,
2773 2696 2930 2768 elegit
2957 2698 3271 2755 catholicam
3303 2715 3487 2770 pacem

1912 2788 1967 2837 et
1992 2782 2265 2849 unitatem,
2295 2793 2348 2838 et
2378 2784 2480 2839 illis
2510 2784 2744 2841 dimissis
2771 2787 2937 2855 venit,
2960 2788 3107 2845 venit
3135 2805 3324 2846 revera
3349 2791 3487 2851 sicut

1911 2870 2113 2943 eligens
2134 2873 2273 2944 quod
2294 2875 2489 2930 bonum
2511 2855 2612 2946 est,
2640 2893 2743 2933 non
2765 2880 2902 2934 sicut
2922 2880 3228 2953 repudiatus
3242 2896 3275 2943 sa
3297 2882 3483 2951 malis:

1898 2956 1989 3018 sic
2018 2972 2267 3035 acceptus
2297 2975 2397 3034 est,
2426 2974 2484 3021 ut
2507 2964 2712 3040 de'ejus
2742 2972 3091 3027 conversione
3118 2971 3443 3043 gaudeamus
3462 3014 3481 3044 ,

1912 3063 1963 3108 et
2006 3069 2126 3110 eum
2176 3058 2381 3113 vestris
2419 3060 2750 3116 orationibus
2791 3056 3250 3129 commendemus.
3289 3066 3485 3125 Potens

1912 3153 1995 3199 est
2020 3145 2160 3200 enim
2189 3146 2347 3213 Deus,
2379 3150 2465 3220 qui
2492 3164 2612 3205 eum
2640 3150 2796 3207 faciat
2819 3153 2978 3221 etiam
3008 3161 3168 3224 atque
3188 3156 3345 3212 etiam
3367 3138 3485 3213 me;-

1911 3235 2120 3294 liorem.
2143 3238 2403 3296 Caeterum
2430 3239 2499 3298 de
2531 3243 2678 3309 nullo
2716 3242 3163 3314 pronuntiandum
3191 3256 3273 3303 est
3301 3247 3352 3305 in
3381 3248 3484 3305 ali-

1910 3342 2067 3398 quam
2086 3332 2452 3405 partem,sive
2479 3333 2530 3387 in
2553 3334 2901 3405 bonamhsive
2916 3337 2969 3392 in
2987 3340 3199 3393 malam.
3223 3321 3485 3408 Quamdiu

1911 3419 2053 3489 enim
2099 3421 2193 3483 hic
2230 3423 2441 3489 vivitur,
2484 3427 2744 3480 crastinus
2786 3425 2899 3482 dies
2937 3441 3150 3499 semper
3188 3420 3479 3501 ignoratur.

1916 3511 2032 3569 Non
2056 3514 2426 3584 con/nudentur
2450 3517 2500 3580 in
2528 3527 2748 3591 tempore
2769 3520 2904 3575 malo
2922 3560 2937 3585 ,
2964 3530 3013 3575 et
3046 3521 3101 3575 in
3138 3521 3310 3576 diebus
3330 3522 3484 3597 {avitis

1910 3602 2268 3669 saturabuntur
2294 3621 2322 3672 :A
2340 3608 2574 3673 quoniam
2602 3618 2884 3678 peccatores
2908 3609 3159 3682 peribunt.

1984 3693 2069 3749 l2.
2101 3693 2307 3757 Inimici
2330 3707 2498 3760 autem
2524 3698 2725 3755 Domini
2760 3702 2932 3756 statim
2969 3710 3022 3757 ut
3062 3702 3409 3775 gloriabuntur
3435 3716 3482 3761 et

1904 3786 2282 3871 excitabuntur,
2313 3778 2593 3860 deficientes
2617 3792 2742 3846 sicut
2781 3782 2961 3867 fumus,
2986 3774 3235 3865 deﬁcient.
3267 3797 3341 3855 Ex
3360 3774 3483 3868 ipsa

1910 3878 2253 3941 similitudine
2291 3897 2403 3938 rem
2433 3899 2591 3953 quam
2623 3884 2942 3956 insinuavit,
2969 3888 3258 3958 agnoscite.
3282 3888 3485 3947 Fumus

1900 3988 1940 4045 ,ιι
1987 3972 2106 4028 loco
2150 3974 2286 4045 ignis
2329 3962 2613 4048 erumpens
2655 3978 2710 4034 in
2750 3979 2917 4036 altum
2958 3981 3246 4048 extollitur,
3275 3990 3332 4038 et
3368 3982 3482 4059 ipsa

1909 4064 2141 4123 elatione
2172 4068 2225 4123 in
2254 4068 2467 4139 globum
2494 4085 2741 4143 magnum
2784 4072 3085 4141 intumescit
3112 4090 3128 4130 :
3155 4074 3249 4131 sed
3283 4084 3483 4147 quanto

1911 4156 2087 4214 fuerit
2108 4157 2295 4227 globus
2327 4158 2415 4214 ille
2452 4161 2725 4231 grandior,
2768 4170 2914 4217 tanto
2959 4163 3016 4219 iit
3049 4164 3268 4231 vanior;
3296 4165 3363 4220 ab
3394 4165 3481 4219 illa

1908 4247 2048 4302 enim
2079 4248 2437 4318 magnitudine
2468 4262 2572 4306 non
2616 4252 2828 4315 fundata
2856 4260 2916 4311 et,
2935 4253 3192 4321 solidata,
3223 4253 3316 4309 sed
3342 4272 3479 4325 pen-

1908 4339 2066 4394 dcntc
2093 4348 2146 4393 et
2174 4340 2375 4407 inﬂata,
2404 4340 2443 4394 it
2470 4341 2521 4395 in
2549 4357 2705 4403 auras
2729 4350 2887 4412 atque
2906 4342 3182 4412 dilabitur,
3212 4353 3268 4397 ut
3296 4344 3478 4417 videas

1908 4428 2073 4499 ipsam
2101 4429 2150 4481 ei
2180 4428 2413 4490 obfuisse
2451 4428 2881 4498 magnitudinem.
2928 4430 3134 4499 Quanto
3171 4432 3311 4488 enim
3356 4432 3477 4507 plus

1907 4526 2119 4585 erectus
2136 4527 2245 4583 est,
2263 4528 2464 4591 quanto
2489 4529 2760 4586 extentus,
2792 4530 2989 4592 quanto
3009 4522 3228 4579 diffusus
3248 4522 3478 4596 undique

1907 4610 1959 4667 iu
1990 4608 2245 4679 majorem
2267 4611 2546 4677 ambitum,
2574 4619 2721 4667 tanto
2744 4611 2804 4667 fit
2821 4613 3029 4681 exilior,
3051 4621 3105 4670 et
3131 4614 3402 4691 deﬁciens,
3424 4625 3480 4672 et

1906 4717 2012 4769 tum
2037 4718 2319 4772 apparens.
2350 4701 2552 4766 Inimici
2582 4713 2747 4757 autem
2775 4703 2982 4761 Domini
3006 4706 3174 4760 statim
3211 4716 3265 4762 ut
3288 4704 3479 4779 gloria-

1905 4791 2087 4857 buntur
2112 4801 2157 4846 et
2182 4793 2556 4859 excitabuntur,
2586 4793 2872 4863 deﬁcientes
2895 4795 3021 4849 sicut
3038 4795 3205 4866 fumus
3225 4791 3477 4866 deﬁcient.

1906 4883 1981 4938 De
2003 4882 2192 4938 talibus
2220 4884 2419 4939 dictum
2451 4895 2532 4940 est
2561 4902 2574 4938 :
2606 4885 2749 4940 Sicut
2773 4885 2966 4942 Jannes
2990 4895 3036 4940 ct
3064 4870 3315 4944 Mambrcs
3344 4893 3479 4946 resti-

1905 4971 2277 5044 teruntﬂoysi,
2299 4976 2368 5028 sic
2388 4982 2434 5027 et
2459 4975 2542 5028 isti
2565 4976 2807 5036 resistunt,
2824 4976 3015 5029 veritati
3031 4992 3051 5031 :
3071 4977 3294 5053 homines
3315 4989 3478 5034 mente

1903 5065 2155 5132 corrupti,
2202 5064 2399 5131 reprobi
2440 5064 2574 5118 circa
2616 5065 2797 5134 ﬁdem.‘
2817 5064 2969 5121 Unde
3005 5076 3179 5124 autem
3225 5069 3477 5135 resistunt

1902 5154 2134 5220 veritati,
2154 5155 2263 5227 nisi
2286 5154 2559 5209 inﬂatione
2582 5154 2805 5223 tumoris
2833 5142 2941 5223 sui,
2964 5166 3151 5214 euntes
3179 5157 3230 5213 in
3250 5169 3437 5213 ventos
3453 5199 3473 5226 ,

1902 5241 2220 5317 extollentes
2259 5258 2318 5297 se
2356 5242 2506 5313 quasi
2530 5243 2703 5322 justos
2749 5252 2803 5298 ct
2844 5245 3100 5316 magnos?
3126 5244 3261 5314 Quid
3296 5255 3475 5311 autem
3496 5310 3501 5317 λ

1900 5333 1968 5389 de
1994 5333 2103 5389 illis
2125 5333 2238 5389 ait?
2265 5334 2539 5404 Tanquam
2566 5332 2633 5389 de
2659 5333 2803 5390 fumo
2827 5353 2839 5390 :
2875 5334 2980 5392 Sed
3012 5337 3144 5390 ultra
3176 5351 3276 5389 non
3314 5336 3469 5405 proﬁ.

1901 5424 2030 5483 cient
2032 5441 2066 5489 λ
2086 5424 2481 5483 dementiaenim
2506 5440 2678 5477 eorum
2694 5425 2959 5495 manifesta
2981 5425 3072 5478 erit
3097 5424 3344 5489 omnibus,
3368 5425 3470 5483 sic:

1904 5525 1957 5568 ut
1994 5526 2040 5569 et
2079 5515 2284 5568 illorum
2326 5515 2420 5586 fuit
2448 5514 2532 5585 (ll
2560 5514 2690 5567 Tim.
2723 5531 2778 5569 ιιι
2800 5557 2813 5580 ,
2847 5516 2911 5577 8.
2940 5515 3034 5584 9).
3067 5513 3267 5567 Inimici
3306 5523 3473 5568 autem

1905 5605 2109 5662 Domini
2135 5605 2301 5658 statim
2321 5615 2375 5658 ut
2398 5605 2750 5675 gloriabuntur
2773 5614 2820 5659 et
2842 5601 3210 5670 excitabuntur,
3236 5604 3474 5670 deiicien-

1905 5707 1975 5753 tes
2005 5694 2131 5751 sicut
2158 5698 2327 5766 fumus
2350 5693 2599 5764 deﬁcient.
3544 5680 3545 5687 “

1982 5789 2065 5842 l3.
2111 5785 2270 5861 [rem
2297 5785 2422 5859 ει]
2456 5784 2731 5839 Feneratur
2768 5790 3013 5852 peccator,
3056 5791 3103 5837 et
3151 5798 3249 5837 non
3294 5772 3466 5836 solvet.
3548 5857 3560 5867 .
