4042 6472
256 415 362 474 573

255 530 397 586 seria
426 538 613 584 nostra
643 538 698 584 ct
739 527 886 582 labor
915 535 1098 581 noster
1135 535 1187 581 et
1234 525 1602 580 trtbulationes
1652 531 1850 579 nostra:

253 619 525 676 diuturnis
550 632 756 677 essent.
785 619 915 674 Nam
953 628 1007 674 et
1041 619 1084 672 si
1131 618 1274 673 mille
1324 633 1584 683 annorum
1630 626 1808 677 essent
1831 658 1848 684 ,

253 711 500 783 appende
529 711 678 767 mille
699 726 868 766 annos
887 719 1072 767 contra
1097 709 1444 764 :eternitatem
1471 727 1484 767 :
1508 708 1630 780 quid
1654 724 1854 779 appvn.

251 803 339 856 dis
379 817 504 857 cum
555 801 768 857 infinito
820 811 1304 872 quantumcumque
1361 799 1606 856 finitum?
1655 802 1847 855 Decem

252 892 422 962 millia
452 908 722 956 annorum
743 935 758 959 ,
790 892 967 948 decies
993 901 1218 949 centena
1254 893 1419 948 millia
1449 935 1464 960 ,
1498 894 1540 947 si
1567 892 1847 948 dicendum

250 995 358 1053 est,
387 996 443 1042 et
464 984 632 1041 millia
659 985 884 1040 millium
911 1028 926 1053 ,
954 1001 1073 1056 qua:
1106 985 1261 1039 finem
1288 984 1502 1049 habent,
1537 1000 1655 1040 cum
1687 994 1846 1039 a‘ter-

251 1081 422 1137 nitate
449 1080 754 1151 comparari
790 1096 892 1135 non
919 1089 1159 1151 possunt.
1197 1079 1310 1134 Huc
1336 1078 1560 1146 accedit,
1590 1079 1709 1148 quia
1741 1095 1844 1130 non

249 1173 429 1234 solum
473 1174 825 1244 temporalem
876 1174 1041 1233 voluit
1081 1173 1318 1229 laborem
1356 1180 1500 1227 tuum
1551 1171 1720 1237 Deus,
1753 1171 1845 1226 sed

248 1265 415 1320 etiam
458 1265 700 1326 brevem.
734 1265 1030 1321 Paucorum
1068 1264 1274 1320 dierum
1298 1271 1380 1319 est
1403 1272 1512 1320 tota
1540 1265 1642 1317 vita
1675 1263 1847 1317 homi—

247 1355 356 1417 nis.
385 1357 601 1412 etiamsi
634 1358 754 1412 laeta
798 1357 947 1412 duris
994 1374 1100 1413 non
1129 1358 1486 1412 miscerentur
1509 1397 1522 1420 ,
1552 1371 1670 1425 quae
1697 1356 1844 1426 plura

244 1459 303 1504 et
331 1448 574 1519 longiora
606 1458 730 1504 sunt
772 1458 952 1517 certe,
983 1465 1143 1521 quam
1176 1449 1304 1503 dura
1329 1466 1342 1510 ;
1372 1458 1424 1502 et
1451 1447 1570 1502 ideo
1599 1447 1840 1503 breviora

243 1551 303 1598 et
331 1543 588 1612 pauciora
621 1553 747 1598 sunt
783 1543 943 1609 dura,
975 1552 1030 1600 ttt
1068 1542 1260 1598 durare
1305 1542 1588 1612 possimus,
1631 1541 1689 1596 Si
1717 1557 1843 1611 ergo

244 1650 344 1708 per
385 1645 557 1692 totam
596 1638 758 1691 vitam
785 1651 935 1696 suam
968 1635 1129 1691 homo
1173 1635 1222 1689 in
1252 1635 1520 1690 laboribus
1541 1643 1594 1690 et
1623 1634 1673 1688 iu
1704 1650 1841 1688 arru-

241 1727 386 1781 mnis
410 1736 580 1791 esset,
615 1727 665 1781 in
694 1727 987 1794 doloribus,
1011 1727 1065 1781 in
1092 1725 1390 1792 tormentis,
1421 1726 1471 1781 in
1502 1741 1716 1781 carcere
1736 1769 1751 1794 ,
1785 1726 1837 1782 in

242 1819 432 1890 plagis,
467 1820 520 1876 in
547 1819 686 1876 fame
709 1829 762 1876 et
781 1821 870 1876 siti
895 1820 1141 1876 omnibus
1161 1819 1368 1886 diebus,
1397 1819 1540 1875 horis
1566 1819 1834 1884 omnibus,

241 1929 340 1984 per
367 1922 536 1968 totam
579 1914 741 1968 vitam
778 1929 928 1968 suam
965 1928 1132 1984 usque
1169 1911 1235 1967 ad
1273 1922 1482 1967 aetatem
1524 1913 1832 1978 senectutis,

239 2005 395 2074 pauci
419 2005 541 2059 dies
569 2014 696 2060 sunt
725 2014 830 2075 tota
859 2003 961 2060 vita
991 2003 1222 2058 hominis
1260 2020 1273 2056 :
1312 2019 1417 2074 quo
1450 2002 1628 2058 labore
1664 2010 1836 2056 trans-

236 2110 384 2165 acto,
415 2098 599 2153 veniet
628 2113 847 2169 regnum
875 2106 1155 2161 internum.
1187 2097 1363 2152 veniet
1387 2096 1506 2152 sine
1530 2096 1633 2150 fine
1665 2094 1831 2150 felici-

237 2201 320 2262 tas
345 2233 358 2252 .
382 2190 571 2244 veniet
608 2189 882 2259 tequalitas
932 2188 1254 2259 Angelorum
1281 2229 1296 2253 ,
1338 2186 1516 2242 veniet
1549 2185 1834 2241 htcreditas

137 2274 146 2277 ’
232 2282 458 2352 Christi,
493 2284 673 2339 veniet
697 2282 934 2338 cohaeres
962 2281 1224 2337 Christus.
1277 2281 1384 2336 Pro
1407 2290 1604 2352 quanto
1650 2279 1831 2335 labore

233 2383 493 2444 quantam
517 2371 820 2428 mercedem
844 2371 1164 2443 accipimus!
1198 2371 1444 2427 Veterani
1471 2371 1715 2426 homines
1740 2369 1831 2440 qui

232 2465 486 2521 laborant
530 2465 585 2520 in
624 2465 807 2520 militia
834 2507 848 2531 ,
879 2474 934 2520 et
961 2471 1242 2521 versantur
1291 2465 1431 2520 inter
1475 2465 1698 2519 vulnera
1753 2471 1828 2518 tot

228 2573 430 2623 annos,
464 2558 729 2627 incipiunt
768 2558 998 2612 militare
1019 2572 1047 2611 a
1069 2556 1372 2627 jurentnte,
1403 2564 1600 2611 exeunt
1629 2570 1826 2621 senes;

227 2659 287 2704 et
335 2658 393 2704 ut
437 2649 673 2705 habeant
716 2663 911 2720 paucos
952 2649 1067 2706 dies
1101 2649 1311 2720 quietos
1361 2649 1652 2704 senectutis
1693 2665 1826 2715 sum,

225 2740 452 2810 quando
477 2755 571 2796 eos
595 2740 706 2811 jam
737 2741 848 2811 ipsa
878 2751 1007 2797 tetas
1038 2741 1222 2810 incipit
1256 2755 1480 2812 gravare
1513 2757 1646 2812 quos
1687 2741 1827 2798 bella

225 2848 344 2887 non
365 2842 608 2902 gravant,
641 2833 994 2904 quantatdura
1022 2833 1282 2898 tolerant;
1308 2848 1427 2903 quae
1455 2833 1641 2888 itinera
1662 2875 1678 2901 ,
1706 2848 1826 2904 quae

223 2923 432 2996 frigora
455 2967 470 2992 ,
500 2941 636 2996 quos
675 2926 816 2980 soles
837 2966 852 2991 ,
877 2934 1102 2996 quantas
1132 2925 1479 2982 necessitates
1498 2967 1512 2988 ,
1545 2940 1664 2994 qum
1705 2924 1825 2979 vul-

223 3029 388 3080 nera,
417 3031 539 3086 quae
561 3015 792 3086 pericula
818 3016 830 3070 !
856 3016 924 3070 Et
953 3031 1060 3071 non
1093 3015 1376 3071 attendunt
1415 3015 1682 3087 patientes
1710 3015 1825 3072 lucc

222 3107 420 3160 omnia
449 3147 464 3170 ,
485 3107 588 3162 nisi
633 3121 830 3177 paucos
855 3106 969 3162 dies
995 3107 1203 3177 quietos
1238 3107 1356 3162 illos
1402 3107 1690 3163 senectutis
1712 3147 1728 3175 ,
1757 3105 1824 3162 ad

220 3211 370 3267 quos
391 3205 570 3251 utrum
597 3198 914 3268 perveniant
933 3199 1200 3254 nesciunt.
1231 3199 1370 3268 Ergo
1392 3215 1423 3252 a
1445 3197 1663 3256 Domino
1683 3215 1826 3271 gres-

217 3305 312 3343 sus
345 3287 566 3342 hominis
592 3288 873 3358 dirigentur
899 3331 914 3356 ,
939 3298 985 3343 et
1013 3290 1144 3343 viam
1171 3290 1279 3361 ejus
1306 3289 1452 3345 uolet.
1485 3290 1618 3345 llinc
1645 3289 1824 3347 dicere

218 3393 507 3449 coeperam
534 3396 548 3432 :
574 3379 713 3434 viam
730 3379 931 3435 .Christi
946 3381 1000 3440 si
1030 3382 1130 3446 vis,
1160 3387 1226 3436 et
1241 3395 1364 3436 vere
1387 3380 1706 3437 christianus
1730 3396 1819 3448 es,

217 3468 350 3543 ipse
388 3477 478 3524 est
514 3469 656 3526 enim
695 3469 1019 3525 christianus
1051 3471 1142 3541 qui
1185 3486 1290 3527 non
1329 3481 1648 3542 aspernatur
1681 3472 1822 3528 viam

215 3557 475 3625 Christi,
515 3559 607 3615 sed
655 3559 767 3614 vult
809 3561 946 3614 viam
999 3560 1197 3616 Christi
1237 3560 1389 3632 sequi
1413 3577 1508 3632 per
1547 3561 1821 3632 passiones

218 3631 426 3721 ipsius,
462 3646 568 3704 noli
599 3665 694 3720 per
723 3651 880 3705 aliam
910 3651 1046 3706 viam
1074 3651 1211 3708 velle
1237 3631 1329 3708 ire,
1355 3631 1515 3723 quam
1552 3667 1648 3723 per
1677 3653 1820 3708 illam

214 3753 331 3811 qua
361 3741 483 3810 ipse
520 3741 632 3796 ivit.
677 3742 816 3796 Dura
860 3741 1108 3810 videtur,
1137 3742 1232 3798 sed
1278 3742 1392 3814 ipsa
1422 3753 1505 3799 est
1534 3753 1643 3799 tuta
1686 3745 1767 3798 via
1802 3762 1815 3798 :

214 3831 328 3885 alia
361 3830 509 3886 forte
534 3831 752 3888 delicias
775 3833 954 3902 habet,
982 3835 1076 3890 sed
1099 3834 1394 3892 latronibus
1420 3836 1586 3916 plena
1618 3849 1718 3893 est.
1753 3836 1821 3893 Et

215 3924 362 3977 riam
394 3924 510 3994 ejus
531 3924 680 3979 volet.

287 4014 392 4068 17.
438 4009 461 4085 [
490 3998 613 4068 vers.
638 4013 730 4069 24.
756 4012 928 4088 ]Cum
967 4015 1232 4082 ceciderit,
1265 4033 1364 4072 non
1407 4019 1820 4087 conturbabitur,

209 4105 472 4175 thniain
516 4104 762 4162 Dominus
799 4107 1062 4177 confirmat
1101 4125 1304 4162 manum
1344 4111 1473 4182 ejus.
1526 4113 1661 4169 Ecce
1694 4113 1820 4184 quid

211 4205 300 4252 est.
321 4237 343 4261 ,
370 4195 515 4252 velle
543 4198 678 4252 viam
707 4197 926 4254 Christi.
957 4197 1242 4270 Contingat
1277 4202 1348 4258 illi
1381 4212 1438 4259 ut
1461 4204 1689 4276 aliquam
1723 4207 1820 4262 tri-

209 4287 561 4344 bulationem
579 4290 824 4369 patiatur,
838 4290 1066 4362 aliquam
1081 4293 1576 4369 exhonoratipuem,
1588 4298 1820 4369 aliquam

208 4367 635 4448 contumeliam,
662 4381 891 4452 aliquam
919 4382 1282 4450 afﬂictionem,
1309 4363 1484 4456 aliqua
1508 4363 1700 4443 damna
1721 4429 1737 4455 ,
1755 4399 1820 4461 et

208 4481 427 4528 cetera
466 4487 809 4543 quacumque
844 4472 1194 4529 abundantin
1224 4476 1336 4531 vita
1357 4477 1454 4535 ista
1490 4479 1671 4548 generi
1717 4480 1818 4535 hu-

209 4576 398 4620 mano
427 4580 444 4617 :
478 4564 717 4633 proponit
746 4564 846 4620 sibi
874 4564 1157 4621 Dominum
1187 4583 1340 4624 suum
1363 4610 1378 4631 ,
1401 4577 1596 4638 quanta
1621 4586 1820 4642 genera

207 4655 587 4712 mutationum
610 4671 794 4726 passus
817 4666 900 4714 est
921 4677 934 4712 :
956 4668 1010 4713 et
1029 4677 1127 4713 non
1153 4661 1527 4725 conturbabitur
1551 4680 1666 4720 cum
1691 4665 1821 4720 ceci-

206 4747 390 4804 derit.
421 4746 541 4815 quia
569 4745 818 4804 Dominus
845 4751 1110 4819 conﬁrmat
1136 4769 1339 4807 ntanum
1363 4755 1499 4824 ejus;
1523 4756 1646 4825 quia
1673 4757 1820 4826 prior

205 4853 426 4912 passus
451 4847 552 4895 est.
581 4839 714 4909 Quid
745 4843 885 4896 enim
917 4843 1146 4911 timebis,
1178 4858 1211 4900 o
1235 4843 1395 4901 homo
1413 4889 1426 4911 ,
1455 4848 1606 4919 cujus
1630 4849 1816 4906 directi

205 4940 359 4987 sunt
397 4945 644 5000 gressus,
669 4943 727 4988 ut
756 4935 920 5000 velles
949 4935 1086 4991 viam
1122 4937 1372 4993 Domini?
1397 4939 1532 5014 Quid
1570 4941 1818 5001 timebis?

206 5021 462 5077 Dolores
482 5019 835 5093 ?Flagc-llntus
871 5034 952 5081 est
988 5025 1231 5084 Christus
1261 5029 1470 5104 (Matth.
1502 5049 1672 5102 xxvn,
1699 5033 1817 5108 26).

207 5109 598 5168 Contumelias
619 5114 872 5170 timebis?
901 5117 1117 5172 Audivit
1133 5157 1149 5183 ,
1181 5118 1499 5178 Harmoniam
1521 5124 1673 5181 habes
1692 5169 1706 5192 ,
1728 5129 1818 5198 qui

205 5203 504 5260 (immania
542 5206 851 5262 excludebat
895 5207 1071 5283 (Jaan.
1098 5227 1190 5266 vm
1214 5254 1229 5278 ,
1261 5213 1376 5286 48).
1424 5215 1586 5274 Forte
1634 5217 1819 5276 factio.-

205 5313 360 5356 nem
379 5306 435 5353 et
455 5300 896 5369 conspirationem
918 5305 1176 5359 malorum
1195 5307 1216 5360 ?
1237 5305 1605 5379 Conspiratum
1627 5321 1710 5367 est
1726 5314 1823 5369 ad-

206 5399 436 5445 fer-sus
462 5388 605 5445 ilium
631 5390 753 5465 (Id.
786 5409 869 5459 rx,
896 5393 1013 5465 22).
1046 5393 1160 5454 Non
1195 5407 1345 5468 potes
1369 5403 1652 5457 ostendere
1681 5402 1820 5461 forte

204 5477 618 5536 conscientiam
643 5492 787 5537 tuam
825 5483 1018 5539 bonam
1047 5486 1098 5540 in
1136 5487 1311 5558 aliqua
1349 5493 1688 5548 accusatione
1717 5533 1734 5559 ,
1765 5501 1838 5549 et.

204 5573 336 5627 vim
372 5571 570 5640 pateris
596 5573 738 5646 quod
781 5575 1036 5632 adversus
1075 5587 1127 5634 te
1155 5578 1268 5635 falsi
1312 5589 1474 5638 testes
1513 5583 1817 5642 audiuntur.

205 5665 435 5722 Contra
465 5664 636 5734 ipsum
662 5667 894 5737 primum
925 5669 1112 5726 falsum
1145 5674 1507 5732 testimonium
1535 5678 1782 5734 dixerunt
1801 5721 1818 5748 ,

209 5772 337 5812 non
364 5754 537 5812 solum
561 5767 686 5814 ante
715 5768 940 5815 mortem
964 5803 987 5828 ,1
1011 5761 1106 5819 sed
1134 5763 1292 5819 etiam
1319 5777 1439 5835 post
1472 5773 1820 5828 resurrectio.

211 5864 379 5906 net".
413 5846 615 5907 Inducti
642 5860 768 5908 sunt
797 5850 912 5907 falsi
943 5862 1123 5925 testes,
1153 5865 1262 5912 uta
1290 5857 1554 5928 judicibus
1595 5862 1818 5922 damna-

1397 373 1791 467 ENSnnATtu
1829 405 1894 461 IN
1927 407 2243 469 PS.\L3lU.\l
2272 415 2507 472 xxxvr.

3437 436 3534 492 371

1953 523 2110 581 retur
2135 525 2342 600 (Matth.
2371 549 2530 601 xxvr,
2559 534 2648 607 60)
2683 555 2695 589 :
2727 552 3066 599 accesserunt
3107 545 3221 602 falsi
3260 547 3423 606 testes
3445 569 3509 607 cu

1956 617 2135 673 stodes
2185 621 2248 675 ad
2302 622 2626 694 sepulcrum.
2681 628 2988 688 Resurrexit
3053 637 3140 694 ille
3209 655 3328 696 cum
3391 653 3533 700 tants

1957 710 2242 776 miraculo;
2275 728 2537 772 commota
2588 729 2728 776 terra
2769 723 2998 793 prodidit
3042 726 3317 787 Dominum
3360 751 3534 792 resur-

1954 812 2186 871 gentem.
2216 807 2341 862 Erat
2379 809 2487 864 illic
2530 820 2580 866 ct
2631 822 2770 868 terra
2824 817 3131 873 custodiens
3175 829 3406 892 terram;
3438 827 3534 889 sed

1957 903 2094 951 terra
2125 898 2306 955 durior
2347 904 2538 958 mutari
2586 920 2688 960 non
2735 910 2925 978 potuit.
2953 910 3222 970 Nuntiavit
3247 933 3368 972 vera
3394 962 3409 984 ,
3439 921 3533 976 sed

1953 987 2168 1044 seducta
2193 996 2276 1048 est
2303 993 2501 1055 aﬂfalsa.
2528 996 2782 1054 Dixerunt
2805 1001 2945 1056 enim
2969 1003 3038 1057 illi
3062 1007 3308 1064 custodes
3332 1008 3534 1068 Jmheis

1949 1087 2070 1150 'qutc
2100 1083 2328 1142 viderint
2353 1130 2368 1155 ,
2395 1096 2448 1144 et
2476 1090 2598 1161 quid
2641 1091 2835 1148 factum
2865 1095 2938 1150 sit
2967 1114 2980 1150 :
3011 1111 3333 1172 acceperunt
3372 1120 3536 1176 pecu-

1951 1171 2112 1236 niam,
2141 1183 2196 1230 et
2219 1175 2415 1234 dictum
2441 1191 2522 1235 est
2546 1182 2654 1239 eis:
2682 1182 2842 1241 Dicite
2865 1189 3001 1257 quod
3021 1171 3153 1246 nobis
3173 1171 3534 1252 dormientibus

2210 1269 2448 1342 discipuli
2474 1277 2583 1346 ejus
2603 1320 2618 1341 ,
2649 1289 2694 1332 et
2719 1279 3026 1338 abstulerunt
3047 1301 3158 1340 eum
3181 1283 3290 1359 (Id.
3321 1306 3484 1346 xxvut

1951 1355 2062 1442 l2).
2097 1359 2229 1416 Eet-e
2260 1360 2375 1418 falsi
2399 1373 2592 1433 testes,
2619 1381 2670 1423 et
2695 1383 2878 1427 contra
2907 1355 3289 1448 resurgentem.
3323 1382 3529 1450 Quanta

1948 1460 2122 1504 autr-m
2149 1455 2357 1510 ca-citas
2387 1457 2436 1511 in
2467 1457 2611 1513 falsis
2637 1463 2858 1519 testibus
2877 1506 2893 1531 ,
2921 1480 3115 1538 quanta
3146 1472 3358 1528 crecitas
3377 1516 3393 1541 ,
3423 1473 3531 1530 fra-

1949 1543 2085 1597 tres!
2117 1543 2299 1600 Solent
2337 1547 2435 1602 hoc
2474 1551 2614 1604 enim
2645 1553 2752 1622 pati
2793 1551 2907 1612 falsi
2947 1565 3136 1625 testes,
3171 1572 3226 1616 ut
3251 1579 3528 1621 excznceu-

1946 1639 2048 1695 tur,
2079 1643 2130 1688 et
2157 1647 2339 1692 centra
2363 1640 2613 1704 sedicaut
2642 1645 2936 1702 nescientes
2963 1649 3101 1705 unde
3123 1665 3374 1722 appareat
3402 1657 3524 1727 quia

1946 1727 2058 1782 falsi
2098 1739 2220 1784 sunt
2264 1742 2446 1789 testes.
2475 1735 2608 1804 Quid
2655 1739 2794 1793 enim
2827 1739 2900 1795 illi
2927 1752 3111 1798 contra
3147 1759 3205 1799 se
3230 1745 3526 1806 dixerunt?

1941 1817 2074 1874 Cum
2118 1819 2500 1892 dormiremus,
2532 1840 2769 1883 venerunt
2794 1831 3029 1903 discipuli
3068 1837 3174 1906 ejus
3193 1878 3208 1902 ,
3233 1847 3278 1890 et
3306 1839 3526 1898 abstule-

1940 1920 2058 1966 runt
2103 1930 2232 1968 eum.
2266 1914 2400 1984 Quid
2430 1928 2509 1973 est
2540 1919 2833 1989 boc?‘Quis
2869 1935 2952 1980 est
2988 1927 3075 1998 qui
3116 1929 3243 1984 dicit
3281 1933 3523 1990 testimo-

1938 2003 2129 2061 nium?
2154 2007 2252 2075 Qui
2282 2008 2600 2068 dormiebat.
2632 2015 2846 2071 Talibus
2886 2034 2984 2088 ego
3037 2025 3374 2081 narrantibus
3414 2044 3522 2084 nou

1938 2098 2211 2158 crederem
2237 2143 2252 2166 ,
2285 2118 2381 2156 nec
2405 2103 2449 2158 si
2475 2107 2680 2162 somnia
2712 2106 2805 2163 sua
2834 2111 2964 2165 mihi
2993 2113 3308 2172 indicarent.
3349 2118 3522 2176 Stulta

1937 2187 2138 2246 insania
2162 2193 2174 2248 !
2204 2193 2246 2247 si
2279 2194 2546 2265 vigilabas,
2574 2213 2740 2268 quare
2770 2202 3097 2270 permisisti?
3121 2205 3166 2260 si
3195 2205 3520 2276 dorntiebas,

1936 2282 2078 2338 unde
2104 2284 2289 2341 scisti?

2007 2375 2094 2432 18.
2135 2377 2223 2433 Sic
2246 2387 2310 2435 et
2333 2379 2415 2435 isti
2445 2380 2520 2452 (a)
2554 2381 2642 2436 lilii
2669 2386 2914 2453 cortuu‘,
2943 2387 3078 2444 sicut
3109 2391 3442 2459 meministis,
3468 2404 3524 2452 ct

1936 2469 2442 2538 przetermittendum
2469 2488 2534 2528 ex
2566 2476 2846 2531 occasione
2872 2494 2976 2533 non
3007 2489 3110 2536 est.
3139 2480 3310 2538 Tanto
3352 2487 3521 2557 magis

1931 2560 2074 2613 enim
2091 2559 2346 2616 debemus
2361 2576 2780 2622 commemorare
2796 2568 3078 2626 vanitatem
3101 2588 3306 2638 eorum,
3320 2586 3519 2646 quanto

1930 2651 2100 2722 magis
2122 2653 2408 2722 qumrimus
2441 2654 2665 2712 salutem
2697 2673 2905 2714 eorum.
2938 2661 3078 2718 Ecce
3100 2678 3293 2733 corpus
3321 2665 3518 2722 Christi

1933 2743 2128 2812 patitur
2164 2743 2330 2800 falsos
2356 2754 2554 2814 testes,
2575 2750 2801 2807 sustinet
2837 2767 3031 2822 corpus
3066 2756 3207 2825 quod
3245 2760 3519 2827 praecessit

1929 2833 1982 2888 in
2012 2834 2205 2904 capite.
2226 2835 2341 2893 Non
2358 2837 2551 2894 mirum
2581 2848 2684 2907 est,
2707 2851 2760 2897 et
2777 2844 2934 2900 modo
2955 2860 3060 2900 non
3081 2845 3273 2904 desunt
3300 2853 3512 2920 corpori

1928 2923 2122 2984 Christi
2147 2925 2338 2982 dill'uso
2360 2943 2461 2997 per.
2485 2937 2650 2986 totum
2677 2931 2860 2987 orbem
2894 2944 3152 2991 terrarum
3179 2939 3268 3008 qui
3296 2939 3509 2996 dicant:

1928 3017 2218 3090 Progenies
2256 3021 2592 3077 traditurum.
2617 3023 2828 3079 Falsum
2863 3028 3220 3084 testimonium
3254 3030 3405 3088 dicis.
3440 3032 3512 3088 lbi

1932 3117 1984 3164 te
2006 3111 2267 3167 convinco
2295 3111 2482 3168 falsum
2510 3123 2702 3171 testem
2730 3157 2746 3183 ,
2779 3130 2994 3172 secutus
3025 3135 3188 3189 pauca
3221 3124 3402 3178 verba.
3431 3125 3512 3180 Tu

1927 3201 2056 3258 mihi
2087 3201 2258 3258 dicis:
2288 3205 2537 3261 Traditor
2573 3222 2650 3262 es.
2693 3208 2804 3278 Ego
2847 3210 2938 3264 tibi
2979 3210 3138 3265 dico:
3167 3212 3388 3270 Mendax
3429 3231 3508 3271 es.

1925 3293 2029 3350 Sed
2059 3301 2114 3349 tu
2143 3294 2487 3353 traditionem
2509 3314 2679 3354 meam
2710 3315 2969 3370 nusquam
2997 3311 3050 3357 ct
3076 3319 3343 3374 nunquam
3388 3322 3511 3377 pro-

1925 3386 2023 3446 bas
2047 3405 2066 3443 :
2083 3403 2182 3458 ego
2198 3388 2531 3444 mendacium
2558 3401 2701 3446 tuum
2722 3391 2810 3447 hic
2831 3393 2885 3447 in
2913 3395 3028 3450 istis
3049 3395 3178 3468 ipsis
3204 3399 3380 3453 verbis
3407 3402 3513 3457 tuis

1925 3479 2086 3538 modo
2116 3479 2304 3550 probo.
2327 3478 2484 3536 Certe
2524 3482 2591 3535 ibi
2618 3481 2833 3548 dixisti,
2863 3485 2987 3554 quia
3015 3501 3109 3541 nos
3135 3489 3373 3544 acuimns
3400 3493 3513 3561 gla-

1924 3569 2043 3626 dios
2072 3578 2286 3630 nostros
2314 3590 2327 3625 :
2360 3573 2528 3628 recito
2555 3582 2703 3643 gesta
2745 3583 2952 3630 tuorum
2985 3576 3507 3639 (Iircumeellionum.

1924 3661 2082 3717 Certe
2115 3659 2188 3735 (ὁ)
2216 3661 2286 3717 ibi
2317 3662 2530 3730 dixisti,
2554 3664 2677 3732 quia
2703 3667 3068 3734 prmtormittis
3090 3669 3262 3724 ablata
3293 3689 3310 3725 :
3341 3672 3513 3729 recito

1924 3753 2085 3809 Gesta
2105 3793 2120 3816 ,
2151 3752 2238 3808 ubi
2280 3753 2703 3824 procurationem
2734 3743 2800 3810 a'd
2829 3757 3086 3828 exigenda
3128 3759 3316 3815 fecisti.
3350 3759 3510 3820 Certe

1924 3842 1997 3899 ibi
2029 3843 2212 3900 dixisti
2243 3863 2255 3899 :
2286 3843 2395 3900 Nos
2423 3845 2536 3899 sola
2579 3845 2851 3901 offerimus
2879 3847 3164 3920 Evangelia
3193 3865 3210 3906 :
3238 3851 3404 3906 recito
3431 3862 3512 3910 tot

1918 3934 2190 4006 jnssiones
2211 3936 2472 4007 judicium,-
2499 3937 2692 4008 quibus
2715 3954 2744 3993 a
2773 3947 2825 3994 te
2844 3939 3051 3995 divisos
3074 3953 3381 4011 persecutus
3407 3960 3466 4001 es
3490 3965 3506 4002 :

1922 4027 2088 4086 recito
2099 4028 2297 4097 Preces
2308 4027 2374 4083 ad
2392 4029 2695 4099 Apostatam
2710 4030 3109 4100 imperatorem,
3119 4033 3205 4089 cui
3221 4035 3396 4090 dixisti
3414 4037 3506 4107 (c),

1924 4118 2049 4190 quia
2077 4119 2190 4174 sola
2223 4119 2425 4188 justitia
2467 4119 2606 4190 apud
2647 4136 2770 4176 eum
2813 4122 2974 4178 habet
3007 4123 3205 4179 locum.
3235 4127 3318 4180 An
3368 4125 3508 4182 forte

1923 4210 2189 4280 apostasia
2228 4209 2422 4265 Juliani
2447 4251 2463 4277 ,
2500 4225 2623 4280 pars
2662 4213 2932 4284 Evangelii
2978 4213 3072 4268 tibi
3102 4213 3345 4270 videtur?
3373 4216 3510 4274 Ecce

1923 4306 2234 4364 mendacem
2265 4315 2318 4360 te
2359 4313 2539 4361 teneo.
2567 4305 2704 4372 Quid
2745 4305 2813 4362 de
2858 4320 2946 4362 me
2968 4307 3147 4363 dixisti
3185 4307 3323 4377 quod
3361 4309 3509 4366 credi

1923 4397 2155 4453 debeat?
2180 4398 2407 4462 Etiamsi
2429 4414 2533 4454 non
2561 4399 2856 4456 invenirem
2885 4401 3024 4456 unde
3051 4402 3388 4458 ostenderem
3406 4403 3510 4459 fal-

1922 4505 2039 4546 sum
2067 4499 2119 4545 te
2134 4489 2333 4559 dicere,
2356 4490 2552 4546 sufﬁcit
2572 4501 2629 4547 nt
2649 4492 2926 4549 ostendam
2954 4502 3005 4549 te
3026 4494 3339 4552 mendacem
3361 4512 3504 4554 esse.

1923 4580 2060 4650 Quid
2085 4581 2254 4636 dicis?
2279 4581 2462 4649 Qualis
2488 4592 2541 4637 tu
2562 4624 2579 4650 ,
2611 4583 2744 4639 tales
2768 4591 2824 4639 et
2858 4584 3038 4641 caueri
3065 4587 3108 4639 '.
3138 4586 3269 4642 Nam
3316 4589 3510 4646 merito

1924 4673 2050 4728 talia
2082 4672 2238 4728 verba
2269 4673 2516 4732 omnibus
2543 4674 2732 4732 misisti
2757 4692 2772 4731 :
2803 4675 3075 4732 abundare
3099 4677 3308 4734 voluisti
3335 4682 3512 4737 socie-

1989 4807 2008 4874 ξ
2041 4807 2194 4858 Hicin
2219 4807 2329 4858 Edd.
2353 4808 2560 4874 additur,
2585 4823 2734 4874 usque
2754 4810 2848 4860 huc
2870 4823 2888 4860 :
2911 4811 3037 4874 quod
3060 4823 3088 4861 a
3107 4819 3212 4863 Mss.
3234 4813 3392 4865 abest.

1989 4871 2009 4901 '
2041 4875 2156 4932 Octo
2173 4877 2296 4932 Mssa
2317 4868 2406 4932 Qui
2421 4868 2563 4931 dicis,
2582 4868 2742 4932 Qualis
2765 4879 2834 4931 tu,
2858 4868 2976 4923 tales
2997 4881 3041 4923 et
3059 4874 3239 4926 caveri.
3259 4875 3397 4928 Porto
3422 4894 3510 4929 ve—

1989 4877 2009 4901 '
2041 4877 2156 4918 Octo
2173 4877 2296 4920 Mssa
2421 4877 2563 4931 dicat,
2582 4877 2742 4932 Qualis
2765 4879 2834 4931 tu,
2858 4877 2976 4923 tates
2997 4881 3041 4923 et
3059 4877 3239 4926 caveri.
3259 4877 3397 4928 Porto
3422 4894 3510 4929 ve—

1923 4931 2044 5004 rius,
2057 4931 2201 5000 juxta
2226 4930 2309 5004 illa
2348 4932 2493 5004 quod
2515 4933 2592 5004 hic
2613 4934 2857 5004 aliquanto
2879 4942 2986 5004 post
3003 4934 3201 5004 legitur,
3223 4952 3271 4987 n.
3293 4939 3386 5004 20:
3412 4949 3510 5004 [Ioc

1924 4949 2044 4990 rtus,
2065 4949 2201 4990 ]uXta
2226 4949 2342 4982 utuu
2364 4949 2493 4996 quoa
2515 4949 2592 4983 ulc
2613 4949 2857 4998 aliquanto
2879 4949 2986 4996 pOSt
3003 4949 3050 4984 Ie
3089 4949 3201 4996 ttttr.
3223 4952 3271 4987 η.
3293 4949 3355 4989 Συ
3374 4953 3386 4988 :
3412 4949 3510 4992 Hoc

1923 4999 2028 5062 erat
2049 4991 2100 5062 in
2122 4992 2314 5062 regula,
2331 4992 2499 5055 Quales
2519 4995 2695 5062 fuerint
2711 5007 2821 5044 cum
2842 4993 3012 5057 quibus
3029 4949 3173 5062 [gerit
3191 4999 3513 5054 communica-

1923 5061 2042 5114 tum,
2066 5052 2192 5104 tales'
2203 5052 2314 5118 fieri
2333 5052 2496 5107 eomes
2515 5052 2562 5106 et
2583 5052 3097 5109 wziversam'massain.

1987 5134 2066 5260 ((8
2086 5141 2385 5261 gir'igtiisgéi
2427 5196 2744 5261 Augustinum
2777 5197 2872 5249 hoc
2907 5205 3140 5251 sermone
3179 5200 3508 5253 refellendum

1925 5258 2202 5337 suacepissg
2226 5258 2443 5337 Primiani
2465 5258 3061 5337 uia‘ndat‘umjll‘udLeuju's
3081 5265 3300 5337 meminit
3320 5265 3368 5312 in
3393 5271 3512 5337 ltro.

1926 5318 3092 5396 (εοῑιρξερηίξςυεηρρςιευειίεδίελ.ἀ..ες
3115 5325 3204 5376 sed
3228 5328 3514 5396 expressiu-

1925 5379 1977 5430 in
1999 5379 2084 5431 lib.
2110 5379 2144 5428 4
2163 5388 2328 5431 contra
2349 5383 2673 5441 ueseonium,
2699 5395 2806 5446 cap.
2829 5385 2907 5442 47,
2925 5379 2992 5433 ’ἰιι
3016 5379 3121 5435 haec
3152 5379 3309 5435 verba
3327 5401 3341 5434 :
3374 5402 3397 5431 ι
3417 5393 3512 5438 Cur

1933 5459 1956 5480 ι
1979 5454 2102 5480 ιιι-οη
2111 5443 2372 5480 Opimiani]:
2387 5443 2512 5480 amid
2534 5451 2639 5480 Anu-
2661 5447 2971 5480 maaiun-‘gma
2981 5445 3368 5480 ρειηιιααίηοηιία
3381 5447 3512 5480 inm-

2109 5443 2513 5580 ἓὲῗιὲπειέἱῗὲ
2523 5445 3513 5580 enumerantem

1933 5581 1958 5612 ι
1980 5566 2076 5631 yit,
2117 5565 2214 5626 Illi,
2249 5567 2430 5631 inquit,
2458 5566 2688 5619 auferunt
2707 5569 2867 5618 aliena
2883 5602 2900 5630 ,
2925 5565 3016 5618 nos
3035 5565 3397 5618 inter-mittimus
3418 5572 3510 5618 ati-

2078 5642 2136 5768 1ίῖ
2142 5700 2294 5768 .9320
2312 5690 2613 5768 terram:
2629 5690 2821 5768 tulisse
2831 5765 2839 5768 .
2849 5689 3503 5768 ἐφεξξξειέἓιιίξειίξῐηξιφ

1926 5751 2277 5823 Donatistarum
2291 5751 2573 5823 ddixeruntA
2587 5753 2871 5823 Rogatianus
2887 5751 2968 5823 ‘et_
3203 5788 3216 5809 .
3260 5763 3323 5801 ex
3360 5753 3504 5823 Epist:

1929 5811 2133 5924 magnae
2156 5815 2443 5876 Donatistas,
2466 5829 2517 5865 n.
2543 5815 2576 5865 9
2592 5849 2607 5876 ,
2632 5810 2683 5866 et
2707 5813 2790 5863 lib.
2815 5813 2846 5863 2
2864 5819 3031 5865 contra
3053 5810 3357 5875 Petiliaoum,
3383 5810 3410 5850 3
3450 5815 3514 5866 93

1931 5888 1959 5924 e
2051 5894 2091 5922 t.

1931 5888 1982 5924 ct
2012 5888 2091 5923 Vt.
