4042 6478
536 374 645 436 375

538 497 648 543 tate
685 481 1016 543 mendacium
1042 525 1057 549 .
1084 495 1154 540 ne
1199 488 1254 548 tn
1297 479 1441 536 solus
1481 479 1825 543 erubesccrcs
1866 477 1934 536 de
1965 492 2117 534 men-

537 577 710 642 daein.

609 669 698 725 l9.
738 664 842 724 Sed
893 666 1106 732 valeat,
1136 663 1341 737 inquit,
1374 663 1426 728 in
1477 660 1814 722 Caicilianum
1854 660 2115 732 judicium

537 769 748 842 patrum
785 768 1113 813 nostrorum.
1138 756 1314 823 Quare
1343 753 1578 817 valebit?
1603 751 1737 828 Quia
1764 753 1999 822 episcOpi
2026 753 2116 821 ju-

533 855 866 916 dicavcrunt.
887 851 1072 913 Valeat
1096 849 1224 904 etin
1251 857 1324 916 te,
1352 846 1494 920 quod
1524 845 1921 900 Maximianista:
1939 847 1954 876 ι
1976 843 2118 915 judi-

535 953 814 1003 caverunt.
844 943 1019 1008 Prius,
1047 940 1190 1004 enim
1217 938 1356 1018 quod
1379 936 1540 992 credo
1553 951 1648 992 vos
1668 951 1848 1001 nosse,
1880 935 2115 1005 episcopi

531 1036 930 1094 consentientes
961 1049 1080 1089 cum
1110 1031 1427 1092 Maximiano
1447 1019 1630 1095 adhuc
1663 1028 1889 1086 diacono
1915 1027 2113 1100 ipsius,

533 1138 796 1186 venerunt
817 1127 883 1182 ad
900 1125 1296 1196 Carthaginem,
1321 1123 1457 1178 sicut
1472 1136 1531 1177 se
1555 1120 1714 1185 habet
1727 1119 2051 1188 Tractatoria
2068 1119 2114 1187 ³,

531 1237 693 1301 quam
727 1219 896 1277 etiam.
917 1219 1094 1275 Cestis
1115 1217 1485 1288 alligaverunt,
1510 1231 1632 1273 cum
1660 1215 1924 1285 litigarem
1950 1210 2024 1284 (a)
2048 1209 2117 1278 de

533 1312 694 1374 domo
721 1328 842 1369 cum
867 1319 1211 1394 procuratore
1239 1308 1382 1363 illius
1400 1305 1475 1380 (b)
1497 1306 1587 1378 qui
1607 1305 1960 1377 prmtermittit
1979 1303 2119 1360 ablat

535 1414 610 1461 ta.
638 1404 781 1483 Ergo
826 1404 998 1474 primo
1037 1402 1418 1456 Tractatoriam
1445 1399 1513 1456 de
1535 1399 1626 1455 illo
1653 1398 1950 1463 miserunt,
1980 1412 2114 1452 con-

532 1503 823 1578 querentes
849 1493 971 1574 quia
1002 1492 1171 1549 noluit
1193 1491 1258 1556 ad
1291 1491 1412 1546 illos
1437 1490 1586 1546 exire
1613 1507 1627 1544 :
1651 1489 1754 1544 hoc
1779 1487 1920 1544 enim
1947 1484 2116 1540 maxi-

534 1576 622 1640 me
644 1583 918 1654 conquesti
949 1590 1094 1638 sunt.
1122 1580 1258 1636 Vide
1283 1579 1550 1661 quomodo
1573 1578 1677 1640 illis
1715 1579 1852 1632 Deus
1885 1576 2116 1634 reddidit

531 1675 675 1744 quod
700 1675 770 1731 de
809 1674 1094 1736 Caciliano
1119 1671 1386 1745 dixerunt.
1419 1670 1546 1725 Mira
1577 1667 1870 1741 similitudo
1903 1685 1916 1722 :
1949 1667 2117 1722 voluit

533 1767 675 1823 Deus
703 1774 821 1838 post
841 1775 918 1820 tot
938 1779 1107 1820 annos
1135 1763 1408 1819 revolvere
1434 1761 1541 1816 illis
1567 1759 1619 1814 in
1645 1759 1830 1816 faciem
1855 1757 1995 1837 quod
2023 1771 2116 1828 geg

529 1867 673 1918 stum
699 1865 803 1922 est,
831 1865 887 1911 ut
903 1855 1120 1912 omnino
1137 1853 1277 1909 unde
1295 1851 1630 1908 dissimulent
1653 1859 1709 1907 et
1735 1865 1837 1922 qua
1861 1848 2114 1921 effugiant

531 1964 639 2006 non
685 1947 976 2004 inveniant.
1003 1945 1209 2012 Oblitos
1253 1958 1314 2000 se
1359 1944 1602 2014 dicerent
1647 1957 1768 2013 qua:
1803 1949 1948 2012 gesta
1990 1946 2114 1998 sunt

527 2050 686 2107 ante;
719 2053 823 2093 non
849 2053 942 2093 eos
967 2037 1106 2092 Deus
1131 2035 1258 2102 sinit
1281 2033 1520 2102 oblivisci
1553 2050 1566 2086 :
1597 2041 1755 2102 atque
1791 2031 1991 2086 utinam
2022 2043 2114 2082 va.

529 2133 636 2187 luat
677 2132 757 2187 eis
783 2129 850 2184 ad
879 2128 1136 2194 salutem!
1169 2126 1298 2192 Nam
1329 2122 1690 2190 misericordia
1731 2136 1824 2177 sua
1855 2119 1975 2186 fecit
2013 2120 2115 2184 hoc

528 2223 709 2289 Deus,
735 2223 778 2277 si
829 2220 1173 2277 considerent
1219 2217 1345 2289 quid
1397 2216 1467 2271 sit
1511 2215 1729 2270 factum.
1761 2213 1947 2288 Donite
1983 2225 2112 2282 ergo

525 2313 678 2376 vobis
706 2321 830 2377 ante
856 2311 1062 2374 oculos.
1090 2309 1304 2374 fratres,
1333 2306 1591 2379 unitatem
1619 2313 1746 2359 tunc
1765 2301 1909 2358 orbis
1941 2311 2108 2356 terra-

526 2418 645 2458 rum
665 2445 681 2470 ,
710 2401 848 2459 unde
888 2417 947 2456 se
987 2400 1075 2456 isti
1104 2399 1396 2456 diviserunt
1436 2394 1695 2451 adversus
1721 2391 2061 2448 Caecilianum
2092 2407 2107 2445 :

526 2492 707 2564 ponite
738 2489 894 2546 modo
917 2499 971 2547 et
991 2497 1194 2561 partem
1227 2486 1436 2553 Donati,
1458 2483 1598 2540 unde
1627 2498 1685 2539 se
1710 2480 2111 2537 Maximianistzc

525 2584 819 2646 diviserunt
841 2581 1096 2641 adversus
1123 2579 1466 2634 Primianum.
1498 2573 1651 2642 Quod
1696 2583 1820 2629 tunc
1849 2572 1920 2627 illi
1947 2571 2112 2627 Cmc'i-

528 2677 696 2742 lianc,
727 2674 830 2731 hoc
859 2690 998 2730 nunc
1024 2673 1108 2729 isti
1138 2671 1376 2740 fecerunt
1399 2667 1688 2724 Primiano.
1738 2666 2022 2736 Propterea
2049 2678 2110 2720 se

524 2778 580 2825 et
603 2768 842 2824 veriores
872 2764 1161 2820 Donatistis
1199 2761 1382 2818 dicunt
1404 2758 1841 2822 Maximianistzn,
1868 2755 1989 2826 quia
2020 2770 2112 2812 re-

523 2874 650 2922 vera
679 2859 812 2925 facta
839 2855 1097 2925 majorum
1119 2867 1334 2910 suorum
1365 2849 1464 2922 ipsi
1491 2847 1676 2904 imitati
1696 2854 1838 2903 sunt.
1859 2845 1947 2902 Sic
1965 2846 2108 2901 enim

521 2948 815 3013 erexerunt
866 2946 1241 3002 Maximianum
1287 2943 1541 3003 adversus
1585 2938 1907 2995 Primianum
1937 2979 1952 3004 ,
1978 2950 2112 3007 quo-

523 3039 684 3096 modo
713 3038 786 3094 illi
813 3045 1095 3094 erexerunt
1117 3033 1431 3104 Majorinum
1457 3029 1711 3086 adversus
1736 3026 2102 3092 Caecilianum;

522 3140 579 3192 et
612 3133 691 3188 sic
717 3129 892 3202 questi
933 3138 1056 3184 sunt
1093 3126 1177 3182 isti
1215 3124 1282 3180 de
1309 3123 1612 3200 Primiano,
1641 3119 1910 3192 quomodo
1936 3119 2009 3173 illi
2039 3118 2110 3174 de

521 3221 825 3279 Czeciliano.
841 3218 974 3274 Nam
999 3216 1046 3272 si
1071 3214 1387 3271 meministis
1410 3253 1426 3279 ,
1448 3212 1547 3268 hoc
1561 3210 1813 3267 dixerunt
1837 3209 1944 3276 illi,
1967 3207 2111 3280 quod

522 3312 588 3378 ad
618 3327 714 3370 eos
739 3311 888 3369 exire
912 3308 1140 3365 noluerit
1168 3303 1498 3368 Caecilianus,
1529 3315 1736 3378 memor
1759 3297 2105 3356 conscientia:

520 3419 667 3474 sua;
691 3403 780 3460 ille
807 3411 984 3458 autem
1011 3406 1232 3456 noverat
1257 3398 1539 3452 factionem
1567 3407 1754 3450 eorum
1789 3409 1803 3445 :
1837 3392 1916 3447 sic
1940 3397 1994 3444 et
2019 3389 2106 3444 isti

518 3502 954 3568 conqueruntur,
983 3492 1107 3568 quia
1137 3488 1305 3546 noluit
1349 3487 1417 3542 ad
1445 3485 1564 3542 illos
1599 3483 1747 3540 exire
1785 3480 2106 3538 Primianus.

519 3567 697 3655 Quare
741 3567 1019 3644 Primiano.
1038 3579 1382 3645 conceditur,
1413 3589 1573 3632 nosse
1618 3573 1900 3630 factionem
1939 3568 2107 3624 Masi-

521 3665 890 3731 mianistarum
917 3713 934 3738 ,
987 3681 1042 3729 et
1091 3670 1373 3744 Otacilium
1429 3681 1533 3722 non
1583 3663 1894 3722 conceditur
1949 3673 2109 3714 nosse

521 3768 806 3823 factionem
866 3763 1300 3820 Donatistarum?
1357 3757 1600 3815 Nondum
1654 3763 1772 3812 erat
1833 3752 2108 3808 ordinatus

521 3857 886 3918 Maximianus,
914 3855 1136 3928 crimina
1163 3853 1477 3908 dicebantur
1503 3849 1570 3904 de
1601 3846 1868 3902 Primiano
1899 3860 1914 3898 :
1946 3857 2109 3898 vene-

522 3956 643 4004 runt
692 3945 964 4016 episcopi,
991 3943 1274 3998 voluerunt
1303 3950 1359 3995 ut
1401 3939 1466 3995 ad
1494 3953 1589 3994 eos
1630 3937 1798 3991 exiret
1827 3953 1841 3990 :
1870 3948 1976 3990 non
2025 3941 2110 3988 est

520 4049 769 4108 egressus
792 4077 808 4100 ,
835 4034 974 4089 sicut
1013 4046 1200 4088 eorum
1243 4029 1441 4084 indicat
1470 4025 1797 4083 Tractatoria
1842 4023 1990 4079 Actis
2021 4023 2106 4077 in-

520 4138 684 4185 serta.
711 4126 826 4183 Non
847 4136 929 4183 est
951 4115 1200 4196 egre§sus
1230 4139 1244 4177 :
1274 4137 1380 4177 non
1411 4118 1674 4191 improbo,
1707 4117 1815 4171 imo
1843 4125 1896 4170 et
1923 4115 2102 4170 laudo.

521 4221 578 4277 Si
605 4220 837 4292 aliquam
867 4217 1151 4274 factionem
1179 4212 1352 4269 vidisti
1378 4253 1393 4276 ,
1424 4210 1528 4267 non
1553 4208 1780 4265 debuisti
1821 4205 1889 4262 ad
1916 4205 2107 4261 factio-

519 4327 614 4370 sos
658 4310 949 4382 procedere
971 4350 988 4377 ,
1032 4306 1129 4363 sed
1177 4317 1394 4360 servare
1436 4314 1654 4357 causam
1701 4308 1844 4353 tuam
1896 4295 2107 4351 meliori

517 4403 719 4477 judicio
747 4403 910 4474 partis
935 4410 1060 4456 tum.
1087 4397 1343 4456 Restabat
1366 4393 1508 4450 enim
1535 4405 1723 4462 magna
1750 4405 1872 4461 pars
1895 4389 2104 4455 Donati,

522 4495 614 4552 ubi
639 4511 698 4550 se
726 4504 907 4566 posset
945 4506 1174 4565 purgare
1203 4489 1504 4546 Primianus
1533 4503 1546 4540 :
1577 4493 1854 4555 propterea
1894 4481 1962 4536 ad
1990 4481 2107 4534 illos

521 4587 612 4658 qui
635 4587 743 4658 jam
785 4579 1013 4642 factione
1040 4584 1510 4654 oonspiraverant,
1535 4579 1689 4634 exire
1729 4575 1916 4630 noluit.
1945 4572 2108 4628 Vides

523 4675 791 4747 quomodo
836 4675 1111 4730 laudamus
1146 4672 1426 4728 consilium
1464 4679 1612 4724 tuum
1643 4667 1898 4722 adversus
1940 4663 2109 4718 Masi-

523 4752 800 4821 iuianistas
828 4806 845 4831 ,
873 4765 1009 4833 bene
1047 4761 1263 4818 attende
1307 4769 1361 4815 et
1405 4773 1619 4815 causam
1658 4753 1927 4812 thciliaui
1957 4771 1970 4808 :
2003 4768 2108 4807 non

523 4856 608 4912 vis
646 4863 706 4911 ut
755 4853 957 4920 frater;
984 4850 1253 4923 quomodo
1289 4859 1575 4906 estraneus
1599 4887 1614 4912 ,
1641 4846 1718 4900 sic
1756 4843 1955 4914 judica.
2000 4842 2110 4897 No-

525 4944 669 5001 luisti
694 4945 862 5012 exire,
892 4943 1017 5014 quid
1047 4941 1138 5009 tibi
1165 4940 1347 5008 dicens
1370 4937 1433 4992 ’ἲ
1463 4937 1548 4991 lsti
1580 4935 1807 5002 factione
1832 4932 2110 5000 conspira-

525 5043 718 5091 verunt
739 5044 921 5092 contra
943 5032 1166 5088 salutem
1193 5044 1366 5086 meam
1383 5068 1398 5093 ,
1425 5025 1660 5096 corrupti
1686 5031 1810 5077 sunt
1828 5021 2115 5084 adverSum,

594 5193 612 5224 ί
647 5188 782 5249 edd,
808 5184 1266 5249 laaiminianistte:
1289 5182 1469 5249 sicque_
1479 5180 1528 5228 in
1552 5176 1659 5227 aliis

524 5238 892 5306 Msenatus
914 5250 1056 5299 isthic
1077 5247 1356 5306 norninant.
1381 5238 1440 5306 ἐξ
1457 5241 1628 5306 horum
1653 5238 1914 5300 ντίυοίνθίη
1953 5238 2112 5306 ¹¹ῗ¹έτ²τ

525 5301 807 5372 enim
830 5309 1140 5375 ειινεεωαίω
1163 5301 1553 5375 menipi’ssuaba-
1569 5307 1623 5375 ιδ)
1641 5301 2108 5375 ⁵1δὲ

525 5361 806 5458 δῷέίδὴίθί
826 5361 1071 5458 “Pila”!
1104 5361 1453 5440 illth
1488 5369 1542 5412 et
1564 5361 1949 5435 Otto-nimiminus
1979 5366 1996 5403 :
2018 5366 2114 5404 nec

526 5447 581 5458 -..
608 5442 686 5458 -.-ι
715 5435 829 5458 --ιι-ι
873 5435 1134 5458 ιδωιᾼηοιιΔ
1171 5443 1219 5458 ιη
1244 5435 1440 5458 mla-um
1496 5424 1577 5458 nh-
1616 5421 1762 5458 ndnm
1787 5423 2110 5458 nnmlmnmh

526 5386 803 5425 οαιςωηιει·
826 5386 1071 5484 amt
1104 5386 1453 5440 uqxummuqu
1488 5386 1542 5412 cs
1564 5386 1850 5435 .lguuuuyu
1861 5386 1949 5426 περ.
1979 5390 1992 5403 .
2019 5386 2110 5404 --νυ

526 5433 691 5489 solent
713 5435 830 5508 gliti
907 5435 918 5446 ’
960 5447 970 5458 '
1039 5433 1134 5482 tire
1171 5443 1223 5480 ιιι
1244 5435 1456 5486 caeteris,
1496 5424 1578 5473 ubi
1616 5421 1764 5472 tidem
1787 5423 2110 5476 nominauutr,

531 5495 794 5608 "’93?
812 5564 914 5614 ωε..
961 5551 1204 5605 Tractoria
1242 5562 1261 5600 :
1289 5543 1692 5600 dissentientibus
1725 5539 1918 5599 caeteris
1959 5537 2111 5598 libris,

529 5618 642 5712 me.
667 5626 879 5730 “deﬁt
906 5682 960 5726 At
985 5672 1116 5736 ωι,
1139 5671 1314 5736 άὶεειοιι.

593 5761 668 5884 i2}

616 5821 667 5885 ὁ)
691 5821 922 5871 Primiani.

1805 363 1864 419 ε.
1903 359 2042 425 AUC
2051 357 2269 416 USTI'NI
2309 357 2607 426 EPISCON

3699 365 3806 424 57.6

2232 491 2318 532 me
2347 493 2362 531 :
2389 475 2433 532 si
2461 491 2547 532 me
2572 475 2674 536 illis
2701 489 3040 540 commisero,
3075 476 3209 531 facio
3237 462 3600 550 prmjudicium
3629 492 3807 536 causa:

2224 583 2359 628 mea:
2389 585 2403 624 :
2432 584 2534 624 non
2561 567 2627 632 ad
2656 584 2748 624 eos
2773 570 2948 632 exibo,
2978 579 3217 629 servetur
3242 585 3400 625 causa
3429 588 3543 625 mea
3565 572 3805 627 meliori-

2223 659 2324 716 bus
2372 668 2426 714 et
2475 660 2788 715 auctoritate
2840 661 3190 732 gravioribus.
3238 660 3443 723 Bonum
3495 662 3804 718 consilium.

2223 751 2360 820 Quid
2408 753 2452 814 si
2495 752 2596 808 hoc
2638 753 2771 819 dixit
2810 753 3160 816 Cmcilianus?
3185 755 3494 826 Quanquam
3534 754 3806 810 laberabis

2225 853 2316 913 tu,
2345 854 2404 900 ut
2442 846 2690 908 ostendas
2733 863 2850 928 qum
2887 847 3140 902 adversus
3188 857 3240 903 te
3285 848 3415 903 istos
3452 849 3553 903 alia
3599 849 3803 904 Lucilla

2223 939 2553 1008 corruperit,
2581 947 2634 993 et
2676 938 2812 1004 forte
2859 954 2964 994 non
3008 939 3355 1006 inventurus;
3383 939 3651 1014 quod.ille
3679 949 3805 996 tttnc

2222 1043 2392 1098 usque
2433 1029 2566 1083 adeo
2592 1039 2810 1084 noverat
2835 1072 2850 1098 ,
2873 1040 2931 1084 ut
2956 1039 3138 1100 postea
3167 1031 3241 1104 (a)
3265 1029 3438 1088 Gestis
3481 1031 3802 1100 aperiretur.

2222 1119 2324 1176 Sed
2355 1120 2531 1175 vidisti
2557 1122 2738 1176 nescio
2762 1121 2887 1192 quid
2907 1122 3194 1188 occultum,
3222 1125 3577 1178 renuntiatum
3599 1131 3684 1178 est
3705 1122 3803 1178 tibi

2221 1209 2416 1279 aliquid
2470 1210 2831 1274 metuendum,
2881 1211 3128 1266 Concedo
3182 1212 3356 1270 timori
3407 1223 3497 1269 tuo
3537 1213 3803 1270 cautelam

2221 1297 2374 1352 istam
2404 1315 2418 1352 :
2446 1310 2589 1373 recte
2635 1299 2836 1365 fecisti,
2868 1301 2933 1356 ad
2981 1301 3111 1356 tales
3149 1317 3251 1372 non
3293 1303 3615 1372 procedere;
3647 1312 3802 1358 erant

2221 1389 2363 1444 enim
2409 1390 2497 1444 alii
2543 1391 2630 1461 qui
2660 1390 2727 1448 de
2770 1399 2820 1458 le
2847 1399 3089 1462 poterant
3114 1391 3382 1461 judicare,
3409 1395 3621 1447 Attente
3661 1409 3803 1448 nunc

2220 1477 2559 1533 Caecilianum
2593 1499 2606 1535 :
2639 1489 2692 1534 tu
2737 1481 2828 1534 tibi
2871 1483 3095 1537 servasti
3132 1481 3426 1536 Numidiam
3453 1524 3468 1548 ,
3501 1483 3587 1539 ille
3611 1483 3803 1540 orbem

2222 1577 2503 1632 terrarum.
2533 1570 2638 1626 Sed
2667 1573 2708 1625 si
2735 1573 2910 1626 valere
2937 1572 3014 1627 vis
3035 1573 3290 1627 adversus
3321 1573 3467 1627 illum
3506 1577 3803 1630 sententias

2221 1671 2346 1716 tunc
2373 1663 2786 1728 Donatistarum,
2817 1665 3026 1720 valeant
3053 1681 3194 1721 nunc
3221 1665 3476 1722 adversus
3500 1674 3551 1720 te
3575 1675 3800 1720 senten-

2221 1754 2306 1808 tite
2333 1754 2834 1822 Maximianistarum
2867 1774 2879 1810 :
2910 1756 3147 1826 episcopi
3187 1756 3332 1831 illum
3375 1756 3800 1821 damnaverunt;

2219 1845 2452 1916 episcopi
2492 1856 2545 1902 et
2572 1856 2640 1901 te.
2670 1846 2844 1922 Quare
2883 1857 3066 1917 postea
3109 1847 3266 1918 egisti
3291 1863 3502 1906 causam
3533 1856 3674 1902 tuam
3700 1890 3716 1914 ,
3744 1857 3800 1901 et

2218 1937 2488 1992 obtinuisti
2538 1938 2606 2004 ibi
2654 1925 3100 2004 hlasimianistas;
3142 1939 3278 1994 sicut
3325 1938 3416 1994 ille
3460 1950 3642 2009 postea
3690 1940 3801 2010 egit

2218 2044 2430 2090 causam
2459 2045 2607 2085 suam
2633 2071 2654 2110 ι
2680 2040 2734 2086 et
2759 2029 2988 2085 obtinuit
3026 2030 3096 2085 ibi
3130 2019 3639 2110 DonatistastQuod
3669 2046 3800 2102 ergo

2221 2131 2346 2177 tunc
2372 2122 2566 2178 factum
2597 2109 2698 2187 est,
2732 2123 2943 2179 videtur
2971 2134 3094 2178 ante
3122 2124 3307 2191 oculos
3333 2125 3468 2178 miro
3493 2109 3547 2178 et
3576 2123 3802 2178 manife-

2219 2221 2274 2268 to
2315 2214 2562 2282 exemplo
2591 2213 2886 2268 revolutum
2906 2254 2920 2278 ,
2950 2213 3072 2282 talia
3100 2213 3518 2269 Maximianistas
3542 2216 3800 2286 conqueri

2216 2303 2282 2360 de
2308 2304 2594 2370 Primiano,
2618 2307 2790 2377 qualia
2817 2321 3004 2361 omnes
3031 2306 3114 2361 isti
3142 2306 3419 2376 conquesti
3441 2315 3563 2371 sunt
3587 2307 3654 2369 dc
3676 2307 3801 2362 Cm.

2216 2396 2430 2452 ciliano.
2462 2397 2646 2451 Mirum
2678 2406 2753 2451 est
2780 2439 2796 2462 ,
2827 2396 3017 2451 fratres
3042 2438 3056 2462 ,
3085 2395 3354 2466 quomodo
3383 2411 3634 2461 moveor,
3663 2411 3802 2466 (ιυοτ

2217 2488 2375 2545 modo
2403 2490 2512 2545 Deo
2538 2490 2731 2560 gratias
2757 2505 2856 2560 ago
2889 2504 2900 2543 :
2930 2489 3050 2559 quia
3075 2504 3202 2543 vere
3226 2488 3588 2544 misericordia
3618 2489 3713 2542 Dei
3735 2489 3802 2543 ad

2217 2580 2366 2647 istos,
2389 2581 2432 2636 si
2486 2581 2724 2651 sapiant,
2756 2579 3131 2635 illuminandos
3179 2579 3424 2634 formavit
3474 2581 3800 2650 exemplum.

2215 2672 2446 2742 Proinde
2469 2673 2511 2727 si
2543 2674 2712 2742 placet
2737 2671 3004 2742 paululum
3026 2713 3039 2738 ,
3073 2671 3266 2727 fratres
3287 2712 3301 2738 ,
3331 2672 3452 2742 quia
3481 2681 3533 2727 et
3565 2671 3666 2726 hoc
3695 2688 3803 2726 nos

2216 2752 2296 2819 bis
2325 2764 2463 2819 Deus
2490 2764 2548 2832 in
2571 2778 2756 2818 manus
2793 2763 2937 2819 dedit
2967 2805 2982 2831 ,
3011 2762 3188 2819 audite
3213 2763 3495 2818 concilium
3522 2761 3804 2816 Maximia-

2216 2855 2470 2922 nistarum
2499 2855 2595 2927 (b).

2283 2947 2375 3002 20.
2417 2947 2761 3003 Sanctissimis
2791 2948 3032 3020 fratribus
3067 2955 3216 3023 atque
3243 2947 3449 3017 collegis
3478 2963 3566 3014 per
3590 2946 3796 2999 univer-

2213 3056 2319 3108 sam
2334 3039 2795 3111 Africant.-—Tota
2825 3040 2999 3111 unitas
3026 3039 3261 3108 ipsorum
3291 3054 3384 3107 per
3412 3035 3663 3091 Africam.
3688 3035 3797 3092 Sed

2217 3132 2301 3190 llic
2325 3147 2443 3186 cum
2470 3132 2570 3185 illis
2599 3140 2680 3186 est
2717 3131 2984 3199 Catholica
3009 3147 3024 3185 :
3055 3130 3112 3201 in
3134 3129 3250 3182 aliis
3276 3139 3450 3183 autem
3475 3127 3618 3183 orbis
3643 3127 3796 3197 partio

2213 3224 2314 3280 bus
2353 3225 2450 3295 ipsi
2481 3238 2582 3278 non
2611 3232 2734 3296 sunt
2758 3239 2876 3278 cum
2897 3222 3187 3278 Catholica.
3210 3253 3280 3262 —
3308 3221 3654 3288 Sanctissimis
3684 3220 3798 3290 fra-

2215 3318 2371 3371 tribus
2394 3326 2541 3386 atque
2559 3316 2763 3386 collegis
2789 3333 2877 3386 per
2897 3316 3179 3369 universam
3204 3314 3450 3382 Africam,
3475 3316 3570 3367 hoc
3589 3321 3679 3377 est,
3708 3329 3802 3385 per

2215 3394 2521 3478 provincian
2552 3392 2993 3468 Proconsnlarem,
3027 3404 3323 3470 Numidiam
3344 3445 3357 3465 ,
3390 3389 3760 3457 Mauritaniam
3779 3442 3797 3468 ,

2211 3496 2529 3570 Byzacenam
2550 3539 2563 3562 ,
2602 3505 2648 3551 et
2686 3495 2930 3566 Tripolim
2964 3496 3280 3561 constitutis;
3306 3494 3396 3550 scd
3417 3505 3464 3548 et
3493 3493 3800 3564 presbyteris

2211 3601 2258 3644 et
2277 3589 2523 3653 diaconis,
2556 3571 2799 3642 universis
2825 3587 3067 3658 plebibus,
3104 3588 3157 3641 in
3181 3589 3385 3642 veritate
3411 3573 3672 3660 Evangelii
3699 3605 3800 3642 no-

2214 3684 2403 3738 biscum
2430 3681 2777 3746 militantibus,
2824 3678 3133 3744 Victorinus,
3168 3677 3496 3743 Fortunatus,
3536 3663 3797 3733 Victoria-

2211 3789 2328 3836 nus.
2368 3771 2626 3842 Migginus
2662 3771 2702 3838 ¹,
2743 3769 3077 3831 Saturninus.
3105 3768 3446 3834 Constantius,
3487 3767 3794 3836 Candorius,

2212 3861 2540 3917 Innocentius
2559 3903 2574 3928 ,
2606 3859 2932 3921 Cresconius,
2978 3857 3269 3913 Florentius
3303 3860 3347 3924 ',
3391 3857 3597 3914 Salvius
3617 3900 3631 3923 ,
3657 3860 3796 3914 alius

2213 3952 2437 4016 Saluius,
2468 3950 2720 4015 Donatus,
2751 3949 3028 4015 Geminius,
3066 3947 3422 4013 Prwtextatus.
3467 3978 3534 3989 ——
3568 3947 3685 4018 lpsc
3708 3959 3796 4005 est

2211 4042 2575 4111 Assuritanus,
2604 4055 2760 4110 quem
2791 4049 2974 4110 postea
3007 4047 3324 4112 receperunt
3348 4056 3362 4094 :
3386 4053 3506 4092 eum
3533 4039 3620 4109 qui
3653 4041 3704 4094 in
3735 4055 3798 4096 se

2211 4134 2344 4189 dixit
2385 4133 2743 4203 sententiam,
2792 4133 2994 4203 recepit
3041 4142 3245 4202 postea.
3286 4159 3358 4170 —
3401 4127 3752 4187 Maximianus'
3776 4176 3791 4199 ,

2210 4226 2524 4300 Theodorus,
2555 4225 2869 4290 Anastasius,
2898 4223 3228 4285 Donatianus.
3255 4219 3505 4288 Donatus,
3533 4222 3664 4278 alius
3693 4223 3801 4279 ου-

2210 4327 2381 4383 natus,
2415 4315 2754 4386 Pomponius,
2789 4312 3093 4367 Pancratius
3113 4314 3156 4378 ³,
3187 4313 3468 4368 Ianuarius
3489 4355 3502 4376 ,
3537 4313 3797 4367 Secundi-

2210 4424 2324 4473 nus,
2368 4404 2661 4479 Pascnsius,
2703 4401 3020 4469 Cresconius,
3067 4403 3402 4474 Rogatianus,
3443 4403 3574 4456 alius
3619 4403 3800 4457 Mosi.

2209 4499 2428 4563 mianus,
2472 4496 2776 4555 Benenatus.
2825 4493 3076 4560 Gaianas,
3132 4493 3436 4559 Victorinus,
3489 4493 3800 4562 Guntasius,

2215 4591 2528 4666 Quintasius,
2572 4587 2882 4642 Felicianus.
2918 4618 2989 4627 —
3020 4588 3122 4643 Iste
3161 4597 3243 4642 est
3284 4587 3602 4642 Mustitanus
3642 4587 3662 4618 ⁸
3703 4589 3799 4657 qui

2276 4700 2292 4729 ι
2330 4695 2516 4758 Aliquot
2531 4702 2642 4758 _Mss.
2669 4698 2947 4758 constanter
2966 4691 3044 4756 bic
3067 4700 3118 4742 et
3142 4700 3329 4753 postea,
3354 4691 3545 4758 Miggin.

2275 4759 2296 4791 ³
2328 4752 2458 4814 Edd'.,
2485 4753 2798 4806 Flormtinus.
2821 4760 2875 4802 At
2894 4752 3066 4814 omnes
3089 4752 3238 4814 prope
3262 4761 3388 4811 3135.,
3416 4752 3698 4804 Florentius.

2246 4813 2547 4930 osoouinque
2567 4823 2660 4866 Mss
2681 4849 2698 4876 ,
2723 4813 3006 4870 Prancatius
3021 4813 3145 4864 :nec
3163 4813 3306 4863 aliter
3325 4815 3510 4866 habent
3530 4817 3580 4869 in
3598 4815 3694 4866 line
3711 4823 3801 4879 Sy-

2310 4892 2411 4929 tete.

2213 4892 2411 4930 ηοαιαε.

2274 4941 2296 4974 δ
2328 4942 2401 4989 Sic
2420 4935 2762 5004 Ilss.‘At_At_-:dd.,
2788 4935 3090 5004 ιιᾳαίεαπηξ.

2278 5004 2350 5064 (τι)
2373 5009 2513 5064 Gesta
2538 4995 2858 5064 iudicat‘apud
2893 4996 3203 5064 Zen0philum
3233 4996 3540 5064 congrui-em
3573 4995 3796 5050 confecta

2214 5057 2342 5112 anno
2359 5063 2468 5125 5:20,
2488 5072 2691 5125 quorum
2714 5057 2986 5125 fragmenta
3018 5057 3236 5125 quietiam
3256 5059 3306 5108 in
3341 5059 3372 5106 3
3393 5063 3570 5125 Δςῖοιιιξιελ
3591 5064 3798 5125 uescc-

2215 5127 2345 5173 nium
2367 5117 2470 5182 llh.,
2489 5117 2533 5172 ὁ.
2557 5121 2638 5180 29,
2661 5117 2816 5182 referi
2845 5134 2857 5169 :
2895 5121 2980 5169 ubi
3015 5117 3244 5182 videlicet
3279 5119 3590 5182 nundinarius
3623 5117 3798 5170 Silvam

2215 5186 2444 5254 (.irtensis
2460 5179 2678 5254 episcopi
2699 5181 2930 5254 diaconus
2953 5181 3176 5253 prodidit,
3201 5183 3463 5254 episcopogi
3474 5179 3806 5254 aliosque_l_.u-

2216 5246 2340 5296 eillm
2364 5240 2679 5309 praepotentis
2699 5241 2894 5309 legitime
2939 5240 3141 5309 pecunia
3163 5240 3415 5309 «irruptos
3437 5240 3686 5309 luisse,'ut
3703 5246 3802 5289 Ma-

2213 5301 2401 5371 jorinus
2434 5301 2607 5371 contra
2650 5301 2953 5371 Caecilianum
2991 5302 3136 5371 fieret
3177 5301 3567 5371 cartliaginensis
3608 5301 3805 5371 θνὶεςο-

2216 5363 2484 5480 ἔζευκᾸῇ
2520 5367 2770 5431 augustinl
2802 5365 2861 5414 ad
2896 5363 3136 5425 Gloriam,
3175 5363 3450 5424 Eleusium,
3484 5370 3581 5412 etc.
3603 5397 3619 5424 ,
3651 5364 3802 5429 epist.

2281 5443 2465 5564 ίθῗῖίέέ
2475 5467 2778 5564 λέἱδυεῖίηὲῑξ
2802 5487 3056 5564 ἓιέίὲίριξίη
3078 5484 3807 5564 ναξῖἮίέτὲῖωνΨΣΞΡῗτδυέῖ

2217 5544 2378 5603 scrisis
2399 5544 2588 5613 concilii
2607 5550 2783 5613 reeitat
2809 5544 3044 5613 brevique
3069 5547 3282 5613 explicat
3300 5544 3711 5613 commentariolo.
3739 5547 3806 5595 ad

2217 5621 2400 5663 rectam
2427 5625 2472 5659 n.
2499 5610 2560 5660 20
2579 5607 2979 5672 intelligentiam;
3005 5607 3205 5659 multum
3228 5610 3436 5672 interest
3456 5615 3512 5656 ut
3534 5607 3686 5656 verba
3711 5616 3809 5672 Αιιτ

2218 5674 2399 5738 gustini
2434 5672 2498 5738 a_b
2532 5669 2759 5738 epistola?
2789 5669 2970 5738 verbis
2997 5674 3214 5738 apprime
3244 5670 3637 5738 distinguantur;
3673 5669 3810 5737 quod

2223 5729 2438 5798 profecto
2456 5729 2597 5798 facile
2620 5734 2862 5798 obtinebit
2894 5729 3072 5798 lector;
3088 5735 3129 5783 si
3152 5731 3370 5798 attendat
3392 5729 3551 5798 priora
3575 5729 3809 5798 romanis,

2224 5744 2438 5798 proiecto
2456 5744 2597 5790 tacite
2620 5744 2862 5783 outtnetnt
2894 5744 3060 5790 lector.
3088 5746 3129 5783 Si
3152 5744 3370 5782 attenuat
3413 5744 3551 5780 riora
3575 5744 3807 5789 romanis.

2224 5805 2272 5844 ut
2302 5797 2449 5856 aiunt,
2475 5793 2855 5854 cbat‘acterilms,
2885 5797 3147 5855 rmstcrinra
3174 5804 3289 5841 vero
3321 5744 3494 5840 ttulit-is
3518 5788 3712 5838 referri.
3753 5797 3807 5840 st.
