4042 6466
246 389 350 447 677·

246 508 413 562 adhuc
438 502 608 570 vivit;
646 503 741 562 sed
771 503 905 560 forte
932 501 1068 558 alius
1094 510 1176 556 est
1201 501 1430 558 aliunde.
1487 503 1675 560 Postea
1701 505 1827 561 sub-

246 599 542 656 scribentes
570 597 761 656 dicunt
784 607 838 653 et
864 597 979 652 loca
1012 596 1152 652 unde
1181 596 1406 667 quisque
1442 605 1576 652 erat.
1610 627 1678 637 —
1704 599 1826 653 Sal-

243 694 364 757 rius,
389 690 678 764 Migginus,
708 689 976 756 Proculus,
1007 687 1238 754 Latinus,
1261 697 1310 744 et
1334 690 1498 744 atteri
1517 691 1602 760 qui
1624 691 1678 745 in
1701 707 1826 746 con-

243 783 358 838 cilio
395 782 543 852 apud
583 781 879 837 Cabarsussi
918 785 933 812 ⁸
980 781 1191 852 fuimus,
1235 780 1288 834 in
1335 779 1550 835 Domino
1586 791 1827 836 teternant

240 874 477 930 salutem.
515 873 684 928 Nemo
711 875 798 945 qui
824 873 1039 940 nesciat,
1069 876 1250 944 fratres
1277 871 1616 938 dilectissimi,
1650 873 1714 927 dc
1737 891 1824 927 δας

239 966 525 1023 cerdotibus
547 963 666 1028 Dei,
689 981 788 1018 non
819 964 1038 1035 propria:
1064 964 1354 1030 voluntatis,
1384 964 1470 1018 sed
1495 963 1680 1018 divinae
1701 965 1825 1036 legis

237 1059 480 1130 impulsu,
506 1068 612 1112 tam
640 1058 694 1112 in
722 1073 831 1112 reos
859 1056 1156 1111 sententiam
1181 1057 1346 1110 dicere
1363 1096 1379 1122 ,
1412 1072 1564 1126 quam
1587 1057 1824 1111 innocen-

237 1150 361 1202 tibus
392 1148 681 1217 inflictam,
710 1149 824 1220 iure
863 1146 925 1200 ab
955 1147 1024 1200 eis
1065 1162 1125 1198 ac
1154 1147 1330 1199 merito
1359 1145 1663 1200 submovere.
1699 1145 1822 1202 Non

236 1241 322 1297 levi
349 1242 490 1296 enim
521 1239 748 1308 periculo
776 1239 1052 1311 subjacebit
1069 1281 1084 1306 ,
1113 1239 1336 1309 quisquis
1362 1248 1448 1292 aut
1471 1255 1556 1293 reo
1583 1254 1820 1308 peperce-

234 1333 314 1397 rit,
342 1342 432 1388 aut
464 1334 780 1392 innocentem
803 1331 1048 1401 conﬁcere
1069 1333 1088 1362 ¹
1119 1331 1410 1400 pertentarit
1433 1347 1454 1389 ;.
1473 1331 1688 1385 maxime
1707 1347 1821 1385 cum

233 1427 476 1495 scriptum
509 1426 573 1478 sit
602 1440 625 1478 :.
669 1443 688 1476 ι
736 1423 1061 1482 Innocentcm
1087 1433 1132 1476 et
1161 1424 1354 1490 iustum
1384 1440 1482 1477 non
1512 1423 1708 1476 occides
1728 1465 1741 1487 ,
1773 1432 1820 1477 et

234 1516 534 1586 purgatione
570 1532 670 1568 non
713 1515 949 1586 purgabis
983 1530 1122 1567 reum
1152 1534 1170 1566 ι
1200 1513 1408 1586 (Exod.
1433 1529 1582 1580 χχιιι,
1605 1515 1681 1586 7).
1708 1512 1820 1568 Hoc

231 1611 377 1681 igitur
421 1609 608 1663 Edicto
646 1607 797 1680 Legis
831 1608 1095 1670 admoniti,
1141 1624 1337 1662 necesse
1373 1624 1465 1662 nos
1503 1609 1663 1677 fuerat
1692 1608 1817 1663 Pri-

230 1701 382 1753 minui
402 1717 638 1764 causam,
665 1716 810 1766 quem
834 1699 973 1770 plebs
999 1708 1174 1753 sancta
1197 1699 1606 1771 Carthaginensis
1634 1701 1818 1756 Eccle-

227 1796 308 1847 εὔιε
330 1794 628 1865 episcopum
655 1796 823 1863 fuerat
849 1794 901 1846 in
927 1793 1054 1847 ovile
1085 1777 1193 1846 Dei.
1213 1792 1409 1858 sortita,
1447 1795 1702 1849 seniorum
1731 1795 1816 1847 lit-

229 1886 336 1939 teris
391 1884 627 1955 ejusdem
681 1881 925 1940 Ecclesia?
975 1882 1381 1954 postulantibus,
1439 1882 1614 1944 audire
1665 1894 1816 1954 atque

228 1981 467 2034 discutere
487 1980 580 2034 sub
601 1995 682 2043 eo,
705 1989 760 2034 ut
781 1979 1065 2050 explanatis
1084 1979 1335 2045 omnibus,
1361 1989 1453 2033 aut
1475 1979 1810 2046 innocentem,

226 2071 353 2140 quod
376 2069 608 2141 optabile
636 2074 838 2142 fuerat,
885 2086 1248 2141 purgaremus;
1277 2079 1363 2122 aut
1390 2083 1646 2124 nocentem
1683 2079 1814 2124 certe

226 2164 596 2218 ostenderemus
615 2165 726 2218 suis
747 2164 933 2218 meritis
954 2179 1058 2216 esse
1080 2163 1394 2217 damnatum.
1424 2161 1811 2240 Optatissimum

225 2260 346 2311 enim
368 2257 519 2312 nobis
541 2257 660 2326 fuit.
693 2267 745 2309 ut
773 2256 910 2326 plebs
934 2264 1109 2309 sancta
1130 2254 1542 2324 Carthaginensis
1571 2254 1812 2310 Ecclesia

224 2365 275 2402 eo
295 2364 345 2402 se
365 2349 568 2402 (tutetur
593 2348 827 2417 episcopo
852 2346 1192 2406 sublimatum,
1217 2347 1302 2416 qui
1330 2347 1380 2398 in
1405 2346 1575 2398 omnia
1601 2355 1806 2400 sanctus

223 2449 263 2492 ct
293 2439 344 2492 in
375 2437 522 2492 nullo
551 2437 958 2506 reprehensibilis
1000 2437 1284 2490 haberetur.
1327 2436 1604 2508 Propterea
1641 2439 1812 2508 utique

223 2532 363 2582 talem
392 2545 502 2584 esse
531 2538 728 2597 Oportet
761 2527 965 2582 Domini
989 2527 1320 2594 sacerdotem,
1347 2537 1399 2580 ut
1427 2527 1564 2597 quod
1592 2529 1810 2598 papulas

223 2637 306 2691 pro
342 2637 396 2675 se
423 2621 570 2690 apud
600 2618 769 2674 Deum
797 2635 894 2673 non
925 2619 1159 2684 valuerit,
1202 2620 1310 2689 ipse
1338 2635 1430 2689 pro
1473 2620 1661 2690 papula
1699 2634 1806 2674 me-

222 2721 384 2764 reatur
421 2711 563 2778 quod
602 2711 884 2781 poposcerit
911 2711 1225 2780 impetrare:
1265 2711 1383 2778 quia
1418 2715 1662 2781 scriptum
1702 2721 1802 2779 est,

240 2822 260 2854 ι
294 2803 352 2858 Si
378 2803 665 2872 peccaverit
697 2801 935 2872 populus,
961 2802 1122 2855 orabit
1147 2818 1240 2872 pro
1261 2817 1320 2856 eo
1338 2802 1606 2867 sacerdos;
1635 2805 1676 2857 si
1714 2820 1807 2858 au-

227 2907 317 2949 tem
335 2895 576 2955 sacerdos
608 2895 899 2964 peccaverit,
927 2895 1037 2963 quis
1067 2894 1226 2948 orabit
1252 2910 1342 2964 pro
1371 2911 1429 2948 eo
1465 2914 1482 2946 ι
1519 2894 1561 2963 (1
1584 2894 1711 2967 Reg.
1744 2912 1802 2965 tt,

223 2985 288 3042 25
310 2985 369 3056 )i
407 3015 483 3026 —
527 2986 700 3040 Etiam
727 2985 967 3054 Apostoli
994 2986 1323 3055 scripserunt
1353 2985 1592 3054 plebibus
1619 2996 1675 3040 ut
1694 3002 1807 3042 orao.

220 3087 330 3135 rent
363 3093 462 3148 pro
494 3092 578 3144 se,
612 3085 667 3131 et
705 3077 947 3147 Apostoli
988 3085 1207 3132 orantes
1247 3077 1494 3133 dicebant
1535 3093 1550 3132 :
1601 3077 1808 3135 Dimitte

220 3170 352 3230 nobis
381 3170 555 3225 debita
587 3179 762 3226 nostra
789 3167 1004 3239 (Matth.
1037 3185 1112 3232 vx,
1139 3168 1250 3240 i2);
1281 3179 1336 3225 ot
1355 3170 1626 3240 apostolus
1646 3169 1806 3226 Joan-

220 3279 307 3323 nes
347 3263 488 3318 dixit
533 3282 546 3316 :
596 3261 907 3316 Advocatum
946 3262 1187 3316 habemus
1222 3263 1361 3332 apud
1393 3261 1598 3322 Patrem
1626 3261 1807 3318 Iesum

220 3353 468 3410 Christum
489 3355 692 3424 justum
714 3397 730 3420 ,
763 3364 811 3407 et
841 3355 948 3425 ipse
974 3364 1045 3407 est
1070 3355 1296 3410 exoratio
1327 3371 1418 3423 pro
1468 3355 1681 3424 peccatis
1711 3371 1806 3412 no-

220 3447 327 3502 stris
352 3446 397 3517 (I
419 3443 587 3500 Joan.
612 3462 668 3510 Il,
690 3444 832 3513 1-2).
861 3445 964 3500 Sed
995 3445 1123 3501 illud
1163 3445 1230 3500 de
1259 3445 1350 3500 illo
1376 3445 1651 3500 sacerdote
1676 3445 1808 3500 scri-

220 3547 357 3607 ptum
400 3545 508 3601 est,
541 3551 700 3606 quem
738 3536 819 3590 isti
854 3553 958 3591 non
991 3535 1313 3605 intelligunt,
1347 3544 1405 3590 ut
1430 3535 1808 3592 admoneretur

221 3629 440 3700 populus
467 3629 523 3684 in
554 3628 832 3699 prophetia
862 3629 1022 3682 talem
1063 3643 1124 3683 se
1161 3627 1357 3684 debere
1395 3643 1688 3698 agnoscere
1715 3643 1804 3683 sa-

222 3720 513 3786 cerdotem,
550 3734 649 3790 pro
684 3735 789 3790 qtto
824 3719 999 3774 nullus
1035 3727 1220 3790 posset
1255 3733 1430 3774 orare.
1455 3717 1584 3786 Quis
1603 3727 1685 3775 est
1708 3733 1806 3773 au—

293 3910 308 3937 ²
343 3907 498 3956 Editio
521 3912 615 3963 Er.,
637 3913 897 3956 Cavernam
917 3904 1062 3955 Susis.
1086 3911 1218 3963 ων..
1239 3913 1476 3955 cavernas
1506 3903 1650 3955 susis.
1687 3911 1808 3964 Qua-

234 3974 339 4014 tuor
360 3975 492 4023 3155.,
519 3965 898 4016 cavarnasussis.
937 3973 1073 4025 Tres,
1099 3966 1350 4016 rabursus.
1392 3973 1508 4024 Duo,
1532 3965 1804 4015 t‘abarsusi.

233 4029 406 4089 negius
425 4027 602 4089 codex,
627 4025 916 4089 Cebarsussi.
939 4025 1154 4089 Octo‘alii
1177 4027 1223 4076 in
1247 4027 1420 4089 quibus
1443 4035 1519 4076 est
1541 4029 1702 4089 \‘atic.,
1723 4035 1809 4075 Ca-

465 4101 482 4137 :
509 4087 634 4136 forte
663 4101 765 4149 pro.
789 4087 1130 4137 (fabarsussim.
1156 4086 1297 4137 Porro
1317 4100 1426 4136 cum
1446 4087 1643 4135 concilia
1670 4089 1809 4149 Maxi-

232 4147 555 4198 mhnensium
579 4150 625 4197 in
649 4147 932 4196 Primianum
953 4149 1049 4210 duo
1072 4151 1374 4210 Augustinus,
1396 4149 1598 4209 primum
1613 4147 1806 4196 Cartim-

266 4213 363 4267 ine,
387 4209 599 4264 alterum
619 4213 885 4271 cabarsusst
912 4209 1124 4261 habitum
1151 4209 1533 4271 commemoret;
1572 4216 1686 4271 sunt
1723 4209 1804 4271 qui

261 4281 350 4327 unc
366 4270 647 4334 synodicarn
669 4267 775 4334 poet
798 4271 1048 4334 paronium
1071 4271 1316 4334 assignent
1340 4270 1479 4330 priori
1497 4267 1712 4334 concilio,
1729 4267 1808 4334 ad-

233 4328 564 4398 goque'istbic
601 4328 699 4392 legi
736 4330 904 4398 velint,
937 4344 1032 4398 non
1063 4328 1193 4394 apud
1229 4328 1573 4398 Cabarsussim,
1612 4341 1728 4398 qute
1758 4331 1806 4398 in

231 4390 418 4454 Byircio
439 4393 534 4440 sita
557 4390 692 4454 erat;
716 4391 802 4452 sed
825 4393 956 4452 apud
979 4390 1214 4454 (‘ave'rnas
1236 4390 1382 4448 Susis,
1423 4390 1596 4448 locum,
1621 4397 1681 4454 ut
1717 4391 1745 4450 it
1764 4393 1804 4438 si

229 4452 424 4512 quidem
457 4452 755 4502 constituere
796 4465 881 4514 pro
914 4464 1009 4514 sua
1040 4453 1279 4514 opinione
1301 4457 1569 4514 coeperunt,
1599 4452 1804 4514 uicinum

228 4511 517 4576 Carthagini.
545 4519 600 4576 At
635 4521 771 4576 certe
794 4511 929 4574 prius
965 4511 1079 4560 illud
1111 4511 1366 4576 concilium
1408 4511 1803 4576 Cprtitgginense,

229 4581 356 4623 teste
379 4571 1321 4636 Augustinolaticum.Cresconiumtib.,
1343 4585 1410 4636 cc.
1427 4571 1459 4618 6
1483 4579 1533 4620 et
1554 4571 1601 4629 7,
1625 4572 1686 4620 ab
1701 4573 1804 4636 cpi:

226 4637 402 4706 scopis,
426 4630 751 4706 tantummodo
781 4634 1141 4706 «ﬂutadragtnta.
1168 4633 1336 4706 tribus.
1355 4630 1528 4706 factum
1555 4639 1627 4706 est
1657 4645 1679 4706 _:
1720 4630 1805 4694 (iui

235 4714 258 4739 ι
283 4692 489 4744 nondum
513 4696 613 4742 ausi
631 4701 744 4744 sunt
761 4692 984 4756 ultimum
1003 4692 1301 4756 praecipitare
1323 4692 1562 4756 iudicium,
1583 4692 1671 4741 sed
1690 4692 1806 4754 quo-

234 4773 255 4800 ι
280 4755 388 4817 dam
411 4756 688 4817 prmjudicio
709 4754 1068 4817 consuluerunt,
1095 4762 1149 4817 ut
1158 4754 1416 4817 ‘t’rimiano,
1434 4755 1490 4817 _si
1513 4765 1667 4817 causze
1701 4766 1804 4803 suae

233 4831 256 4861 ι
281 4813 473 4873 Μαί-ι,
495 4813 721 4878 sequenti
745 4814 1000 4878 celebriori
1021 4814 1220 4864 concilio
1240 4813 1562 4878 resiiondendi
1588 4826 1804 4878 seseque

234 4895 257 4922 ι
282 4872 516 4948 purgandi
543 4872 904 4948 relinqueretur
928 4874 1087 4948 locus:
1113 4872 1337 4948 quoicum‘
1359 4875 1526 4948 vepire
1551 4872 1802 4948 noluisset,

233 4955 256 4983 ι
275 4934 398 4998 jam'
413 4934 703 4986 necessario"
732 4934 1019 4999 putaverunt
1042 4934 1158 4999 esse.
1180 4934 1532 4999 damnandum
1555 4936 1663 4984 sine
1707 4934 1803 4999 ulla

232 5016 255 5044 ι
277 4996 598 5061 suSpensione
621 4996 896 5061 sementim.
915 5013 938 5041 ι
966 4997 1154 5061 Scilicet
1176 4996 1440 5061 inconcilio
1462 4996 1802 5061 cabarsussita-

225 5072 310 5116 uo,
350 5055 432 5108 ubi
472 5071 502 5107 a
533 5076 557 5103 ι
584 5055 780 5108 centum
815 5057 895 5106 vel
930 5059 1133 5119 amplius
1164 5057 1401 5119 episcopis
1437 5057 1653 5117 perfecte
1701 5055 1804 5119 ple-

223 5122 432 5184 niusque
453 5119 708 5184 damnatus
740 5127 817 5168 est.
836 5135 859 5163 ν
903 5117 1176 5184 Primianus.
1198 5117 1344 5184 time
1365 5124 1528 5184 autem
1575 5117 1802 5184 Synodica

224 5177 494 5240 péri'éctam
512 5179 896 5242 plenioremque,
931 5181 1002 5242 uti
1026 5186 1174 5241 patet,
1213 5178 1427 5242 Primiani
1449 5178 1802 5226 damnationem

222 5239 444 5302 enminet
469 5255 482 5289 :
510 5239 642 5289 unde
665 5239 838 5289 eadem
863 5239 1077 5302 perlecta
1102 5241 1420 5302 Augustinus,_
1435 5255 1456 5281 α
1479 5244 1587 5302 Haec
1605 5243 1796 5302 est,__ait,

215 5316 252 5373 .s_
275 5301 522 5373 damnatio
543 5311 642 5349 tua.
667 5317 691 5344 ι
731 5298 896 5373 neque
932 5300 993 5348 ab
1029 5298 1265 5373 episcopis
1292 5298 1610 5373 quadraginta
1633 5299 1803 5373 tripus

221 5361 472 5420 duntaxat,
503 5363 598 5410 imo
617 5373 715 5424 non
734 5357 916 5410 tanium
937 5373 963 5408 a
994 5357 1510 5424 quinquagintatribus
1529 5359 1609 5420 qui
1632 5358 1678 5405 in
1706 5357 1800 5424 line

223 5415 568 5481 recensentur,
595 5421 723 5470 edita
762 5428 837 5483 est
863 5436 887 5483 7:
926 5415 1323 5483 quandoquidem
1344 5418 1471 5468 illam
1507 5415 1731 5483 spectare
1754 5419 1798 5466 id

223 5435 568 5481 recensentur,
595 5435 723 5470 emta
762 5435 837 5470 eat
875 5436 887 5469 2
960 5435 1311 5483 υθιιαοίιυιαειη
1344 5435 1471 5468 tuam
1507 5435 1731 5480 specum
1754 5435 1798 5466 ια

222 5483 398 5550 merito
421 5483 630 5550 videtur,
655 5482 782 5544 quod
804 5435 1168 5550 inii-ﬂeximus,
1193 5496 1241 5529 ιι.
1266 5480 1326 5549 Ξξ
1350 5495 1362 5528 :
1380 5484 1576 5550 rentum
1602 5477 1670 5547 rei
1691 5485 1801 5539 quot

221 5544 418 5601 {iterum
451 5542 536 5605 qui
576 5542 919 5605 damnaverunt
952 5556 984 5605 a
1017 5550 1152 5605 parte
1196 5542 1470 5605 Maximiani
1489 5542 1798 5605 t-rimiann‘m.

221 5600 549 5675 Ρτξίθτιιυξιιι
571 5603 705 5675 quod.
725 5616 818 5675 tu"
845 5600 1054 5675 αηιιίιιιὲ)
1073 5606 1155 5675 qui
1176 5602 1418 5675 ξιιιοὼεω
1439 5600 1800 5675 sissentsi?-

221 5662 502 5715 tr-riuerunt
521 5662 902 5722 ωὓεσὶυιὶοηεε
933 5662 1160 5713 recitatis
1193 5662 1341 5712 fuisse
1377 5662 1580 5722 probant
1603 5666 1798 5710 ,masta-

217 5737 338 5784 stus,
359 5725 680 5785 Constantius,
699 5722 980 5787 (andorius,
1004 5730 1056 5787 et
1075 5723 1154 5774 ait.
1175 5723 1368 5787 quidam
1391 5722 1598 5785 episcopi
1617 5722 1666 5770 iu
1690 5722 1800 5783 ejus

223 5787 388 5848 illud;
406 5788 474 5846 io,
494 5799 593 5848 non
614 5787 662 5848 in
687 5785 785 5835 line
807 5785 1048 5848 nominati.
1188 5785 1208 5848 ς

287 5849 304 5878 θ
321 5837 416 5910 αἱ,
433 5837 666 5912 ώηβιρνί.
692 5853 819 5908 Lov.,
839 5845 1095 5909 conﬁdere.
1113 5843 1202 5895 sed
1219 5843 1391 5896 melius
1406 5851 1528 5904 uss,
1547 5837 1794 5904 conﬁcere.

1325 388 1719 448 ENARRATIO
1754 391 1820 448 1N
1859 392 2180 454 PSALMUM
2213 399 2454 461 XXXVI.

3415 414 3522 472 378

1939 515 2046 563 tem
2088 525 2186 580 pro
2223 526 2328 581 quo
2367 511 2544 567 nullus
2573 522 2720 580 orat,
2754 517 2852 572 nisi
2882 517 2988 576 ille-
3013 521 3100 592 qui
3132 536 3227 593 pro
3266 525 3514 580 omnibus

1935 598 2278 670 interpellat?
2313 601 2445 671 Quia
2472 619 2600 674 ergo
2627 613 2750 660 tunc
2787 607 3144 667 sacerdotium
3172 623 3289 669 erat
3316 615 3514 670 Levati-

1933 701 2086 754 cum,
2128 692 2218 747 ubi
2247 694 2500 750 sacerdos
2537 695 2767 752 intrabat
2793 697 2847 753 in
2887 708 3073 757 sancta
3102 702 3142 768 ί,
3177 712 3230 758 et
3258 703 3517 761 oii'erebat

1933 777 2136 836 hostias
2177 797 2273 852 pro
2317 775 2548 854 populo;
2580 783 2812 842 habebat
2848 796 3025 845 autem
3053 789 3357 862 imaginem,
3403 809 3513 850 non

1929 871 2208 928 veritatem
2257 873 2413 929 futuri
2441 876 2715 946 cujusdam
2756 879 3086 949 sacerdotis;
3128 891 3254 938 tunc
3282 885 3424 940 enim
3455 895 3516 941 ot

1931 958 2031 1030 ipsi
2067 963 2376 1020 sacerdotes
2402 975 2709 1035 peccatores
2734 978 2922 1034 erant,
2951 971 3091 1027 sicut
3127 973 3307 1028 cancri
3336 974 3514 1030 homi-

1929 1064 2026 1104 nes
2050 1067 2064 1104 :
2088 1053 2274 1107 volens
2304 1055 2442 1109 Deus
2477 1071 2572 1126 per
2608 1057 2941 1127 prophetiam
2971 1061 2994 1092 ³
3025 1060 3318 1118 admonere
3341 1077 3514 1134 popu-

1929 1139 2038 1195 lum
2060 1182 2075 1206 ,
2105 1142 2214 1212 jam
2245 1144 2404 1200 talem
2433 1145 2844 1202 desiderandum
2877 1165 2999 1206 esse
3023 1151 3356 1209 sacerdotem
3377 1195 3392 1221 ,
3419 1155 3513 1225 qui

1928 1229 2295 1301 interpellaret
2324 1249 2421 1304 pro
2457 1238 2706 1294 omnibus
2725 1280 2752 1314 κ
2773 1248 2828 1294 et
2855 1256 2953 1310 pro
2989 1257 3056 1297 eo
3082 1243 3262 1299 nullus
3293 1256 3510 1314 oraret,

1926 1323 2214 1395 designans
2241 1327 2422 1396 talem,
2447 1330 2726 1386 admonuit
2751 1341 2806 1387 ct
2827 1333 3000 1389 dixit:
3035 1334 3098 1390 Si
3119 1337 3394 1406 peccaverit
3417 1353 3513 1408 po-

1925 1418 2097 1487 pulus,
2125 1419 2286 1473 orabit
2313 1437 2405 1490 pro
2427 1437 2487 1476 eo
2507 1423 2784 1488 sacerdos;
2810 1425 2854 1478 si
2881 1435 3048 1479 autem
3072 1427 3309 1481 sacerdos
3333 1444 3513 1498 pecca-

1924 1509 2065 1574 verit,
2097 1511 2208 1579 quis
2235 1512 2393 1565 orabit
2417 1530 2510 1584 pro
2531 1529 2589 1568 eo
2607 1516 2637 1569 ?.
2658 1514 2860 1586 itaque,
2887 1531 2921 1570 ο
2947 1518 3160 1587 pupule,
3185 1519 3346 1574 talem
3373 1520 3512 1591 eligo

1922 1601 2276 1670 sacerdotem,
2307 1619 2404 1674 pro
2431 1620 2538 1675 quo
2569 1622 2674 1661 non
2701 1609 2911 1678 cogaris
2934 1623 3108 1675 orare,
3143 1610 3237 1665 sed
3261 1609 3329 1666 de
3357 1612 3510 1681 cujus

1921 1693 2164 1748 oratione
2187 1708 2285 1762 pro
2312 1706 2364 1750 te
2389 1711 2608 1752 securus
2628 1712 2748 1753 esse
2774 1701 2968 1768 possis.
3000 1699 3118 1770 Ipse
3143 1709 3226 1756 est
3253 1703 3510 1760 Dominus

1920 1794 2105 1840 noster
2133 1786 2290 1842 Jesus
2317 1787 2583 1856 Christus,
2611 1806 2748 1845 uitus
2773 1792 3045 1856 sacerdos,
3077 1809 3214 1849 unus
3242 1795 3507 1852 mediator

1922 1874 2017 1930 Dei
2043 1883 2096 1930 et
2125 1876 2420 1942 hominum,
2452 1879 2612 1934 homo
2635 1880 2876 1938 Christus
2905 1882 3064 1940 Jesus
3096 1886 3114 1954 (
3138 1886 3154 1939 Ι
3185 1885 3316 1939 Tim.
3341 1902 3396 1952 ιι,
3421 1886 3502 1958 5).

1915 1994 1990 2007 —
2011 1966 2272 2023 Scandala
2299 1971 2454 2040 igitur
2480 1971 2754 2041 Primiani,
2796 1983 2842 2028 et
2885 1975 3046 2044 ipsius
3076 1978 3294 2049 nequitia
3328 1979 3504 2050 singu-

1917 2057 2059 2122 laris,
2090 2060 2237 2112 sicin
2264 2077 2318 2114 se
2345 2061 2540 2116 caeleste
2578 2063 2828 2133 iudicium
2867 2067 3184 2136 prouocauit,
3223 2077 3278 2122 ut
3321 2069 3503 2124 horum

1913 2149 2182 2203 criminum
2205 2161 2460 2206 auctorem
2486 2169 2682 2208 necesse
2707 2164 2831 2209 esset
2856 2158 3052 2226 penitus
3077 2167 3341 2228 amputare
3367 2175 3385 2214 :
3411 2161 3500 2230 qui

1914 2256 2086 2308 recens
2111 2242 2394 2310 ordinatus,
2418 2273 2491 2284 -—
2515 2244 2632 2299 Jam
2659 2245 2768 2316 jam
2794 2247 3015 2301 crimina
3039 2248 3204 2318 ipsius
3223 2249 3492 2308 dicuntur.

1914 2359 1985 2371 —
2010 2330 2338 2402 Presbyteros
2368 2350 2524 2402 supra
2550 2334 2699 2390 dicte
2717 2336 2873 2406 plebis
2891 2337 2959 2390 ad
2990 2339 3388 2408 conjurationem
3406 2341 3504 2394 int-

1915 2421 2015 2493 piaz
2045 2423 2434 2494 conspirationis
2462 2425 2725 2495 impellens
2746 2425 2788 2492 ⁸,
2813 2427 2908 2479 hoc
2928 2426 2990 2480 ab
3015 2428 3086 2481 eis
3105 2428 3237 2482 velut
3271 2431 3501 2498 prece-rio

1912 2510 2025 2579 iure
2067 2514 2360 2583 postulavit,
2413 2522 2468 2568 ut
2509 2515 2578 2568 ad
2621 2515 2938 2570 damnandos
2977 2527 3194 2588 quatuor
3237 2520 3498 2590 diaconos,

1914 2604 2046 2658 viros
2091 2605 2314 2675 egregios
2337 2646 2352 2672 ,
2404 2622 2465 2659 ac
2519 2606 2860 2677 singularibus
2911 2610 3104 2664 meritis
3153 2613 3458 2682 approbatos
3481 2655 3496 2679 ,

1916 2694 2286 2750 Maximianum
2316 2697 2522 2763 scilicet,
2569 2698 2931 2769 Rogatianum,
2962 2698 3242 2768 Donatum,
3283 2704 3501 2774 itemque

1914 2785 2232 2856 Salgamium
2253 2787 2296 2853 ⁸,
2316 2817 2388 2828 --
2409 2788 2461 2842 in
2489 2788 2572 2843 his
2591 2798 2822 2860 quatuor
2848 2801 2964 2846 erat
2993 2792 3084 2847 ille
3121 2803 3308 2849 auctor
3347 2795 3493 2850 sciu-

1915 2879 2124 2943 smatis,
2148 2878 2443 2946 praecidens
2469 2879 2536 2935 de
2551 2879 2721 2936 lrusto
2745 2881 2990 2949 lrustum,
3018 2891 3072 2938 ct
3095 2899 3200 2938 non
3222 2899 3280 2939 se
3305 2884 3494 2942 doletis

1911 2967 1980 3023 ab
2009 2969 2310 3040 integritate
2339 2973 2644 3042 praecisum.
2681 3003 2753 3013 —
2783 2973 3144 3034 Incunctanter
3167 2977 3212 3031 ei
3239 2979 3498 3047 promitte.

1913 3072 2024 3115 rem
2051 3062 2434 3121 accommodare
2459 3078 2774 3120 consensum.
2801 3094 2874 3106 —-
2911 3065 3023 3122 Hoc
3047 3081 3167 3121 cum
3207 3068 3312 3124 illis
3340 3069 3448 3140 egit
3477 3087 3494 3124 :

1913 3151 1988 3205 illi
2031 3152 2313 3213 noluerunt
2340 3154 2389 3210 ei
2429 3157 2760 3226 promittere,
2800 3157 2894 3214 sed
2926 3167 3203 3214 tacuerunt
3235 3178 3248 3214 :
3290 3161 3378 3216 ille
3403 3177 3498 3232 per

1911 3245 2147 3312 seipsum
2173 3246 2462 3315 cogitatum
2501 3248 2677 3309 scelus
2715 3264 2820 3304 non
2856 3249 3118 3306 dubitavit
3156 3251 3496 3322 implere.—

1913 3333 2072 3406 anus
2097 3336 2174 3389 illi
2194 3338 2330 3390 mala
2351 3341 2743 3408 prmumptionc
2760 3341 3044 3410 stupefacti,
3070 3358 3186 3395 cum
3210 3359 3316 3400 rem
3339 3344 3496 3400 silen-

1913 3428 1980 3481 tio
2011 3428 2328 3498 refellissem,
2374 3445 2465 3499 per
2503 3446 2559 3484 se
2596 3431 2870 3500 cogitatum
2907 3432 3069 3486 scelus
3107 3449 3208 3488 non
3247 3433 3494 3489 dubitavit

1911 3517 2139 3589 implere,
2181 3535 2335 3589 usque
2363 3519 2490 3573 adeo
2517 3529 2571 3574 ut
2599 3521 2653 3574 in
2683 3519 3055 3576 Maximianum
3095 3524 3396 3592 diaconum,
3421 3526 3498 3579 ui-

1912 3626 2048 3675 rum,
2078 3610 2206 3665 sicut
2227 3611 2457 3668 omnibus
2483 3623 2656 3666 nolunt
2686 3622 2778 3678 est,
2816 3616 3146 3683 innocentem,
3187 3617 3294 3672 sine
3316 3635 3493 3686 causa,

1911 3701 2020 3754 sine
2043 3711 2354 3770 accusatore,
2384 3703 2492 3757 sine
2517 3713 2659 3770 teste,
2691 3704 2943 3760 absentem
2966 3722 3026 3760 ac
3059 3707 3187 3761 lecto
3207 3709 3496 3777 cubantem,

1913 3792 2209 3846 sententiam
2235 3801 2433 3862 putaret
2459 3811 2562 3848 esse
2588 3796 2937 3864 promendum.
2961 3826 3032 3838 -
3057 3797 3245 3853 Videte
3267 3799 3492 3856 crimen!
3525 3837 3532 3844 -

1911 3910 1984 3920 —
2007 3880 2106 3948 Qui
2121 3882 2236 3952 jam
2261 3883 2458 3951 pridem
2482 3884 2688 3940 clericos
2713 3903 2813 3940 non
2838 3887 3072 3942 dissimili
3094 3893 3267 3960 furore
3283 3891 3500 3946 damna-

1911 3984 2004 4028 ret.
2039 3974 2177 4028 Nam
2198 3992 2312 4030 cum
2335 3977 2551 4032 incestos
2573 3988 2748 4032 contra
2769 3979 2928 4050 legem
2949 3981 3242 4052 decretaque
3275 3984 3500 4039 omnium

1913 4058 2231 4112 sacerdotum
2257 4061 2599 4115 communioni
2626 4073 2816 4116 sancta:
2837 4063 3156 4134 adjungeret,
3182 4081 3391 4135 cmnque
3409 4067 3498 4122 ob-

1912 4150 2118 4203 sistente
2147 4152 2368 4204 maxima
2399 4161 2543 4222 parte
2574 4153 2752 4223 plebis,
2785 4156 2935 4208 etiam
2961 4158 3216 4210 seniorum
3243 4159 3499 4214 nobilissi-

1912 4255 2107 4293 morum
2133 4224 2306 4294 litteris
2329 4247 2692 4310 conveniretur,
2716 4253 2770 4296 ut
2791 4262 2880 4314 per
2896 4262 2950 4298 se
2967 4247 3233 4316 corrigeret
3252 4249 3388 4316 quod
3406 4250 3476 4302 ad
3489 4278 3502 4291 ο

1915 4333 2120 4384 miserat
2142 4371 2157 4396 ,
2187 4347 2279 4384 sua
2303 4334 2580 4388 temeritate
2606 4349 2868 4400 possessus
2893 4335 3156 4389 emendare
3179 4340 3495 4407 contempsit.

1916 4421 2014 4477 llis
2051 4423 2217 4491 itaque
2255 4423 2466 4491 permoti
2508 4423 2725 4476 seniores
2766 4424 3004 4478 Ecclesia:
3027 4443 3185 4494 supra
3222 4428 3391 4492 dicte,
3421 4431 3490 4486 ad

1895 4514 2202 4567 “universum
2223 4514 2434 4568 chorum
2456 4515 2476 4546 ⁸
2499 4516 2690 4568 litteras
2715 4515 3004 4586 legatosque
3028 4518 3292 4586 miserunt,
3317 4521 3499 4589 quibus

1917 4621 2019 4665 non
2045 4607 2152 4659 sine
2176 4606 2414 4677 lacrgmis
2437 4606 2692 4677 deprecati
2716 4618 2834 4662 sunt
2860 4618 2913 4662 ut
2937 4610 3006 4662 ad
3029 4627 3084 4664 se
3115 4611 3385 4680 ferventius
3420 4629 3502 4668 vsa

1917 4698 2155 4764 niremus,
2183 4715 2279 4768 quo
2306 4715 2549 4768 perpensa
2589 4699 2871 4766 libramine,
2914 4701 3322 4758 intentationibus
3359 4705 3382 4736 ⁸
3413 4722 3504 4762 ea:-

1919 4791 2130 4860 ploratis
2155 4832 2170 4858 ,
2217 4792 2520 4847 existimatio
2569 4790 2812 4846 Ecclesia:
2857 4805 3180 4864 purgaretur.
3231 4795 3312 4850 Ad
3369 4798 3501 4853 hanc

1919 4883 2131 4954 proinde
2170 4899 2284 4936 cum
2323 4882 2602 4940 secundum
2647 4896 3038 4940 memoratarum
3082 4888 3273 4944 litteras
3310 4892 3503 4946 venire-

1918 4992 2051 5041 mus,
2080 4983 2198 5030 nota
2224 4992 2319 5030 sua
2337 4975 2425 5030 ille
2443 4976 2637 5030 ratione
2661 4979 2955 5047 fervescens,
2981 4979 3252 5034 adventum
3274 4992 3504 5037 nostrum

1920 5068 2116 5136 penitus
2143 5066 2427 5120 declinavit.
2457 5097 2528 5110 —~
2554 5067 2690 5134 Quid
2723 5067 2798 5120 illi
2841 5067 3122 5136 objiciatur
3166 5073 3334 5138 scitis,
3373 5075 3496 5142 quia

1920 5173 2044 5228 pars
2065 5157 2175 5226 jam
2201 5157 2387 5212 Donati
2414 5157 2616 5214 incesta
2642 5156 2777 5213 facta
2799 5169 2897 5214 est.
2923 5160 3036 5218 Hoc
3055 5172 3170 5217 erat
3204 5163 3257 5218 in
3277 5166 3459 5234 regula
3484 5205 3498 5229 ,

1982 5380 1996 5409 ¹
2036 5385 2161 5441 Mss,
2187 5377 2392 5427 intrabat
2407 5383 2453 5441 e_t
2474 5378 2699 5441 offerebat
2728 5392 2746 5430 :
2771 5393 2866 5431 nec
2886 5381 3083 5438 habent,
3111 5380 3162 5432 in
3183 5390 3364 5432 sancta.

1979 5441 2000 5514 ξ
2034 5440 2162 5514 φάη
2188 5452 2274 5514 per
2295 5439 2592 5514 prophetam.
2628 5443 2942 5514 \‘erittsatssq
2965 5457 3052 5514 per
3069 5443 3386 5514 prophetiam.

1981 5502 2001 5576 ξ
2035 5499 2223 5576 ριὶἓιξιέι
2241 5499 2364 5576 Mss,
2384 5499 2454 5550 ἀα
2480 5499 2948 5576 communicationem
2963 5499 3123 5576 innn'ce
3138 5499 3504 5576 coniurationis.

1979 5561 2001 5592 δ
2033 5567 2082 5608 ιιι
2107 5561 2236 5628 Βόα,
2279 5562 2481 5628 iteinque
2521 5563 2799 5628 salgnmnm
2835 5561 3166 5628 consentirent.
3211 5561 3266 5613 Ᾰι
3290 5565 3337 5614 in
3364 5572 3503 5628 Mss,

1915 5621 2120 5731 ilegtéiue
2154 5621 2445 5696 Salgamiuin
2475 5637 2493 5675 :
2534 5621 2648 5698 et'a
2684 5625 2928 5687 plerisque
2959 5627 3116 5685 abest,
3161 5621 3496 5688 consentirent,

1916 5697 1982 5731 (tu
2069 5685 2316 5731 suneriluo
2337 5685 2550 5731 additum
2571 5685 2679 5731 fuit.

1916 5685 2045 5748 quod
2069 5685 2316 5748 superﬂuo
2337 5685 2550 5748 additum
2571 5685 2679 5736 fuit.

1977 5747 1999 5777 ⁸
2037 5745 2150 5794 tres
2175 5755 2298 5805 Mss,
2323 5747 2388 5796 ad
2412 5747 2682 5797 wnversum
2705 5745 2902 5796 clerum.
2931 5753 3029 5795 nuo
3053 5746 3150 5806 alii,
3178 5748 3504 5802 unive'scrrm

1915 5804 2202 5876 mororum;
2225 5804 2570 5876 praetermisso,
2589 5810 2672 5858 ad.
2738 5868 2750 5876 _
2803 5869 2812 5876 ι
2908 5875 2911 5876 ν
2969 5867 2979 5876 ,
3022 5875 3027 5876 ν
3194 5867 3227 5876 ,,
3531 5822 3534 5828 ’

1981 5869 2000 5895 ⁶
2035 5869 2105 5918 sic
2130 5867 2308 5921 aliauot
2331 5875 2436 5921 Mss.
2462 5870 2570 5921 add.
2600 5882 2715 5920 vero
2738 5868 2937 5922 habent.
2963 5867 3315 5922 imentionibus.
