4042 6480
501 389 608 447 3.79

502 502 696 569 Quales
744 500 940 559 iuerint
982 516 1104 557 cum
1148 499 1344 572 quibus
1389 499 1552 556 fuerit
1598 502 2084 568 communicatum,

503 593 780 648 tales'lieri
812 605 998 654 omnes
1021 597 1076 646 et
1104 592 1404 645 universam
1433 594 1682 646 massam.
1714 592 1895 662 Itaque
1918 592 1965 646 si
1993 607 2082 646 vc-

503 699 621 738 rum
661 682 748 736 isti
789 681 994 748 dicunt,
1043 682 1242 736 incesta
1277 689 1359 736 est
1397 681 1507 752 jam
1546 696 1671 752 pars
1715 692 1822 737 tota
1870 683 2078 737 Donati.

503 775 711 831 Exeant
742 775 896 844 plane
921 774 1192 840 Numidaz,
1224 782 1278 828 et
1307 773 1510 836 dicant,
1544 774 1622 828 Ad
1655 789 1751 828 nos
1779 789 1882 829 non
1917 774 2082 844 perti-

501 878 597 923 net
622 868 668 922 si
699 867 818 921 illos
846 866 1078 936 incestos
1101 867 1141 929 ¹,
1173 865 1356 919 nescio
1377 880 1532 934 quos,
1560 865 1624 919 ad
1651 866 2084 922 communionem

505 963 651 1008 tuam
674 952 942 1008 admisisti
978 967 994 1007 :
1037 952 1226 1006 obesse
1254 952 1420 1022 potuit
1450 960 1554 1004 tam
1587 951 1742 1020 longe
1770 951 1995 1021 positis?
2024 950 2078 1004 Si

502 1059 632 1114 ergo
649 1041 802 1097 vobis
819 1041 1009 1097 obesse
1027 1057 1130 1095 non
1149 1059 1168 1091 κ
1182 1042 1304 1096 ultis
1319 1042 1408 1110 qui
1435 1040 1486 1096 in
1508 1040 1749 1102 Numidia
1770 1041 1923 1105 estis,
1941 1040 2080 1111 quod

502 1133 810 1204 Carthagini
830 1133 908 1198 lit;
927 1132 1064 1203 quod
1086 1133 1136 1186 in
1152 1132 1327 1187 Africa
1347 1133 1422 1195 lit,
1439 1131 1609 1202 potuit
1623 1132 1812 1187 obesse
1830 1131 2081 1187 universo

500 1227 617 1281 orbi
648 1226 950 1281 terrarum?
989 1227 1214 1295 Semper
1255 1223 1396 1292 unde
1421 1239 1482 1280 se
1507 1223 1830 1292 defendunt,
1861 1224 1984 1283 inde
2019 1237 2082 1280 se

497 1325 789 1383 accusant,
839 1327 894 1378 et
936 1333 1036 1379 nos
1073 1325 1334 1375 excusant
1366 1319 1410 1372 ¹.
1437 1345 1509 1358 —
1535 1315 1817 1372 Adventum
1855 1326 2081 1376 nostrum

505 1411 704 1483 penitus
733 1409 1021 1464 declinavit.
1058 1439 1129 1450 —-
1165 1409 1318 1477 Quod
1348 1408 1421 1464 illi
1447 1409 1624 1480 questi
1653 1417 1779 1463 sunt
1817 1408 1886 1464 de
1912 1407 2082 1464 Caeci-

500 1505 660 1559 liano.
687 1531 759 1544 --
785 1503 884 1567 Qui
909 1517 1264 1573 usquequaque
1290 1500 1463 1556 rebelli
1485 1501 1657 1554 animo
1686 1500 1982 1572 calcitrans,
2024 1499 2080 1564 in

497 1593 634 1648 malo
663 1595 958 1665 permansit,
1001 1602 1055 1646 ut
1093 1595 1343 1647 conducta
1383 1592 1707 1648 multitudine
1745 1592 2075 1663 perditorum,

497 1713 570 1726 --
589 1685 708 1740 Jam
732 1685 836 1740 hoc
863 1684 982 1755 plus
1011 1693 1110 1738 est.
1136 1683 1262 1738 Hme
1287 1683 1355 1738 de
1379 1681 1666 1738 Caeciliano
1693 1697 1800 1738 non
1829 1682 2079 1737 dixerunt

495 1776 572 1830 illi
602 1793 615 1827 :
643 1775 817 1842 videte
844 1773 1241 1848 quan—Atque
1263 1774 1542 1844 impetratis
1567 1773 1883 1844 ofﬁcialibus,
1905 1773 2077 1827 basili-

493 1886 669 1922 carum
683 1870 876 1940 januas
895 1867 1222 1932 obsedissent.
1243 1897 1315 1908 -—
1333 1866 1410 1922 Ne
1438 1867 1700 1922 intrarent
1721 1865 1978 1936 episcopi.
2004 1894 2076 1907 -—-

492 1959 579 2029 qui
616 1960 931 2030 ingrediendi
963 1959 1106 2013 nobis
1139 1968 1288 2030 atque
1318 1958 1501 2029 agendi
1534 1957 1777 2012 solemnia
1810 1957 2076 2012 interdice-

490 2059 602 2102 rent
631 2048 944 2118 facultatem.
975 2047 1100 2104 Haec
1131 2049 1177 2101 si
1218 2048 1513 2118 episcopum
1544 2048 1773 2102 convenit
1804 2047 1990 2118 facere,
2028 2048 2074 2101 si

491 2126 792 2195 Christianis
812 2143 926 2196 licet
939 2142 1221 2208 admittere,
1241 2143 1283 2195 si
1300 2141 1394 2195 hoc
1409 2139 1690 2212 Evangelia
1711 2149 2068 2212 protestantur,

488 2233 661 2304 probet
681 2241 767 2286 aut
777 2233 975 2303 judicet
994 2234 1219 2304 quisquis
1238 2242 1437 2286 amator
1454 2242 1542 2286 aut
1562 2242 1784 2291 assertor
1801 2242 1876 2287 est
1895 2233 2072 2312 verita-

487 2325 571 2386 tis.
599 2323 714 2386 Hoc
761 2325 894 2378 enim
923 2323 1067 2378 nobis
1099 2325 1287 2394 inﬂixit
1321 2328 1480 2396 frater
1507 2325 1784 2396 aliquando
1807 2327 2065 2396 proprius,

485 2415 622 2485 quod
643 2430 899 2486 nunquam
915 2417 1102 2487 faceret
1120 2413 1413 2469 alienus.—
1428 2415 1564 2488 Quid
1585 2415 1827 2486 pluribus
1849 2415 1952 2487 (a)?
1975 2417 2065 2471 Di-

483 2490 614 2563 cunt
639 2507 800 2561 multa
829 2516 884 2562 et
905 2508 1163 2562 damnant
1195 2506 1465 2562 hominem
1502 2525 1515 2561 :
1547 2507 1640 2562 sed
1671 2507 2065 2564 damnationem

475 2599 586 2670 jam
629 2601 794 2670 ipsam
836 2600 1091 2670 legamus.
1116 2629 1192 2642 --
1223 2598 1541 2655 Decrevimus
1575 2615 1747 2657 omnes
1778 2601 2066 2658 sacerdotes

478 2690 598 2758 Dei,
623 2700 868 2762 praesente
884 2691 1295 2768 Spiritusancto,
1320 2696 1451 2747 hunc
1470 2693 1696 2750 eumdem
1719 2692 2060 2759 Primianum,

478 2782 644 2853 primo
668 2782 803 2850 quod
826 2798 979 2853 super
1002 2783 1138 2838 vivos
1163 2784 1422 2854 episcopos
1438 2784 1567 2839 alios
1591 2786 1906 2856 subrogarit;
1926 2785 2064 2856 quod

474 2876 690 2928 incestos
731 2890 844 2928 cum
883 2884 1172 2945 sanctorum
1212 2877 1565 2931 communione
1603 2877 1885 2946 miscuerit;
1926 2880 2062 2950 quod

474 2967 783 3038 presbyteros
799 2968 868 3022 ad
890 2969 1294 3040 coniurationem
1309 2969 1577 3038 iucundam
1593 2972 1929 3043 constringere
1948 2991 2062 3043 per,-

474 3061 709 3124 tentarit;
734 3059 868 3129 quod
895 3059 1233 3116 Fortunarum
1265 3060 1606 3131 presbyterum
1629 3063 1682 3116 in
1718 3064 1944 3118 cloacam
1971 3067 2052 3138 fe-

472 3150 596 3203 cerit
636 3151 799 3216 mitti,
849 3165 963 3203 cum
1007 3150 1362 3221 wgrotantibns
1397 3151 1645 3221 baptismo
1693 3155 2057 3220 succurrisset;

469 3242 609 3310 quod
633 3242 1032 3296 communionem
1056 3240 1313 3297 Demetrio
1342 3243 1631 3315 presbytero
1658 3247 1970 3318 pernegarit,
2002 3255 2058 3302 ut

469 3340 667 3402 cogeret
701 3332 864 3401 ﬁlium
893 3333 1160 3393 abdicare:
1199 3334 1337 3405 quod
1364 3335 1496 3389 idem
1535 3335 1788 3407 presbyter
1816 3337 2056 3411 objurga-

467 3433 551 3478 tus
579 3425 662 3491 sit,
685 3423 820 3494 quod
842 3425 1103 3495 episcopos
1125 3425 1344 3495 hospitio
1368 3426 1695 3497 suscepisset;
1712 3429 1849 3499 quod
1897 3445 2054 3499 supra

467 3517 632 3571 dictus
669 3514 964 3571 Primianus
990 3517 1362 3575 multitudinem
1389 3519 1628 3587 miserit,
1656 3535 1770 3589 qua
1797 3518 2051 3575 Christia-

465 3623 645 3662 norum
673 3608 848 3664 domos
874 3616 1138 3675 everteret;
1160 3610 1294 3681 quod
1320 3610 1506 3664 obsessi
1532 3611 1632 3664 sint
1657 3613 1881 3684 episcOpi
1901 3613 2054 3668 simul

463 3708 513 3752 et
549 3697 746 3763 clerici,
783 3709 830 3754 et
859 3711 1031 3772 postea
1055 3702 1118 3754 ab
1155 3702 1262 3770 ejus
1290 3701 1590 3756 satellitibus
1625 3703 1876 3774 lapidati;
1915 3706 2051 3775 quod

463 3789 522 3842 in
544 3789 749 3843 basilica
785 3791 903 3844 caesi
934 3791 1036 3846 sint
1079 3792 1330 3858 seniores,
1360 3793 1495 3862 quod
1520 3793 1728 3865 indigne
1769 3797 1957 3865 ferrent
1981 3797 2050 3850 ad

463 3882 863 3935 communionem
901 3880 1277 3937 Claudianistas
1314 3885 1546 3949 admitti;
1584 3886 1720 3956 quod
1762 3887 2048 3945 innocentes

463 3970 672 4024 clericos
696 3972 944 4041 putaverit
967 3987 1074 4026 esse
1093 3973 1535 4041 condemnandos;
1558 3977 1694 4046 quod
1720 3994 1774 4032 se
1794 3979 1936 4033 nobis
1955 3997 2049 4034 au-

462 4059 702 4114 diendum
747 4060 963 4133 noluerit
991 4062 1257 4132 exhibere,
1288 4081 1402 4118 cum
1441 4065 1763 4121 basilicarum
1807 4069 1943 4139 fores
1983 4088 2047 4126 ne

461 4149 840 4221 ingrederentur
865 4141 1184 4208 multitudine
1206 4164 1254 4208 et
1279 4153 1453 4226 Ofﬁcio
1477 4156 1498 4188 ³
1519 4157 1883 4228 intercluserit;
1909 4163 2046 4232 quod

463 4243 654 4313 legatos
680 4261 712 4298 a
745 4245 890 4299 nobis
915 4245 983 4299 ad
1018 4263 1070 4301 se
1094 4247 1273 4302 missos
1312 4248 1561 4318 injuriose
1607 4251 1875 4322 rejecerit;
1911 4255 2045 4322 quod

459 4336 573 4391 loca
601 4336 780 4404 multa,
809 4338 858 4391 vi
883 4338 1264 4410 primo,dehinc
1287 4341 1585 4396 auctoritate
1609 4343 1882 4411 iudiciaria
1901 4361 2046 4399 usur-

459 4426 668 4498 paverit.
685 4429 1168 4485 —Pr'.etermissor
1189 4428 1483 4486 ablatorum
1514 4450 1529 4487 :
1553 4447 1672 4487 cum
1698 4433 1895 4489 Paulus
1914 4451 2041 4506 apo—

457 4521 629 4575 stolus
657 4519 797 4576 dicat
821 4539 834 4575 :
865 4521 1030 4575 Audet
1055 4522 1165 4592 quis
1191 4532 1413 4576 vestrum
1436 4524 1674 4579 adversus
1700 4525 1858 4579 alium
1883 4543 2039 4598 nego-

458 4613 583 4666 tium
613 4612 798 4667 habens
820 4614 1048 4683 judicari
1073 4615 1214 4684 apud
1238 4615 1472 4686 injustas,
1489 4625 1536 4670 et
1557 4631 1658 4669 non
1685 4618 1823 4687 apud
1843 4627 2040 4674 sanctos

458 4706 502 4778 (ι
527 4704 644 4761 Cor.
667 4721 738 4772 Vl,
763 4707 837 4778 l).
866 4705 1055 4762 Videte
1083 4705 1239 4775 quale
1266 4707 1338 4761 illi
1358 4707 1558 4762 crimen
1582 4707 1893 4778 objecerint,
1915 4711 2036 4780 quia

460 4812 566 4852 non
593 4796 730 4866 apud
763 4796 1044 4867 episcopos
1079 4810 1238 4866 agerc
1278 4797 1446 4851 voluit
1471 4797 1540 4852 de
1564 4797 1697 4853 locis
1718 4841 1733 4866 ,
1764 4799 1858 4855 sed
1895 4801 2036 4870 apud

453 4889 709 4961 iudicem.
726 4919 798 4930 —-
818 4885 1013 4943 Praeter
1035 4889 1139 4942 alia
1162 4880 1341 4944 illicita
1357 4887 1378 4919 ⁸
1399 4889 1509 4960 ejus
1531 4889 1770 4956 admissa,
1795 4907 1908 4962 qua:
1932 4909 2038 4965 prta

456 4983 715 5035 honestate
749 4981 854 5034 stili
880 4980 1038 5034 nostri
1063 4980 1293 5035 siluimus
1310 5022 1324 5044 ,
1350 4997 1382 5034 a
1400 4979 1704 5034 sacerdotali
1730 4982 1885 5037 choro
1915 5001 2033 5054 per-

455 5080 606 5144 petuo
630 5088 738 5126 esse
771 5072 1066 5124 damnatum
1092 5086 1110 5124 :
1140 5088 1201 5125 ne
1223 5089 1279 5125 eo
1309 5072 1546 5144 palpata,
1575 5071 1667 5127 Dei
1696 5073 1924 5129 Ecclesia
1949 5085 2036 5131 aut

451 5164 785 5235 contagione,
828 5172 915 5216 aut
959 5164 1128 5234 aliquo
1173 5164 1380 5219 crimine
1422 5165 1718 5220 maculetur.
1766 5167 1918 5233 Quod
1952 5168 2035 5223 id-

512 5343 530 5374 ι
566 5340 678 5392 md.
709 5353 723 5392 ε
748 5339 892 5404 stilus
912 5339 1117 5393 moestus
1142 5348 1212 5393 est
1237 5342 1396 5394 nescio
1424 5355 1558 5404 quos,
1598 5350 1694 5394 etc.
1734 5343 1905 5396 Melius
1941 5344 2030 5396 ali-

445 5410 564 5477 quot
736 5401 780 5455 si
801 5403 908 5477 illos
927 5404 1144 5467 incestos,
1155 5404 1340 5455 scilicet
1359 5405 1422 5455 de
1438 5401 1618 5468 quibus
1635 5413 1750 5456 ante
1773 5407 1822 5456 in
1845 5406 1934 5458 hac
1956 5417 2032 5473 Sy-

444 5466 612 5516 tiodica
632 5468 810 5517 dictum
833 5473 926 5518 est.
1131 5466 1136 5467 ⁷
1456 5466 1473 5468 “
1983 5466 2001 5473 ⁷

510 5529 530 5559 ²
563 5532 612 5576 ιιι
637 5528 769 5579 Edd.:
793 5538 986 5594 semper
1009 5527 1121 5594 inde
1138 5541 1188 5594 se
1207 5525 1485 5594 defendunt,
1506 5526 1621 5579 inde
1635 5541 1688 5578 se
1705 5536 1956 5594 excusant,
1985 5537 2028 5582 et

444 5599 530 5639 nos
549 5596 791 5640 accusemt.
815 5589 950 5640 nunc
972 5597 1025 5640 et
1039 5589 1158 5640 alios
1175 5589 1306 5640 locos
1325 5590 1385 5638 ad
1405 5595 1511 5638 Mss.
1541 5590 1871 5640 emendamus.

508 5651 530 5718 ξ
562 5651 693 5718 Edd.,
719 5657 767 5702 et
789 5649 1178 5718 0ﬁicialibus._At
1197 5659 1322 5718 Mss,
1346 5657 1394 5701 et
1415 5648 1596 5718 officio.

479 5772 491 5784 .
508 5712 529 5743 ⁸
562 5711 786 5776 Plerique
809 5711 938 5775 It't'ss.,
958 5713 1184 5765 illecebra
1203 5711 1326 5777 ejus.
1346 5711 1565 5764 Nonnulli
1589 5726 1722 5778 vero,
1747 5712 2024 5768 illcccbrosa

442 5785 561 5834 ejus.

511 5835 581 5897 (tt)
601 5836 828 5899 Subaud.,
853 5851 969 5902 opus
991 5844 1076 5889 ea.

1703 388 1761 446 S.
1802 385 2168 447 AUGUSTINI
2208 387 2510 444 EPISCOPI

3669 402 3777 471 380

2191 501 2359 570 ipsum
2385 501 2583 557 Paulus
2605 504 2866 574 apostolus
2889 506 3204 578 exhortatur,
3228 519 3277 568 ct
3291 513 3526 574 admonet
3540 535 3560 575 :
3586 539 3605 573 ι
3637 520 3776 577 Prav-

2188 593 2402 662 cipimus
2429 604 2595 648 autem
2623 595 2790 664 vobis,
2818 597 3003 670 fratres
3023 642 3038 666 ,
3060 601 3116 656 in
3150 605 3352 662 nomine
3379 607 3596 674 Domini
3612 615 3774 668 nostri

2185 681 2311 738 Iesu
2341 683 2556 753 Christi,
2593 697 2650 740 ut
2691 688 2962 746 discedatis
2999 691 3063 747 ab
3101 696 3240 749 omni
3265 697 3422 767 fratre
3449 702 3778 762 ‘inordinatc

2187 774 2476 830 ambulante
2505 797 2525 831 ι
2563 778 2634 848 (Il
2661 779 2841 836 Thess.
2875 798 2930 837 in
2950 825 2968 852 ,
2992 783 3068 858 ϐ).
3117 786 3279 856 Atque
3301 791 3430 846 adeo
3459 809 3560 848 non
3586 795 3768 851 imme-

2187 883 2350 922 mores
2385 870 2622 938 puritatis
2659 870 2932 942 Ecclesite,
2979 877 3291 934 conducibile
3338 883 3766 952 existimavimus,

2185 975 2358 1014 omnes
2384 972 2584 1018 sanctos
2611 967 3016 1035 consacerdotes,
3049 980 3096 1024 et
3122 987 3292 1026 omnes
3315 975 3543 1042 clericos,
3567 987 3616 1032 et
3652 995 3768 1032 orn-

2185 1069 2274 1108 nes
2304 1057 2518 1124 populos
2544 1057 2631 1128 qui
2662 1074 2720 1112 se
2743 1059 3044 1125 christianos
3070 1065 3427 1134 meminerunt,
3460 1069 3556 1130 hac
3592 1081 3770 1127 nostra

2184 1145 2500 1202 Tractatoria
2527 1166 2842 1220 commoneto
2859 1193 2873 1218 ,
2901 1163 2958 1206 ut
2983 1169 3158 1210 omnes
3182 1159 3294 1230 ejus
3325 1139 3762 1226 communionem:

2184 1249 2355 1312 utpote
2380 1242 2642 1312 damnati,
2672 1244 2902 1318 diligenti
2930 1263 3056 1302 cura
3095 1249 3350 1312 horreant.
3381 1249 3503 1323 Ipse
3539 1255 3675 1309 enim
3702 1257 3767 1310 de

2181 1351 2276 1391 suo
2301 1337 2502 1392 interitu
2527 1340 2772 1396 rationem
2793 1325 2999 1410 reddet,
3021 1345 3112 1413 qui
3134 1347 3228 1400 hoc
3251 1357 3476 1402 nostrum
3506 1348 3762 1404 decretum

2183 1445 2284 1485 non
2327 1431 2580 1486 audiendo
2610 1435 2867 1489 tentaverit
2895 1436 3100 1491 violare.
3145 1437 3346 1493 Placuit
3385 1457 3508 1495 sane
3545 1441 3687 1496 nobis
3715 1451 3766 1496 et

2184 1520 2404 1591 Spiritui
2443 1533 2619 1577 sancto
2639 1566 2652 1591 ,
2685 1525 2821 1595 quod
2854 1535 3050 1596 tempus
3079 1527 3237 1583 tardis
3275 1529 3345 1582 ad
3373 1532 3763 1586 convertendum

2179 1623 2456 1667 reservetur
2479 1615 2571 1668 sub
2593 1630 2670 1679 eo,
2704 1626 2758 1668 ut
2786 1618 3083 1688 quicumque
3111 1620 3522 1676 consacerdotnm
3548 1625 3625 1678 vel
3657 1625 3764 1680 cleo

2180 1707 2401 1760 ricorum
2425 1722 2534 1760 sua:
2559 1708 2738 1761 salutis
2762 1710 3080 1785 immemores
3096 1753 3125 1786 ,η
3143 1725 3177 1764 a
3201 1711 3282 1766 die
3303 1712 3646 1769 damnationis
3673 1733 3765 1769 su-

2180 1813 2274 1868 pra
2302 1797 2423 1852 dicti
2463 1796 2730 1864 Primiani,
2768 1799 2822 1852 id
2850 1809 2921 1852 est
2941 1841 2954 1863 ,
2986 1815 3018 1854 a
3059 1801 3142 1855 die
3163 1811 3336 1856 octavo
3360 1805 3380 1834 ²
3407 1802 3762 1860 Kalendarum

2178 1885 2436 1942 Juliarum
2465 1904 2620 1961 usque
2646 1889 2714 1943 ad
2739 1889 2870 1942 diem
2898 1900 3128 1945 octavum
3164 1891 3516 1948 Kalendarum
3555 1895 3763 1951 Janua-

2177 1979 2392 2046 riarum,
2410 1979 2578 2033 minus
2594 1995 2625 2032 a
2647 1978 2900 2034 Primiani
2927 1982 3152 2036 damnati
3177 1985 3523 2051 communione
3542 2003 3763 2044 recesse-

2175 2072 2306 2139 rint,
2346 2072 2437 2125 tali
2462 2072 2705 2126 sententia
2743 2073 3170 2144 constringantur.
3195 2074 3337 2130 Laici
3359 2094 3556 2149 quoque
3577 2079 3678 2134 nisi
3705 2098 3763 2136 se

2174 2179 2206 2216 a
2241 2179 2396 2233 supra
2421 2162 2556 2218 dicto
2583 2163 2666 2218 die
2681 2164 3019 2220 damnationis
3046 2167 3206 2234 illius,
3225 2169 3358 2233 intra
3380 2169 3513 2225 diem
3541 2171 3764 2236 Pascqu

2175 2257 2359 2326 futura:
2377 2255 2440 2308 ab
2461 2255 2571 2327 ejus
2598 2257 2849 2310 consortio
2873 2260 3239 2328 separaverint,
3268 2277 3368 2316 non
3406 2279 3550 2333 posse
3577 2281 3758 2336 quem-

2172 2359 2324 2415 quam
2352 2345 2446 2399 nisi
2481 2361 2572 2416 per
2597 2346 2968 2416 paenitentiam,
2999 2347 3243 2414 siquidem
3274 2353 3619 2421 meminerint,
3649 2355 3757 2409 Ec-

2171 2434 2336 2490 clesia.’
2379 2437 2666 2507 reformari.
2712 2435 3001 2493 Victorinus
3049 2438 3449 2498 Hauotianensis
3489 2446 3760 2517 episcopus

2170 2526 2460 2598 subscripsi.
2496 2527 2810 2583 Fortunatus
2842 2528 3259 2601 Dionysianensis
3289 2533 3310 2564 '
3336 2535 3600 2607 episcopus
3629 2539 3758 2592 sub-

2167 2621 2366 2692 scripsi.
2404 2620 2722 2676 Victorianus
2742 2621 3158 2678 Carcabianensis
3177 2623 3200 2657 ⁵
3238 2627 3500 2698 episcopus
3526 2629 3754 2685 subscrié

2169 2712 2267 2783 psi.
2299 2711 2592 2768 Florentius
2627 2713 2690 2766 ab
2717 2714 2992 2770 Adrumeto
3015 2715 3278 2786 episcopus
3302 2717 3590 2789 subscripsi.
3617 2722 3757 2794 Mig-

2165 2805 2315 2877 ginus
2332 2805 2392 2858 ab
2413 2802 2775 2876 Elephantaria
2799 2805 2821 2837 ⁸
2835 2806 3098 2877 episcopus
3112 2808 3402 2880 subscripsi.
3421 2807 3764 2869 Innocentius

2168 2896 2514 2952 Thebaltensis
2555 2895 2576 2927 ⁶
2607 2897 2872 2967 episcOpus
2896 2897 3187 2968 subscripsi.
3217 2899 3416 2972 Miggin
3442 2919 3536 2970 pro
3557 2905 3756 2976 collega

2165 3005 2274 3044 meo
2297 2989 2472 3044 Salvio
2489 2987 2936 3044 Membrcssitano"
2963 2993 3197 3064 episcopo
3223 2994 3513 3066 subscripsi.
3542 2996 3751 3053 Salvius

2160 3083 2456 3156 Ausafensis
2477 3087 2498 3118 ⁸
2526 3086 2791 3156 cpiscopus
2840 3085 3134 3157 subscripsi.
3167 3087 3398 3144 Donatus
3424 3089 3750 3149 Sabratensis

2162 3175 2430 3246 episcOpus
2451 3175 2747 3246 subscripsi.
2773 3176 3032 3233 Gemelius'
3046 3182 3066 3211 '
3087 3195 3118 3232 a
3137 3177 3402 3235 Tanabazis
3423 3182 3464 3214 ¹⁰
3480 3184 3749 3254 episcOps-s

2160 3268 2453 3337 subscripsi.
2484 3269 2654 3324 —Ex
2694 3270 2822 3340 ipsis
2860 3270 3366 3328 condemnatoribus
3425 3275 3746 3348 subscripsit

2158 3367 2214 3413 et
2237 3359 2584 3431 Prmtextatus
2611 3361 2978 3428 Assuritanus,
3005 3371 3058 3418 et
3079 3363 3382 3420 Felicianus
3403 3365 3741 3426 Mustitanus.

2155 3448 2580 3506 -—Pra:te1:tatus
2602 3453 2931 3508 Assuritanus
2956 3455 3220 3526 episcopus
3243 3455 3536 3528 subscripsi.
3566 3460 3744 3515 Masi-

2156 3541 2354 3597 mianns
2400 3540 2713 3597 Stabatensis
2743 3543 2785 3574 “
2842 3543 3108 3614 episcopus
3150 3545 3440 3618 subscripsi.
3489 3547 3744 3607 Datianus

2157 3633 2506 3689 Camicctensis
2525 3636 2568 3666 ¹²
2582 3635 2846 3706 episcopus
2871 3637 3163 3706 subscripsi.
3188 3636 3420 3694 Donatus
3439 3639 3742 3699 Fiscianen-

2153 3726 2223 3780 sis
2249 3725 2517 3797 episcOpus
2541 3727 2834 3796 subscripsi.
2863 3726 3160 3783 Theodorus
3186 3729 3448 3786 Usulensis
3477 3733 3744 3806 episcopus

2153 3815 2446 3886 subscripsi.
2479 3815 3011 3889 Victorianusjubente
3027 3819 3220 3889 collega
3237 3820 3460 3890 Agnosio
3479 3823 3522 3854 ¹³
3543 3825 3740 3896 episco-

2151 3924 2235 3980 po,
2265 3908 2559 3978 subscripsi.
2601 3906 2836 3962 Donatus
2868 3907 3301 3974 Cebresutanus,“
3321 3914 3586 3985 episcopus
3611 3916 3736 3973 sub-

2149 4001 2347 4070 scripsi.
2377 3997 2429 4053 Ν
2433 3999 2646 4054 atalicus
2670 3999 2926 4056 Theleusis
2945 4001 3210 4073 episcopus
3237 4003 3534 4076 subscripsi.
3570 4005 3737 4066 Rom-

2213 4114 2243 4178 1A
2266 4119 2315 4162 tu
2339 4114 2520 4162 Mss.de
2537 4119 2630 4174 est,
2653 4111 2808 4177 fratre
2831 4126 2848 4164 :
2869 4126 3014 4178 quam
3037 4127 3208 4165 vocem
3230 4129 3327 4166 non
3347 4116 3592 4170 illibenter
3609 4125 3736 4173 omi-

2145 4176 2302 4226 serint
2324 4180 2598 4224 Donatistae.

2211 4240 2231 4270 ²
2265 4237 2342 4286 Ed.
2365 4243 2474 4299 Lov_.
2501 4236 2592 4299 hoc
2625 4235 2733 4286 loco
2771 4237 3004 4299 prmteﬁt,
3024 4242 3204 4295 octavo.
3232 4246 3304 4288 Er.
3332 4253 3452 4290 vero
3488 4241 3533 4290 id
3577 4250 3735 4298 totum

2146 4299 2341 4357 omittit,
2373 4296 2695 4362 Calendarum
2731 4296 2972 4362 .It'tliarum
3009 4312 3155 4362 usque
3197 4300 3266 4350 ad
3309 4299 3440 4351 diem
3466 4308 3682 4355 octavum
3709 4296 3732 4358 ἐ

2145 4374 2255 4424 qua:
2278 4361 2436 4424 omnia
2456 4360 2606 4409 verba
2623 4360 2678 4424 in
2702 4359 2948 4424 plerisque
2966 4359 3441 4424 reperiuntur;
3470 4363 3559 4412 sed
3583 4379 3645 4416 ex
3671 4370 3736 4420 iis

2145 4418 2361 4471 nonnulli
2409 4427 2516 4484 post
2549 4418 2884 4484 Calendartan:
2913 4418 3172 4484 Juliarum;
3211 4424 3281 4473 sic
3317 4418 3532 4474 habent:
3570 4425 3615 4476 si
3656 4418 3734 4480 vel

2143 4496 2296 4542 mora,
2324 4483 2390 4532 ad
2409 4481 2541 4532 diem
2562 4489 2778 4533 octavum
2800 4481 3121 4532 colendarum
3142 4485 3502 4536 Januariarum.
3535 4494 3632 4537 Non
3653 4502 3730 4542 as-

2144 4545 2363 4607 signatur
2383 4557 2555 4610 annus,
2579 4546 2662 4607 qui
2685 4543 2808 4610 forte
2830 4551 2933 4593 erat
2955 4544 3128 4610 Christi
3149 4543 3257 4610 593.
3283 4549 3463 4610 Quippe
3487 4551 3730 4610 Bagaitani

2144 4605 2315 4667 postea
2336 4605 2525 4655 concilii
2548 4605 2792 4667 sententia
2813 4607 3151 4667 prort’rimjano
3176 4607 3224 4655 in
3248 4605 3573 4657 Maxihiianuni
3595 4619 3648 4660 et
3677 4613 3729 4664 in

2141 4665 2572 4735 tabat-sussitanam
2615 4665 2848 4731 synodum
2875 4666 3013 4735 dicta
3034 4665 3124 4717 fuit
3139 4667 3222 4720 die
3245 4667 3306 4717 24
3326 4669 3488 4732 aprilis
3507 4682 3588 4721 an.
3609 4672 3724 4735 394,

2144 4727 2314 4799 ex_lib.
2341 4730 2521 4799 dcunt.
2545 4727 2787 4799 Cyeéoqnn
2809 4741 2852 4777 c.

2196 4793 2228 4824 ’³
2259 4798 2359 4843 Duo
2374 4797 2500 4851 ωδε..

2204 4854 2227 4885 ι
2259 4859 2390 4913 Lov.,
2413 4849 2767 4914 Carbanieitsis.
2788 4856 2875 4914 _Er.
2902 4857 2954 4902 et
2975 4865 3153 4914 novem
3189 4859 3318 4914 Mss,
3342 4853 3721 4908 Carcabinensis.

2141 4921 2240 4970 Duo
2257 4911 2386 4973 Mss,
2399 4911 2739 4974 Carcabensis.
2751 4911 2857 4974 Alii,
2879 4911 3380 4968 Carcabianensisfsic
3401 4918 3547 4970 etiam
3562 4918 3611 4974 in
3634 4917 3719 4968 lib.

2139 4972 2782 5046 δροιξιοβτςτςοοηστροίεξο.
3001 5034 3014 5046 .
3097 5041 3106 5046 -
3173 5035 3185 5046 .

2201 5040 2223 5072 ⁸
2253 5039 2326 5088 sic
2348 5038 2397 5085 in
2414 5043 2520 5086 Mss.
2547 5044 2602 5086 Al.
2621 5037 2666 5085 in
2691 5034 2821 5099 εὐάν
2842 5034 3246 5099 pelephanlariw.

2203 5099 2224 5130 ⁸
2255 5102 2474 5161 Quinque
2502 5105 2629 5158 Mss.,
2658 5095 3030 5161 Thesbalitens'is.

2201 5161 2222 5192 ⁷
2255 5157 2320 5210 Ita
2344 5157 2597 5222 iu'aliquot
2617 5167 2724 5222 Mss.
2751 5166 2802 5208 et
2815 5160 2870 5222 _in_
2895 5157 2978 5220 lib.
3003 5160 3035 5208 5
3055 5167 3182 5222 cont.
3217 5166 3460 5222 Creticum,
3478 5174 3522 5214 c.
3560 5162 3636 5215 19.
3668 5173 3723 5220 At

2138 5224 2187 5272 in
2200 5222 2320 5290 AEdd.
2347 5218 2615 5290 legebatur
2628 5221 2723 5290 hic,
2744 5218 2961 5270 Salviano
2984 5219 3265 5290 mussitant).

2197 5284 2220 5316 ε
2243 5290 2339 5343 Et”
2363 5281 2663 5352 Amissis;
2680 5289 2809 5341 Lov.,
2832 5281 3123 5352 amoenus.
3149 5281 3337 5346 Aliquot
3356 5291 3463 5336 Mss.
3486 5294 3541 5337 ut
3558 5287 3605 5337 in
3631 5288 3719 5340 lib.
3759 5340 3774 5352 ,

2135 5346 2167 5394 5
2185 5351 2315 5394 cont.
2339 5352 2517 5402 Cresc,
2532 5358 2587 5406 7c.
2607 5345 2684 5402 19,
2709 5344 2995 5406 Αιιεαίεηδὶε.

2195 5409 2396 5518 Egone,
2410 5405 2665 5467 Geminius,
2684 5410 2742 5454 ut
2758 5405 2904 5467 supra
2922 5441 2938 5468 ,
2954 5405 3048 5468 col,
3071 5405 3182 5468 376,
3200 5407 3292 5457 sub
3314 5407 3448 5457 initio
3463 5413 3728 5471 praisemis

2134 5485 2184 5520 ll.
2209 5485 2285 5518 Ἄ).

2197 5532 2240 5565 ιθ
2265 5537 2359 5588 En,
2382 5527 2678 5580 Anathabeis.
2701 5528 2920 5583 Nonnulli
2939 5537 3066 5588 Mss,
3087 5543 3121 5580 α
3157 5528 3382 5582 Tambeis.

2195 5597 2238 5661 ξξ
2264 5598 2368 5661 Mss.
2391 5589 2592 5661 aliquot,
2613 5589 3163 5661 sabbatensis..0uidam,
3185 5591 3466 5643 Sabatenss‘s.

2195 5655 2240 5686 ι’
2259 5660 2466 5712 Quatuor
2484 5658 2611 5713 Mss,
2621 5655 2989 5713 cantacetensis.
3460 5663 3462 5668 ·

2194 5715 2378 5778 "in-es
2397 5720 2523 5774 uss,
2547 5712 2766 5778 Agnasio,

2195 5778 2238 5808 is
2261 5776 2480 5840 Quinque
2502 5771 2644 5839 usst,
2681 5773 3084 5829 cebresusitanus.
3135 5771 3346 5826 Nonnulli
3368 5807 3386 5834 ,
3423 5773 3720 5830 (ebcrest'ta-
