4042 6478
491 393 602 453 383

492 501 776 565 uoluisses:
808 499 921 560 [loc
945 500 1158 573 quidem
1201 498 1411 559 simile.
1443 498 1520 554 sic
1567 506 1622 552 et
1668 497 1741 558 illi
1785 496 2071 558 damnave-

491 605 619 654 runt
656 594 930 650 absentem
975 593 1356 658 Ca-ciliauum,
1385 605 1509 647 cum
1553 589 1838 644 factionem
1885 601 2076 644 eorum

491 689 821 746 devitasset:
851 685 944 742 sed
972 694 1027 741 tu
1052 699 1238 744 rursus
1265 682 1330 742 in.
1348 681 1598 742 absentes
1622 679 1743 734 illos
1773 677 1945 734 fecisti
1967 676 2074 732 dici

491 781 794 839 sententias.
813 779 865 834 in
893 777 1118 835 concilio
1155 775 1445 847 Bagaitano
1478 780 1577 827 :.at
1602 785 1729 826 vero
1754 767 2072 825 Caecilianus

491 886 735 943 praesens
782 869 1089 926 adversario
1134 874 1414 938 pra-seats.
1439 871 1695 934 purgatus
1735 868 1836 916 est.
1872 857 2073 915 Deinde

491 963 596 1017 alia
634 959 1153 1032 magnadili‘ecentia
1191 976 1204 1012 :
1248 956 1455 1028 iudices
1483 949 1908 1021 Numidasapud
1935 962 2073 1020 quos

492 1062 546 1108 te
567 1068 844 1124 purgares,
873 1061 930 1108 tu
957 1052 1072 1122 ipse
1096 1049 1276 1115 adisti,
1311 1060 1378 1104 tu
1394 1046 1722 1103 constituisti
1747 1087 1763 1112 ,
1795 1043 2074 1109 Maximia-

491 1145 648 1200 nista:
673 1143 792 1200 illos
816 1159 923 1199 non
953 1143 1214 1213 petierunt
1245 1139 1426 1211 :.apud
1455 1153 1550 1195 cos
1574 1147 1753 1193 autem
1777 1151 1809 1192 a
1834 1135 2074 1196 Creeilia-

492 1249 566 1290 no
594 1235 831 1291 Donatus
858 1234 1032 1291 vietus
1057 1241 1143 1288 est
1165 1271 1180 1298 ,
1207 1246 1342 1302 quos
1369 1246 1492 1301 pars
1521 1229 1713 1285 Donati
1738 1227 1948 1300 judices
1979 1240 2079 1297 po-t

489 1325 802 1382 stulaverat.
844 1323 1202 1395 Respondent
1232 1322 1329 1378 tibi
1360 1321 1522 1383 modo
1560 1321 1992 1385 Maximianisttc,
2017 1327 2080 1375 et

487 1416 610 1487 jure
633 1415 818 1472 dicunt
845 1433 858 1469 :
888 1414 998 1470 Nos
1036 1415 1210 1486 primo
1249 1413 1498 1478 venimus,
1519 1411 1588 1467 ad
1618 1421 1670 1468 te
1707 1410 1774 1466 de
1802 1410 2071 1481 provincia

490 1518 616 1577 tua,
657 1509 726 1566 de
752 1507 1068 1566 dimcesiad
1109 1515 1161 1563 te
1190 1507 1490 1578 pertinente
1517 1506 1536 1537 ί
1575 1503 1938 1579 θρὶερορὶ;.θι
1978 1517 2074 1578 vo-

489 1599 688 1656 luimus
722 1599 910 1655 audire
934 1613 1150 1654 causam
1185 1607 1331 1658 tuam
1365 1615 1378 1651 :
1405 1594 1776 1665 contempsisti
1802 1607 1934 1658 uos,
1963 1606 2070 1648 non

487 1687 557 1745 ad
586 1703 684 1744 nos
709 1688 892 1746 existi.
918 1688 976 1744 Si
999 1687 1218 1746 timuisti
1246 1694 1486 1742 nostrum
1506 1685 1786 1756 judicium,
1805 1684 1892 1740 vel
1913 1683 2070 1739 simul

483 1781 693 1852 judices
716 1781 1055 1852 eligeremus,
1085 1793 1191 1835 non
1218 1778 1324 1836 ires
1351 1777 1419 1833 ad
1439 1792 1574 1849 quos
1604 1785 1659 1831 tu
1687 1775 1872 1832 velles.
1891 1773 2072 1842 Quan-

489 1881 602 1929 tum
627 1874 870 1940 intersit,
900 1873 1098 1929 videte.
1131 1872 1282 1928 Tunc
1309 1879 1487 1927 autem
1525 1869 1626 1940 ipsi
1656 1868 1942 1923 Donatista:
1979 1867 2068 1921 lit-

485 1967 618 2022 teris
637 1967 750 2022 suis
778 1966 1160 2036 lmperatorem
1188 1964 1484 2034 petierunt,
1512 1970 1574 2016 ut
1597 1961 1912 2017 decerneret
1928 1957 2068 2029 judi-

485 2073 578 2114 ces
605 2075 620 2113 :
652 2057 1085 2129 improbaverunt
1109 2069 1204 2111 eos
1237 2054 1378 2126 apud
1417 2069 1554 2125 quos
1589 2053 1716 2110 victi
1751 2059 1905 2118 sunt,
1933 2063 2068 2120 quos

485 2159 773 2220 antequam
816 2149 1160 2204 vincerentur
1194 2146 1637 2217 postulaverunt:
1676 2142 1786 2198 dati
1815 2151 1940 2197 sunt
1977 2141 2086 2210 alii!~

483 2241 552 2296 ad
578 2254 764 2296 eorum
795 2240 1038 2310 petitum,
1062 2247 1118 2294 et
1146 2237 1215 2293 ibi
1243 2236 1366 2294 victi
1385 2243 1510 2291 sunt
1536 2253 1550 2289 :
1577 2235 1976 2304 appellaverunt
1999 2231 2066 2286 ad

483 2328 864 2400 Imperatorem
889 2372 906 2396 ,
933 2336 990 2384 et
1015 2327 1086 2383 ibi
1115 2327 1246 2383 victi,
1269 2333 1415 2381 sunt.
1452 2324 1630 2381 Semel
1668 2323 1840 2378 victus
1866 2329 1950 2377 est
1973 2320 2066 2374 ab-

483 2435 611 2477 sens
646 2419 1070 2486 Maximianista,
1101 2426 1156 2474 et
1192 2427 1332 2473 tacet
1361 2432 1374 2471 :
1417 2425 1476 2472 et
1511 2423 1592 2473 ter
1628 2415 1798 2470 victus
1828 2425 2084 2484 przesens.

482 2510 757 2566 Donatista
787 2525 893 2566 non
921 2509 1114 2565 tacet?

551 2602 642 2658 εδ.
681 2601 790 2658 Sed
815 2601 881 2658 de
920 2616 1144 2658 numero
1171 2600 1448 2657 contendis
1485 2615 1606 2656 cum
1646 2596 2066 2668 Max‘imianistis.

484 2693 556 2752 Ut
583 2694 735 2760 dixi,
763 2695 917 2752 faveo
939 2695 1054 2751 tibi.
1078 2695 1324 2751 Trecenti
1353 2694 1538 2750 decem
1562 2693 1748 2763 plures.
1765 2700 1888 2747 sunt
1907 2705 2079 2762 quam.

479 2797 696 2843 centum
726 2827 740 2851 ,
785 2787 870 2842 vel
907 2795 1038 2857 quot
1078 2786 1301 2842 fuertmt.
1333 2786 1420 2857 qui
1447 2785 1832 2840 damnaverunt
1866 2797 1896 2836 a
1921 2793 2079 2852 parte.

479 2878 1122 2935 IfaximianiPrimianum
1151 2897 1165 2935 :
1188 2879 1350 2935 millia
1373 2879 1745 2950 episcoporum
1763 2891 1858 2947 per
1881 2875 2082 2931 orbem.

480 2981 740 3028 terrarum
767 2973 854 3043 qui
876 2973 1264 3029 damnaverunt
1283 2988 1313 3027 a
1341 2980 1492 3043 parte
1517 2969 1782 3025 Carciliani
1805 2969 2066 3024 Donatum

479 3061 614 3117 nihil
641 3063 890 3132 ponderis
915 3064 1054 3134 apud
1087 3074 1136 3119 te
1166 3063 1362 3118 habere
1391 3063 1587 3132 putas?
1613 3059 1718 3116 Sed
1746 3059 1984 3114 dicturus
2007 3072 2067 3113 es

479 3153 612 3207 mihi
637 3170 650 3206 :
672 3153 937 3224 Numquid
954 3155 1252 3209 Donatistas
1277 3153 1441 3207 millia
1459 3153 1826 3223 episcoporum
1843 3150 2066 3206 damna-

478 3252 672 3300 verunt
707 3243 776 3299 de
805 3252 917 3299 toto
945 3244 1077 3299 orbe
1107 3245 1402 3299 terrarum?
1431 3242 1642 3312 Optime
1661 3285 1677 3310 ,
1707 3257 1811 3296 non
1842 3242 2065 3296 damna-

477 3344 624 3391 runt.
654 3335 830 3402 Quare
856 3351 960 3391 non
991 3335 1310 3391 damnarunt
1337 3336 1365 3390 ’ἐν
1384 3333 1516 3404 Quia
1542 3334 1745 3405 judicio
1766 3348 1870 3388 non
1899 3333 2063 3388 inter-

478 3425 716 3482 fuerunt.
743 3425 798 3482 Si
838 3426 1041 3497 judicio
1079 3443 1184 3481 non
1224 3426 1618 3492 interfuerunt,
1649 3436 1925 3496 propterea
1959 3440 2065 3479 non

477 3513 902 3582 damnaverunt,
929 3517 1051 3588 quia
1077 3532 1293 3572 causam
1332 3517 1474 3572 illam
1502 3517 1712 3586 penitus
1739 3516 2061 3571 nescierunt.

481 3607 567 3663 Ab
593 3608 965 3665 innocentibus
989 3624 1153 3679 quare
1175 3617 1226 3664 te
1254 3608 1556 3678 separasti?
1583 3607 1742 3662 Venit
1764 3607 1867 3662 huc
1919 3606 1986 3662 ad
2013 3616 2082 3663 te.

477 3696 549 3754 de
575 3701 705 3755 orbe
733 3709 992 3754 terrarum
1020 3701 1316 3769 baptizatus
1335 3740 1350 3764 ,
1378 3713 1537 3769 quem
1581 3697 1660 3753 vis
1687 3697 2014 3769 rebaptisare
2046 3715 2061 3754 :

477 3798 534 3845 et
553 3798 606 3844 te
629 3790 739 3860 jam
767 3791 962 3846 lethale
991 3790 1343 3846 ministerium
1365 3791 1384 3821 '
1416 3799 1777 3854 exercentem,
1805 3799 1861 3845 et
1883 3789 2066 3844 volen-

477 3886 588 3935 tem
616 3879 813 3934 iterare
857 3878 1003 3951 quod
1045 3880 1210 3935 semel
1249 3879 1406 3934 datur
1430 3887 1500 3936 et
1513 3896 1620 3934 non
1648 3879 1926 3944 amittitur,
1955 3877 2066 3932 adit

479 3983 601 4024 cum
629 3983 815 4039 magna
841 3984 974 4024 voce
1013 3979 1069 4024 et
1105 3969 1303 4040 gemitu
1328 4009 1344 4034 ,
1391 3981 1447 4026 et
1487 3970 1617 4025 dicit
1656 3969 1748 4024 tibi
1781 3986 1792 4021 :
1821 3967 1958 4033 Quid
1982 3975 2066 4022 est

475 4061 618 4133 quod
666 4063 747 4117 vis
787 4061 1002 4118 facere?
1051 4062 1381 4133 rebaptizare
1411 4062 1537 4118 me?
1577 4062 1672 4130 ait,
1721 4061 1902 4116 nescio
1945 4059 2064 4130 quis

476 4153 958 4224 Mesopotamenus,
986 4154 1168 4210 nescio
1205 4155 1322 4225 quis
1359 4152 1545 4225 Syrus,
1574 4154 1753 4208 nescio
1775 4152 1894 4223 quis
1918 4151 2063 4207 Pou-

479 4244 639 4312 tiens,
661 4244 746 4300 vel
773 4245 982 4316 longius
1023 4245 1362 4300 constitutus.
1389 4242 1702 4313 Respondes
1733 4261 1746 4296 :
1789 4241 1922 4308 Quia
1954 4256 2062 4297 non

477 4335 644 4392 babes
668 4337 1012 4408 baptismum.
1037 4336 1252 4406 Quare?
1272 4336 1412 4408 Lege
1451 4335 1715 4406 Epistolas
1735 4335 1976 4405 Apostoli
1995 4334 2063 4391 ad

477 4443 566 4483 me
605 4429 778 4484 datas.
811 4429 968 4485 Venit
1015 4430 1197 4485 nescio
1237 4429 1358 4497 quis
1395 4427 1463 4483 de
1487 4427 1686 4483 Galatia
1710 4467 1726 4492 ,
1758 4426 1824 4482 de
1851 4427 2020 4482 Ponto
2042 4470 2059 4496 ,

477 4519 623 4588 venit
670 4519 851 4574 nescio
893 4521 1013 4589 quis
1040 4519 1107 4574 de
1132 4518 1517 4589 Philadelphia,
1540 4516 1605 4572 ad
1635 4532 1767 4588 quas
1795 4517 2064 4574 Eeclesias

475 4607 710 4664 Joannes
747 4609 961 4678 scripsit
988 4609 1186 4679 (Apoc.
1219 4626 1258 4678 ι,
1285 4612 1321 4666 4
1348 4611 1403 4680 );
1437 4609 1624 4664 venita
1643 4608 1897 4676 Colossis,
1921 4610 2066 4666 venit

476 4711 506 4751 a
524 4696 804 4768 Philippis,
826 4714 858 4755 a
871 4699 1246 4756 Thessalonica
1272 4717 1286 4754 :
1309 4700 1422 4769 Ego
1434 4713 1537 4754 non
1553 4698 1724 4755 habeo
1741 4700 2063 4770 baptismum

477 4789 546 4844 ad
571 4805 729 4861 quem
755 4793 967 4864 scripsit
992 4792 1277 4862 Apostolus
1297 4831 1312 4856 ,
1343 4805 1440 4862 per
1465 4806 1623 4862 quem
1654 4800 1708 4846 tu
1731 4791 1934 4849 babes?
1954 4795 2062 4848 Au,

479 4883 575 4938 des
602 4883 781 4953 legere
826 4883 1105 4953 epistolam
1159 4897 1354 4950 meam,
1405 4883 1496 4955 qui
1549 4883 1834 4941 detestaris
1877 4901 2061 4956 pacem

480 4973 695 5029 mam?

1115 5101 1284 5143 εειιιιο
1320 5103 1398 5143 Ill.

940 5221 1019 5276 De
1042 5224 1186 5277 tertia
1212 5232 1354 5293 parte
1381 5221 1596 5279 Psalmi.

551 5377 602 5430 l.
643 5375 816 5448 [rem
845 5375 986 5448 25.]
1027 5377 1155 5432 Pars
1206 5375 1492 5432 novissima
1542 5377 1728 5448 psalmi
1775 5377 1931 5449 hujus
1977 5379 2057 5434 in-

474 5467 716 5523 discussa
742 5467 1015 5523 vobiscum
1047 5475 1101 5523 et
1143 5468 1422 5523 intractata
1459 5478 1802 5522 remanserat.
1832 5469 2060 5526 Proinde

476 5561 616 5616 sicut
642 5560 814 5627 video,
839 5576 944 5618 non
975 5560 1189 5632 quidem
1221 5559 1511 5616 secundum
1539 5560 1938 5631 dispositionem
1961 5577 2057 5616 no-

541 5711 655 5760 ‘Sic
677 5717 752 5783 Er:
789 5719 860 5783 et
884 5711 1065 5774 aliquot
1102 5716 1208 5760 mss.
1252 5717 1304 5761 At
1343 5714 1473 5773 Lov.,
1507 5711 1795 5776 pertinentis.
1838 5714 2058 5768 Mnuulli

475 5779 604 5831 llas,
631 5779 936 5836 pertinentes.
957 5823 962 5831 ,

538 5837 556 5860 ο
579 5831 652 5883 sic
677 5843 778 5885 uss.
807 5842 856 5884 Αι
883 5833 1014 5895 πω,
1038 5831 1315 5896 mysterium

1737 384 1794 439 S.
1837 382 2201 441 AUGUSTINI
2243 381 2539 440 EPISCOPI

3660 391 3764 448 38$

2184 505 2371 564 stram,
2403 496 2496 551 sed
2519 508 2830 552 tamennon
2858 506 3050 567 praeter
3070 498 3474 571 dispositionem
3497 517 3668 570 snam,
3694 505 3761 562 ad

2182 586 2508 643 reddendum
2547 588 2782 644 debitum
2826 604 2924 646 nos
2954 591 3210 648 Dominus
3237 596 3528 652 revocavit.
3568 597 3759 653 intenti

2181 690 2310 747 ergo
2354 687 2525 736 estote
2546 721 2562 747 ,
2591 679 2780 737 fratres
2801 721 2817 747 ,
2850 690 2908 736 ut
2935 680 2981 736 si
3011 697 3291 752 possumus
3318 686 3426 743 Deo
3444 687 3760 759 adjuvante,

2180 767 2265 822 vel
2306 767 2466 826 modo
2503 771 2773 827 solvamus
2816 772 2958 842 quod
3003 788 3102 829 nos
3142 773 3338 832 debere
3367 779 3760 849 cognoscimus.

2180 856 2311 926 Quis
2339 868 2431 915 est
2449 861 2543 931 qui
2565 861 2721 927 dicit,
2771 862 2929 933 quod
2951 863 3110 919 modo
3156 867 3521 924 enatavimus?
3547 868 3764 926 Iuvenis

2181 949 2288 1018 fui,
2317 959 2364 1004 et
2391 966 2502 1005 ecce
2526 953 2669 1006 senui
2691 993 2706 1018 ,
2732 961 2782 1008 et
2806 965 2908 1008 nan
2935 954 3042 1009 nidi
3073 956 3276 1026 justum
3311 959 3599 1015 derelictum
3625 1002 3640 1028 ,
3668 977 3764 1016 nec

2179 1058 2347 1099 semen
2375 1045 2485 1116 ejus
2503 1062 2729 1117 quarens
2757 1064 2958 1120 panem.
2986 1049 3040 1105 Si
3071 1054 3220 1122 quasi
3246 1067 3382 1107 unus
3405 1052 3564 1110 homo
3583 1055 3761 1128 loqui-

2181 1141 2287 1202 tur,
2318 1135 2474 1205 quam
2499 1136 2722 1194 multum
2749 1146 2961 1210 tempus
2986 1148 3074 1195 est
3093 1149 3230 1200 artas
3250 1142 3404 1198 unius
3424 1143 3675 1211 hominis;
3707 1155 3765 1202 ct

2178 1222 2306 1294 quid
2331 1239 2578 1297 magnum
2599 1235 2701 1293 est,
2726 1237 2783 1282 ut
2812 1228 2972 1286 homo
2990 1231 3194 1301 positus
3214 1231 3267 1287 in
3289 1247 3391 1288 una
3412 1233 3586 1306 aliqua
3610 1247 3762 1305 parte

2181 1323 2439 1372 terrarum
2475 1333 2574 1389 per
2616 1328 2780 1376 totam
2814 1322 2976 1378 vitam
3016 1338 3164 1378 suam
3187 1333 3293 1380 tam
3319 1327 3564 1396 brevem,
3596 1344 3758 1400 quam

2179 1404 2411 1462 humana
2437 1410 2542 1466 vita
2567 1411 2743 1468 brevis
2770 1422 2872 1480 est,
2902 1417 3145 1485 quamvis
3173 1417 3239 1472 ad
3263 1427 3588 1476 senectutem
3617 1437 3647 1475 a
3664 1422 3757 1493 ju-

2177 1505 2392 1556 ventute
2410 1505 2727 1571 pervenerit,
2752 1521 2860 1562 non
2876 1507 3067 1563 viderit
3083 1508 3281 1579 justum
3299 1511 3631 1583 derelictum,
3654 1530 3760 1572 nec

2177 1602 2362 1647 semen
2391 1592 2507 1664 ejus
2534 1610 2779 1665 quarens
2804 1600 3032 1668 panem?
3053 1601 3168 1656 Non
3193 1612 3276 1658 est
3301 1605 3622 1662 mirandum.
3647 1608 3751 1663 Po‘

2178 1681 2276 1738 tuit
2311 1685 2452 1739 enim
2492 1684 2605 1742 fleri
2655 1696 2715 1743 ut
2757 1698 2882 1746 ante
2931 1693 3092 1746 vitam
3122 1693 3289 1764 ipsius
3329 1694 3518 1752 fuisset
3563 1698 3759 1769 aliquis

2170 1775 2346 1846 justus
2374 1792 2619 1848 quaerens
2649 1795 2838 1851 panem
2863 1823 2899 1861 ,κ
2911 1786 3084 1854 potuit
3124 1785 3237 1842 fieri
3286 1798 3344 1842 ut
3374 1788 3427 1844 in
3473 1791 3576 1846 alia
3605 1799 3762 1862 parte

2176 1876 2438 1924 terrarum
2467 1885 2580 1926 non»
2605 1872 2694 1927 ubi
2735 1873 2849 1943 ipse
2877 1885 3039 1932 esset.
3071 1877 3270 1934 Deinde
3294 1879 3435 1935 aliud
3460 1881 3600 1951 quod
3638 1898 3760 1939 meo

2173 1966 2283 2021 vet,
2311 1959 2491 2016 audite
2519 1979 2532 2016 :
2557 1962 2694 2019 Ecce
2718 1967 3079 2038 unusquisque
3106 1969 3156 2024 in
3183 1970 3352 2035 vobis,
3380 1972 3470 2042 qui
3492 1971 3628 2029 forte
3643 1973 3761 2048 jam

2172 2053 2388 2120 senuit,
2438 2055 2729 2126 respiciens
2773 2073 2963 2116 cursus
3004 2062 3177 2117 aetatis
3204 2077 3314 2118 sua:
3351 2064 3460 2134 jam
3512 2078 3760 2138 peractos

2173 2143 2295 2211 sibi,
2320 2145 2409 2202 ubi
2434 2147 2756 2217 cogitatione
2778 2160 3021 2207 versatus
3047 2152 3204 2209 fuerit
3235 2155 3285 2210 in
3314 2155 3398 2212 bis
3422 2173 3555 2229 quos
3584 2162 3761 2232 novit,

2173 2235 2310 2295 forte
2338 2255 2442 2295 non
2465 2241 2515 2296 ei
2541 2242 2772 2317 occurrit
2787 2243 2961 2315 justus
2994 2261 3236 2318 quaerens
3262 2263 3474 2319 panem,
3500 2261 3594 2319 aut
3617 2253 3758 2311 filius

2169 2329 2298 2401 justi
2341 2347 2587 2403 quaerens
2633 2350 2825 2407 panem
2859 2355 2872 2392 :
2904 2338 2997 2394 sed
3041 2349 3215 2397 tamen
3264 2345 3478 2414 respicit
3515 2347 3581 2402 ad
3609 2347 3758 2404 Scri-

2175 2429 2356 2489 pturas
2384 2421 2633 2493 divinas,
2665 2435 2720 2482 et
2762 2427 2963 2484 invenit
2989 2440 3326 2503 angustatum
3351 2435 3617 2506 Abraham
3663 2439 3758 2514 iu-

2141 2579 2150 2587 τ
2173 2522 2336 2580 stum,
2353 2523 2419 2596 et
2447 2514 2618 2578 famen
2640 2533 2853 2595 passum
2885 2523 2938 2576 in
2959 2524 3173 2594 regione
3199 2541 3316 2596 sua,
3338 2539 3571 2595 mutasse
3595 2533 3757 2595 aliam

2173 2608 2447 2678 regionem
2489 2610 2508 2679 (
2543 2610 2671 2666 Gen.
2716 2628 2825 2680 xu,
2859 2614 3002 2686 l0);
3053 2617 3253 2674 invenit
3291 2629 3345 2676 et
3372 2621 3538 2690 filium
3589 2624 3759 2695 ipsius

2173 2697 2322 2756 lsaac
2349 2699 2588 2770 ejusdem
2616 2702 2770 2758 famis
2792 2720 2948 2776 causa
2974 2706 3188 2777 inlalias
3209 2710 3313 2766 isse
3339 2713 3582 2782 regiones
3608 2731 3758 2787 quaa—

2172 2799 2380 2847 rentem
2424 2806 2615 2862 panem
2662 2793 2788 2866 (Id.
2818 2812 2980 2865 xxvt,
3007 2799 3033 2853 Ι
3067 2797 3206 2870 ).,Ει
3246 2803 3512 2872 quomodo
3535 2806 3638 2860 erit
3666 2823 3763 2863 ve-

2174 2895 2314 2945 rum,
2345 2877 2623 2960 Nunquam
2645 2885 2747 2939 vidi
2763 2887 2962 2960 justum
2991 2888 3306 2960 derelictum,
3339 2911 3428 2949 nec
3455 2912 3623 2951 semen
3644 2899 3757 2969 ejus

2171 2989 2399 3042 querens
2430 2978 2656 3046 panem?
2684 2976 2746 3032 Et
2781 2979 2826 3034 si
2871 2995 3056 3035 verum
3099 2981 3202 3037 hoc
3238 2983 3440 3040 invenit
3483 2986 3535 3043 in
3580 2991 3758 3059 spatio

2174 3066 2297 3120 vitae
2317 3081 2428 3121 sua:
2450 3083 2464 3133 ;
2484 3067 2640 3123 aliter
2661 3075 2837 3124 tamen
2861 3070 3061 3127 invenit
3085 3072 3138 3128 in
3159 3072 3389 3132 lectione
3407 3077 3604 3146 divina,
3633 3097 3756 3152 qua:

2172 3156 2381 3212 ﬁdelior
2403 3166 2485 3213 est
2507 3175 2661 3229 quam
2690 3162 2793 3215 vita
2821 3161 3114 3220 hominum.

2242 3251 2296 3306 2.
2330 3251 2467 3320 Quid
2499 3269 2626 3324 ergo
2654 3253 2876 3309 facimus
2893 3255 2916 3309 ?
2936 3256 3201 3327 Adjuvent
3227 3274 3325 3316 nos
3349 3261 3436 3332 pia
3461 3264 3634 3320 studia
3663 3282 3758 3323 ve-

2171 3350 2303 3410 stra,
2335 3352 2392 3398 ut
2422 3343 2765 3414 inspiciamus
2808 3346 2860 3400 in
2901 3347 2981 3402 his
3010 3349 3252 3406 versibus
3287 3351 3482 3410 Psalmi
3512 3356 3758 3415 volunta-

2172 3443 2278 3491 tem
2313 3436 2402 3490 Dci
2433 3478 2449 3504 ,
2476 3437 2600 3506 quid
2634 3452 2730 3496 nos
2759 3438 3055 3510 intelligere
3098 3443 3244 3499 velit.
3288 3444 3460 3501 Metus
3487 3457 3569 3504 est
3607 3450 3756 3505 enim

2171 3542 2240 3583 ne
2287 3528 2650 3598 unusquisque
2678 3528 2962 3598 inﬁrmus,
2990 3547 3096 3588 non
3144 3534 3361 3605 capiens
3408 3538 3759 3608 spiritualiter

2172 3619 2471 3690 intelligere
2521 3619 2862 3690 Scripturas,
2905 3631 2992 3679 eat
3040 3624 3093 3679 in
3143 3628 3386 3698 exempla
3415 3627 3644 3687 humana
3675 3638 3759 3690 vi-

2169 3711 2398 3782 deatque
2436 3711 2719 3782 aliquando
2743 3714 2914 3771 bonos
2935 3730 3120 3772 servos
3148 3717 3239 3774 Dei
3269 3734 3389 3776 esse
3417 3722 3469 3776 in
3513 3727 3756 3780 necessi-

2171 3812 2277 3860 tate
2305 3803 2479 3874 aliqua
2505 3813 2558 3859 et
2584 3803 2761 3874 inopia
2783 3807 3054 3877 quarrendi
3082 3811 3232 3878 panis
3253 3827 3268 3876 ;
3292 3815 3523 3869 maxime
3546 3823 3600 3870 et
3623 3815 3758 3871 Pau-

2169 3895 2276 3949 lum
2301 3895 2599 3965 apostolum
2643 3896 2873 3966 cogitet,
2916 3899 3007 3970 qui
3035 3898 3193 3966 dicit,
3226 3899 3293 3956 In
3320 3904 3457 3972 [ama
3480 3916 3528 3958 et
3565 3906 3670 3974 siti,
3697 3909 3758 3964 in

2169 3980 2427 4057 frigore'el
2450 3986 2678 4042 nuditate
2704 3986 2723 4058 (
2749 3986 2792 4048 ll
2820 3987 2940 4044 Cor.
2972 4005 3028 4044 ιι
3054 4033 3068 4056 ,
3095 3990 3210 4063 27η)
3242 4009 3256 4046 :
3287 4002 3343 4049 et
3367 3995 3759 4054 scandalizetur

2168 4078 2571 4150 apudtseipsum
2617 4079 2802 4136 dicens
2829 4121 2846 4147 ,
2873 4079 3100 4140 Certene
3126 4100 3312 4141 verum
3348 4096 3429 4142 est
3457 4088 3595 4159 quod
3624 4105 3760 4145 can-

2168 4167 2312 4224 tavi?
2339 4177 2484 4224 certe
2511 4185 2694 4226 verum
2722 4180 2804 4227 est
2829 4172 2972 4242 quod
3002 4172 3054 4228 in
3082 4175 3304 4230 ecclesia
3333 4183 3480 4232 stans
3521 4188 3625 4234 tam
3651 4179 3756 4236 de.

2167 4271 2293 4317 vota
2319 4277 2450 4318 voce
2478 4263 2750 4333 personui,
2783 4263 3061 4336 Nunquam
3089 4266 3192 4319 vidi
3209 4267 3409 4339 justum
3429 4270 3752 4338 derelictum,

2169 4370 2260 4409 nec
2286 4370 2454 4410 semen
2478 4357 2586 4426 ejus
2601 4371 2831 4425 quwrens
2851 4373 3032 4427 panem
3049 4358 3075 4412 Ρ
3090 4355 3306 4416 Fallunt
3327 4373 3426 4414 nos
3440 4359 3752 4431 Scriptum,

2166 4445 2310 4502 dicat
2345 4445 2486 4517 apud
2523 4460 2614 4513 se;
2663 4456 2720 4502 et
2753 4446 3111 4503 dissolvantur
3151 4451 3331 4505 omnia
3369 4450 3484 4521 ejus
3511 4453 3752 4512 membra

2169 4539 2237 4595 ab
2265 4553 2430 4608 opere
2450 4537 2627 4603 bono;
2657 4538 2848 4609 quibus
2871 4539 3124 4595 membris
3149 4540 3491 4606 intrinsecus,
3511 4541 3652 4614 quod
3668 4553 3757 4599 est

2166 4631 2398 4702 gravius,
2429 4638 2484 4687 et
2516 4629 2569 4684 in
2591 4629 2845 4686 interiore
2866 4630 3081 4688 homine
3103 4633 3370 4701 resolutis,
3396 4633 3504 4704 jam
3527 4634 3757 4692 desistat

2166 4721 2236 4775 ab
2265 4737 2426 4792 opere
2463 4721 2604 4776 bono
2630 4761 2645 4787 ,
2677 4730 2733 4778 et
2759 4720 2900 4777 dicat
2926 4721 3027 4778 sibi
3069 4741 3082 4779 :
3127 4722 3324 4794 thuid
3349 4725 3485 4782 bene
3509 4740 3704 4796 operor
3729 4729 3758 4784 ἲ

2168 4814 2365 4886 thuid
2394 4829 2584 4886 panem
2613 4829 2790 4869 meum
2819 4813 3002 4885 frango
3039 4816 3316 4882 esurienti,
3344 4827 3398 4874 et
3433 4816 3630 4873 nudum
3657 4834 3756 4875 ve-

2165 4913 2291 4974 stio,
2323 4919 2377 4965 et
2405 4909 2520 4967 sine
2545 4918 2684 4967 tecto
2712 4909 2904 4966 induco
2933 4909 2986 4966 in
3011 4910 3229 4967 domum
3253 4929 3452 4981 meam,
3469 4914 3755 4971 attendens

2084 5005 2088 5009 ’
2167 5002 2233 5057 ad
2264 5002 2316 5058 id
2343 5001 2484 5073 quod
2509 5003 2768 5074 scriptum
2794 5008 2908 5067 est,
2942 5001 3222 5077 Nunquam
3247 5004 3352 5059 vidi
3366 5005 3563 5075 justum
3599 5006 3752 5061 dere-

2170 5092 2362 5160 lictum,
2395 5109 2484 5156 nec
2519 5109 2684 5148 semen
2723 5094 2832 5164 ejus
2861 5108 3092 5164 quaerens
3135 5111 3314 5164 panem
3345 5111 3364 5149 :
3393 5110 3514 5150 cum
3541 5094 3754 5152 videam

2171 5192 2247 5240 tot
2275 5183 2519 5240 homines
2547 5184 2684 5240 bene
2716 5184 2976 5252 viventes,
2999 5184 3312 5257 plerumque
3335 5186 3477 5242 fame
3497 5185 3754 5241 laborau-

2169 5276 2282 5331 tes?
2308 5273 2414 5330 Sed
2462 5275 2508 5330 si
2553 5275 2684 5330 forte
2713 5288 2836 5330 erro
2876 5288 3014 5344 ego,
3046 5283 3104 5329 ut
3142 5283 3248 5328 tam
3298 5275 3442 5340 illum
3481 5276 3568 5346 qui
3611 5275 3758 5334 bene

2167 5369 2294 5423 vivit
2314 5383 2472 5438 quam
2505 5367 2652 5422 illum
2673 5366 2763 5438 qui
2792 5367 2930 5422 male
2957 5367 3126 5433 vivit,
3154 5377 3334 5438 putem
3365 5367 3502 5425 bene
3533 5367 3712 5424 vivere
3754 5411 3768 5436 ,

2164 5470 2219 5517 et
2246 5462 2400 5516 aliter
2428 5460 2573 5514 illum
2608 5460 2752 5514 novit
2780 5459 2940 5523 Deus,
2967 5458 3018 5515 id
3044 5471 3134 5536 est
3149 5459 3385 5530 iniquum
3415 5475 3555 5526 esse,
3589 5475 3753 5531 quem

2164 5569 2263 5625 ego
2299 5553 2501 5623 justum
2532 5559 2693 5622 puto;
2720 5552 2845 5623 quid
2885 5553 3022 5607 facio
3049 5553 3116 5608 de
3145 5552 3409 5608 Abraham
3436 5596 3451 5619 ,
3481 5568 3636 5624 quem
3663 5552 3756 5624 ju-

2164 5652 2304 5701 stum
2337 5644 2452 5712 ipsa
2479 5641 2750 5712 Scriptura
2797 5643 3174 5699 commendat?
3201 5644 3340 5714 Quid
3368 5643 3504 5701 facio
3532 5643 3600 5702 dc
3630 5644 3747 5714 ipse

2165 5736 2406 5805 apostolo
2433 5733 2613 5799 Paulo,
2640 5733 2728 5804 qui
2758 5734 2890 5790 dicit
2915 5751 2928 5788 :
2957 5734 3250 5790 lmitatores
3282 5735 3380 5791 mei
3405 5745 3591 5801 estote,
3619 5734 3750 5790 sicut

2168 5837 2215 5884 ct
2244 5843 2332 5898 ego
2372 5826 2558 5884 Clu-isti
2587 5825 2647 5898 (l
2673 5825 2788 5884 Cor.
2821 5843 2893 5900 tv,
2928 5827 2989 5886 l6
3011 5824 3075 5898 )?
3123 5829 3210 5885 Au
3235 5837 3290 5886 ut
3331 5829 3488 5885 etiam
3517 5843 3615 5899 ego
3644 5827 3748 5883 sint
