4042 6474
273 417 280 444 τ
296 391 399 446 385

273 496 325 550 in
350 492 504 548 malis
528 489 708 562 qualia
739 488 824 543 ille
851 487 1065 558 pertulit
1089 527 1104 552 ,
1132 486 1181 537 in
1203 486 1338 556 [tune
1362 493 1408 536 et
1431 483 1515 538 siti
1540 521 1556 547 ,
1587 482 1638 535 in
1665 481 1857 552 [rigore

271 594 319 660 et
343 581 572 635 nuditate
595 580 622 633 ?

299 744 302 746 γ
339 673 388 727 ⁸5.
411 671 488 726 lta
507 671 852 741 cogitantem,
869 675 944 730 et,
963 675 1020 720 ut
1034 664 1169 731 dixi,
1187 661 1455 741 dissolutis
1475 659 1727 716 membris
1737 677 1856 716 om-

273 750 426 820 nibus
451 755 692 817 interiori
702 761 798 815 bus
812 774 842 813 a
861 757 1108 812 facultate
1127 757 1307 826 operis
1321 753 1468 820 boni,
1483 767 1852 823 possumusne,

269 853 480 918 fratres,
503 862 755 924 tanquam
771 848 1116 923 paralyticum
1133 847 1336 911 tollere,
1356 852 1409 899 et
1430 843 1637 911 aperire
1658 851 1852 896 tectum

271 946 566 1016 Scriptura:
597 921 798 1014 hujus,
829 949 883 995 et
928 955 1052 995 eum
1094 927 1407 992 submittere
1433 934 1496 988 ad
1529 921 1804 987 Dominum
1831 931 1854 987 ?

269 1025 472 1096 Videtis
498 1040 643 1094 enim
690 1037 811 1109 quia
835 1029 1118 1109 obscurum
1145 1039 1248 1086 est.
1290 1029 1456 1085 Porro
1485 1028 1528 1082 si
1569 1025 1852 1080 obscurum

267 1141 362 1195 est,
398 1138 600 1184 tectum
632 1105 757 1182 est;
789 1134 844 1181 et
869 1105 1214 1194 paralyticum
1262 1121 1441 1176 animo
1467 1105 1747 1188 quemdam
1773 1115 1853 1170 in-

269 1236 437 1280 tueor.
465 1223 562 1304 ﬁt
607 1221 711 1276 hoc
750 1228 952 1290 tectum
983 1216 1136 1270 video
1165 1256 1180 1281 ,
1210 1221 1263 1268 et
1285 1212 1384 1268 sub
1409 1210 1511 1271 hoc
1538 1219 1676 1264 tecto
1700 1196 1853 1262 Chri-

269 1327 401 1372 stum
433 1299 606 1371 latere
627 1327 878 1383 agnosco.
905 1309 1140 1372 Faciam,
1167 1313 1424 1376 quantum
1454 1316 1690 1372 possum,
1711 1299 1851 1370 quod

268 1409 537 1464 laudatum
560 1416 644 1462 est
674 1407 724 1460 iu
749 1405 850 1459 illis
875 1402 962 1474 qui
990 1407 1174 1470 aperto
1203 1406 1341 1452 tecto
1373 1395 1444 1474 ad
1461 1393 1726 1472 Christum
1757 1405 1850 1460 pa-

266 1501 548 1572 ralyticum
616 1472 1019 1557 submiserunt,
1069 1500 1126 1545 ut
1171 1490 1375 1544 diceret
1423 1472 1496 1541 illi
1543 1503 1556 1539 :
1604 1475 1851 1540 Constans

265 1601 385 1659 esto,
417 1593 520 1662 ﬁli,
545 1592 753 1646 remissa
774 1597 898 1643 sunt
925 1589 1057 1641 enim
1085 1585 1172 1638 tibi
1201 1591 1403 1652 peccata
1440 1590 1547 1633 tua.
1592 1579 1682 1634 Sic
1705 1578 1849 1632 enim

266 1687 386 1742 fecit
428 1683 742 1739 interiorem
770 1680 1040 1735 hominem
1071 1676 1274 1732 salvum
1303 1688 1333 1728 a
1363 1669 1635 1746 paralysi,
1662 1669 1849 1724 remit-

267 1777 423 1832 tendo
469 1780 727 1846 peccata,
762 1779 818 1827 et
867 1765 1281 1846 constringendo
1332 1762 1511 1837 (idem.
1546 1760 1653 1816 Sed
1697 1767 1851 1815 erant

264 1868 329 1924 ibi
356 1867 612 1922 homines
634 1905 649 1929 ,
682 1863 772 1935 qui
813 1876 916 1917 non
944 1859 1214 1914 habebant
1239 1854 1422 1909 oculos
1468 1852 1535 1907 ad
1564 1846 1846 1906 videndum

265 1957 569 2024 interiorem
596 1953 945 2026 paralyticum
967 1950 1078 2020 jam
1104 1961 1224 2003 esse
1263 1954 1518 2023 sanatum
1544 1983 1559 2007 ,
1590 1951 1644 1997 et
1673 1941 1846 2000 medi-

264 2065 378 2105 cum
417 2057 704 2103 curantem
749 2049 1066 2116 putaverunt
1113 2036 1592 2116 blasphemantem.
1622 2033 1748 2098 Quis
1777 2039 1849 2086 est

263 2143 359 2208 hic,
391 2141 684 2212 inquiunt,
722 2139 808 2208 qui
847 2145 1054 2206 peccata
1095 2131 1346 2187 dimittit?
1370 2129 1699 2204 Blasphemat
1733 2128 1845 2181 iste.

265 2235 387 2300 Quis
413 2243 581 2303 potest
609 2233 860 2287 dimittere
887 2237 1110 2300 peccata,
1143 2226 1242 2280 nisi
1261 2225 1398 2279 solus
1429 2223 1610 2277 Deus?
1638 2221 1706 2276 Et
1726 2221 1847 2290 quia

263 2327 346 2382 ille
388 2335 508 2382 erat
561 2325 739 2390 Deus,
787 2322 908 2376 talia
957 2320 1255 2389 cogitantes
1298 2313 1593 2385 audiebat(
1619 2312 1746 2367 Lue.
1778 2329 1844 2379 v,

263 2417 325 2472 18
351 2416 424 2470 22
444 2416 491 2488 ).
527 2415 640 2469 Hoc
679 2428 860 2468 verum
891 2412 907 2442 ί
947 2411 1014 2465 de
1041 2410 1150 2462 Deo
1179 2406 1483 2475 cogitabant
1509 2444 1525 2471 ,
1555 2404 1650 2459 sed
1681 2404 1846 2458 Deum

264 2518 586 2576 pnesentem
618 2519 720 2558 non
749 2501 1016 2557 videbant.
1041 2498 1190 2554 Fecit
1210 2512 1339 2567 ergo
1367 2496 1456 2549 ille
1481 2494 1718 2550 medicus
1745 2494 1842 2546 ali-

261 2598 382 2666 quid
409 2606 466 2652 et
496 2597 551 2651 in
581 2609 808 2664 corpore
837 2590 1111 2662 paralytici
1132 2630 1147 2653 ,
1181 2597 1238 2641 ut
1274 2596 1331 2641 et
1359 2576 1568 2642 illorum
1603 2585 1690 2656 qui
1723 2586 1846 2640 talia

263 2689 543 2752 dixerunt,
597 2685 902 2741 interiorem
949 2680 1234 2751 paralysin]
1266 2685 1497 2732 sanaret.
1529 2675 1678 2731 Fecit
1701 2677 1844 2731 enim

260 2783 396 2855 quod
448 2781 739 2843 viderent,
770 2786 822 2832 et
868 2775 1016 2830 dedit
1059 2771 1204 2843 quod
1255 2770 1556 2826 crederent.
1598 2769 1692 2823 Eia
1718 2784 1844 2837 ergo

259 2875 497 2944 quisquis
527 2887 585 2928 es
614 2879 720 2925 tam
751 2868 988 2923 inﬁrmus
1017 2873 1071 2920 et
1099 2865 1358 2934 languens
1383 2861 1564 2922 corde,
1589 2870 1646 2914 ut
1669 2869 1843 2913 atten-

259 2965 386 3021 dens
435 2964 666 3021 humana
697 2959 935 3028 exempla
961 2999 976 3024 ,
1004 2957 1136 3011 velis
1175 2971 1204 3008 a
1235 2953 1388 3008 bonis
1415 2953 1666 3022 operibus
1687 2951 1834 3006 desi-

261 3066 421 3120 stere,
449 3061 502 3109 et
529 3051 756 3123 paralysi
779 3049 1003 3120 quadam
1032 3045 1282 3100 interiore
1303 3043 1592 3098 dissolutus
1612 3057 1691 3105 es,
1717 3056 1837 3112 ago,

260 3147 304 3200 si
346 3157 636 3216 possumus
664 3179 680 3209 ,
711 3150 898 3211 aperto
926 3138 1030 3193 isto
1061 3144 1198 3192 tecto
1227 3133 1541 3190 submittere
1564 3132 1630 3188 ad
1667 3132 1846 3188 Domi-

257 3252 405 3293 ltum.
762 3239 770 3247 “

328 3331 385 3384 ι.
427 3327 690 3385 Dominus
739 3325 879 3380 enim
913 3323 1027 3394 ipse
1057 3322 1109 3376 in
1154 3333 1378 3390 corpore
1409 3332 1506 3373 suo
1527 3357 1544 3383 ,
1589 3315 1730 3387 quod
1764 3323 1847 3370 est

259 3423 525 3485 Ecclesia,
554 3420 736 3491 junior
779 3417 876 3471 fuit
899 3415 1084 3487 primis
1115 3413 1471 3483 tempOribus,
1510 3419 1564 3465 et
1589 3424 1715 3464 ecce
1736 3409 1844 3476 jam

259 3515 455 3570 senuit.
487 3513 686 3577 Nostis,
709 3520 763 3565 et
788 3507 1098 3580 agnoscitis,
1121 3516 1174 3560 et
1195 3504 1506 3574 intelligitis,
1527 3503 1650 3572 quia
1671 3500 1722 3554 in
1746 3501 1846 3554 hoc

259 3607 419 3679 positi
449 3605 614 3670 estis,
659 3613 712 3658 et
761 3603 830 3656 ita
884 3599 1187 3656 credidistis
1211 3640 1225 3664 ,
1255 3597 1378 3668 quia
1407 3604 1562 3665 caput
1606 3602 1846 3648 nostrum

259 3699 507 3754 Christus
533 3705 648 3761 est;
677 3709 873 3764 corpus
909 3690 1098 3763 capitis
1130 3690 1273 3744 illius
1298 3703 1396 3742 nos
1422 3699 1606 3762 sumus
1634 3686 1651 3754 (
1681 3683 1699 3738 l
1727 3682 1844 3738 Cor.

258 3806 350 3855 ιιι,
379 3789 489 3853 27ς
523 3787 711 3858 Ephes.
763 3801 836 3848 tv,
873 3783 1001 3854 15).
1045 3780 1307 3850 Numquid
1352 3779 1448 3833 soli
1479 3794 1611 3841 nos,
1641 3785 1696 3832 et
1741 3791 1848 3830 non

259 3884 428 3938 etiam
457 3883 531 3936 illi
563 3881 652 3952 qui
691 3879 904 3934 fuerunt
941 3885 1064 3931 ante
1093 3888 1192 3929 nos
1211 3875 1236 3927 ?
1261 3872 1458 3927 Omnes
1487 3870 1576 3940 qui
1605 3868 1673 3923 ab
1701 3868 1849 3922 initio

257 3972 449 4029 saeculi
474 3972 688 4025 fuerunt
724 3967 888 4038 justi,
930 3972 1092 4036 caput.
1133 3963 1412 4018 Christum
1435 3959 1650 4014 habent.
1699 3955 1846 4010 Illum

259 4065 411 4118 enim
441 4070 725 4124 venturum
765 4073 886 4113 esse
929 4055 1264 4112 crediderunt
1289 4087 1303 4117 ,
1330 4065 1494 4121 quem
1522 4063 1620 4103 nos
1639 4047 1851 4102 venisse

253 4155 369 4226 jam
404 4153 708 4217 credimus;
741 4159 794 4205 et
816 4148 867 4202 in
897 4149 1014 4217 ejus
1043 4146 1145 4200 fide
1171 4152 1224 4198 et
1272 4142 1370 4212 ipsi
1401 4139 1570 4195 sanati
1598 4145 1722 4192 sunt
1748 4176 1764 4204 ,
1797 4135 1849 4192 in

257 4246 424 4316 cujus
451 4254 505 4299 et
529 4257 625 4298 nos
655 4251 746 4298 :ut
767 4248 977 4296 essetet
1010 4237 1122 4308 ipse
1144 4235 1306 4290 totius
1335 4240 1492 4302 caput
1515 4229 1744 4285 civitatis
1764 4228 1853 4284 Je-

257 4340 507 4396 rusalem
531 4379 547 4404 ,
577 4336 826 4392 omnibus
872 4328 1268 4387 conuumeratis
1313 4325 1556 4381 fidelibus
1601 4322 1669 4376 ab
1702 4321 1853 4376 initio

265 4444 451 4501 usque
475 4429 530 4483 iu
557 4429 734 4490 finem,
758 4423 1021 4494 adjunctis
1047 4420 1205 4476 etiam
1251 4415 1546 4488 legionibus
1565 4422 1618 4468 et
1645 4412 1853 4467 exerci-

259 4521 417 4577 tibus
431 4519 774 4589 Angelorum,
788 4525 846 4570 ut
866 4517 955 4569 fiat
977 4513 1062 4569 illa
1077 4525 1178 4566 una
1196 4509 1382 4565 civitas
1395 4506 1494 4562 sub
1518 4519 1622 4559 uno
1642 4518 1785 4573 rege,
1802 4510 1856 4557 et

261 4631 376 4670 una
391 4611 634 4682 quedam
647 4608 919 4680 provincia
941 4606 1040 4661 sub
1053 4619 1158 4659 uno
1179 4603 1518 4672 imperatore,
1535 4596 1653 4651 felix
1670 4596 1720 4650 in
1737 4611 1856 4665 per-

258 4715 437 4776 petua
457 4717 582 4774 pace
594 4709 649 4756 et
666 4701 858 4763 salute,
874 4697 1096 4753 laudans
1110 4695 1274 4749 Deum
1297 4694 1412 4746 sine
1426 4691 1548 4752 fine,
1567 4690 1716 4743 beata
1742 4686 1858 4741 sine

262 4801 401 4853 line.
424 4795 630 4865 Corpus
654 4790 1061 4854 autemChristi,
1085 4787 1224 4857 quod
1240 4794 1321 4840 est
1337 4781 1569 4838 Ecclesia
1584 4779 1797 4850 (Coloss.
1817 4793 1855 4844 ι,

259 4895 358 4957 18,
389 4890 513 4959 ει),
545 4897 792 4957 tanquam
830 4897 968 4938 unus
996 4881 1208 4953 quidam
1237 4877 1398 4932 homo
1419 4915 1436 4942 ,
1491 4874 1660 4944 primo
1681 4871 1860 4940 junior

258 4985 399 5054 fuit,
429 4990 484 5034 et
507 4994 631 5035 ecce
656 4981 767 5047 jam
799 4977 849 5031 in
881 4976 986 5029 iine
1016 4971 1196 5028 sseculi
1222 4979 1306 5025 est
1332 4969 1383 5022 in
1407 4975 1617 5020 senecta
1642 4961 1856 5034 pingui;

256 5071 530 5146 quoniam
558 5071 624 5124 de
662 5069 749 5124 illa
776 5067 974 5123 dictum
1002 5073 1085 5120 est
1113 5083 1127 5117 :
1156 5061 1334 5116 Adhuc
1359 5057 1773 5129 multiplicabitur
1807 5056 1860 5108 in

218 5169 224 5175 ’
261 5173 480 5222 senecta
523 5161 698 5232 pingui
727 5161 744 5227 (
777 5157 924 5213 Psal.
960 5171 1071 5221 xei,
1107 5155 1172 5209 15
1203 5155 1242 5224 ).
1269 5150 1610 5218 Multiplicata
1661 5156 1742 5200 est
1767 5161 1862 5216 per

262 5269 472 5312 omnes
518 5263 701 5325 gentes
731 5292 748 5317 ,
779 5260 832 5306 et
887 5249 1052 5320 ipsius
1080 5263 1182 5302 vox
1236 5255 1318 5301 est
1360 5241 1686 5298 attendentis
1710 5239 1862 5311 quasi

265 5356 448 5411 unius
467 5351 697 5408 hominis
725 5349 947 5418 primam
985 5353 1196 5401 aetatem
1220 5356 1393 5403 suam,
1416 5349 1469 5394 et
1499 5339 1656 5392 istam
1681 5335 1861 5390 novis-

263 5449 472 5503 simam
500 5485 512 5497 .
540 5442 776 5511 reSpesit
797 5455 892 5510 per
916 5437 1116 5504 omnia,
1145 5436 1267 5505 quia
1289 5447 1479 5488 omnes
1505 5441 1688 5485 :etates
1713 5438 1866 5484 notas

269 5539 446 5594 habet
491 5550 588 5606 per
638 5532 978 5600 Scripturas;
1006 5537 1061 5583 et
1088 5527 1163 5581 ait
1203 5524 1475 5581 exsultans
1501 5532 1555 5576 et
1595 5533 1818 5574 monens
1851 5535 1863 5572 :

266 5629 470 5684 Iunior
523 5626 620 5700 fni,
653 5623 839 5694 primis
869 5619 1196 5690 temporibus
1223 5615 1433 5678 sa-culi;
1461 5622 1506 5667 et
1531 5628 1644 5668 ecce
1687 5609 1866 5674 senui,

272 5737 398 5778 sum
428 5721 586 5774 etiam
617 5713 922 5772 novissimis
953 5709 1279 5780 temporibus
1301 5706 1511 5773 sweuli;
1539 5715 1584 5759 et
1615 5719 1870 5776 nunquam

341 5833 362 5863 ⁸
386 5832 458 5881 sic
478 5828 706 5892 plerique
729 5833 838 5877 Uss.
863 5832 915 5875 At
934 5823 1064 5884 Μὰ,
1089 5821 1300 5872 ret-bunt.

1329 369 1724 428 ENARRATIO
1763 368 1830 426 IN
1872 367 2193 425 PSALMUM
2235 368 2471 424 XXXVI.

3435 371 3542 430 386

1961 479 2062 534 ridi
2101 481 2297 552 justum
2348 479 2640 534 derelictum
2668 521 2682 546 ,
2715 497 2802 535 nee
2841 498 3010 538 semen
3049 485 3158 555 qius
3191 501 3417 556 quarens
3446 502 3540 557 pa-

1960 587 2095 626 nem.

2031 663 2086 719 5.
2127 664 2455 734 Agnovimus
2502 664 2769 720 hominem
2815 665 3080 734 iuniorem
3135 678 3190 724 et
3229 685 3434 739 senem,
3483 681 3539 728 et

1960 762 2210 826 tanquam
2239 765 2428 825 aperto
2456 765 2595 810 lecto
2625 759 2962 826 pervenimus
3003 759 3070 814 ad
3100 761 3387 817 Christum.
3430 763 3537 821 Sed

1958 845 2075 927 quis
2101 854 2181 899 est
2195 846 2390 914 justus,
2405 848 2494 916 qui
2516 863 2623 902 non
2641 856 2722 928 est
2738 848 2880 902 visus
2898 831 3204 917 derelictus,
3227 868 3324 907 nec
3353 869 3537 912 semen

1956 934 2071 1004 ejus
2121 953 2364 1007 quaerens
2407 942 2639 1010 panem?
2668 939 2723 995 Si
2756 942 3005 1012 intelligis
3031 937 3256 1018 panem,
3286 944 3540 1018 intelligis

1955 1025 2127 1080 illum.
2161 1028 2317 1083 Panis
2345 1039 2427 1085 est
2453 1033 2594 1085 enim
2617 1031 2835 1086 verbum
2866 1033 2980 1097 Dei,
3008 1034 3149 1103 quod
3180 1015 3448 1106 nunquam
3462 1015 3535 1093 ab

1955 1131 2050 1172 ore
2066 1117 2192 1186 justi
2218 1119 2460 1175 discedit.
2475 1120 2606 1176 Nam
2637 1131 2692 1177 et
2721 1124 2772 1177 in
2795 1125 2968 1194 capite
2985 1121 3084 1180 suo
3095 1127 3274 1196 justus
3292 1131 3392 1184 iste
3419 1137 3536 1185 ten-

1955 1216 2116 1274 tatus,
2146 1210 2245 1264 hoc
2275 1212 2569 1281 respondit.
2593 1213 2814 1280 Quando
2841 1215 2983 1270 enim
3025 1215 3128 1287 ipsi
3161 1217 3383 1272 Domino
3409 1233 3536 1274 esu-

1954 1300 2112 1355 rienti
2139 1310 2194 1356 et
2219 1301 2412 1358 famem
2453 1305 2673 1374 patienti
2711 1305 2956 1361 diabolus
2997 1306 3072 1361 ait
3103 1326 3118 1363 :
3150 1289 3246 1361 Dic
3281 1309 3538 1379 lapidibus

1953 1394 2062 1482 istis
2109 1403 2162 1447 ut
2197 1412 2352 1464 partes
2398 1397 2560 1466 ﬁant;
2616 1397 2892 1468 reSpondit
2943 1416 2958 1454 ε
3013 1396 3135 1453 Non
3175 1400 3227 1453 in
3255 1397 3365 1455 solo
3405 1417 3538 1470 pane

1952 1485 2068 1538 vivit
2095 1485 2265 1548 Itonia,
2317 1487 2404 1542 sed
2449 1488 2502 1541 in
2552 1489 2688 1542 omni
2729 1489 2873 1568 rerbo
2904 1487 2996 1543 Dei
3023 1489 3256 1568 (Matth.
3280 1506 3352 1560 Iv,
3385 1490 3534 1568 3,4).

1955 1576 2175 1645 Deinde,
2208 1577 2398 1634 fratres
2427 1581 2553 1646 mei,
2580 1567 2860 1656 attendite,
2893 1564 3102 1652 quando
3133 1597 3236 1638 non
3276 1564 3538 1654 faciatju-

1951 1676 2068 1723 stus
2093 1668 2417 1725 voluntatem
2446 1672 2560 1726 Dei.
2583 1671 2804 1741 Semper
2829 1674 2971 1728 enim
2995 1673 3138 1739 facit,
3161 1683 3214 1728 et
3240 1675 3534 1732 secundum

1950 1759 2276 1817 voluntatem
2307 1762 2421 1832 ejus
2449 1763 2856 1818 vivit.Voluntas
2884 1764 2975 1820 Dei
3003 1765 3069 1820 de
3094 1766 3257 1820 corde
3283 1767 3398 1836 ejus
3425 1783 3533 1823 non

1951 1850 2154 1906 recedit
2194 1869 2208 1906 :
2235 1853 2358 1922 quia
2384 1853 2630 1908 voluntas
2652 1853 2742 1908 Dei
2768 1895 2781 1918 ,
2807 1854 2918 1924 ipsa
2946 1844 3030 1910 est
3056 1855 3140 1908 lex
3166 1856 3278 1910 Dei.
3314 1857 3380 1911 Et
3406 1858 3534 1928 quid

1950 1931 2149 1998 dictum
2177 1953 2260 1998 est
2287 1944 2354 1999 de
2384 1944 2512 1999 tali?
2537 1943 2605 1998 Et
2631 1946 2682 1999 in
2727 1933 2833 2015 lege
2856 1947 2964 2016 ejus
2992 1938 3307 2000 meditabitur
3349 1947 3432 2002 die
3472 1965 3534 2003 ac

1950 2043 2094 2099 nocte
2120 2035 2140 2108 (
2171 2033 2314 2089 Psal.
2338 2051 2375 2100 I,
2404 2035 2438 2089 2
2459 2036 2498 2106 ).
2529 2027 2726 2090 Panem
2755 2036 2912 2091 istum
2939 2029 3224 2093 manducas
3249 2046 3352 2092 una
3379 2038 3530 2105 hora,

1951 2133 2004 2179 et
2024 2125 2284 2193 dimittis;
2317 2142 2509 2198 panem
2538 2128 2681 2206 illum
2709 2128 2855 2184 verbi
2889 2113 2975 2184 die
3002 2144 3064 2184 ac
3113 2139 3287 2188 nocte.
3312 2132 3534 2198 Quando

1950 2214 2092 2274 cnim
2119 2218 2294 2286 audis,
2323 2229 2415 2274 aut
2464 2219 2675 2291 quando
2725 2221 2894 2290 legis,
2943 2209 3272 2288 manducas;
3323 2222 3535 2293 quando

1901 2356 1908 2360 .
1950 2306 2074 2364 inde
2102 2309 2304 2380 cogitas
2331 2346 2348 2378 ,
2380 2309 2615 2365 ruminas
2639 2352 2654 2377 ,
2683 2319 2741 2390 ut
2763 2311 2838 2365 sis
2865 2312 3062 2366 animal
3104 2313 3358 2368 mundum
3377 2355 3393 2380 ,
3427 2329 3535 2370 non

1949 2399 2282 2480 immundum
2314 2403 2352 2482 ⁸(
2396 2402 2599 2481 Leniat
2644 2401 2686 2472 ).
2730 2402 2883 2470 Quod
2936 2402 3200 2482 significat
3235 2405 3396 2460 etiam
3445 2420 3535 2460 sa-

1949 2492 2145 2568 pientia
2178 2509 2272 2562 per
2314 2478 2657 2548 'Saiomonem
2695 2493 2877 2548 dicens
2907 2510 2920 2548 :
2956 2478 3242 2555 Tliesaurus
3275 2495 3537 2550 desidera-

1948 2581 2062 2636 bilis
2087 2583 2347 2652 rcquiescit
2371 2585 2422 2636 in
2465 2600 2551 2638 ore
2574 2583 2814 2655 sapientis
2839 2600 2857 2648 ;
2882 2584 2958 2637 vir
2981 2594 3148 2638 autem
3176 2585 3357 2640 stultus
3381 2577 3531 2658 glutit

1947 2674 2094 2730 illum
2141 2673 2336 2746 (Prov.
2373 2691 2501 2738 ιιι,
2531 2674 2600 2729 20
2624 2675 2668 2746 ).
2718 2674 2817 2740 Qui
2872 2678 3013 2730 enim
3045 2677 3197 2746 glutit
3219 2717 3234 2742 ,
3264 2686 3322 2730 ut
3349 2694 3453 2732 non
3482 2680 3535 2734 in

1949 2767 2039 2820 illo
2065 2776 2317 2838 appareat
2363 2767 2503 2837 quod
2526 2766 2752 2832 voravit,
2781 2766 2978 2822 oblitus
3007 2776 3090 2821 est
3119 2767 3260 2836 quod
3304 2769 3531 2823 audivit.

1947 2855 2046 2922 Qui
2071 2866 2249 2911 autem
2279 2871 2386 2910 non
2417 2868 2497 2912 est
2521 2857 2738 2921 oblitus,
2771 2857 2963 2926 cogitat
2993 2897 3010 2920 ,
3040 2869 3094 2911 et
3139 2859 3420 2928 cogitando
3446 2873 3537 2914 ru-

1949 2947 2154 3014 minat,
2193 2947 2511 3002 ruminando
2557 2946 2870 3002 delectatur.
2916 2945 3068 3001 Unde
3116 2946 3310 3002 dicitur
3339 2964 3354 3002 :
3385 2945 3536 3018 Cogi-

1946 3042 2069 3094 tatio
2096 3051 2270 3095 sancta
2294 3040 2507 3120 servabit
2534 3049 2581 3093 te
2610 3040 2629 3111 (
2663 3037 2824 3094 Prov.’
2849 3055 2908 3106 ιι,
2941 3039 3000 3094 ll
3026 3040 3065 3110 ).
3099 3039 3165 3094 Et
3189 3054 3313 3094 ecce
3337 3039 3383 3108 si
3412 3055 3531 3095 ser-

1948 3143 2038 3187 vat
2066 3141 2116 3187 te
2145 3133 2200 3186 in
2237 3131 2592 3187 ruminatione
2634 3131 2782 3201 panis
2820 3129 2978 3201 hujus
3018 3141 3202 3186 sancta
3242 3131 3530 3202 cogitatio,

1948 3241 2203 3296 nunquam
2232 3225 2400 3279 vidisti
2415 3225 2614 3296 justum
2630 3223 2943 3290 derelictum,
2969 3237 3059 3276 nec
3083 3237 3250 3278 semen
3262 3223 3379 3295 pejus
3397 3237 3535 3293 qus."-

1948 3335 2065 3374 rens
2094 3333 2298 3388 panem.

2019 3410 2072 3466 6.
2115 3409 2264 3483 [vers.
2291 3406 2406 3480 26.]
2449 3407 2573 3462 Tota
2597 3409 2678 3462 die
2712 3408 2992 3485 miseretur,
3031 3417 3080 3462 et
3115 3407 3392 3476 feneratur.
3425 3394 3534 3462 Fe-

1949 3512 2154 3558 neratur
2182 3501 2394 3572 quidem
2427 3500 2590 3555 latine
2618 3499 2845 3562 dicitur,
2874 3507 2928 3553 et
2953 3499 3040 3568 qui
3071 3497 3162 3553 dat
3188 3507 3450 3564 mutuum,
3479 3504 3537 3554 et

1949 3594 2037 3666 qui
2084 3594 2274 3664 accipit
2316 3610 2331 3648 :
2375 3590 2580 3662 planius
2607 3589 2708 3645 hoc
2739 3600 2916 3644 autem
2955 3589 3168 3655 dicitur,
3211 3589 3258 3646 si
3295 3588 3536 3646 dieamtts

1950 3688 2162 3758 fenerat.
2191 3684 2326 3752 Quid
2360 3684 2426 3737 ad
2471 3699 2569 3737 nos
2595 3681 2721 3752 quid
2750 3680 3080 3751 grammatici
3110 3679 3313 3735 νιιῖηιῖ
3349 3679 3536 3735 Melius

1952 3778 2003 3834 in
2045 3777 2374 3833 barbarismo
2402 3783 2586 3830 nostro
2616 3788 2711 3827 vos
2733 3772 3047 3841 intelligitis,
3081 3786 3238 3842 quam
3271 3771 3322 3825 in
3353 3779 3536 3825 nostra

1951 3869 2320 3927 disertitudine
2359 3883 2455 3923 vos
2491 3866 2691 3923 deserti
2719 3865 2886 3921 eritis.
2930 3865 3071 3935 Ergo
3105 3863 3284 3934 jusms
3309 3866 3406 3926 iste
3435 3872 3540 3917 tota

1951 3963 2033 4016 die
2057 3961 2316 4015 miseretur
2338 4000 2354 4025 ,
2383 3968 2429 4014 et
2457 3962 2668 4029 fenerat.
2715 3955 2822 4013 Sed
2851 3971 2955 4010 non
2982 3955 3245 4028 gaudeant
3273 3955 3540 4010 fencrato~

1951 4069 2059 4110 res.
2091 4053 2390 4108 Invenimus
2415 4051 2556 4106 enim
2583 4047 2866 4120 quemdam
2897 4047 3270 4113 feneratorem,
3298 4048 3435 4102 sicut
3455 4046 3543 4100 in-

1955 4146 2196 4200 venimus
2241 4142 2524 4214 quemdam
2575 4155 2762 4210 pauem
2803 4157 2815 4192 :
2851 4149 2907 4194 ut
2936 4139 3134 4209 ubique
3176 4147 3361 4208 aperto
3400 4147 3543 4194 tecto

1955 4237 2329 4306 perveniamus
2355 4232 2420 4286 ad
2451 4232 2740 4286 Christum.
2773 4228 2909 4284 Nolo
2947 4227 3065 4284 sitis
3105 4226 3460 4294 feneratores,
3487 4233 3546 4284 et

1957 4325 2076 4381 ideo
2117 4324 2261 4390 nolo,
2288 4323 2410 4392 quia
2451 4321 2592 4376 Deus
2622 4334 2727 4374 non
2769 4320 2901 4374 vult.
2943 4317 3074 4374 Nam
3107 4317 3153 4372 si
3193 4331 3292 4387 ego
3315 4316 3461 4383 nolo,
3489 4324 3545 4372 et

1957 4420 2100 4475 Deus
2123 4418 2252 4481 vult,
2287 4417 2460 4486 agite:
2491 4414 2534 4469 si
2555 4422 2732 4468 autem
2755 4412 2896 4467 Deus
2917 4425 3021 4466 non
3046 4409 3179 4474 vult,
3207 4408 3416 4465 etiamsi
3436 4422 3541 4478 ego

1956 4509 2172 4584 vellem,
2204 4506 2345 4562 malo
2387 4519 2486 4560 suo
2524 4511 2707 4574 ageret
2749 4501 2838 4572 qui
2882 4508 3084 4571 ageret.
3129 4497 3282 4555 Unde
3323 4506 3547 4570 apparet

1957 4604 2123 4659 Deum
2153 4601 2256 4656 hoc
2283 4598 2465 4654 nolle?
2496 4597 2701 4652 Dictum
2730 4602 2815 4650 est
2835 4593 2939 4648 alio
2969 4593 3086 4649 loco
3110 4609 3123 4648 :
3153 4591 3252 4658 Qui
3279 4591 3545 4663 pecuniam

1959 4711 2102 4749 suam
2127 4709 2226 4747 non
2249 4690 2386 4745 dedit
2405 4689 2473 4744 ad
2501 4704 2706 4744 usuram
2733 4684 2903 4758 (Psal.
2930 4699 3038 4749 xw,
3059 4683 3140 4756 5).
3174 4683 3240 4739 Et
3263 4699 3424 4755 quam
3449 4682 3546 4740 de-

1963 4787 2205 4845 testabile
2247 4788 2349 4852 sit,
2399 4798 2558 4854 quam
2604 4781 2872 4843 odiosum,
2920 4793 3078 4849 quam
3131 4775 3545 4842 exsecrandum,

1963 4892 2092 4954 puto
2115 4881 2236 4952 quia
2261 4890 2314 4934 et
2341 4877 2440 4948 ipsi
2468 4875 2795 4954 feneratores
2825 4875 3107 4928 noverunt.
3139 4869 3342 4925 Rursus
3367 4877 3545 4924 autent

1963 4952 2062 5044 ego
2085 4974 2218 5044 ipse,
2251 4971 2357 5025 imo
2387 4952 2523 5025 Deus
2551 4975 2751 5030 noster,
2779 4963 2867 5034 qui
2893 4971 2945 5019 te
2975 4962 3222 5032 prohibet
3245 4977 3364 5018 esse
3393 4962 3544 5019 fene-

1964 5076 2216 5128 ratorem,
2257 5061 2406 5131 jubet
2450 5069 2502 5114 te
2527 5072 2648 5112 esse
2678 5055 3068 5118 feneratorem;
3106 5062 3162 5109 et
3197 5053 3392 5111 dicitur
3431 5053 3549 5120 tibi,

1967 5159 2167 5214 Fenera
2191 5157 2317 5210 Deo.
2347 5153 2402 5207 Si
2430 5151 2639 5206 feneras
2663 5147 2883 5213 homini,
2917 5146 3084 5203 habes
3109 5161 3295 5216 spem;
3327 5151 3382 5200 et
3403 5144 3446 5208 si
3471 5144 3550 5199 fe-

1968 5264 2125 5305 neras
2153 5249 2281 5309 Deo,
2309 5259 2457 5314 spem
2483 5257 2587 5296 non
2617 5239 2870 5295 habebis?
2895 5239 2951 5294 Si
2972 5238 3296 5294 fenerat-eris
3322 5235 3548 5304 homini,
3585 5254 3587 5256 ·

1970 5341 2020 5396 id
2067 5348 2167 5405 est,
2212 5347 2448 5392 mutuam
2488 5333 2766 5404 pecuniam
2797 5341 2938 5386 tuam
2966 5329 3177 5384 dederis
3198 5370 3212 5394 ,
3262 5343 3292 5382 a
3322 5342 3426 5397 quo
3454 5327 3541 5382 ali.

1968 5431 2094 5503 quid
2125 5431 2241 5501 plus
2269 5443 2425 5498 quam
2455 5424 2645 5480 dedisti
2684 5429 2961 5490 exspectes
2989 5421 3267 5488 accipere;
3311 5433 3417 5472 non
3463 5433 3539 5487 po-

1970 5522 2182 5579 cuniam
2226 5520 2415 5580 solam,
2465 5515 2556 5572 sed
2600 5512 2799 5584 aliquid
2827 5513 2944 5584 plus
2973 5525 3130 5581 quam
3175 5509 3388 5574 dedisti,
3443 5509 3554 5566 sive

1931 5626 1948 5644 '
1974 5614 2102 5670 illud
2134 5610 2360 5668 triticum
2389 5610 2478 5676 sit,
2507 5609 2618 5663 sive
2643 5607 2843 5670 vinum,
2875 5604 2986 5658 sive
3013 5603 3207 5664 oleum,
3241 5601 3354 5655 sive
3381 5601 3536 5671 quod»

1975 5708 2104 5764 libet
2131 5704 2268 5760 aliud
2293 5719 2310 5770 ;
2343 5702 2386 5757 si
2427 5702 2542 5772 plus
2565 5714 2722 5771 quam
2747 5694 2942 5750 dedisti
2985 5706 3264 5763 exspectas
3289 5693 3548 5760 accipere,

1977 5803 2245 5858 fenerator
2270 5813 2349 5863 es,
2377 5803 2432 5851 et
2459 5794 2510 5853 in
2539 5793 2641 5849 hoc
2671 5785 3070 5860 improbandus,
3103 5799 3208 5840 non
3237 5783 3548 5838 laudandus.
