4042 6478
515 380 618 442 387

515 501 648 569 Quid
686 515 832 570 ergo,
864 498 1059 569 initiis,
1099 491 1255 563 l'acio,
1284 505 1339 550 ut
1369 495 1468 551 sim
1505 493 1701 552 utiliter
1729 497 1745 528 ‘
1776 495 2082 551 fenerator?

513 590 745 646 Attende
783 589 909 660 quid
945 588 1070 644 facit
1097 587 1382 642 fenerator.
1413 585 1587 640 Minus
1611 585 1724 640 vult
1758 585 1886 641 dare
1918 594 2080 652 certe,

499 683 568 739 'et
605 683 721 752 plus
761 682 1001 752 accipere
1033 698 1047 734 :
1076 679 1179 734 hoc
1207 679 1289 734 lac
1323 688 1377 734 et
1411 687 1499 744 tu;
1536 678 1602 733 da
1631 677 1868 743 modica,
1905 678 2084 746 accipe

510 789 720 844 magna.
762 771 897 827 Vide
928 787 1083 842 quam
1110 771 1214 826 late
1242 779 1446 826 crescat
1476 769 1627 824 fenus
1657 779 1822 823 tuum.
1854 769 1926 821 Da
1951 777 2084 822 tem-

508 865 732 934 poralia,
765 864 944 932 accipe
971 871 1169 917 aeterna
1197 879 1212 917 τ
1239 861 1304 916 da
1333 870 1545 925 terram,
1577 859 1756 928 accipe
1775 859 1987 914 caelum.
2016 859 2083 914 Et

508 957 590 1011 cui
635 935 794 1021 dabo,
841 954 974 1008 forte
998 952 1170 1008 dicis?
1209 951 1325 1022 ipse
1366 949 1619 1005 Dominus
1661 950 1898 1021 procedit
1923 963 2080 1019 quem

510 1049 736 1113 teneres,
770 1047 858 1116 qui
889 1047 981 1100 tibi
1008 1045 1224 1116 jubebat
1252 1059 1319 1099 ne
1346 1043 1634 1097 lenerares.
1677 1041 1811 1096 Audi
1839 1041 2079 1112 Scriptu-

506 1155 621 1194 ram
643 1180 658 1205 ,
690 1135 956 1209 quomodo
998 1138 1207 1192 teneres
1235 1137 1515 1190 Dominum
1545 1153 1558 1189 :
1609 1134 1820 1188 Fenerat
1840 1173 1855 1201 ,
1888 1135 2076 1204 inquit,

505 1231 800 1295 Dominum,
825 1232 910 1302 qui
929 1230 1189 1284 miseretur
1216 1229 1452 1299 pauperis
1474 1226 1653 1298 (Prov.
1677 1240 1792 1294 ιιι,
1825 1228 1936 1296 l7).
1963 1226 2076 1281 Non

505 1325 644 1381 enim
675 1332 796 1394 eget
831 1337 859 1376 a
901 1331 952 1378 te
981 1319 1254 1386 Dominus,
1298 1319 1390 1374 sed
1420 1319 1585 1374 habes
1623 1319 1784 1373 alium
1823 1319 1911 1388 qui
1950 1332 1980 1372 a
2025 1325 2077 1373 te

505 1423 658 1488 egeat
683 1434 697 1470 :
727 1417 799 1470 illi
827 1415 1070 1486 porrigis,
1095 1414 1183 1469 ille
1208 1412 1417 1483 accipit.
1449 1413 1564 1468 Non
1592 1413 1732 1467 enim
1763 1410 1922 1465 habet
1949 1425 2077 1481 pau-

503 1521 600 1579 per
623 1507 761 1578 quod
787 1507 880 1561 tibi
907 1505 1198 1562 retribuat:
1226 1512 1278 1559 et
1299 1512 1472 1560 tamen
1496 1505 1607 1572 ipse
1627 1503 1735 1558 vult
1757 1503 2072 1570 retribuere,

503 1607 557 1654 et
584 1616 687 1654 non
718 1599 918 1654 invenit
943 1598 1102 1670 quid;
1132 1598 1243 1653 sola
1285 1599 1338 1653 in
1365 1598 1455 1652 illo
1485 1605 1726 1652 remanet
1750 1596 2074 1652 benevolen-

499 1691 573 1746 tia
612 1691 798 1747 orandi
836 1706 932 1762 pro
979 1697 1050 1747 te.
1095 1690 1227 1746 Cum
1268 1699 1443 1744 autem
1488 1704 1686 1759 pauper
1718 1695 1836 1744 orat
1873 1705 1968 1759 pro
1999 1700 2070 1756 te,

501 1790 752 1853 tanquam
780 1783 887 1837 Deo
924 1781 1051 1837 dicit
1076 1799 1090 1835 :
1125 1782 1364 1848 Domine,
1392 1790 1629 1836 mutuum
1657 1779 1856 1850 accepi,
1885 1779 2074 1837 lidedic

500 1889 587 1929 me
614 1877 659 1928 ².
690 1874 917 1930 Proinde
945 1884 998 1929 et
1022 1874 1066 1929 si
1094 1889 1195 1929 non
1229 1882 1377 1929 tenes
1406 1887 1692 1944 pauperem
1723 1873 2070 1940 redditorem,

500 1969 594 2024 sed
632 1967 878 2023 idoneum
923 1977 1072 2023 tenes
1102 1967 1488 2038 fideiussorem.
1537 1967 1675 2022 Ecce
1719 1966 1857 2022 Deus
1884 1967 1978 2021 tibi
2005 1966 2072 2023 de

498 2057 766 2128 Scriptura
789 2073 882 2113 sua
909 2058 1033 2114 dicit
1067 2077 1080 2113 :
1112 2057 1184 2112 Da
1211 2067 1450 2122 securus,
1470 2071 1568 2128 ego
1590 2057 1774 2112 reddo.
1797 2057 2072 2125 Quomodo

499 2151 672 2205 solent
704 2150 881 2206 dicere
910 2149 1284 2219 ﬁdeiussores?
1306 2149 1429 2219 quid
1461 2149 1643 2204 dicunt
1663 2149 1722 2202 ’ἲ
1747 2148 1859 2219 Ego
1881 2148 2066 2213 reddo,

498 2253 598 2309 ego
625 2241 844 2310 accipio,
877 2239 1004 2293 mihi
1032 2237 1148 2293 das.
1178 2239 1499 2292 Putamusne
1531 2248 1584 2293 et
1608 2237 1712 2292 hoc
1739 2237 1866 2292 dicit
1893 2237 2068 2293 Deus:

500 2327 613 2398 Ego
633 2329 854 2398 accipio,
881 2328 1008 2383 mihi
1038 2328 1171 2383 das?
1215 2328 1374 2382 Plane
1403 2329 1446 2382 si
1473 2327 1613 2384 Deus
1636 2328 1897 2393 Christus,
1929 2329 2068 2399 quod

498 2434 604 2474 non
634 2419 936 2486 dubitatur,
976 2420 1090 2489 ipse
1131 2419 1304 2474 dixit:
1337 2418 1568 2486 Esurivi,
1617 2429 1662 2474 et
1700 2420 1906 2474 dedistis
1945 2419 2071 2473 mihi

497 2509 821 2563 manducare.
862 2509 1073 2564 Etcum
1105 2507 1179 2564 illi
1208 2509 1475 2574 dicerent,
1511 2509 1727 2575 Quando
1768 2520 1816 2564 te
1857 2509 2069 2565 uidimus

497 2600 795 2654 esurientem
817 2600 843 2653 γ
867 2607 924 2654 ut
951 2599 1255 2655 ostenderet
1277 2615 1335 2656 se
1362 2615 1648 2670 pauperum
1677 2600 2063 2671 iidejuss’orem,

495 2688 732 2744 omnium
771 2689 1128 2745 membrorum
1173 2699 1387 2746 suomm
1432 2705 1778 2760 sponsorem;
1827 2692 1945 2762 quia
1977 2691 2068 2746 ille

495 2790 671 2849 caput,
715 2780 788 2834 illi
815 2781 1072 2849 membra,
1103 2789 1299 2836 etcum
1325 2782 1589 2852 accipiunt
1624 2783 1878 2848 membra,
1909 2793 2068 2854 caput

494 2871 686 2940 accipit
733 2887 747 2926 :
808 2871 932 2926 Cum
983 2872 1107 2936 uni,
1167 2872 1370 2940 inquit,
1425 2889 1487 2926 ea:
1542 2873 1620 2926 his
1678 2873 1896 2927 minimis
1945 2873 2067 2928 meis

494 2961 715 3030 fecistis,
775 2962 898 3014 milii
949 2957 1154 3033 fecistis.
1209 2953 1343 3029 Eia,
1393 2973 1550 3016 arare
1593 2960 1892 3026 fenerator,
1945 2963 2067 3018 vide

493 3053 617 3123 quid
665 3053 878 3121 dedisti,
929 3055 1050 3109 vide
1092 3054 1216 3124 quid
1263 3064 1573 3124 accepturus
1611 3056 1700 3109 es!
1741 3054 1795 3110 Si
1827 3054 2065 3111 dedisses

491 3159 714 3214 paucam
746 3145 1044 3215 pecuniam,
1085 3155 1137 3200 et
1183 3146 1270 3199 ille
1296 3146 1379 3199 cui
1416 3145 1638 3200 dederas
1665 3160 1760 3215 pro
1786 3161 1945 3215 parva
1973 3161 2066 3215 pe-

492 3236 647 3290 cunia
679 3244 762 3289 tua
793 3233 942 3289 daret
969 3235 1060 3289 tibi
1089 3249 1330 3305 magnam
1351 3234 1548 3301 villam,
1583 3235 2068 3306 incomparabiliter

491 3325 718 3396 'amplius
745 3326 1008 3381 valentem
1040 3340 1194 3396 quam
1221 3325 1446 3380 dederas
1481 3335 1534 3379 tu
1561 3326 1864 3396 pecuniam;
1893 3341 2065 3397 quan-

494 3425 575 3473 tas
620 3415 814 3487 gratias
865 3431 1069 3486 ageres,
1115 3425 1310 3487 quanta
1356 3417 1536 3471 laetitia
1581 3416 1872 3472 tolleret-is!
1925 3417 2064 3472 Audi

493 3523 648 3579 quam
677 3511 1067 3580 possessionem
1097 3508 1188 3564 det
1230 3525 1386 3579 quem
1418 3509 1666 3565 fenerasti
1699 3527 1713 3564 :
1757 3509 1949 3577 Venite,
1979 3511 2064 3566 be-

493 3603 675 3656 nedicti
725 3601 892 3655 Patris
931 3601 1047 3666 mei,
1097 3601 1350 3670 percipite.
1402 3595 1576 3667 Quid?
1623 3601 1763 3671 quod
1801 3601 2065 3656 dedistis?

493 3695 662 3747 Absit.
710 3691 942 3746 Terrena
990 3691 1227 3755 dedistis,
1276 3705 1392 3759 qua:
1431 3690 1475 3744 si
1527 3706 1632 3745 non
1677 3689 1977 3756 dedissetis,
2009 3691 2064 3746 in

495 3793 636 3838 terra
664 3790 1050 3852 putrescerent.
1078 3780 1212 3848 Quid
1239 3780 1380 3834 enim
1411 3780 1532 3835 inde
1561 3779 1794 3835 facturus
1820 3795 1985 3847 esses,
2018 3782 2063 3836 si

493 3889 597 3929 non
644 3872 917 3927 dedisses?
955 3871 1106 3938 Quod
1137 3873 1423 3941 periturum
1451 3880 1564 3925 erat
1603 3871 1654 3925 in
1687 3879 1846 3937 terra,
1881 3886 2062 3926 serva-

474 3972 602 4024 ,tum
626 3972 706 4017 est
736 3963 788 4016 in
818 3961 975 4016 ccelo.
1011 3962 1148 4030 Ergo
1171 3961 1310 4031 quod
1338 3970 1606 4016 servatum
1633 3972 1712 4016 est
1736 3997 1750 4027 ,
1786 3962 1886 4016 hoc
1914 3977 2066 4018 acce-

494 4052 635 4122 pturi
665 4066 867 4106 sumus.
907 4052 1182 4106 Servatum
1209 4061 1292 4107 est
1321 4052 1564 4106 meritum
1594 4068 1610 4106 :
1639 4053 1808 4107 factus
1835 4061 1920 4108 est
1949 4053 2064 4109 the-

493 4155 682 4198 saurus
721 4150 839 4196 tuus
865 4143 1110 4197 meritum
1143 4151 1311 4196 tuum.
1353 4143 1484 4197 Nam
1514 4142 1635 4199 vide
1659 4143 1787 4214 quid
1814 4145 1886 4199 sis
1913 4160 2065 4200 acce-

493 4243 679 4304 pturus
711 4253 724 4290 :
776 4231 1027 4302 Percipite
1053 4250 1260 4304 regnum
1276 4273 1291 4297 ,
1329 4233 1463 4302 quod
1485 4233 1620 4288 vobis
1645 4243 1882 4305 paratum
1906 4243 1978 4290 est
2002 4236 2064 4290 ab

491 4323 635 4377 initio
657 4323 853 4376 mundi.
875 4321 1092 4386 Contra,
1120 4323 1193 4376 illi
1225 4324 1314 4394 qui
1337 4323 1578 4379 fenerare
1604 4325 1906 4391 noluerunt,
1936 4325 2062 4396 quid

494 4414 742 4469 audient?
772 4411 850 4466 Ite
873 4414 925 4467 in
950 4414 1114 4483 ignem
1137 4424 1398 4479 retentum,
1429 4414 1515 4484 qui
1543 4424 1748 4484 paratus
1769 4423 1841 4468 est
1866 4414 2064 4468 diabolo

491 4515 542 4560 et
563 4507 754 4577 angelis
779 4506 906 4575 ejus.
956 4505 1024 4559 Et
1050 4505 1176 4574 quid
1201 4513 1419 4560 vocatur
1456 4521 1675 4575 regnum
1707 4507 1845 4576 quod
1872 4506 2066 4575 accipi-

492 4600 649 4653 mus?
672 4599 944 4653 Attendite
971 4602 1240 4666 sequentia
1276 4615 1288 4651 :
1321 4597 1420 4652 Isti
1440 4599 1579 4652 ibunt
1603 4601 1655 4654 in
1676 4600 2064 4654 combustionem

492 4701 749 4753 cternam,
803 4690 924 4755 justi
950 4699 1115 4742 autem
1153 4691 1202 4742 in
1231 4691 1379 4743 vitam
1420 4701 1654 4745 tetcrnam
1695 4691 1903 4764 (Matth.
1932 4707 2061 4758 xxv,

495 4779 708 4848 54-36).
756 4780 833 4834 Ad
863 4779 963 4834 hoc
982 4779 1198 4844 ambite,
1233 4781 1332 4834 hoc
1356 4783 1536 4844 emite,
1569 4781 1633 4835 ad
1665 4781 1766 4835 hoc
1806 4780 2059 4837 lenerate.

495 4872 712 4927 Habetis
739 4871 1006 4925 Christum
1035 4871 1086 4924 in
1130 4871 1266 4926 cmlo
1289 4870 1560 4925 sedentem
1583 4913 1596 4936 ,
1629 4872 1681 4926 in
1718 4879 1857 4926 terra
1884 4883 2066 4943 peten-

495 4974 622 5020 tcm.
651 4964 948 5018 Invenimus
971 4965 1233 5032 quomodo
1263 4963 1463 5020 retieret
1485 4963 1678 5034 justus.
1710 4965 1836 5020 Tota
1865 4967 1944 5020 die
1972 4969 2065 5020 mi-

493 5064 698 5115 seretur,
729 5063 774 5107 et
800 5057 1009 5125 fenerat.

564 5147 614 5200 7.
658 5145 724 5200 Et
749 5162 914 5200 semen
943 5148 1050 5216 ejus
1073 5147 1123 5199 in
1151 5145 1484 5201 benedictione
1503 5148 1611 5201 erit.
1639 5148 1706 5202 Et
1731 5149 1817 5203 hic
1844 5163 1948 5202 non
1971 5164 2062 5204 oc-

491 5247 670 5293 currat
696 5239 922 5292 carnalis
949 5238 1216 5306 cogitatio.
1242 5237 1494 5292 Videmus
1517 5238 1711 5294 multos
1736 5240 1871 5294 lilios
1897 5240 2066 5309 justo-

494 5345 610 5384 rum
655 5329 791 5383 fame
841 5330 1125 5383 morientes
1158 5347 1170 5382 :
1216 5331 1484 5398 quomodo
1518 5346 1645 5400 ergo
1668 5348 1833 5386 semen
1869 5333 1977 5403 ejus
2014 5333 2066 5386 in

498 5423 836 5477 benedictione
860 5423 994 5476 erit?
1023 5422 1214 5477 Semen
1241 5423 1354 5493 ejus
1383 5423 1616 5494 reliquize
1636 5423 1770 5494 ejus,
1805 5425 1942 5478 unde
1983 5424 2067 5480 hic

557 5560 574 5588 ί
599 5557 670 5605 sic
687 5563 790 5604 Mss.
817 5561 872 5602 At
892 5553 1023 5611 add,
1050 5551 1193 5602 utilis.

557 5620 577 5650 ¹
603 5626 700 5667 Duo
723 5623 848 5675 Mss,
867 5613 1195 5675 {idejussorem
1215 5613 1351 5663 dovte.
1371 5621 1504 5675 Tres,
1524 5612 1621 5670 ﬁde
1641 5627 1762 5672 mea,
1779 5619 1953 5667 omisso
1968 5615 2084 5670 dic.’

493 5681 629 5729 Corb.
651 5687 757 5745 διε..
780 5673 876 5740 fide
899 5673 993 5745 duo
1015 5687 1091 5726 me
1115 5688 1131 5725 :
1156 5677 1348 5736 melius,
1371 5674 1588 5740 fidedic;
1612 5684 1666 5729 ut
1688 5679 1826 5742 infra,
1851 5681 2068 5745 001.599,

496 5755 620 5792 ctrca
645 5737 788 5789 linem
822 5753 869 5786 n.
897 5737 972 5786 :25.

559 5804 580 5839 ³
601 5802 819 5867 Plerique
843 5807 966 5862 3135.,
992 5797 1170 5848 dicant.

1746 382 1801 439 s.
1835 371 2197 440 auersum
2231 368 2531 447 spissum

2190 503 2433 569 seminat,
2473 513 2526 558 et
2553 512 2733 572 postea
2767 513 2946 561 metet.
2995 499 3235 578 Namque
3278 509 3564 580 Apostolus
3590 513 3763 570 dicit:

2186 589 2383 646 Bonum
2409 603 2574 648 autem
2608 595 2845 666 facientes
2869 611 2968 651 non
3009 597 3305 666 deficiamus
3327 617 3347 654 :
3385 610 3606 672 tempore
3631 606 3765 661 enim

2185 699 2277 736 suo
2303 694 2535 738 metemus
2556 685 2908 756 infatigabiles.
2936 685 3115 756 Itaque
3133 688 3251 742 dunt
3276 700 3468 763 tempus
3493 693 3755 764 habemus,

2185 775 2278 842 ait,
2318 791 2583 846 operemur
2619 778 2800 831 bonum
2845 779 2914 831 ad
2941 795 3111 834 omnes
3141 779 3280 850 (Gal.
3313 798 3386 850 vr,
3415 783 3494 854 9).
3543 785 3654 842 Hoc
3679 791 3764 844 est

2185 881 2366 923 semen
2399 879 2564 935 tuum,
2590 871 2731 941 quod
2771 872 2872 927 erit
2896 872 2951 926 in
2976 872 3366 931 benedictione.
3391 877 3571 935 Terra:
3607 896 3762 935 com-

2185 959 2371 1025 mittis,
2400 968 2454 1015 et
2495 969 2640 1017 tanto
2665 963 2891 1032 amplius
2920 963 3124 1035 colligis
3155 981 3168 1018 :
3204 965 3419 1022 Christo
3447 971 3759 1042 committis,

2183 1057 2237 1104 et
2263 1049 2477 1121 perdis?
2503 1051 2634 1106 Vide
2672 1052 2842 1122 ipsum
2881 1065 3058 1110 semen
3090 1055 3394 1124 espressius
3431 1059 3761 1116 nominatum

2181 1139 2249 1194 ab
2275 1141 2550 1210 Apostolo,
2590 1156 2709 1196 cum
2745 1141 2812 1196 de
2840 1142 3195 1216 eleemosynis
3224 1145 3446 1202 diceret.
3475 1147 3587 1203 l‘loc
3613 1151 3760 1205 enim

2180 1232 2252 1286 ait
2280 1251 2294 1290 :
2323 1233 2418 1312 Qui
2445 1250 2592 1304 parce
2615 1234 2849 1301 seminat,
2890 1251 3046 1304 parce
3073 1245 3120 1290 et
3145 1247 3327 1304 metet;
3355 1246 3402 1292 et
3437 1239 3764 1309 quiaenu'nat

2178 1322 2231 1375 in
2274 1322 2709 1391 benedictionibus,
2749 1326 2811 1378 de
2839 1323 3262 1382 benedictionibus
3286 1337 3335 1382 et
3362 1338 3508 1386 metet
3531 1330 3598 1403 (ll
3633 1329 3756 1386 Cor.

2181 1429 2253 1478 ιχ,
2285 1412 2363 1483 6).
2403 1413 2507 1468 Sed
2534 1414 2741 1469 laboras
2771 1415 2906 1471 forte
2928 1431 3048 1471 cum
3079 1418 3312 1472 seminas
3335 1459 3349 1485 ,
3377 1428 3430 1474 et
3458 1420 3608 1476 doles
3635 1437 3758 1478 cum

2178 1505 2463 1570 misereris,
2495 1505 2615 1575 quia
2642 1506 2864 1561 miseros
2891 1507 3057 1563 vides.
3087 1507 3275 1565 Melius
3299 1511 3439 1566 enim
3467 1511 3758 1583 aliquando

2178 1611 2281 1651 non
2308 1595 2617 1652 habebimus
2645 1596 2835 1668 quibus
2859 1599 2959 1653 ista
2983 1599 3190 1655 demus.
3217 1600 3351 1656 Cum
3381 1617 3566 1658 omnes
3592 1605 3644 1658 in
3666 1605 3756 1662 ,ἰη-

2177 1685 2568 1756 corruptionem
2590 1687 3074 1753 commutabuntur,
3098 1690 3272 1745 nullus
3292 1693 3490 1748 esuriet
3511 1694 3594 1748 cui
3620 1709 3750 1765 pore

2177 1776 2316 1847 rigas
2341 1791 2550 1846 panem,
2581 1777 2758 1832 nullus
2781 1777 2924 1833 sitiet
2950 1779 3035 1833 cui
3061 1778 3158 1834 des
3185 1789 3388 1850 potum,
3441 1783 3619 1839 nullus
3652 1800 3760 1838 nua

2175 1864 2273 1926 dus
2297 1870 2399 1926 erit
2417 1881 2572 1940 quem
2598 1871 2812 1938 vestias,
2851 1869 3028 1925 nullus
3057 1872 3365 1941 peregrinus
3393 1889 3553 1943 quem
3580 1876 3758 1930 susci-

2175 1962 2288 2032 pias
2317 1979 2330 2017 :
2361 1961 2446 2017 hic
2469 1967 2647 2016 autem
2670 1961 2808 2016 inter
2835 1976 3121 2027 aerumnas,
3146 1963 3484 2028 tentationes,
3516 1963 3753 2032 dolores,

2174 2055 2421 2124 gemitus,
2453 2054 2712 2108 mittimus
2741 2068 2944 2108 semen.
2987 2054 3092 2109 Sed
3137 2056 3345 2124 respice
3381 2055 3448 2109 ad
3491 2057 3758 2125 psalmum

2173 2145 2336 2200 alium
2365 2159 2379 2199 :
2412 2142 2602 2199 Euntes
2635 2145 2795 2209 ibant,
2825 2154 2871 2199 et
2898 2144 3107 2214 ﬁebant,
3152 2147 3401 2200 mittentes
3427 2148 3616 2199 semina
3639 2163 3757 2202 sua.

2172 2234 2419 2299 Attende,
2447 2235 2566 2304 quia
2593 2250 2760 2289 semen
2786 2235 2895 2304 ejus
2921 2235 2974 2288 in
3003 2234 3344 2289 benedictione
3367 2236 3459 2289 erit
3484 2250 3503 2290 :
3539 2235 3750 2290 Venien~

2174 2336 2245 2380 tes
2273 2335 2441 2380 autem
2463 2327 2656 2381 venient
2675 2342 2790 2380 cum
2809 2327 3157 2393 exsultatione,
3188 2335 3443 2398 portantes
3464 2329 3754 2398 manipulos

2170 2432 2288 2471 suos
2313 2416 2482 2488 (Psal.
2505 2432 2665 2484 cxxv,
2691 2416 2771 2488 6).

2240 2508 2294 2564 8.
2337 2507 2484 2582 [vers.
2512 2507 2627 2582 27.]
2666 2507 2798 2564 Vide
2821 2523 2948 2580 ergo
2968 2508 3108 2579 quod
3135 2508 3392 2579 sequitur,
3417 2517 3472 2564 et
3502 2509 3606 2564 noli
3632 2523 3758 2566 esse

2171 2599 2321 2669 piger
2350 2615 2363 2652 :
2397 2597 2607 2652 Declina
2633 2615 2664 2652 a
2689 2597 2844 2663 malo,
2872 2608 2918 2652 et
2943 2603 3026 2670 fac
3055 2599 3257 2654 bonum.
3299 2599 3416 2654 Noli
3443 2600 3535 2655 tibi
3563 2609 3755 2671 putare

2171 2689 2433 2755 sufﬁcere,
2463 2687 2509 2743 si
2539 2701 2643 2743 non
2672 2688 2937 2758 exspolias
2965 2689 3238 2743 vestitum.
3267 2689 3383 2744 Non
3406 2690 3757 2762 exspoliando

2171 2780 2310 2834 enim
2331 2781 2576 2836 vestitum
2609 2821 2624 2847 ,
2649 2780 2922 2836 decliuasti
2950 2794 2980 2834 a
3008 2780 3151 2834 maio
3180 2798 3194 2834 :
3226 2780 3319 2835 sed
3347 2781 3456 2836 noli
3483 2796 3753 2848 arescere,

2171 2879 2224 2927 et
2246 2873 2439 2926 sterilis
2463 2887 2600 2928 esse.
2634 2871 2722 2927 Sic
2760 2871 2867 2925 noli
2904 2872 3202 2941 exspoliare
3241 2874 3519 2937 vestitum,
3557 2883 3616 2927 ut
3655 2889 3758 2930 ve-

2171 2962 2298 3016 stias
2318 2961 2552 3016 nudum:
2586 2961 2686 3017 hoc
2701 2973 2782 3018 est
2807 2963 2947 3018 enim
2977 2963 3289 3018 declinarea
3313 2964 3474 3030 malo,
3498 2962 3757 3020 etfacere

2170 3053 2386 3107 bonum.
2431 3052 2499 3108 Et
2526 3053 2650 3123 quid
2697 3053 2820 3108 inde
2849 3052 3076 3118 habebo,
3121 3052 3358 3107 dicturus
3381 3053 3479 3108 es?
3507 3052 3624 3107 Jam
3653 3053 3753 3109 tibi

2169 3142 2559 3198 commendavit
2584 3142 2672 3197 ille
2699 3157 2856 3212 quem
2888 3142 3098 3196 l'cneras
3123 3182 3138 3206 ,
3169 3141 3296 3214 quid
3327 3141 3420 3196 tibi
3449 3141 3632 3197 dabit:
3662 3143 3750 3197 vi-

2171 3243 2275 3288 tam
2314 3242 2566 3288 mtcrnam
2596 3233 2741 3304 dabit
2784 3231 2913 3297 tibi;
2944 3231 3011 3286 da
3056 3232 3128 3287 illi
3174 3246 3413 3287 securus.
3449 3231 3588 3287 Audi
3613 3241 3668 3286 et
3696 3231 3754 3287 id

2169 3323 2308 3394 quod
2334 3324 2573 3394 sequitur
2601 3339 2614 3378 :
2645 3322 2858 3377 Declina
2879 3339 2910 3375 a
2934 3323 3088 3387 malo,
3129 3332 3176 3376 et
3205 3322 3287 3392 fac
3329 3323 3544 3388 bonum;
3587 3333 3633 3376 et
3669 3324 3756 3376 in-

2170 3417 2340 3470 habila
2365 3417 2418 3470 in
2445 3416 2631 3470 saecula
2667 3415 2985 3470 surculorum.
3029 3414 3094 3468 Et
3120 3415 3230 3468 noli
3259 3426 3446 3485 putare
3479 3430 3600 3470 cum
3631 3415 3751 3480 das,

2167 3507 2310 3580 quod
2359 3522 2519 3562 nemo
2565 3517 2616 3562 te
2668 3506 2876 3571 videat;
2918 3513 3010 3560 aut
3068 3506 3191 3575 quia
3244 3506 3442 3560 deserit
3488 3514 3541 3561 te
3585 3507 3750 3569 Deus,

2167 3598 2378 3667 quando
2407 3597 2544 3654 forte
2580 3596 2794 3652 dederis
2825 3594 3062 3666 pauperi,
3109 3603 3164 3649 et
3205 3603 3549 3650 consecutum
3590 3595 3754 3652 fuerit

2169 3690 2383 3760 aliquod
2426 3690 2700 3755 damnum,
2733 3699 2823 3743 aut
2864 3689 3042 3757 aliqua
3072 3688 3285 3743 tristitia
3313 3689 3391 3743 rei
3420 3689 3651 3753 amissae,
3693 3699 3755 3744 et

2168 3781 2313 3836 dicas
2367 3781 2458 3834 tibi
2508 3798 2520 3834 :
2574 3779 2708 3847 Quid
2755 3777 2949 3847 proluit
2991 3778 3127 3833 bona
3172 3792 3259 3832 me
3309 3777 3496 3833 fecisse
3548 3779 3753 3848 opera?

2169 3869 2304 3926 Puto
2363 3882 2468 3925 non
2537 3877 2677 3923 amat
2737 3869 2874 3922 Deus
2942 3867 3182 3923 homines
3233 3869 3330 3938 qui
3389 3867 3750 3924 benefaeiunt.

2169 3963 2320 4020 Unde
2347 3965 2444 4017 ista
2472 3971 2644 4017 vestra
2674 3960 3142 4025 submurmuratio,
3176 3959 3316 4014 unde
3347 3960 3446 4014 iste
3471 3960 3750 4029 strepitus,

2168 4057 2271 4111 nisi
2318 4056 2438 4125 quia
2486 4052 2754 4108 abundant
2795 4053 2912 4106 ista:
2955 4052 3144 4106 voces?
3191 4050 3562 4121 Unusquisque
3588 4049 3754 4105 modo

2169 4145 2438 4217 cognoscit
2467 4144 2561 4198 has
2587 4157 2768 4208 voces,
2798 4150 2890 4196 aut
2917 4143 2968 4196 in
2997 4157 3091 4197 ore
3117 4156 3235 4207 suo,
3272 4151 3364 4195 aut
3391 4142 3443 4195 iu
3469 4156 3562 4196 ore
3586 4141 3753 4198 vicini

2169 4238 2282 4301 sui,
2332 4245 2422 4289 aut
2459 4236 2511 4289 in
2563 4249 2658 4290 ore
2709 4232 2866 4288 amici
2910 4232 3013 4288 sui.
3070 4232 3251 4286 Deleat
3289 4231 3406 4285 illas
3450 4231 3630 4298 Deos,
3685 4239 3750 4286 et

2170 4327 2423 4394 exstirpet
2440 4325 2617 4393 spinas
2641 4323 2709 4378 de
2731 4336 2858 4391 agro
2885 4336 2983 4374 suo
3009 4339 3023 4374 :
3057 4320 3256 4390 plantet
3296 4318 3499 4389 frugem
3529 4319 3748 4387 bonam,

2169 4427 2221 4472 et
2245 4416 2487 4471 arborem
2531 4413 2873 4468 l‘rueti’leram.
2904 4410 3042 4480 Quid
3067 4412 3210 4466 enim
3233 4412 3576 4466 contristatus
3603 4426 3683 4472 es,
3713 4427 3752 4465 0

2170 4509 2350 4575 homo,
2377 4509 2499 4578 quia
2527 4506 2716 4561 dedisti
2747 4505 2986 4576 pauperi,
3007 4513 3061 4558 et
3083 4505 3184 4558 alia
3213 4503 3524 4573 perdidiSti?
3559 4502 3752 4559 Nonne

2170 4602 2316 4656 vides
2335 4599 2458 4670 quia
2491 4598 2764 4669 perdidisti
2791 4597 2930 4668 quod
2953 4611 3058 4649 non
3081 4594 3312 4649 dedisti?
3338 4593 3513 4662 Quare
3537 4609 3640 4647 non
3665 4610 3756 4648 re-

2169 4695 2329 4765 spicis
2356 4692 2422 4746 ad
2451 4693 2616 4746 Deum
2648 4689 2835 4744 tuum?
2880 4687 2980 4744 Ubi
3009 4695 3092 4741 est
3127 4685 3303 4741 ﬁdes?
3326 4701 3490 4755 quare
3517 4685 3594 4739 sic
3619 4685 3753 4740 dor-

2169 4786 2303 4840 mit?
2333 4784 2516 4838 Excita
2545 4783 2688 4836 illam
2720 4782 2771 4835 in
2807 4779 2969 4836 corde
2997 4787 3107 4833 tuo.
3138 4777 3369 4834 Attende
3390 4776 3515 4846 quid
3543 4775 3636 4831 tibi
3662 4776 3754 4830 di-

2169 4879 2307 4934 xerit
2352 4878 2464 4947 ipse
2498 4875 2775 4940 Dominus,
2821 4871 3035 4943 Quando
3064 4879 3118 4925 te
3143 4869 3209 4925 ad
3257 4869 3557 4938 huiusmodi
3583 4883 3754 4936 opera

2169 4971 2306 5027 b0ua
2334 4969 2718 5025 exhortabatur
2758 4985 2772 5020 :
2807 4965 2983 5019 Facite
3012 4963 3148 5017 vobis
3174 4962 3400 5016 sacculos
3427 4979 3526 5016 non
3559 4973 3756 5018 uelem-

2171 5071 2383 5124 scentes,
2416 5060 2702 5114 thesaurum
2725 5074 2824 5111 non
2845 5055 3157 5124 deficientem
3178 5055 3230 5107 in
3251 5051 3409 5119 caelis,
3428 5069 3526 5123 quo
3545 5058 3630 5124 fur
3647 5068 3755 5109 non

2170 5153 2360 5207 accedit
2388 5151 2533 5221 (an.
2562 5166 2654 5215 xu,
2679 5147 2791 5220 53).
2841 5147 2954 5201 Hoc
2977 5159 3104 5216 ergo
3129 5156 3508 5209 commemora,
3537 5144 3755 5212 q‘uaudc

2171 5243 2380 5316 plangis
2405 5244 2461 5295 in
2487 5241 2703 5295 damno.
2751 5236 2888 5304 Quid
2929 5235 3107 5305 ploras
3134 5232 3293 5286 stulte
3323 5230 3473 5302 parvi
3505 5232 3520 5261 ¹
3549 5230 3757 5295 cordis,

2171 5345 2264 5390 aut
2282 5350 2386 5389 non
2413 5333 2528 5387 sani
2556 5329 2765 5385 cordis?
2789 5328 2964 5394 Quare
3003 5323 3296 5394 perdidisti,
3329 5323 3429 5376 nisi
3458 5321 3578 5391 quia
3617 5320 3759 5376 mihi

2173 5443 2277 5482 non
2297 5421 2645 5479 commodasti
2665 5419 2726 5473 'i
2749 5418 2924 5485 Quare
2951 5412 3263 5486 perdidisti?
3287 5411 3416 5479 Quis
3443 5412 3532 5466 tibi
3563 5410 3761 5466 abstu-

2172 5519 2266 5574 lit?
2293 5511 2693 5585 Respondebis:
2726 5510 2854 5566 Fur.
2885 5507 3072 5563 Nonne
3103 5505 3202 5560 hoc
3222 5513 3273 5558 te
3303 5516 3754 5573 praemonueram,

2175 5625 2240 5666 ne
2271 5609 2340 5663 ibi
2368 5619 2592 5677 poneres
2613 5618 2719 5672 quo
2743 5600 2827 5654 iur
2856 5608 3034 5668 posset
3053 5593 3348 5652 accedere?
3371 5593 3427 5649 Si
3450 5607 3576 5660 ergo
3601 5591 3722 5647 doli
3737 5606 3762 5649 t

2238 5744 2253 5775 ι
2281 5742 2355 5790 sic
2376 5746 2482 5789 Mss.
2508 5743 2560 5786 Al.
2580 5734 2713 5791 add»
2737 5744 2891 5801 imm:
2955 5790 2982 5801 _.

2240 5807 2261 5837 ¹
2283 5812 2474 5866 Septem
2499 5807 2621 5858 5:55.,
2647 5793 3003 5846 continendam".
