4042 6470
248 373 345 429 389
1344 368 1737 425 ENARRATIO
1777 366 1841 424 IN
1881 366 2201 424 PSALMUM
2244 364 2481 425 XXXVI.

245 488 329 559 qui
361 486 623 557 perdidit,
657 487 760 544 ltoc
781 486 977 551 doleat,
1004 484 1124 557 quia
1155 499 1259 541 non
1285 485 1353 542 ibi
1378 487 1554 555 posuit
1576 484 1825 556 undepe-

246 580 349 633 rire
380 593 485 630 non
515 579 710 647 potuit.
1420 638 1426 643 ,

312 670 359 725 9-
406 667 561 740 [κη.
588 668 707 742 28.]
749 670 1000 739 Quoniam
1041 669 1290 724 Dominus
1314 680 1450 723 amat
1478 668 1748 741 judicium,
1778 676 1826 724 et

243 780 340 817 non
359 762 674 830 daelinquet
704 774 901 818 sanctos
922 781 1059 819 suos.
1080 764 1301 830 Quando
1327 765 1599 834 patiuntur
1618 764 1825 820 labores

244 853 430 918 sancti,
466 854 633 910 nolite
664 865 852 925 putare
879 856 1001 925 quia
1032 870 1137 909 non
1167 841 1558 923 judicatDeus,
1589 864 1682 909 aut
1708 871 1825 925 per-

244 952 393 998 verse
414 936 641 1013 iudicat.
672 946 772 1013 Qui
795 954 846 1000 te
872 955 1052 1001 monet
1076 956 1129 1000 ut
1146 947 1286 1015 juste
1306 946 1531 1015 judices,
1564 947 1675 1016 ipse
1701 962 1823 1015 per-

243 1048 390 1091 verse
409 1032 747 1102 judicatu‘rus
771 1037 895 1091 est?
923 1035 1070 1090 Amat
1091 1038 1178 1091 ille
1196 1037 1471 1107 judicium,
1495 1048 1540 1090 et
1563 1054 1663 1092 non
1683 1039 1825 1091 dere-

244 1120 430 1192 linquet
468 1130 673 1181 sanctos
704 1142 840 1182 suos.
880 1126 984 1183 Sed
1015 1141 1121 1197 quo
1160 1127 1319 1183 modo
1357 1128 1425 1183 sit
1454 1127 1471 1160 ί
1517 1130 1823 1183 abscondita

242 1215 377 1283 apud
426 1216 579 1271 illum
608 1219 712 1272 vita
741 1229 1071 1284 sanctorum,
1101 1227 1159 1273 ut
1200 1220 1291 1290 qui
1318 1220 1475 1275 modo
1496 1218 1743 1275 laborant
1772 1221 1822 1275 in

243 1316 401 1373 terra,
450 1296 606 1376 quasi
643 1320 881 1379 tempore
928 1311 1118 1366 hiemis
1155 1313 1374 1367 arbores
1420 1326 1522 1365 non
1570 1311 1824 1365 habentes

241 1396 467 1451 fructum
500 1407 555 1453 et
598 1401 718 1461 folia
740 1443 755 1466 ,
798 1403 889 1457 illo
925 1413 1213 1471 apparente
1260 1411 1505 1472 tanquam
1538 1417 1676 1456 novo
1712 1402 1823 1457 sole

240 1497 447 1553 exorto,
476 1489 604 1547 illud
622 1492 763 1559 quod
794 1493 841 1546 in
869 1493 1044 1549 radice
1061 1495 1289 1560 vivebat,
1316 1495 1367 1547 in
1390 1491 1644 1547 fructibus
1659 1505 1823 1562 appa-

240 1584 366 1632 reat.
393 1579 549 1631 Amat
570 1596 697 1649 ergo
724 1581 809 1635 ille
818 1582 1093 1648 judicium,
1117 1592 1163 1636 et
1181 1599 1281 1636 non
1302 1582 1608 1653 derelinquet
1626 1591 1823 1635 sanctos

239 1684 367 1742 suos.
391 1669 502 1724 Sed
532 1670 736 1725 laborat
760 1685 975 1727 sanctus
1003 1675 1054 1728 in
1083 1675 1252 1729 fame?
1278 1674 1392 1728 Non
1416 1675 1561 1729 illum
1585 1674 1821 1729 derelin-

238 1770 358 1828 quct
379 1760 525 1815 Deus
549 1780 561 1814 :
586 1761 1038 1833 ﬂagellatomnem
1058 1766 1239 1831 lilium,
1258 1781 1414 1835 quem
1432 1766 1615 1836 recipit
1632 1767 1649 1834 (
1666 1764 1820 1819 Hebr.

238 1862 324 1914 xu,
347 1850 428 1921 ὅ).
452 1851 764 1908 Conteumis
786 1856 930 1909 illum
956 1856 1165 1925 quando
1180 1856 1495 1927 ﬂagellatur,
1515 1856 1822 1926 expavescis

238 1943 443 2011 quando
469 1944 691 1999 ditatur.
723 1946 871 2001 Unde
886 1950 1028 2005 enim
1047 1949 1375 2019 ﬂagellatur?
1395 1949 1666 2006 Pressuris
1689 1957 1823 2003 tem-

240 2036 526 2103 poralibus.
542 2037 764 2105 Quando
775 2040 1062 2095 ditabitur?
1077 2041 1299 2107 Quando
1315 2041 1511 2107 audiet,
1542 2039 1732 2098 Venite.
1748 2040 1823 2092 be-

238 2128 415 2181 ttedicti
437 2128 613 2183 Patris
633 2134 745 2195 mei,
768 2135 1007 2203 percipite
1022 2151 1249 2205 regnum,
1271 2135 1407 2205 quod
1425 2135 1559 2188 uobis
1586 2144 1821 2203 paratum

237 2230 302 2271 est
328 2222 391 2274 ab
420 2217 570 2276 initio
598 2224 793 2278 mundi.
837 2224 951 2279 Noli
982 2240 1110 2296 ergo
1139 2227 1283 2297 piger
1305 2241 1424 2282 esse
1450 2225 1699 2295 ﬂagellari
1721 2266 1737 2293 ,
1765 2232 1823 2279 ut

238 2311 305 2365 sis
326 2313 469 2367 inter
488 2328 587 2368 eos
605 2315 695 2385 qui
713 2325 983 2371 merentur
1004 2316 1186 2387 recipi.
1211 2317 1387 2387 Usque
1413 2317 1547 2371 adeo
1570 2316 1658 2370 ille
1678 2324 1821 2371 amat

233 2404 510 2472 judicium,
536 2414 594 2460 ut
631 2422 737 2461 non
766 2408 1093 2478 derelinquat
1121 2412 1141 2442 ³
1168 2418 1402 2473 sanctos,
1433 2424 1566 2479 quos
1591 2408 1822 2478 ﬂagellat

236 2493 300 2548 ad
324 2503 556 2564 tempus.
580 2496 643 2549 Et
671 2498 920 2567 quoniam
952 2500 1180 2569 ﬂagellat
1205 2516 1415 2554 omnem
1445 2500 1631 2564 tilium,
1662 2514 1819 2568 quem

235 2586 441 2656 recipit,
480 2603 581 2643 nec
622 2588 787 2644 Unico
815 2594 1074 2661 pepercit,
1104 2592 1155 2646 in
1184 2608 1290 2662 quo
1318 2591 1570 2647 delictum
1599 2606 1704 2645 non
1733 2590 1817 2645 in-

235 2680 394 2732 venit.
430 2679 685 2745 Quoniam
711 2682 955 2738 Dominus
978 2694 1115 2738 amat
1134 2686 1406 2755 judicium,
1453 2694 1500 2738 et
1536 2702 1636 2738 non
1674 2684 1817 2737 dere-

233 2769 421 2838 linquet
467 2782 669 2828 sanctos
702 2790 837 2827 suos.
870 2775 1000 2840 Quia
1043 2792 1170 2847 ergo
1205 2792 1309 2831 non
1335 2791 1429 2831 eos
1467 2776 1815 2846 derelinqnct,

233 2856 368 2914 forte
398 2859 500 2915 hoc
524 2863 604 2915 eis
631 2862 777 2917 dabit
806 2865 944 2935 quod
975 2865 1059 2919 hic
1092 2881 1240 2921 amas
1265 2907 1280 2932 ,
1320 2866 1517 2921 multos
1544 2880 1715 2920 annos
1745 2865 1821 2918 vi-

230 2957 395 3017 rere,
428 2956 753 3011 senescere?
794 2956 908 3010 Non
953 2957 1183 3012 attendis
1225 2958 1348 3027 quia
1392 2957 1437 3012 si
1485 2966 1818 3012 senectutem

230 3050 383 3110 optas
407 3046 612 3110 venire,
643 3044 781 3102 hanc
809 3057 965 3117 Optas
988 3049 1057 3103 de
1080 3065 1182 3119 qua
1213 3065 1335 3103 cum
1361 3049 1565 3105 venerit
1586 3063 1820 3119 conque-

230 3134 389 3187 raris.
423 3133 539 3189 Non
582 3136 675 3190 tibi
722 3152 849 3207 ergo
877 3138 1015 3191 dicat
1045 3139 1243 3204 anima,
1292 3139 1376 3193 vel
1423 3140 1578 3202 mala,
1621 3140 1704 3193 vel
1742 3140 1820 3194 in-

230 3224 405 3291 lirma,
436 3226 518 3281 vel
565 3228 781 3296 parvula
824 3247 837 3283 :
885 3230 1162 3296 Quomodo
1192 3248 1374 3286 verum
1424 3242 1524 3296 est,
1571 3231 1821 3288 Dominus

228 3327 368 3370 uiuat
386 3318 665 3387 judicium,
685 3330 734 3375 et
763 3338 863 3375 non
888 3323 1194 3393 derelinquet
1217 3336 1417 3381 sanctos
1436 3328 1593 3380 suos?
1616 3328 1820 3382 Revera

230 3424 335 3465 non
364 3407 655 3480 dereliquit
695 3420 804 3465 tres
834 3400 1027 3481 pueros
1067 3415 1117 3468 in
1143 3416 1353 3470 camino
1384 3416 1678 3481 laudantes,
1715 3433 1821 3473 non

228 3515 324 3555 eos
354 3502 534 3571 tetigit
562 3504 698 3572 ignis
735 3505 897 3573 (Dan.
940 3522 1018 3573 tu,
1058 3506 1150 3579 50)
1177 3526 1191 3563 τ
1225 3510 1479 3579 numquid
1507 3511 1674 3563 sancti
1706 3513 1820 3579 ejus

230 3590 519 3647 Ἀπικιιωί
546 3609 647 3647 non
669 3606 841 3661 erant,
872 3599 957 3666 qui
988 3600 1039 3651 in
1070 3599 1278 3668 ignibus
1304 3599 1616 3654 defecerunt
1636 3615 1817 3667 carne,

229 3697 336 3737 non
370 3683 479 3737 [ide
507 3683 570 3755 (ll
601 3684 777 3741 Maeli.
803 3703 893 3750 vn,
925 3688 1021 3759 7)?
1047 3689 1152 3743 Sed
1194 3690 1313 3753 hoc,
1342 3690 1540 3759 inquis,
1564 3691 1821 3759 majorem

229 3774 584 3842 qumodonem
628 3775 808 3843 habet,
835 3778 956 3847 quia
985 3794 1103 3834 cum
1149 3779 1251 3835 title
1277 3780 1345 3834 illi
1377 3796 1479 3835 non
1506 3780 1819 3844 defecerint,

229 3863 320 3918 ille
348 3864 476 3919 illos
497 3864 856 3935 dercliquerit.
882 3870 1015 3925 Audi
1040 3871 1182 3939 quod
1211 3872 1481 3942 sequitur:
1504 3871 1568 3927 In
1583 3883 1823 3928 sternunt

226 3958 675 4013 comebantur.
698 3958 778 4015 'l‘u
803 3977 999 4032 paucos
1023 3978 1194 4017 annos
1215 3965 1293 4019 eis
1322 3963 1562 4034 optabas,
1592 3979 1724 4035 quos
1745 3966 1823 4019 eis

228 4050 273 4103 si
312 4049 477 4104 daret
515 4050 790 4118 Dominus,
837 4069 941 4107 non
991 4054 1386 4125 derelinqueret
1424 4065 1635 4110 sanctos
1672 4070 1819 4123 suos.

231 4140 529 4197 Visibiliter
568 4158 674 4197 non
724 4144 1007 4215 dereliquit
1043 4155 1151 4200 tres
1202 4162 1432 4216 pueros.
1473 4147 1677 4203 occulte
1716 4163 1822 4203 non

226 4231 531 4302 dereliquit
586 4232 915 4290 Machabmos
977 4254 991 4290 :
1056 4236 1161 4292 illis
1220 4238 1376 4292 etiam
1443 4238 1591 4293 dedit
1663 4240 1822 4293 vitam

227 4324 584 4395 temporalem
629 4324 696 4381 ad
730 4327 1135 4383 'conlundendos
1180 4330 1454 4396 inﬁdeles;
1489 4332 1607 4386 illus
1646 4341 1821 4386 autem

228 4415 449 4469 occulte
501 4416 772 4471 coronavit
813 4416 881 4471 ad
928 4417 1265 4487 iudicandam
1326 4420 1652 4489 impietatem
1706 4437 1827 4491 per-

226 4504 499 4560 secutoris
539 4523 551 4559 :
592 4522 690 4563 nec
755 4508 873 4563 illos
922 4518 1096 4565 tamen
1128 4551 1143 4577 ,
1188 4526 1284 4565 nec
1329 4512 1448 4567 illos
1504 4512 1821 4582 dereliquit,

224 4599 318 4667 qui
346 4614 459 4652 non
487 4598 790 4669 derelinquet
816 4613 1017 4656 sanctos
1045 4620 1183 4657 suos.
1210 4604 1275 4658 Et
1304 4604 1431 4659 ttihil
1461 4621 1705 4673 magnum
1735 4621 1825 4659 ac-

224 4702 495 4763 ceperunt
522 4701 628 4747 tres
653 4695 823 4763 pueri,
859 4696 902 4749 si
934 4711 1040 4749 non
1070 4696 1121 4749 in
1151 4707 1408 4751 aeternum
1439 4712 1827 4754 conservaren-

226 4794 336 4840 tur.
371 4783 443 4838 In
470 4794 707 4839 internum
726 4788 1165 4841 conservabuntur.

297 4876 394 4931 10.
443 4873 627 4945 lnjusti
649 4886 816 4930 autem
845 4878 1130 4947 punientur,
1161 4887 1207 4931 et
1222 4894 1388 4933 semen
1412 4880 1679 4949 impiorum
1707 4897 1823 4949 per-

224 4967 340 5020 ibit.
374 4964 659 5032 Quomodo
697 4980 881 5021 semen
921 4967 1058 5022 illius
1092 4969 1143 5021 in
1189 4969 1557 5024 benedictione
1582 4972 1716 5036 erit,
1748 4973 1826 5026 sic

224 5075 400 5113 semen
428 5058 697 5126 impiorum
718 5060 914 5129 peribit.
944 5059 1139 5115 Semen
1170 5062 1309 5115 enim
1334 5062 1635 5130 impiorum,
1662 5077 1823 5131 apcra

226 5151 543 5221 impiorum.
568 5150 697 5206 Nam
716 5152 1012 5208 invenimus
1034 5168 1245 5208 rursum
1270 5155 1433 5209 lilium
1458 5155 1601 5224 impii
1625 5155 1817 5211 ﬂorere

225 5244 280 5297 in
312 5243 552 5309 saeculo,
596 5252 649 5298 et
696 5243 979 5315 aliquando
1024 5245 1139 5300 ﬁeri
1172 5246 1391 5314 justum,
1435 5256 1490 5301 et
1537 5245 1727 5301 ﬂorere
1772 5248 1821 5302 in

220 5334 473 5390 Christo.
506 5335 636 5389 Vide
661 5350 791 5403 ergo
814 5336 1080 5405 quomodo
1108 5336 1354 5406 accipias,
1386 5348 1443 5393 ut
1470 5346 1665 5393 tectum
1696 5354 1823 5407 ape-

224 5428 360 5491 rias,
388 5437 448 5481 et
475 5426 539 5481 ad
567 5426 838 5481 Christum
868 5430 1146 5498 pervenias
1178 5446 1192 5481 :
1236 5429 1345 5485 noli
1374 5430 1677 5494 carnaliter,
1702 5446 1822 5484 nam

224 5517 541 5589 decipieris.
564 5518 667 5571 Sed
695 5533 878 5575 semen
910 5520 1214 5589 impiorum,
1242 5522 1419 5577 omnia
1440 5536 1600 5591 Opera
1632 5521 1823 5590 impio-

225 5626 348 5663 rum
406 5609 673 5676 peribunt,
730 5610 955 5664 fructum
1002 5628 1106 5665 non
1146 5612 1455 5667 habebunt:
1512 5612 1577 5667 ad
1618 5623 1824 5682 tempus

262 5726 313 5833 ᾧ
341 5723 418 5770 sic
443 5728 544 5771 uss.
574 5728 629 5772 Αι
643 5721 773 5771 ald;
793 5722 883 5773 sed
907 5722 1141 5789 quomodo
1156 5722 1180 5776 3’
1195 5722 1271 5777 sic
1292 5722 1569 5777 abscondita
1590 5732 1660 5779 est
1674 5726 1822 5792 apud,

225 5796 332 5832 etc.

291 5850 313 5877 ³
336 5853 446 5895 Mss.
469 5843 773 5907 derelinquit.

3408 388 3513 445 590

1934 482 2077 538 enim
2103 483 2301 553 aliquid
2321 486 2527 549 valent;
2556 495 2735 556 postea
2760 502 3018 560 quaerent,
3046 505 3097 551 et
3119 512 3220 553 nou
3240 498 3511 559 invenient

1930 573 2074 643 quod
2119 575 2319 644 operati
2367 585 2515 634 sunt.
2570 577 2702 633 Nam
2749 582 3079 650 perdentium
3118 590 3259 657 quod
3304 597 3509 662 operati

1931 676 2078 731 sunt,
2124 681 2221 721 vos
2260 667 2365 722 erit
2389 667 2476 721 illa
2506 686 2518 721 :
2566 668 2701 734 Quid
2728 672 2867 726 nobis
2891 675 3081 743 profuit
3113 683 3367 748 superbia,
3419 697 3510 741 aut

1926 756 2051 824 quid
2099 755 2381 811 divitiarum
2432 759 2645 827 jactatio
2688 764 2897 817 contulit
2954 764 3136 821 nobis!
3185 768 3509 833 Transierunt

1929 850 2100 901 omnia
2125 850 2215 904 illa
2235 860 2471 921 tanquam
2496 855 2669 908 umbra
2689 854 2841 927 (Sep.
2870 871 2924 927 ν,
2955 858 3034 931 8).
3064 860 3206 932 Ergo
3228 870 3508 923 sementim-

1930 940 2130 1009 piorunt
2153 942 2349 1009 peribit.

2001 1032 2089 1087 ll.
2133 1032 2280 1105 [uers.
2306 1033 2420 1108 29.]
2450 1035 2585 1091 Justi
2613 1039 2900 1095 Ita’reditate
2939 1045 3259 1111 possidebunt
3301 1060 3506 1108 terram

1930 1121 2135 1178 Rursus
2162 1126 2380 1180 avaritia
2409 1142 2512 1183 non
2542 1128 2811 1198 subrepat,
2838 1147 2936 1187 nec
2961 1134 3049 1189 tibi
3068 1137 3296 1207 aliquam
3328 1141 3503 1199 villam

1928 1229 2172 1284 magnam
2204 1218 2492 1285 promittat,
2536 1235 2602 1275 ne
2627 1220 2768 1291 quod
2803 1222 2889 1277 hic
2908 1224 3113 1293 juberis
3136 1239 3503 1300 contemnere,

1928 1304 1999 1358 ibi
2028 1321 2228 1374 speres.
2268 1309 2427 1363 Terra
2467 1320 2551 1364 est
2583 1314 2823 1381 qua-dam
2861 1316 2945 1369 illa
2988 1319 3251 1390 vivorum,
3284 1340 3503 1395 regnum

1928 1404 2251 1451 sanctorum.
2282 1398 2431 1454 Unde
2456 1400 2665 1465 dicitur,
2701 1404 2828 1472 Spes
2867 1423 2976 1461 mea
3002 1425 3053 1463 es
3089 1419 3165 1477 tu,
3210 1417 3376 1483 portio
3396 1434 3509 1472 mea

1927 1484 1979 1538 in
2009 1494 2139 1539 terra
2159 1488 2376 1542 uioomm
2403 1489 2570 1560 (Psal.
2603 1507 2741 1557 cxu,
2772 1495 2847 1565 6).
2879 1497 3008 1552 Nam
3036 1511 3089 1554 et
3114 1502 3158 1555 si
3184 1505 3291 1558 vita
3312 1513 3399 1560 tua
3417 1506 3507 1562 illa

1926 1585 2028 1640 est,
2075 1577 2308 1649 intellige
2336 1582 2545 1649 qualem
2590 1591 2783 1639 terram
2826 1599 3137 1659 accepturus
3173 1594 3267 1647 sis.
3305 1594 3395 1651 Illa
3424 1608 3509 1653 est

1927 1672 2067 1718 terra
2109 1667 2394 1723 viventium
2428 1688 2439 1723 :
2489 1671 2601 1727 hmc
2629 1683 2711 1728 est
2738 1684 2912 1732 autem
2956 1687 3096 1735 terra
3140 1685 3503 1753 morientium,

1926 1764 2200 1825 receptura
2250 1769 2485 1815 mortuos
2527 1779 2660 1832 quos
2707 1768 2923 1822 nutrivit
2963 1770 3129 1826 vivos.
3165 1773 3345 1841 Qualis
3378 1793 3507 1848 ergo

1925 1845 2013 1900 illa
2058 1856 2217 1914 terra,
2260 1850 2379 1904 talis
2414 1860 2467 1906 et
2505 1854 2618 1921 ipsa
2650 1856 2791 1910 vita:
2835 1858 2879 1913 si
2914 1870 3111 1916 aeterna
3145 1865 3272 1928 vita,
3305 1845 3506 1922 aeterna

1927 1945 2087 1992 terra.
2134 1938 2201 1995 Et
2226 1944 2490 2011 quomodo
2534 1954 2731 2002 interna
2771 1952 2950 2005 terra?
2980 1951 3048 2007 Et
3073 1956 3419 2013 inhabitabant
3452 1962 3505 2016 in

1923 2034 2163 2088 saxulum
2187 2038 2360 2091 δίκαιιί
2381 2056 2533 2108 super
2549 2058 2682 2098 eam.
2711 2040 2823 2097 Alia
2852 2060 2978 2115 ergo
3005 2056 3142 2104 terra
3173 2051 3275 2105 erit
3304 2052 3392 2107 ubi
3424 2054 3509 2108 in-

1924 2124 2277 2186 h'tbilabimus
2315 2132 2369 2187 in
2396 2135 2644 2190 smcnlum
2681 2140 2882 2194 saeculi.
2921 2141 3051 2196 Nam
3079 2143 3149 2200 de
3179 2145 3273 2199 ista
3303 2147 3503 2205 dictum

1921 2225 2007 2271 est
2036 2235 2048 2271 :
2079 2219 2268 2275 Caelum
2289 2232 2335 2276 et
2365 2233 2498 2277 terra
2529 2228 2808 2284 transibunt
2832 2230 3042 2299 (Matth.
3074 2250 3225 2302 xstv,
3253 2238 3366 2307 35).

1997 2309 2083 2364 12.
2126 2310 2269 2383 [vers
2305 2311 2513 2388 50-32.]
2565 2318 2635 2371 0s
2654 2320 2787 2389 justi
2814 2322 3136 2378 meditabitur
3184 2329 3501 2396 sapientiam.

1924 2400 2060 2456 Ecce
2096 2403 2185 2457 ille
2214 2414 2297 2459 est
2333 2406 2482 2475 panis
2513 2424 2527 2461 :
2556 2408 2731 2464 videte
2763 2426 2920 2481 quam
2959 2414 3184 2471 libenter
3222 2419 3506 2477 manducet

1918 2493 2091 2561 justus
2112 2496 2230 2559 iste.
2260 2500 2526 2568 quomodo
2552 2510 2728 2558 verset
2745 2505 2795 2557 in
2821 2520 2917 2561 ore
2941 2522 3039 2561 suo
3067 2511 3400 2578 sapientiam.
3430 2504 3501 2568 Et

1922 2585 2096 2657 lingua
2139 2590 2248 2659 ejus
2282 2590 2514 2660 loquetur
2531 2592 2805 2662 judicium.
2850 2593 2957 2651 Lex
2991 2597 3087 2652 Dei
3120 2601 3230 2670 ejus
3262 2602 3316 2655 in
3352 2604 3505 2660 corde

1921 2675 2097 2744 ipsius.
2138 2677 2213 2732 Ne
2259 2679 2392 2735 forte
2441 2691 2655 2750 putares
2685 2699 2807 2739 eum
2856 2686 2906 2740 in
2935 2701 3028 2741 ore
3059 2688 3252 2745 habere
3277 2693 3416 2761 quod
3449 2694 3501 2750 in

1920 2767 2081 2822 corde
2102 2784 2203 2822 non
2230 2769 2387 2825 habet
2411 2789 2424 2824 :
2452 2788 2518 2826 ne
2548 2771 2683 2828 lorte
2711 2787 3049 2844 computares
3076 2796 3196 2843 eum
3226 2797 3346 2836 cum
3377 2784 3498 2850 illis,

1920 2857 1989 2913 de
2011 2859 2202 2929 quibus
2243 2861 2439 2915 dictum
2472 2873 2553 2917 est
2575 2905 2589 2929 ,
2628 2864 2852 2935 Pepulus
2878 2868 2957 2921 hic
2987 2869 3131 2924 labiis
3159 2888 3237 2924 me
3263 2872 3499 2941 honorat,

1920 2965 2009 3002 cor
2026 2959 2192 3004 autem
2218 2968 2389 3007 eorum
2413 2953 2690 3024 Iongeesta
2710 2973 2787 3009 me
2812 2958 2961 3027 (Isai.
2994 2975 3147 3026 ιιιχ,
3173 2963 3260 3033 l3)
3281 2980 3294 3015 :
3316 2962 3382 3017 Et
3403 2965 3506 3018 lin-

1920 3056 2023 3110 gua
2039 3042 2148 3111 ejus
2169 3042 2398 3111 loquetur
2408 3046 2682 3115 judicium.
2708 3045 2816 3102 Leu:
2834 3045 2931 3103 Dei
2948 3052 3056 3121 ejus
3076 3053 3126 3105 in
3148 3054 3297 3108 corde
3320 3056 3501 3126 ipsius.

1923 3131 1989 3185 Et
2027 3132 2149 3201 quid
2188 3134 2261 3187 illi
2302 3136 2563 3204 prodest?
2592 3136 2659 3191 Et
2688 3156 2786 3192 non
2815 3142 3273 3213 supplantabuntur
3300 3164 3502 3217 gressus

1922 3224 2049 3295 ejus.
2085 3224 2347 3279 Liberata
2377 3228 2565 3297 laqueo
2590 3229 2809 3285 verbum
2838 3232 2929 3287 Dei
2963 3234 3013 3287 in
3040 3234 3220 3301 corde,
3251 3238 3440 3292 liberat
3468 3254 3501 3295 ι

1924 3316 2011 3370 via
2060 3333 2216 3386 prava
2274 3319 2492 3374 verbum
2545 3320 2634 3375 Dei
2680 3323 2731 3377 in
2767 3324 2949 3392 corde,
2998 3323 3184 3383 liberat
3220 3344 3248 3381 a
3281 3330 3455 3386 labina
3483 3334 3503 3365 ⁸

1924 3408 2141 3461 verbum
2175 3409 2264 3463 Dei
2294 3410 2342 3463 in
2372 3412 2552 3465 corde.
2594 3412 2791 3467 Tecum
2827 3423 2930 3481 est,
2972 3418 3125 3485 cujus
3148 3420 3367 3476 verbum
3393 3438 3421 3475 a
3450 3431 3505 3479 te

1924 3510 2028 3549 non
2060 3497 2279 3551 recedit.
2324 3500 2458 3564 Quid
2492 3510 2670 3556 autem
2717 3501 2841 3557 mali
2874 3506 3068 3574 patitur
3091 3525 3245 3578 quem
3272 3513 3505 3569 custodit

1927 3588 2103 3641 Deus?
2125 3588 2406 3645 Custodem
2440 3593 2590 3660 ponis
2620 3594 2669 3647 in
2694 3595 2865 3662 vinea,
2894 3607 2948 3652 et
2967 3610 3150 3654 contra
3184 3602 3325 3657 l'nres
3345 3619 3503 3659 secn-

1925 3693 2015 3732 rus
2036 3693 2094 3733 es
2118 3695 2132 3744 ;
2174 3689 2226 3733 et
2254 3691 2425 3749 potest
2454 3684 2687 3739 dormire
2710 3695 2889 3741 custos
2914 3688 3022 3753 ille,
3053 3701 3105 3744 et
3144 3693 3257 3761 ipse
3285 3694 3500 3763 cadere,

1925 3778 1981 3824 et
2010 3769 2175 3825 furem
2202 3772 2480 3829 admittere
2513 3793 2526 3829 :
2572 3792 2676 3831 non
2706 3788 2882 3834 autem
2920 3781 3133 3845 dormit,
3174 3801 3343 3856 neque
3380 3788 3508 3842 dor.

1926 3861 2150 3928 mitabit,
2209 3865 2299 3931 qui
2343 3866 2573 3921 custodit
2608 3867 2766 3923 Israel
2797 3869 2967 3939 (Psal.
3000 3888 3129 3935 cxx,
3175 3874 3250 3944 4).
3277 3876 3383 3932 Lex
3408 3877 3507 3934 Dei

1924 3953 2035 4021 ejus
2054 3954 2105 4006 in
2122 3954 2271 4007 corde
2291 3956 2481 4024 ipsius:
2498 3967 2543 4011 et
2564 3976 2663 4012 non
2684 3962 3141 4031 supplantabuntur
3157 3982 3356 4035 gressus
3372 3972 3503 4039 ejus.

1930 4042 2081 4098 Vivat
2107 4062 2234 4115 ergo
2275 4063 2514 4116 securus,
2564 4061 2617 4105 et
2646 4054 2781 4108 inter
2809 4054 2977 4110 malos
3008 4058 3151 4111 vivat
3186 4074 3424 4125 securus,
3453 4072 3508 4118 et

1927 4136 2065 4191 inter
2107 4138 2299 4207 impios
2350 4141 2490 4195 vivat
2533 4157 2771 4197 securus.
2827 4145 2961 4212 Quid
3014 4148 3156 4202 enim
3199 4152 3321 4204 ntali
3361 4152 3507 4220 justo

1927 4238 2103 4297 potest
2129 4230 2317 4298 impius
2348 4241 2437 4285 aut
2468 4233 2692 4302 injustus
2720 4238 2925 4291 facere?
2962 4238 3097 4293 Ecce
3124 4241 3241 4295 vide
3266 4244 3389 4311 quid
3418 4259 3505 4296 se-

1926 4321 2141 4388 quitur:
2181 4320 2475 4375 Considerat
2496 4327 2955 4394 peccatorjnstum,
2991 4338 3036 4381 et
3074 4331 3249 4399 quierit
3284 4334 3505 4400 mortiﬁ-

1926 4424 2044 4463 σανα
2070 4427 2199 4462 enni.
2254 4412 2387 4465 Dicit
2411 4413 2551 4466 enim
2578 4414 2717 4482 quod
2750 4416 2799 4468 in
2848 4416 2983 4470 libro
3019 4418 3300 4487 Sapientia:
3327 4421 3506 4477 dicere

1930 4501 2235 4568 pnedictum
2266 4510 2349 4555 est
2380 4520 2391 4554 :
2438 4502 2616 4556 Gravis
2648 4514 2719 4557 est
2758 4505 2898 4559 nobis
2936 4507 3085 4560 etiam
3112 4508 3180 4561 ad
3214 4510 3501 4575 videndum,

1926 4594 2161 4663 quoniam
2204 4594 2460 4647 dissimilis
2494 4602 2565 4649 est
2607 4597 2722 4650 aliis
2765 4598 2866 4651 vita
2906 4599 3063 4668 ipsius
3112 4599 3263 4673 (Sap.
3297 4618 3351 4667 tt,
3394 4604 3504 4674 15).

1927 4686 2125 4753 Quaerit
2147 4701 2276 4757 ergo
2313 4689 2650 4743 mortiticare.
2698 4689 2877 4757 Quid?
2923 4692 3175 4747 Dominus
3206 4694 3296 4765 qui
3330 4706 3508 4750 custn-
3578 4726 3591 4733 ο

1929 4779 2025 4843 dit,
2070 4780 2158 4849 qui
2205 4795 2323 4833 cum
2352 4779 2441 4834 illo
2472 4782 2688 4846 habitat,
2738 4783 2824 4852 qui
2855 4782 2923 4837 de
2963 4799 3056 4838 ore
3095 4786 3279 4854 ipsius,
3326 4787 3416 4856 qui
3442 4789 3509 4844 de

1929 4869 2089 4926 corde
2116 4887 2220 4925 non
2254 4872 2471 4938 recedit,
2502 4873 2717 4927 dimittit
2743 4875 2911 4928 cum?
2957 4873 3056 4930 Ubi
3076 4886 3157 4931 est
3182 4878 3320 4947 quod
3353 4895 3512 4949 supe-

1930 4958 2039 5014 rius
2067 4960 2263 5016 dictum
2285 4972 2386 5023 est,
2421 4962 2483 5015 Et
2506 4979 2603 5016 non
2632 4963 2934 5033 derelinquet
2958 4974 3158 5020 sanctos
3181 4969 3334 5022 suos?

2002 5052 2085 5105 15.
2130 5049 2277 5122 [vers.
2320 5050 2431 5121 33.]
2476 5051 2632 5119 Ergo,
2686 5051 2979 5106 Considerat
3030 5066 3261 5125 peccator
3285 5059 3505 5129 justum,

1930 5153 1977 5196 et
1999 5145 2175 5212 quwrit
2204 5144 2508 5211 martiﬁcare
2532 5159 2644 5195 eum
2670 5158 2687 5195 :
2713 5142 2959 5199 Dominus
2986 5152 3152 5198 autem
3174 5164 3273 5201 non
3293 5149 3507 5204 derelin-

1930 5246 2044 5304 qnet
2070 5252 2180 5287 eum
2208 5235 2256 5286 in
2284 5235 2514 5286 manibus
2542 5235 2670 5303 ejus.
2703 5234 2879 5300 Quare
2906 5252 3033 5306 ergo
3060 5238 3339 5307 dereliquit
3368 5256 3509 5294 mar-

1932 5334 2074 5395 tyres
2123 5324 2173 5377 in
2224 5324 2467 5377 manibus
2522 5324 2851 5393 impiorum?
2912 5328 3084 5391 Quare
3138 5328 3373 5381 fecerunt
3408 5330 3509 5383 illis

1930 5431 2273 5487 qtta'cumqttc
2318 5416 2645 5469 voluerunt?
2701 5418 2846 5471 Alios
2890 5419 3066 5487 gladio
3107 5432 3503 5487 percusserunt,

1931 5509 2061 5563 alios
2100 5509 2497 5574 crucitixcrunt,
2552 5510 2685 5563 alios
2720 5510 2900 5565 bestiis
2948 5511 3329 5575 tradiderunt’,
3376 5513 3510 5567 alius

1995 5603 2011 5632 ί
2041 5599 2171 5663 Edd,
2196 5612 2231 5663 a_
2250 5598 2403 5661 lapsu.
2430 5606 2481 5648 At
2515 5601 2727 5649 melioris
2752 5609 2877 5649 notae.
2900 5609 3004 5648 Mss.
3022 5638 3033 5659 ,
3053 5616 3082 5649 a
3113 5600 3299 5657 (altum:
3325 5610 3373 5650 ιιι
3405 5606 3510 5663 qni-

1929 5663 2057 5725 dam,
2082 5675 2111 5711 a
2140 5660 2310 5725 lupina.
2342 5670 2450 5711 Haec
2473 5676 2562 5710 vox
2587 5665 2648 5711 ab
2676 5664 2852 5711 Isidoro
2884 5663 3175 5722 illustratur,
3197 5673 3247 5713 et
3276 5666 3382 5725 sign
3404 5660 3508 5716 litat

1934 5724 2166 5771 lubricum
2189 5722 2359 5771 locum.

1996 5790 2014 5816 ²
2042 5787 2185 5835 \atic.
2210 5786 2362 5833 codex
2384 5821 2396 5841 ,
2421 5784 2735 5834 snbrexerunt
2770 5798 2787 5834 :
2818 5786 2888 5834 sic
2923 5787 3065 5835 etiam
3087 5786 3245 5838 Gallic.
3280 5793 3385 5837 δίει,
3410 5800 3502 5837 una

1937 5855 2143 5909 excepto
2162 5849 2241 5910 qui
2269 5847 2430 5909 habet,
2456 5847 2769 5907 subjererunt.
2994 5852 2997 5853 ⁷
