4042 6456
551 363 648 429 39!

549 484 757 554 ignibus
793 481 1183 543 cremaverunt,
1222 473 1354 529 alios
1392 473 1444 527 in
1474 480 1660 527 eatena
1702 469 1957 524 ducentes
1997 464 2120 519 tabe

549 574 796 630 diuturna
821 567 1182 627 confecerunt.
1203 565 1362 622 Certe
1383 579 1488 620 non
1509 563 1838 631 derelinquet
1869 557 2124 613 Dominus

552 675 765 723 sanctos
793 677 917 718 suos
948 679 961 714 :
1005 659 1254 714 Dominus
1277 666 1442 710 autem
1479 671 1580 709 non
1605 653 1909 721 derelinquet
1932 664 2044 702 eum
2068 648 2123 700 in

552 757 782 812 erunibus
807 755 932 822 eItts.
964 752 1238 806 Postremo
1265 748 1438 818 ipsum
1458 746 1648 801 Filium
1678 752 1830 798 suum
1857 755 2022 810 quare
2046 739 2127 793 di-

559 849 705 904 misit
747 846 802 900 in
849 844 1092 899 manibus
1139 838 1474 896 Iudaeorum?
1526 839 1592 892 Et
1633 836 1718 890 hic
1753 843 1949 889 tectum
1983 831 2128 901 aperi

557 937 707 1011 (Luc.
735 951 787 1000 v,
818 935 926 1002 l9),
952 934 997 987 si
1021 933 1098 986 vis
1119 931 1261 984 omni
1285 928 1518 983 interiori
1544 926 1782 981 membro
1805 922 2126 992 constringi;

555 1031 771 1102 perveni
802 1029 866 1083 ad
894 1025 1170 1082 Dominum
1197 1040 1211 1076 :
1241 1023 1360 1077 andi
1391 1021 1515 1091 quid
1544 1020 1685 1074 dicat
1710 1019 1808 1073 alia
1830 1017 2122 1102 Scriptura,

487 1121 502 1155 ‘
557 1101 837 1177 Dominum
881 1117 1174 1186 praevidens
1203 1126 1480 1183 passurum
1523 1109 1591 1166 ab
1620 1109 1811 1180 impiis,
1863 1105 1985 1176 quid
2016 1101 2130 1158 ait?

560 1211 715 1265 Terra
751 1210 936 1262 tradita
971 1185 1044 1260 esi
1068 1207 1120 1258 in
1149 1203 1326 1258 ma’nus
1361 1202 1506 1273 impii
1541 1199 1659 1272 (Job
1719 1215 1792 1263 ts,
1820 1197 1958 1266 ξω
1995 1194 2131 1262 Quid

557 1310 660 1364 est,
689 1297 846 1351 Terra
873 1295 1060 1348 tradita
1089 1301 1162 1347 est
1183 1294 1235 1345 in
1262 1308 1440 1345 manus
1465 1289 1643 1359 impii?
1669 1287 1804 1341 Caro
1838 1285 2026 1339 tradita
2051 1291 2132 1338 est

557 1391 610 1445 in
645 1403 832 1444 manus
859 1383 1310 1456 persequentium:
1355 1381 1468 1435 Non
1509 1379 1579 1434 ibi
1606 1387 1782 1432 autem
1813 1374 2016 1429 dimisit
2042 1374 2130 1442 ju-

555 1489 698 1535 stum
726 1492 877 1532 suum
913 1477 1050 1529 Deus
1081 1491 1094 1526 :
1127 1473 1195 1528 de
1219 1486 1380 1527 carne
1407 1480 1558 1538 capta
1589 1467 1763 1523 educit
1790 1467 2018 1520 animam
2050 1465 2131 1517 in'-

557 1572 772 1624 victam.
828 1568 1128 1622 Dimitteret
1181 1564 1318 1618 Deus
1366 1561 1567 1632 justum
1613 1572 1766 1612 suum
1809 1555 1865 1611 in
1890 1556 2134 1610 manibus

557 1661 726 1729 impii,
749 1659 793 1712 si
820 1659 964 1712 illum
994 1656 1202 1711 fecisset
1229 1646 1526 1708 consentire
1548 1650 1708 1719 impio
1741 1665 1754 1701 :
1783 1656 1968 1703 contra
1993 1646 2133 1716 quod

561 1751 756 1805 malum
788 1756 906 1802 orat
940 1747 990 1800 in
1023 1746 1128 1798 alio
1157 1744 1380 1814 psalmo,
1419 1752 1470 1796 et
1498 1741 1666 1795 dicit:
1713 1737 1795 1791 Ne
1829 1738 1999 1790 tradas
2033 1751 2129 1802 me,

558 1843 792 1906 Domine,
827 1858 860 1893 α
898 1838 1145 1892 desiderio
1170 1851 1278 1890 meo
1308 1834 1554 1904 peccaturi
1591 1830 1756 1903 (Psal.
1792 1844 2012 1892 cxxxlx,
2050 1828 2129 1897 9).

556 1936 703 2004 Opus
727 1943 887 1989 estut
912 1947 940 1985 a
967 1929 1232 1985 desiderio
1255 1938 1343 1980 tuo
1370 1937 1475 1980 non
1496 1924 1720 1980 tradaris
1753 1921 2038 1992 peccatori,
2067 1935 2133 1975 ne

556 2041 678 2081 cum
716 2024 988 2079 desideras
1023 2021 1183 2074 vitam
1219 2025 1530 2087 prtcsentem
1552 2055 1567 2081 ,
1603 2014 1774 2068 irruas
1803 2012 1853 2065 in
1883 2010 2050 2074 illum,
2080 2018 2134 2064 et

558 2117 751 2189 perdas
787 2123 1061 2169 a‘tcrnam.
1108 2114 1148 2164 Α
1185 2124 1290 2179 quo
1333 2106 1598 2162 desiderio
1653 2119 1756 2158 non
1801 2101 1958 2156 debet
2001 2100 2132 2155 tradi

560 2206 859 2280 peccatori?
901 2193 981 2259 Ab
1010 2205 1097 2257 illo
1129 2202 1196 2255 de
1223 2214 1328 2269 quo
1363 2198 1489 2252 item
1517 2195 1710 2250 dicitur
1730 2210 1750 2246 .-
1797 2192 1860 2246 Et
1885 2193 2014 2244 diem
2043 2191 2135 2244 ho-

558 2301 706 2354 minis
731 2315 828 2352 non
845 2294 1123 2364 concupiui,
1151 2303 1206 2344 tu
1230 2291 1327 2345 scis
1347 2287 1556 2358 (let-em.
1581 2297 1710 2351 ‘xvu,
1740 2284 1846 2354 16).
1870 2281 1972 2349 Qui
1991 2281 2131 2337 enim

560 2391 830 2446 desiderat
865 2397 920 2444 et
964 2383 1291 2454 concupiscit
1323 2380 1462 2436 diem
1509 2377 1766 2441 hominis,
1808 2373 2021 2445 quando
2058 2373 2133 2426 illi

559 2483 790 2537 minatus
818 2480 976 2534 fuerit
1015 2474 1368 2538 adversarius,
1399 2469 1538 2542 quod
1565 2468 1713 2522 tollat
1748 2467 1820 2521 illi
1855 2465 2000 2520 diem
2038 2467 2135 2516 bu~

561 2587 797 2635 manum,
825 2570 946 2640 quia
971 2567 1176 2622 occidet
1205 2580 1349 2627 eum,
1383 2571 1437 2618 ct
1460 2561 1641 2632 perdet
1670 2559 1807 2613 hanc
1829 2557 2018 2618 vitam;
2044 2555 2132 2624 qui

562 2679 669 2718 non
699 2673 875 2732 Sperat
903 2661 1058 2714 aliam
1084 2658 1270 2723 vitam,
1301 2654 1498 2720 deficit,
1523 2661 1578 2708 et
1601 2649 1867 2706 consentit
1897 2646 2130 2706 inimico.

557 2753 658 2821 Qui
689 2762 862 2805 autem
888 2749 1034 2802 audit
1053 2747 1332 2802 Dominum
1354 2745 1634 2807 dicentem,
1668 2739 1844 2794 Nolite
1862 2738 2033 2792 timere
2049 2752 2132 2791 eos

556 2844 642 2912 qui
669 2859 849 2912 corpus
874 2840 1128 2908 occidunt,
1169 2839 1391 2892 animam
1428 2844 1596 2888 autem
1635 2849 1736 2887 non
1778 2839 1982 2902 possunt
2005 2829 2135 2882 occi-

557 2934 705 2997 dere;
731 2932 826 2985 etsi
856 2931 1091 2985 tradatur
1127 2937 1266 2983 terra
1305 2928 1354 2980 in
1389 2939 1577 2979 manus
1602 2923 1769 2993 impii,
1811 2930 1962 2991 capta
1993 2929 2132 2975 terra

555 3024 771 3093 spiritus
793 3022 998 3086 evadit;
1053 3020 1241 3090 spiritu
1269 3017 1547 3080 evadente,
1587 3023 1641 3070 et
1681 3024 1820 3069 terra
1871 3020 2130 3082 resurget.

556 3112 782 3183 Spiritus
817 3111 1077 3166 mutatur‘
1115 3108 1180 3162 ad
1220 3107 1518 3171 Dominum,
1563 3113 1703 3159 terra
1751 3102 2040 3158 mutabitur
2078 3102 2133 3156 in

555 3205 774 3260 coelum.
803 3201 914 3256 Non
946 3201 1089 3255 enim
1116 3197 1310 3266 aliquid
1338 3196 1405 3250 de
1432 3195 1544 3265 ipsa
1574 3205 1709 3249 terra
1733 3194 1891 3264 perit,
1923 3208 2041 3262 qua:
2066 3191 2132 3247 ad

558 3303 768 3362 tempus
797 3290 1022 3346 traditur
1047 3289 1097 3344 in
1129 3302 1316 3342 manus
1346 3285 1490 3354 impii
1519 3305 1533 3337 :
1583 3283 1769 3354 Capilli
1789 3283 1964 3353 capitis
1983 3282 2134 3336 vestri

547 3383 802 3448 numerati
825 3389 940 3434 sunt
965 3377 1175 3451 (Matth.
1207 3393 1260 3443 x,
1286 3376 1378 3440 28,
1421 3373 1534 3444 50).
1579 3373 1720 3444 Ergo
1749 3383 1832 3426 est
1857 3372 2130 3437 securitas,

557 3474 654 3530 sed
689 3474 733 3528 si
765 3475 904 3527 intus
933 3471 1004 3526 sit
1035 3471 1194 3524 Deus.
1239 3467 1298 3523 Si
1337 3475 1514 3522 autem
1557 3465 1851 3534 expellatur
1871 3463 2131 3526 diabolus,

560 3567 854 3621 admittitur
873 3565 1028 3618 Deus.
1061 3562 1300 3616 Dominus
1313 3570 1481 3613 autem
1500 3575 1599 3612 non
1621 3558 1924 3626 derelinquet
1945 3572 2058 3608 eum
2081 3556 2134 3609 in

550 3657 800 3726 ,manibus
824 3656 953 3724 ejus.
999 3652 1108 3707 Nec
1137 3652 1394 3704 damnabit
1421 3666 1553 3713 eum,
1580 3664 1693 3702 cum
1706 3646 2017 3717 judicabitur
2035 3644 2131 3698 illi.

564 3747 770 3803 Habent
796 3745 970 3814 aliqua
995 3741 1338 3809 exemplaria,
1375 3738 1444 3792 Et
1472 3756 1584 3792 cum
1604 3737 1853 3809 judicabit
1882 3753 2012 3800 eum,
2041 3740 2134 3806 ju-

561 3839 923 3895 dicabiturilli.
953 3836 1046 3890 Illi
1078 3845 1254 3890 autem
1290 3833 1487 3888 dictum
1510 3841 1611 3897 est,
1649 3847 1766 3885 cu;u
1794 3830 2050 3898 judicium
2079 3829 2136 3884 fit

560 3949 629 3987 ne
659 3916 748 3986 illo
777 3946 792 3982 :
835 3943 1116 3999 possumus
1142 3926 1282 3981 enim
1308 3925 1384 3979 sic
1402 3925 1546 3994 loqui
1574 3931 1630 3976 ut
1655 3922 1894 3977 dicamus
1910 3920 2132 3988 homini,

560 4023 745 4080 Judica
784 4021 935 4086 mihi,
969 4019 1018 4074 id
1055 4027 1154 4081 est,
1187 4016 1308 4071 audi
1344 4030 1558 4069 causam
1607 4028 1802 4068 meum.
1845 4011 1976 4066 Cum
2009 4026 2134 4080 ergo

559 4112 780 4183 casperit
801 4109 982 4164 audire
1010 4121 1224 4163 causam
1251 4105 1380 4175 justi
1406 4104 1486 4158 sui
1514 4104 1688 4168 Deus;
1726 4103 1961 4174 quoniam
1981 4119 2134 4169 opor-

561 4211 628 4257 tet
647 4217 816 4255 omnes
835 4198 1055 4255 exhiberi
1083 4206 1198 4249 ante
1223 4194 1439 4248 tribunal
1459 4191 1666 4259 Christi,
1699 4201 1742 4246 et
1769 4201 1918 4255 stare,
1957 4202 2011 4244 ut
2032 4191 2136 4244 illic

558 4295 778 4365 recipiat
795 4292 1128 4361 unusquisque
1153 4303 1267 4358 qua:
1295 4303 1383 4354 per
1407 4301 1590 4354 corpus
1610 4285 1778 4354 gessit,
1824 4284 1925 4338 sive
1953 4281 2136 4336 bonum

556 4387 660 4440 sive
687 4384 872 4438 malum
901 4380 965 4450 (ll
986 4380 1102 4434 Cor.
1136 4394 1188 4444 v,
1215 4376 1338 4446 10);
1371 4374 1582 4445 quando
1603 4387 1730 4443 ergo
1746 4381 1959 4426 ventum
1980 4373 2136 4426 fuerit

547 4475 625 4540 ad
657 4473 781 4528 illud
800 4472 1080 4543 judicium,
1113 4483 1217 4523 non
1250 4483 1370 4522 eum
1399 4464 1690 4530 damnabit,
1713 4464 1812 4520 etsi
1841 4463 1905 4518 ad
1929 4473 2136 4531 tempus

561 4565 802 4621 videatur
845 4562 1084 4618 damnari
1123 4560 1189 4614 ab
1235 4559 1468 4613 homine.
1524 4557 1638 4612 Etsi
1668 4556 1799 4610 dixit
1822 4556 2135 4610 sententiam

465 4711 476 4720 ,.
562 4655 845 4728 proconsul
876 4655 928 4708 in
951 4653 1268 4722 Cyprianum
1299 4667 1312 4703 :
1346 4649 1444 4703 alia
1473 4657 1555 4703 est
1585 4648 1713 4702 sella
1743 4657 1969 4712 terrena,
1994 4645 2136 4700 aliud

563 4747 790 4805 tribunal
818 4744 1072 4800 ctelorum
1099 4759 1114 4808 ;
1141 4743 1208 4796 ab
1235 4740 1488 4796 inferiore
1512 4739 1716 4809 accepit
1743 4737 2081 4802 sententiam,
2105 4751 2135 4791 a

559 4837 838 4908 superiore
855 4849 1128 4890 coronam.
1163 4830 1273 4887 Nec
1297 4829 1553 4884 damnabit
1579 4843 1713 4895 eum,
1741 4844 1853 4881 cum
1877 4826 2135 4900 judicabi-

563 4940 642 4984 tur
665 4928 760 4982 illi.
1283 4939 1287 4945 ’

633 5020 722 5074 ii.
765 5016 914 5090 [vers.
952 5016 1040 5078 54,
1068 5013 1182 5085 36.]
1230 5012 1334 5069 Sed
1378 5009 1589 5082 quando
1631 5007 1769 5064 erit?
1816 5007 1932 5062 Noli
1980 5007 2136 5061 modo

561 5120 783 5181 putare:
814 5119 1020 5177 tempus
1045 5107 1240 5162 laboris
1268 5115 1368 5169 est,
1397 5113 1604 5173 tempus
1625 5101 1843 5155 seminis
1869 5109 1970 5161 est,
2004 5109 2137 5153 tem-

564 5215 664 5270 pus
695 5198 904 5269 frigoris
928 5209 1011 5253 est
1044 5215 1058 5252 :
1090 5196 1189 5252 etsi
1219 5196 1355 5250 inter
1377 5203 1584 5258 ventos,
1615 5191 1714 5244 etsi
1745 5191 1883 5244 inter
1912 5189 2133 5259 pluvias,

561 5291 760 5345 semina
787 5307 802 5354 ;
833 5289 938 5343 noli
968 5303 1087 5343 esse
1115 5287 1261 5356 piger
1287 5302 1300 5337 :
1338 5292 1496 5339 :nstas
1527 5282 1704 5336 veniet
1737 5297 1854 5350 qua:
1878 5291 1928 5336 te
1960 5280 2134 5333 laetiﬁ-

562 5390 665 5446 cet,
712 5382 763 5435 in
798 5397 899 5450 qua
947 5390 998 5435 te
1039 5379 1271 5450 gaudeas
1311 5375 1626 5430 seminasse.
1663 5371 1796 5440 Quid
1836 5387 1962 5442 ergo
2003 5371 2136 5425 facio
2195 5395 2201 5400 -

563 5472 766 5527 modo?
818 5471 1067 5540 Exspecta
1103 5469 1392 5522 Dominum.
1433 5465 1650 5520 Etcum
1691 5474 1960 5532 ex5peclo,
2012 5462 2135 5532 quid

563 5565 702 5634 ego?
751 5562 817 5618 Et
850 5562 1044 5617 custodi
1077 5562 1182 5615 vias
1211 5562 1340 5631 ejus.
1377 5558 1443 5613 Et
1472 5558 1516 5611 si
1542 5555 1862 5621 custodiero,
1895 5556 2017 5625 quid
2044 5572 2135 5610 ac-

566 5655 748 5726 cipio?
776 5653 838 5707 Et
861 5654 1098 5708 exaltabit
1127 5662 1191 5718 te,
1225 5662 1277 5706 ut
1317 5650 1606 5705 hmreditate
1636 5647 1889 5717 possideas
1930 5658 2135 5703 tarum.

628 5788 645 5823 ⁸
671 5791 740 5838 ste
764 5787 982 5850 ﬁerique
1007 5793 1108 5836 Mss.
1139 5792 1191 5836 At
1212 5783 1344 5844 F.dd.,
1368 5784 1641 5832 ﬁtillltllilitl'.

1770 347 1828 412 S.
1869 344 2228 410 AUGUSTINI
2270 347 2566 406 EPISCOPI

3693 346 3795 402 392

2229 465 2395 529 Quam
2462 459 2694 515 terram?
2763 456 2958 512 lterum
3019 471 3086 510 ne
3145 453 3319 527 aliqua
3373 454 3494 512 villa
3554 468 3800 514 occurrat

2227 553 2440 606 animo:
2485 553 2623 606 illam
2650 533 2717 606 de
2754 566 2856 622 qua
2886 551 3100 615 dicitur,
3133 549 3326 617 Venite,
3355 549 3594 605 benedicti
3627 549 3799 607 Patris

2228 643 2344 708 mei,
2368 643 2606 712 percipite
2628 659 2837 713 regnum
2864 643 3000 711 quod
3036 633 3171 694 vobis
3201 651 3435 712 paratum
3461 651 3535 697 est
3567 642 3632 696 ab
3658 643 3801 697 initio

2229 733 2405 784 mundi
2449 731 2657 803 (Matth.
2705 748 2835 797 xxv,
2868 731 2979 803 54).
3009 731 3145 798 Quid
3170 731 3236 785 de
3265 731 3368 786 illis
3393 731 3483 800 qui
3516 747 3614 788 nos
3637 747 3804 804 augu-

2230 830 2520 888 staverunt,
2563 824 2700 876 inter
2741 837 2874 891 quos
2915 823 3236 891 gemuimus,
3283 839 3508 893 quorum
3552 825 3804 898 scandala

2233 913 2596 978 toleravimus,
2644 928 2739 982 pro
2777 913 2968 983 quibus
3013 914 3350 968 swvientibus
3396 914 3592 970 frustra
3630 917 3804 970 oravi-

2231 1020 2351 1060 mus
2374 1024 2388 1072 ;
2411 1007 2534 1077 quid
2560 1006 2628 1060 de
2656 1007 2760 1060 illis
2788 1007 2922 1060 erit?
2951 1006 3224 1076 Sequitur,
3254 1004 3379 1060 Cum
3405 1017 3616 1076 pereunt
3653 1009 3668 1039 ⁸
3690 1025 3804 1077 pec-

2231 1105 2442 1164 catores,
2469 1097 2674 1152 videbis.
2701 1098 2767 1150 Et
2795 1113 2950 1166 quam
2971 1097 3037 1152 de
3061 1098 3301 1168 proximo
3340 1098 3541 1154 videbis
3569 1113 3583 1152 :
3625 1109 3679 1153 tu
3699 1101 3806 1154 eris

2231 1187 2298 1242 ad
2322 1187 2615 1251 dexteram,
2658 1189 2729 1242 illi
2771 1188 2836 1242 ad
2880 1189 3168 1243 sinistram.
3214 1189 3327 1244 Hoc
3367 1199 3548 1245 autem
3585 1190 3654 1245 ad
3683 1191 3806 1247 ﬁdei

2232 1278 2415 1332 oculos
2453 1277 2894 1347 pertinet.‘Quos
2930 1278 3050 1334 ﬁdei
3096 1279 3280 1334 oculos
3315 1279 3404 1350 qui
3432 1295 3538 1334 non
3581 1280 3804 1347 habent,

2233 1368 2415 1423 dolent
2439 1369 2743 1424 felicitatem
2768 1370 3047 1438 impiorum
3077 1371 3118 1431 ⁸.
3151 1380 3205 1424 ct
3228 1380 3412 1440 putant
3433 1371 3621 1443 sesine
3643 1387 3807 1428 causa

2233 1475 2352 1514 esse
2373 1460 2568 1530 justos,
2591 1461 2712 1529 quia
2737 1461 2916 1515 vident
2942 1461 3027 1516 hic
3057 1460 3246 1516 florere
3271 1462 3479 1530 impios.
3507 1463 3605 1530 Qui
3626 1473 3806 1518 autem

2234 1550 2395 1606 habet
2423 1552 2632 1606 oculum
2684 1553 2831 1606 illum
2880 1551 3022 1620 ﬁdei,
3076 1553 3199 1623 quid
3246 1553 3404 1608 dicit?
3443 1552 3556 1607 Vidi
3593 1555 3808 1625 impium

2232 1642 2596 1714 superexaltari
2637 1652 2684 1696 et
2725 1644 2903 1696 elevari
2938 1660 3089 1714 super
3126 1643 3301 1698 cedros
3332 1643 3532 1698 Libani.
3575 1643 3644 1698 Et
3683 1655 3809 1715 puta

2233 1733 2356 1804 quia
2383 1732 2804 1803 superexaltatus
2833 1742 2935 1796 est,
2965 1743 3088 1803 puta
3114 1734 3234 1804 quia
3258 1734 3495 1790 elevatus
3519 1744 3599 1788 est
3627 1749 3641 1786 :
3679 1735 3810 1805 quid

2233 1825 2512 1895 sequitur?
2539 1823 2606 1877 Et
2634 1825 2861 1890 transivi,
2887 1834 2932 1877 et
2957 1841 3068 1879 ecce
3089 1842 3189 1878 non
3217 1834 3360 1891 erat;
3384 1835 3430 1879 et
3447 1825 3652 1896 quaesivi
3671 1843 3808 1889 eum,

2233 1924 2279 1969 et
2303 1933 2404 1970 non
2439 1925 2512 1968 est
2538 1915 2766 1970 inventus
2794 1916 2934 1969 locus
2959 1917 3086 1986 ejus.
3122 1916 3295 1982 Quare
3322 1932 3427 1972 non
3459 1925 3594 1983 erat,
3616 1928 3671 1973 et
3699 1933 3810 1973 non

2233 2015 2316 2062 est
2371 2008 2613 2060 inventus
2665 2007 2813 2060 locus
2870 2007 3022 2075 ejus?
3071 2007 3203 2073 Quia
3249 2008 3502 2062 transisti.
3529 2009 3581 2064 Si
3629 2018 3810 2064 autem

2233 2099 2407 2154 adhuc
2432 2100 2715 2154 carnaliter
2731 2099 2953 2170 Cogitas,
2976 2108 3030 2156 et
3059 2099 3157 2154 ista
3191 2108 3399 2155 terrena
3425 2098 3650 2156 felicitas
3682 2117 3813 2156 vera

2234 2191 2456 2247 felicitas
2488 2192 2582 2246 tibi
2607 2192 2834 2259 videtur,
2879 2191 3111 2246 nondum
3143 2192 3377 2246 transisti
3408 2208 3422 2244 :
3465 2201 3557 2246 aut
3589 2193 3814 2262 aequalis

2235 2280 2307 2336 illi
2329 2298 2408 2348 es,
2440 2290 2532 2336 aut
2560 2281 2694 2336 infra
2719 2297 2777 2337 es
2801 2300 2814 2336 :
2841 2281 3061 2352 proﬁce,
3090 2290 3143 2336 et
3171 2281 3365 2348 transi;
3411 2289 3466 2337 et
3492 2297 3610 2336 cum
3643 2269 3806 2352 profic

2234 2375 2422 2432 ciendo
2449 2379 2744 2442 transieris,
2775 2376 3006 2433 attendis
3039 2393 3159 2432 eum
3190 2376 3315 2443 ﬁde,
3350 2375 3499 2432 vides
3523 2377 3813 2432 novissima

2234 2469 2420 2539 ipsius,
2437 2471 2492 2526 et
2509 2471 2642 2525 dicis
2669 2470 2780 2536 tibi,
2802 2471 2937 2526 Ecce
2962 2485 3067 2525 non
3086 2482 3166 2524 est
3187 2471 3288 2524 iste
3307 2470 3396 2540 qui
3412 2469 3488 2524 sic
3509 2477 3811 2541 tumuerat;

2234 2561 2499 2632 quomodo
2518 2563 2561 2616 si
2585 2563 2834 2616 transit-es
2850 2562 3000 2632 juxta
3023 2561 3244 2615 fumum.
3271 2561 3400 2615 Nam
3418 2561 3588 2616 ethoc
3609 2560 3814 2615 dictum

2235 2662 2318 2709 est
2345 2656 2394 2708 iu
2418 2655 2519 2709 isto
2540 2654 2742 2724 psalmo
2762 2654 3026 2724 superius,
3059 2653 3354 2722 Deﬁcienles
3376 2655 3505 2707 velut
3527 2656 3696 2724 fumus
3721 2653 3817 2708 de-

2235 2745 2428 2813 ﬁcient.
2480 2744 2708 2814 Erigitur
2736 2745 2786 2798 in
2814 2744 2978 2798 altum
3005 2743 3199 2808 fumus,
3245 2753 3299 2798 et
3325 2745 3375 2797 in
3400 2744 3612 2814 globum
3647 2747 3816 2800 turnia

2234 2835 2360 2890 dum
2400 2837 2570 2906 pergit
2599 2853 2613 2890 :
2658 2844 2856 2906 quanto
2884 2835 3052 2904 magis
3079 2835 3356 2899 attollitur,
3405 2843 3550 2890 tanto
3583 2837 3816 2905 amplius

2236 2926 2556 2982 intumescit.
2589 2927 2692 2982 Sed
2723 2942 2842 2982 cum
2867 2926 3163 2992 transieris,
3189 2927 3404 2982 attende
3428 2935 3547 2996 post
3569 2937 3618 2980 te
3647 2944 3660 2979 :
3689 2936 3818 2994 post

2236 3025 2290 3073 te
2315 3019 2455 3072 enim
2483 3018 2676 3084 fumus,
2705 3018 2750 3072 si
2775 3026 2857 3073 est
2879 3026 3002 3070 ante
3027 3026 3077 3071 te
3102 3017 3262 3071 Deus.
3284 3016 3398 3070 Noli
3420 3017 3711 3086 posteriora
3740 3032 3816 3072 ex

2235 3107 2498 3163 desiderio
2533 3107 2826 3172 attendere,
2861 3109 2996 3162 sicut
3030 3105 3254 3161 attendit
3289 3123 3420 3161 uxor
3458 3107 3579 3170 Lot,
3625 3117 3679 3161 et
3721 3123 3817 3162 re-

2235 3201 2428 3255 mansit
2457 3199 2511 3252 in
2538 3199 2618 3253 via
2643 3198 2792 3269 (Cen.
2813 3198 3065 3270 stxﬁﬁ):
3099 3197 3192 3254 sed
3219 3199 3424 3268 respice
3447 3214 3510 3254 ex
3532 3198 3816 3267 despectu,

2235 3303 2288 3349 et
2316 3293 2518 3348 videbis
2556 3292 2774 3362 impium
2819 3308 3072 3362 nuSquam
3130 3307 3271 3355 esse,
3315 3301 3366 3346 et
3402 3306 3606 3362 quazrcs
3635 3293 3817 3346 locum

2235 3383 2369 3452 ejus.
2393 3384 2523 3453 Quis
2541 3392 2625 3439 est
2639 3385 2782 3439 locns
2798 3384 2947 3454 ejus?
2969 3384 3084 3452 Quo
3107 3384 3266 3438 modo
3288 3383 3449 3438 habet
3473 3392 3814 3453 potestatem,

2236 3474 2398 3529 habet
2417 3475 2650 3540 divitias,
2673 3475 2831 3531 habet
2848 3475 3129 3545 quemdam
3151 3475 3390 3532 ordinem
3405 3490 3558 3531 suum
3579 3476 3628 3528 in
3651 3474 3818 3529 rebus

2238 3567 2502 3632 humanis,
2522 3574 2578 3620 ut
2595 3566 2743 3620 multi
2763 3566 2809 3621 ei
2824 3566 3200 3636 obsequantur,
3216 3576 3272 3619 ut
3281 3566 3461 3634 jubeat
3476 3575 3528 3620 et
3547 3565 3814 3619 audiatur.

2237 3657 2341 3714 lste
2367 3659 2513 3713 locus
2537 3673 2642 3712 non
2671 3660 2794 3724 erit,
2822 3659 2913 3713 sed
2941 3659 3178 3723 transiet,
3199 3669 3255 3712 ut
3278 3668 3331 3712 tu
3350 3658 3371 3689 ³
3405 3659 3575 3727 pos.~is
3598 3658 3815 3721 dicere:

2240 3747 2484 3812 Transivi,
2517 3759 2560 3802 et
2588 3765 2697 3802 ecce
2721 3767 2818 3802 non
2845 3762 2969 3802 erat.
3003 3747 3140 3816 Quid
3167 3759 3266 3807 est.
3297 3748 3542 3802 transivi?
3579 3747 3815 3814 Proh-ci,

2240 3838 2452 3910 perveni
2473 3837 2539 3892 ad
2566 3838 2878 3907 spiritualia,
2910 3838 3100 3892 intravi
3135 3839 3185 3890 in
3218 3837 3579 3891 sanctuarium
3613 3838 3726 3901 Dei,
3759 3847 3821 3894 ut

2238 3931 2566 3988 intenderem
2607 3931 2659 3985 in
2694 3931 2979 3985 novissima
3031 3929 3201 4002 (Psal.
3234 3946 3396 3994 Lxxu,
3442 3930 3578 4001 17):
3627 3941 3676 3985 et
3702 3949 3822 3987 ecce

2238 4037 2336 4074 non
2368 4031 2490 4086 erat,
2539 4031 2585 4076 et
2634 4021 2836 4093 quaesivi
2873 4037 3004 4087 eum,
3059 4029 3104 4073 et
3149 4037 3249 4074 non
3289 4030 3359 4075 est
3403 4021 3636 4076 inventus
3673 4021 3819 4077 locus

2237 4114 2366 4184 ejus.

2313 4205 2396 4260 15.
2429 4201 2575 4276 [vers.
2599 4203 2710 4276 57.]
2739 4203 2944 4258 Custodi
2969 4203 3322 4257 innocentiam.
3354 4202 3518 4268 Tene,
3545 4203 3822 4273 quomodo

2238 4310 2358 4349 cum
2421 4310 2610 4349 avarus
2667 4310 2840 4359 esses,
2891 4295 3174 4349 saccellum
3233 4292 3494 4348 tenebas:
3548 4295 3821 4363 quomodo

2241 4387 2458 4442 tenebas
2489 4387 2792 4450 sacccllum,
2837 4403 2904 4442 ne
2943 4388 3035 4442 tibi
3070 4397 3472 4458 extorqueretur
3496 4403 3525 4440 a
3556 4387 3705 4452 iure;
3738 4390 3822 4444 sic

2239 4481 2442 4535 custodi
2478 4481 2852 4546 innocentiam,
2885 4496 2951 4535 ne
2981 4481 3072 4535 tibi
3102 4489 3479 4549 extorquentur
3517 4496 3547 4534 a
3577 4480 3818 4536 diabolo.

2242 4572 2323 4626 Sit
2349 4573 2432 4627 illa
2455 4580 2655 4627 certum
2685 4571 3053 4640 patrimonium
3077 4581 3244 4637 tuum,
3265 4572 3333 4626 de
3353 4588 3454 4642 qua
3476 4581 3602 4626 sunt
3624 4574 3824 4629 divites

2240 4673 2294 4720 ct
2320 4679 2596 4734 pauperes.
2648 4663 2854 4718 Custodi
2891 4663 3240 4716 innocentiam.
3293 4663 3428 4731 Quid
3463 4665 3555 4717 tibi
3597 4664 3824 4734 prodest

2243 4756 2445 4810 lucrum
2490 4755 2624 4816 auri,
2668 4765 2716 4809 et
2749 4753 2998 4808 damnum
3027 4753 3378 4810 innocentize?
3425 4755 3631 4810 Custodi
3670 4758 3825 4811 inno-

2239 4849 2473 4912 centiam,
2519 4857 2563 4901 et
2594 4847 2703 4900 vide
2728 4847 3066 4900 directionem.
3109 4846 3311 4900 llabeto
3349 4847 3534 4902 oculos
3559 4847 3822 4914 directos,

2242 4948 2299 4994 ut
2346 4939 2524 4992 videas
2578 4939 2957 4994 directionem:
3000 4953 3104 4992 non
3155 4952 3372 5006 pravos,
3412 4940 3604 5008 quibus
3646 4938 3827 4994 mtlos

2241 5030 2422 5096 vides;
2451 5039 2503 5085 ct
2529 5030 2800 5094 diStortos,
2824 5029 3150 5083 utdistortus
3179 5029 3269 5083 tibi
3288 5037 3341 5083 et
3363 5045 3552 5099 pravus
3578 5030 3828 5084 videatur

2245 5122 2402 5188 Deus,
2429 5123 2548 5193 quia
2577 5121 2713 5176 favet
2753 5122 2947 5190 impiis,
2994 5131 3048 5176 et
3077 5121 3409 5190 persequitur
3447 5121 3649 5175 ﬁdeles.
3701 5121 3826 5178 Non

2242 5213 2390 5268 vides
2411 5229 2568 5284 quam
2599 5213 2876 5266 distortum
2906 5212 3127 5268 videas?
3153 5212 3372 5282 Corrige
3391 5213 3576 5268 oculos
3605 5221 3746 5279 tuos,
3777 5224 3827 5268 et

2243 5305 2353 5360 vide
2377 5306 2710 5358 directionem.
2743 5305 2910 5371 Quam
2939 5305 3322 5359 directionem?
3348 5303 3464 5358 Noli
3491 5304 3556 5358 ad
3587 5319 3831 5374 praesen-

2245 5391 2313 5449 tia
2328 5394 2348 5426 ⁸
2367 5395 2661 5450 attendere.
2692 5395 2754 5448 Et
2774 5393 2898 5463 quid
2925 5394 3160 5449 videbis?
3188 5395 3438 5459 Quoniam
3458 5403 3573 5448 sunt
3593 5396 3830 5466 reliquid:

2309 5535 2326 5565 ί
2353 5540 2480 5581 Unus
2502 5537 2580 5580 aut
2616 5531 2740 5579 alter
2775 5536 2880 5592 Ms.,
2911 5541 3021 5592 cum
3055 5527 3252 5592 perisnt.
3288 5537 3430 5578 Porro
3456 5531 3503 5579 in
3523 5537 3688 5581 Graeco
3711 5539 3826 5583 IAK

2248 5600 2342 5648 est.
2361 5606 2421 5644 en
2436 5593 2484 5642 to
2503 5590 2950 5642 exolothreuesthai.

2309 5659 2328 5722 ξ
2353 5662 2422 5722 nl,
2448 5662 2499 5702 et
2521 5655 2684 5716 plures
2704 5660 2808 5722 Mss.
2827 5690 2842 5710 ,
2860 5652 3151 5722 delectantur
3175 5649 3397 5722 felicitate
3420 5651 3696 5714 impiorum.

2310 5717 2330 5746 ³
2356 5713 2540 5779 Aliquot
2561 5723 2684 5773 Mss,
2707 5714 2791 5764 sed
2815 5713 2968 5779 transi
2987 5720 3032 5763 et
3055 5721 3123 5773 tu,
3149 5713 3198 5763 ut
3222 5713 3387 5779 possis,
3414 5713 3509 5765 etc.

2309 5779 2331 5809 ⁴
2357 5776 2521 5828 Plures
2544 5786 2665 5836 Vss,
2691 5776 3010 5838 praesentum.
