4042 6466
204 385 307 445 393

205 501 391 558 homini
421 499 661 570 paciﬁca.
685 497 822 568 Quid
845 503 947 562 est,
977 503 1089 550 sunt
1114 493 1372 562 reliquus?
1396 493 1528 550 Cum
1551 500 1794 546 mortuus

204 594 386 661 fueris,
439 607 548 648 non
597 591 706 648 eris
757 598 1042 660 mortuus:
1086 586 1187 642 hoc
1232 595 1349 653 est,
1395 594 1511 640 sunt
1548 583 1794 654 reliquiae.

204 685 313 742 Erit
343 684 419 740 illi
467 682 668 754 aliquid
712 689 768 738 et
805 688 925 752 post
956 680 1092 735 hanc
1140 678 1336 744 vitam;
1369 676 1472 732 hoc
1515 683 1618 742 est,
1669 672 1797 728 illud

205 793 382 835 semen
437 775 584 848 quod
634 777 687 830 in
729 773 1100 830 benedictione
1145 771 1268 827 erit.
1321 769 1471 826 Unde
1518 768 1796 831 Dominus,

208 869 300 938 Qui
320 868 487 924 credit
512 869 568 922 in
593 883 693 933 me,
722 865 916 937 inquit,
948 865 1063 920 licet
1083 862 1350 928 moriatur,
1373 861 1497 914 vivet
1519 857 1698 934 (Joan.
1720 873 1793 925 ιιι,

204 959 288 1030 25)
322 977 336 1012 :
371 959 633 1026 Quoniam
656 966 770 1013 sunt
796 955 1025 1024 reliquit:
1051 954 1243 1010 homini
1265 952 1500 1024 paciﬁca.

273 1053 363 1108 16.
399 1050 558 1126 [veru
739 1049 929 1121 Iniusti
956 1057 1122 1103 autem
1160 1047 1436 1119 disperient
1477 1046 1530 1100 in
1553 1045 1794 1114 idipsum.

206 1143 335 1211 Quid
365 1154 485 1210 est,
519 1144 572 1198 in
606 1143 866 1212 idipsum?
893 1141 948 1197 lu
990 1140 1408 1210 sempiternum;
1454 1137 1577 1204 vel,
1611 1149 1800 1191 omnes

209 1235 362 1291 simul
401 1237 459 1290 in
505 1249 691 1288 unum.
735 1233 983 1303 Reliquia:
1024 1232 1299 1303 impiorum
1334 1229 1626 1284 interibunt.
1665 1226 1801 1282 Sunt

207 1335 377 1380 autem
427 1325 669 1395 reliquiae
708 1324 911 1379 homini
955 1323 1176 1395 paciﬁca
1201 1343 1216 1378 :
1243 1337 1369 1393 ergo
1398 1321 1488 1393 qui
1521 1335 1626 1375 non
1677 1327 1800 1374 sunt

209 1417 429 1488 paciﬁci,
462 1417 612 1488 impii
642 1425 785 1473 sunt.
818 1417 964 1473 Beati
995 1418 1137 1472 enim
1166 1414 1368 1487 paciﬁci
1396 1456 1411 1483 ,
1439 1413 1562 1485 quia
1586 1412 1686 1484 ipsi
1708 1411 1797 1466 lilii

210 1511 290 1565 Dei
317 1511 658 1564 vocabuntur
679 1508 890 1581 (Matth.
921 1525 974 1575 v,
1004 1508 1085 1580 9).

271 1601 361 1657 l7.
397 1599 560 1673 [υεη.
590 1600 680 1668 59,
709 1599 824 1674 40.]
857 1600 1012 1656 Salus
1031 1608 1199 1654 autem
1214 1599 1475 1669 justorum
1500 1613 1532 1650 a
1559 1595 1795 1662 Domino,

210 1702 250 1749 et
276 1705 536 1764 protector
563 1710 739 1749 eorum
765 1704 837 1749 est
865 1695 919 1748 in
951 1703 1172 1764 tempore
1211 1690 1553 1746 tribulationis
1581 1706 1600 1744 :
1625 1701 1671 1744 et
1699 1690 1799 1743 ad-

209 1785 392 1856 iuvabit
414 1801 504 1840 eos
529 1783 800 1852 Dominus,
828 1794 872 1840 et
892 1793 1030 1840 eruet
1055 1801 1159 1848 eos.
1201 1793 1247 1838 et
1267 1784 1449 1838 eximet
1471 1799 1552 1836 eos
1572 1799 1602 1835 a
1625 1797 1801 1850 pecca-

212 1877 410 1931 toribus.
441 1877 702 1933 Tolerent
746 1892 873 1948 ergo
917 1875 1077 1931 modo
1120 1883 1428 1946 peccatores
1469 1873 1632 1944 justi,
1663 1872 1798 1928 tole-

213 1979 321 2024 rent
343 1967 618 2025 frumenta
645 1969 848 2024 zizania
872 2011 888 2035 ,
926 1968 1117 2023 toleret
1143 1968 1372 2022 triticum
1403 1966 1645 2038 paleam;
1675 1964 1799 2036 quia

213 2065 378 2119 veniet
409 2073 628 2134 tempus
663 2063 1013 2133 separationis
1036 2105 1052 2130 ,
1081 2072 1134 2117 et
1173 2062 1442 2118 eximetur
1477 2074 1659 2115 semen
1700 2059 1798 2114 bo-

213 2170 326 2210 num
362 2155 432 2210 ab
461 2169 530 2211 eo
560 2154 704 2224 quod
747 2155 852 2225 igni
886 2163 1266 2210 consumetur:
1302 2151 1432 2206 illud
1468 2151 1520 2206 in
1547 2151 1796 2206 horreum

217 2248 470 2310 mittetur,
510 2245 640 2301 illud
672 2256 848 2300 autem
907 2245 958 2300 in
996 2255 1249 2300 aeternam
1293 2233 1796 2311 conﬂagratiouem;

119 2355 122 2358 ’
214 2340 325 2407 quia
370 2337 498 2393 ideo
538 2337 700 2392 simul
733 2338 946 2392 fuerunt
971 2338 1141 2407 primo
1169 2336 1344 2406 justus
1372 2345 1426 2390 et
1455 2334 1714 2404 injustas,
1743 2342 1800 2388 ut

215 2432 290 2485 ille
324 2431 698 2500 supplantaret
722 2431 764 2496 ⁸,
795 2429 884 2484 ille
903 2430 1243 2500 probaretur;
1279 2437 1461 2500 postea
1493 2436 1671 2483 autem
1712 2426 1800 2483 ille

215 2521 572 2587 damnaretur,
601 2521 692 2576 ille
713 2529 1080 2578 coronaretur.

277 2615 362 2672 18.
407 2616 522 2671 Deo
563 2615 800 2685 gratias,
834 2614 1057 2679 fratres,
1091 2612 1420 2669 reddidimus
1461 2611 1700 2668 debitum
1746 2610 1800 2667 in

219 2709 422 2764 nomine
469 2706 716 2774 Christi;
745 2706 837 2763 sed
878 2722 977 2762 nos
1013 2707 1247 2762 charitas
1286 2707 1552 2762 debitores
1588 2721 1802 2778 semper

219 2809 354 2856 tenet
383 2803 431 2854 ³.
466 2798 564 2854 Illa
594 2800 738 2855 enim
767 2815 867 2854 una
893 2808 996 2866 est,
1033 2815 1151 2870 qua:
1179 2810 1234 2854 et
1265 2799 1309 2853 si
1339 2798 1575 2870 quotidie
1618 2797 1799 2853 reddi-

219 2898 314 2957 tur,
343 2904 562 2961 semper
588 2890 832 2946 debetur.
882 2891 1042 2946 Multa
1078 2890 1308 2946 diximus
1336 2890 1595 2946 adversus
1627 2890 1800 2945 Dona-

219 2984 376 3051 tistas,
411 2986 582 3040 multa
604 2984 756 3040 vobis
778 2984 1139 3049 recitavimus,
1163 2984 1356 3040 multas
1375 2982 1610 3049 chartas,
1633 2983 1801 3039 multa

219 3088 398 3146 praeter
427 3093 694 3132 canonem
723 3077 1134 3148 Scripturarum,
1169 3076 1271 3132 illis
1300 3076 1634 3149 cogentibus.
1664 3077 1799 3132 Nam

219 3176 266 3223 et
289 3169 330 3223 si
355 3168 761 3238 reprehendent
785 3169 920 3235 haec,
944 3170 1065 3240 quia
1093 3169 1244 3224 vobis
1265 3170 1387 3223 talia
1415 3169 1640 3240 legimus
1665 3188 1681 3238 ;
1705 3184 1802 3226 nos

221 3261 707 3332 reprehendamur,
759 3261 883 3316 dum
938 3277 1034 3316 vos
1089 3261 1446 3316 instruamini.
1511 3261 1804 3318 Possumus

219 3354 347 3407 enim
375 3357 454 3408 eis
484 3362 541 3409 et
584 3353 640 3408 in
678 3352 777 3408 hac
805 3361 954 3424 parte
980 3353 1058 3409 sic
1082 3353 1405 3422 respondere
1433 3372 1446 3408 :
1475 3352 1664 3408 Factus
1691 3371 1804 3408 sum

219 3443 479 3513 insipiens,
515 3459 602 3499 vos
645 3461 724 3497 me
757 3445 987 3516 coegisti;
1039 3443 1106 3515 (ll
1139 3443 1374 3506 Cor.xu,
1413 3445 1524 3516 Η).
1572 3444 1799 3514 Tamen,

222 3534 421 3600 fratres,
445 3544 572 3589 ante
601 3535 780 3589 omnia
811 3535 1074 3590 custodite
1097 3534 1118 3566 ⁸
1143 3535 1506 3590 haereditatem
1541 3545 1800 3604 nostram,

222 3623 280 3681 de
302 3643 403 3697 qua
429 3625 608 3681 securi
656 3641 840 3680 sumus
873 3641 970 3681 nos
1007 3627 1058 3680 in
1085 3634 1406 3682 testamento
1436 3627 1606 3682 Patris
1637 3628 1804 3683 nostri

223 3734 368 3775 esse:
406 3737 513 3774 non
557 3721 608 3774 in
636 3721 808 3790 aliqua
839 3721 1020 3774 charta
1066 3721 1248 3775 frivola
1292 3719 1515 3791 alicujus
1548 3721 1800 3788 hominis,

223 3811 305 3866 sed
335 3813 386 3866 in
434 3820 758 3868 testamento
799 3811 974 3867 Patris
1005 3812 1194 3866 nostri.
1226 3812 1354 3868 lnde
1380 3813 1552 3868 securi
1584 3828 1801 3880 sumus;

223 3905 333 3972 quia
363 3903 455 3973 qui
500 3902 627 3958 fecit
677 3911 1091 3970 testamentum,
1134 3904 1298 3959 vivit:
1331 3905 1421 3975 qui
1465 3903 1590 3960 fecit
1636 3913 1802 3960 testa-

223 4007 450 4051 mentum
503 3995 704 4051 hzeredi
756 4011 872 4064 suo,
931 3997 1042 4068 ipse
1085 3997 1340 4068 judicabit
1380 3997 1446 4052 de
1489 4007 1806 4054 testamento

223 4100 329 4141 suo.
361 4089 418 4142 In
446 4087 609 4142 rebus
633 4088 879 4142 humanis
899 4087 1035 4143 alius
1057 4098 1138 4143 est
1163 4097 1387 4144 testator
1406 4130 1421 4156 ,
1455 4087 1761 4159 aliusjudex
1787 4106 1802 4143 :

223 4187 269 4232 et
291 4188 469 4234 tamen
491 4179 584 4250 qui
616 4188 760 4235 tenet
789 4188 1186 4247 testamentum,
1217 4180 1377 4234 vineit
1404 4180 1544 4250 apud
1567 4180 1803 4251 judicem

227 4269 466 4336 alterum,
501 4286 607 4324 non
632 4269 771 4340 apud
798 4270 1025 4326 alterum
1056 4270 1292 4340 iudicem
1324 4282 1612 4326 mortuum.
1635 4272 1803 4340 Quam

223 4376 340 4432 ergo
383 4378 572 4419 secura
617 4371 701 4418 est
750 4372 929 4418 nostra
983 4363 1220 4428 victoria,
1267 4379 1388 4418 cum
1427 4364 1516 4419 ille
1545 4363 1806 4433 judicabit

224 4455 304 4521 qui
335 4463 561 4509 testatus
589 4462 674 4508 est
707 4455 720 4508 !
753 4453 856 4508 etsi
895 4453 1036 4508 enim
1076 4462 1319 4508 mortuus
1366 4463 1449 4510 est
1472 4453 1716 4509 Christus
1737 4454 1803 4510 ad

225 4552 448 4614 tempus,
474 4544 568 4599 sed
593 4544 703 4614 jam
731 4543 861 4598 vivit
891 4543 944 4598 in
975 4553 1233 4600 mternum
1255 4553 1298 4598 ι.

293 4636 377 4691 19.
413 4637 726 4706 Loquantur
747 4649 877 4706 ergo
905 4634 1161 4690 adversus
1186 4652 1284 4692 nos
1309 4634 1561 4708 quidquid
1586 4635 1804 4692 volunt:

224 4745 314 4783 nos
340 4729 626 4799 diligamus
669 4727 789 4783 illos
831 4736 886 4784 et
913 4729 1178 4785 nolentes.
1209 4729 1463 4787 Novimus
1491 4731 1631 4786 enim
1653 4773 1669 4798 ,
1697 4731 1808 4786 fra-

221 4830 364 4887 tres,
415 4819 664 4874 novimus
707 4819 912 4890 linguas
948 4837 1132 4876 eorum
1157 4839 1170 4876 :
1198 4829 1414 4892 propter
1441 4836 1572 4892 quas
1595 4823 1674 4878 eis
1701 4839 1806 4880 non

219 4914 514 4966 irascamur
535 4953 550 4977 ,
582 4911 848 4981 patienter
872 4909 1010 4967 ferte
1035 4912 1332 4966 nobiscum.
1361 4911 1556 4968 Vident
1583 4913 1724 4969 enim
1753 4916 1808 4970 in

219 5018 269 5053 ra
283 5018 377 5057 usa
405 5017 463 5058 se
493 5001 625 5056 nihil
656 5000 856 5057 habere
879 5045 895 5069 ,
924 5009 978 5058 et
1005 5003 1212 5074 linguas
1243 5012 1560 5060 convertunt
1605 5006 1655 5060 in
1688 5021 1804 5073 nos,

216 5105 264 5147 et
295 5096 556 5166 incipiunt
585 5094 652 5150 de
686 5095 840 5150 nobis
870 5095 1050 5151 dicere
1081 5097 1240 5163 mala,
1266 5098 1430 5151 multa
1457 5114 1576 5168 qua:
1597 5099 1804 5166 sciunt,

219 5188 387 5242 multa
431 5202 549 5257 quae
586 5188 850 5242 nesciunt.
897 5187 1026 5256 Quae
1072 5189 1280 5255 sciunt,
1309 5190 1578 5258 prmterita
1627 5198 1808 5245 nostra

220 5289 341 5336 sunt
374 5297 390 5334 :
423 5279 616 5335 fuimus
646 5284 791 5336 enim
831 5281 1147 5352 aliquando,
1180 5283 1316 5337 sicut
1343 5282 1472 5338 dicit
1497 5284 1805 5354 Apostolus,

219 5373 365 5425 stulti
411 5381 462 5426 et
492 5371 786 5438 increduli,
819 5380 872 5427 et
897 5371 963 5426 ad
1000 5388 1158 5428 omne
1201 5373 1566 5443 opus‘bonum
1597 5374 1808 5444 reprobi

220 5461 352 5532 (Tit.
384 5479 462 5529 ιιι,
491 5465 570 5526 3).
602 5463 657 5519 ln
680 5479 867 5520 errore
905 5481 1156 5535 perverso
1199 5466 1521 5537 desipientes
1563 5477 1617 5524 et
1669 5467 1810 5523 insa-

278 5580 297 5610 ι
324 5584 380 5625 ιιι
403 5577 624 5628 omnibus
649 5590 800 5640 prope
821 5586 946 5642 uss,
965 5577 1372 5642 supplautaretur.

273 5642 296 5671 ⁸
319 5647 518 5702 septem
545 5639 668 5699 Mss.,
687 5639 1037 5702 noscitaritatis
1060 5641 1293 5694 debitores
1313 5655 1501 5702 semper
1521 5648 1692 5694 tenete.

277 5703 297 5732 ³
324 5700 514 5770 aliquot
674 5737 687 5761 ,
714 5700 879 5770 scitote
897 5701 1244 5770 Itwreditatem,
1263 5712 1391 5770 ‘etc.;
1417 5700 1658 5770 pauloque
1684 5715 1808 5769 post,

212 5764 443 5876 potet-iique
459 5764 636 5814 omisso
659 5776 762 5824 nos,
786 5764 967 5814 habent
988 5767 1059 5815 sic
1083 5780 1094 5814 :
1115 5766 1275 5818 securi
1292 5764 1455 5819 sumtis
1485 5768 1536 5819 in
1557 5764 1810 5821 testor-neu?

261 5862 278 5876 .
299 5843 330 5875 ε
355 5839 403 5874 c.

261 5862 278 5884 ,
299 5839 403 5875 etc.

277 5891 300 5922 δ
325 5887 462 5948 ΒΜ,
487 5885 597 5938 vivit
616 5887 667 5938 in
687 5894 936 5940 trtemum.
964 5891 1127 5950 Abest,
1146 5889 1196 5941 in
1218 5897 1478 5959 (εἰει-ηψπ,
1503 5906 1531 5944 a
1550 5901 1655 5946 Mss.

581 5975 806 6038 Sascr.
855 5978 1134 6039 Aususr.
1180 5973 1287 6040 IV.

185 6041 218 6058 ις

1518 6054 1548 6068 ,γ’
1583 6059 1626 6069 ιιι.

1292 370 1692 432 ENARRATIO
1717 370 1784 429 IN
1825 368 2148 428 PSALMUM
2176 369 2418 427 XXXVI.

3380 367 3488 432 39‘

1907 489 2116 544 nicutes
2154 488 2346 541 luimus
2371 528 2386 554 ,
2412 500 2516 541 non
2545 500 2827 556 negamus;
2859 493 2910 540 et
2953 494 3209 557 quantum
3259 501 3488 559 praeter-

1905 581 2036 635 itum
2073 589 2312 635 nostrum
2338 594 2441 632 non
2483 591 2736 648 negamus
2759 618 2773 640 ,
2808 586 2954 632 tanto
2999 581 3165 650 magis
3197 581 3362 636 Deum
3400 583 3490 653 qui

1906 673 2061 728 nobis
2087 673 2306 744 ignovit,
2340 671 2636 727 laudamus.
2666 669 2803 738 Quid
2827 685 2976 740 ergo,
3003 669 3253 729 haeretice
3271 715 3286 740 ,
3309 674 3492 730 dimit-

1906 765 1974 820 tis
1998 780 2214 820 causam
2233 804 2250 830 ,
2282 773 2336 819 et
2363 765 2406 819 is
2430 763 2496 819 ad
2531 763 2798 818 hominem
2821 762 2844 816 ἲ
2869 763 3008 829 Quid
3036 765 3178 819 enim
3207 781 3306 836 ego
3335 768 3494 822 sum?

1905 858 2032 928 quid
2074 858 2230 912 sum?
2273 855 2538 928 Numquid
2576 853 2850 911 Catholica
2891 872 2990 926 ego
3034 857 3192 912 sum?
3235 860 3492 930 numquid

1907 947 2191 1004 haereditas
2225 948 2426 1004 Christi
2455 947 2647 1003 dill‘usa
2689 965 2784 1018 per
2805 957 2994 1019 gentes
3024 965 3124 1020 ego
3149 952 3307 1006 sum?
3328 951 3493 1009 Sulli-

1905 1043 1980 1096 cit
2002 1042 2130 1097 mihi
2163 1051 2222 1097 ut
2252 1044 2303 1096 in
2335 1059 2397 1098 ea
2429 1043 2550 1098 sim.
2587 1043 2867 1113 Vituperas
2889 1045 3025 1097 mala
3057 1061 3172 1100 mea
3197 1048 3485 1116 praeterita,

1905 1132 2033 1203 quid
2074 1149 2323 1202 magnum
2357 1133 2524 1188 facis?
2562 1133 2813 1190 Severior
2842 1149 2958 1189 sum
2988 1151 3088 1206 ego
3128 1139 3179 1192 in
3210 1139 3345 1193 mala
3376 1155 3495 1196 mea

1906 1242 2066 1296 quam
2097 1236 2190 1281 tu:
2223 1226 2364 1296 quod
2392 1237 2448 1281 tu
2472 1228 2780 1297 vituperasti
2801 1268 2815 1291 ,
2848 1243 2951 1299 ego
2978 1229 3246 1285 damnavi.
3278 1231 3492 1288 Utinam

1906 1319 2074 1374 velles
2105 1319 2331 1386 imitari,
2365 1328 2419 1374 ut
2447 1331 2499 1376 et
2523 1336 2676 1376 error
2701 1331 2820 1376 tuus
2853 1321 3008 1377 ﬁeret
3042 1324 3331 1394 aliquando
3360 1342 3494 1397 prse-

1908 1413 2133 1466 tcritus!
2193 1411 2296 1467 Ista
2340 1421 2465 1468 sunt
2507 1414 2641 1467 mala
2687 1415 2991 1482 praeterita,
3038 1432 3158 1486 qua:
3199 1430 3489 1487 noverunt,

1907 1505 2139 1558 maxime
2164 1505 2214 1559 in
2255 1504 2352 1559 ista
2389 1505 2624 1561 civitate.
2660 1505 2757 1561 Hic
2783 1507 2925 1562 enim
2970 1509 3107 1564 male
3131 1511 3360 1566 viximus
3390 1513 3491 1583 (a),

1907 1596 2047 1666 quod
2093 1611 2196 1666 ego
2229 1597 2527 1651 conﬁteor:
2573 1606 2628 1652 et
2669 1608 2924 1667 quantum
2969 1601 3172 1670 gaudeo
3209 1603 3276 1658 de
3327 1607 3494 1675 gratia

1910 1687 2024 1752 Dei,
2055 1696 2256 1742 tantmu
2283 1688 2352 1744 de
2381 1689 2513 1744 meis
2534 1691 2820 1760 praeteritis
2843 1693 2882 1756 ³,
2907 1693 3037 1762 quid
3065 1693 3279 1750 dicam?
3301 1697 3495 1752 Doleo?

1909 1778 2180 1846 Dolerem,
2209 1781 2252 1835 si
2284 1781 2458 1837 adhuc
2486 1797 2682 1838 essem.
2713 1782 2818 1838 Sed
2847 1785 2972 1854 quid
3002 1785 3214 1843 dicam?
3238 1789 3496 1847 Gaudeo?

1906 1869 2017 1926 Nec
2065 1869 2166 1926 hoc
2221 1887 2436 1941 possum
2487 1874 2666 1929 dicere
2718 1893 2732 1930 :
2777 1875 2976 1932 utinam
3027 1881 3169 1934 enim
3227 1899 3495 1954 nunquam

1907 1961 2162 2018 luissem!
2193 1963 2455 2035 Quidquid
2483 1975 2658 2021 tamen
2689 1967 2781 2034 fui,
2817 1969 2867 2023 in
2892 1972 3108 2028 nomine
3132 1973 3327 2031 Christi
3356 1993 3496 2049 prte-

1909 2053 2122 2110 teritum
2159 2063 2254 2111 est.
2299 2056 2450 2124 Quod
2499 2073 2676 2115 autem
2721 2061 2881 2116 modo
2922 2066 3351 2137 reprehendunt,
3385 2089 3492 2129 non

1908 2157 2122 2203 norunt.
2169 2149 2304 2204 Sunt
2331 2167 2448 2222 qua:
2477 2152 2651 2208 adhuc
2691 2155 2742 2209 in
2775 2172 2860 2212 me
2890 2159 3282 2228 reprehendant
3306 2167 3327 2200 ³
3359 2185 3372 2221 :
3398 2169 3494 2225 sed

1909 2246 2084 2294 tamen
2128 2241 2354 2297 multum
2393 2254 2474 2298 est
2507 2244 2572 2300 ad
2621 2247 2740 2302 illos
2775 2259 2832 2304 ut
2871 2251 2984 2306 haec
3024 2257 3288 2312 noverint.
3334 2259 3493 2316 Multa

1907 2346 2008 2401 ago
2029 2332 2050 2363 ⁸
2077 2333 2128 2387 in
2179 2335 2590 2405 cogitationibus
2621 2340 2754 2394 meis
2779 2383 2792 2404 ,
2823 2357 3064 2413 pugnans
3093 2347 3350 2406 adversus
3376 2369 3496 2408 ma-

1908 2425 1986 2480 las
2033 2428 2400 2498 suggestiones
2447 2447 2626 2498 meas,
2658 2443 2710 2488 et
2755 2431 2955 2489 habens
3001 2439 3498 2500 conllictationem‘

1906 2513 2213 2572 diuturnam
2235 2560 2250 2585 ,
2291 2530 2345 2574 et
2375 2536 2540 2590 prope
2563 2523 2868 2579 continuam
2895 2525 2915 2557 ⁸
2941 2543 3062 2582 cum
3113 2533 3495 2593 tentationibus

1909 2607 2108 2665 inimici
2146 2612 2460 2668 subvertere
2503 2630 2590 2670 me
2628 2615 2872 2672 volentis.
2913 2617 3082 2676 Gemo
3127 2623 3192 2678 ad
3229 2625 3396 2682 Deum
3443 2631 3498 2686 ιιι

1909 2699 2217 2758 inﬁrmitate
2258 2719 2411 2768 mea;
2437 2714 2490 2759 et
2528 2707 2676 2760 novit
2708 2707 2835 2779 quid
2877 2703 3102 2780 parturit
3143 2730 3238 2770 cor
3278 2733 3494 2787 meum,

1910 2791 2039 2847 ille“
2063 2794 2151 2863 qui
2176 2795 2322 2849 novit
2361 2807 2568 2866 partum
2616 2814 2816 2859 meum.
2864 2801 2996 2856 Mihi
3025 2817 3190 2860 autem
3232 2809 3496 2866 minimum

1909 2897 2003 2954 est,
2044 2896 2098 2942 ut
2123 2905 2155 2942 a
2187 2888 2323 2945 vobis
2351 2890 2604 2962 dijudicer
2627 2935 2643 2961 ,
2671 2905 2758 2949 aut
2792 2897 2855 2951 ab
2878 2898 3099 2956 humano
3120 2903 3221 2970 die,
3249 2906 3324 2960 ait
3353 2907 3496 2977 Apo-

1910 2981 2078 3036 stolus
2102 2999 2117 3047 ;
2145 2982 2234 3038 sed
2267 3001 2424 3055 neque
2446 3003 2537 3056 ego
2577 2989 2823 3060 meipsum
2853 2992 3031 3063 judico
3079 2994 3121 3065 (l
3142 2993 3260 3054 Cor.
3290 3014 3363 3068 tv,
3393 3001 3448 3070 3)
3479 3019 3494 3056 :

1910 3073 2104 3129 melius
2142 3075 2286 3131 enim
2314 3093 2400 3133 me
2428 3093 2528 3148 ego
2560 3081 2680 3134 novi
2709 3098 2867 3152 quam
2892 3084 2984 3150 illi,
3016 3087 3109 3142 sed
3138 3091 3330 3146 melius
3359 3093 3497 3150 Deus

1910 3182 2070 3237 quam
2113 3182 2231 3238 ego.
2277 3168 2393 3224 Non
2428 3185 2555 3242 ergo
2583 3172 2733 3228 vobis
2779 3175 3035 3232 insultent
3060 3178 3128 3235 de
3170 3182 3356 3251 nobis,
3390 3201 3499 3242 non

1910 3258 2070 3316 faciat
2097 3259 2360 3319 Christus.
2421 3265 2614 3322 Dicunt
2653 3268 2793 3322 enim
2818 3310 2832 3335 ,
2867 3270 2933 3325 Et
2954 3274 3042 3344 qui
3081 3276 3247 3330 sunt?
3276 3287 3333 3332 et
3357 3279 3499 3336 unde

1911 3353 2074 3409 sunt?
2101 3354 2270 3409 malos
2298 3354 2383 3409 hic
2407 3355 2528 3412 illos
2554 3359 2822 3427 novimus,
2850 3361 2937 3416 ubi
2969 3363 3221 3434 baptizati
3251 3370 3415 3425 sunt?
3441 3371 3500 3428 Si

1913 3458 2011 3499 nos
2052 3445 2187 3500 bene
2227 3457 2525 3514 noverunt,
2555 3451 2738 3505 sciunt
2764 3452 2883 3522 quia
2915 3463 2970 3510 et
3003 3457 3367 3528 navigavimus
3395 3463 3500 3517 alio

1912 3537 2161 3607 quando;
2193 3539 2366 3594 sciunt
2392 3541 2513 3608 quia
2531 3552 2584 3596 et
2606 3545 2922 3614 peregrinati
2943 3562 3160 3616 sumus;
3181 3551 3356 3608 sciunt
3375 3556 3498 3626 quia

1911 3631 2000 3685 alii
2033 3631 2244 3698 ivimus,
2276 3641 2331 3688 et
2354 3633 2444 3688 alii
2484 3634 2790 3692 redivimus.
2829 3637 2944 3693 Non
2993 3639 3078 3694 hic
3123 3632 3371 3713 baptizati
3402 3663 3498 3702 su-

1912 3738 2030 3777 mus
2056 3742 2070 3778 :
2094 3724 2187 3778 sed
2231 3725 2317 3781 ubi
2350 3726 2597 3795 baptizati
2634 3743 2817 3784 sumus
2845 3729 2920 3802 (ὁ)
2946 3772 2961 3796 ,
2995 3732 3232 3790 Ecclesia
3262 3747 3344 3793 est
3372 3749 3500 3797 nota

1914 3814 2163 3871 universo
2191 3816 2304 3870 orbi
2337 3825 2619 3873 terrarum.
2655 3819 2721 3874 Et
2750 3822 2901 3876 multi
2932 3822 3121 3882 fratres
3149 3830 3313 3884 nostri
3339 3841 3500 3900 sunt,

1912 3907 2002 3978 qui
2028 3916 2082 3964 et
2111 3920 2302 3964 norunt
2334 3912 2455 3980 quia
2488 3911 2735 3983 baptizati
2768 3931 2977 3981 sumus,
3004 3927 3060 3974 et
3089 3921 3368 3978 nobiscum
3401 3925 3499 3982 ba-

1911 4001 2095 4070 ptizati
2125 4011 2267 4056 sunt.
2319 4002 2498 4059 Facile
2531 4011 2613 4059 est
2638 4021 2769 4076 ergo
2809 4007 2911 4063 hoc
2941 4025 3099 4066 nosse
3127 4053 3142 4079 ,
3168 4012 3212 4067 si
3239 4015 3360 4085 quis
3389 4015 3502 4074 fra-

1914 4103 2055 4149 trum
2088 4095 2319 4150 estinde
2367 4097 2646 4152 sollicitus.
2680 4097 2799 4154 Istis
2833 4109 3011 4157 autem
3043 4105 3364 4163 satisfacturi
3414 4128 3503 4166 su-

1913 4198 2124 4250 mus,et
2155 4188 2573 4244 demonstraturi
2601 4191 2797 4260 aliquid
2815 4191 2883 4248 de
2901 4195 3201 4252 testimonio
3226 4199 3501 4273 Ecclesiae,

1914 4281 2000 4337 cui
2030 4297 2135 4337 non
2175 4282 2611 4337 communicant?
2651 4283 2838 4338 Merito
2867 4301 2974 4340 non
3004 4303 3103 4343 nos
3131 4300 3330 4347 norunt
3355 4303 3504 4352 trans

1915 4388 2063 4428 mare
2102 4372 2398 4442 baptizatos
2430 4376 2481 4427 in
2522 4373 2738 4429 Christo
2763 4415 2776 4438 ,
2807 4377 2928 4444 quia
2959 4387 3012 4432 et
3043 4388 3188 4435 trans
3215 4397 3364 4439 mare
3393 4403 3501 4442 non

1915 4465 2110 4522 habent
2136 4465 2426 4533 Christum.
2463 4465 2550 4520 llle
2593 4467 2737 4522 enim
2767 4466 3036 4523 Christum
3088 4481 3142 4526 et
3182 4480 3328 4530 trans
3353 4491 3502 4534 mare

1841 4559 1846 4562 ’
1915 4557 2112 4622 habet,
2142 4558 2229 4627 qui
2275 4566 2330 4613 et
2367 4567 2511 4613 trans
2550 4573 2697 4613 mare
2735 4561 3164 4619 communionem
3189 4565 3210 4597 '
3233 4568 3504 4629 universa:

1915 4651 2170 4707 Ecclesia:
2198 4659 2360 4707 tenet.
2394 4651 2672 4720 Quomodo
2714 4664 2889 4724 potest
2927 4671 3256 4727 cognoscere
3286 4662 3375 4720 ubi
3398 4667 3498 4722 sia:

1915 4757 2018 4814 ego
2063 4743 2401 4812 baptizatus,
2437 4757 2559 4798 cum
2610 4745 2916 4800 communio
2974 4747 3144 4818 ipsius
3183 4753 3269 4809 vix
3317 4759 3500 4816 transit

1916 4835 2107 4890 mare?
2153 4833 2526 4890 Verumtamen
2551 4876 2566 4901 ,
2597 4834 2790 4891 fratres
2831 4839 2935 4893 mei
2961 4880 2976 4904 ,
3007 4842 3136 4914 quid
3180 4847 3261 4902 eis
3285 4847 3505 4906 dicam?

1915 4926 2267 4996 SuSpicamini
2295 4927 2434 4996 quod
2469 4927 2625 4982 vultis
2650 4926 2716 4983 de
2745 4927 2922 4986 nobis.
2949 4931 3004 4989 Si
3038 4935 3159 4990 boni
3188 4951 3374 4996 sumus
3396 4984 3413 5010 ,
3449 4944 3502 5000 in

1919 5017 2156 5074 Ecclesia
2187 5018 2384 5073 Christi
2415 5017 2677 5074 frumenta
2717 5033 2944 5078 sumus:
2975 5025 3019 5080 si
3051 5027 3175 5082 mali
3201 5043 3418 5102 sumus,
3450 5035 3505 5093 in
3593 5069 3600 5078 r

1918 5113 2156 5168 Ecclesia
2194 5110 2391 5167 Christi
2421 5113 2572 5182 palea
2600 5129 2806 5185 sumus,
2840 5123 3018 5176 tamen
3039 5119 3108 5175 ab
3132 5137 3259 5179 area
3281 5141 3388 5182 non
3417 5143 3506 5186 re-

1983 5267 2160 5348 gem,
2187 5271 2370 5317 tantum
2391 5264 2454 5318 de
2473 5265 2591 5320 meis
2629 5269 2889 5335 prum
2918 5270 3082 5327 nm.
3117 5276 3288 5341 Abest,
3328 5279 3498 5348 titnco,

1915 5344 1945 5382 ⁸
1964 5337 2249 5464 ﬁliamque
2267 5395 2398 5464 uss...
2404 5391 2782 5464 reprehendam.

1979 5456 2002 5522 ξ
2023 5461 2123 5504 Duo
2146 5451 2275 5511 Mss,
2301 5451 2645 5522 Multunlenim
2665 5470 2834 5522 angor.

1978 5516 2002 5548 ⁸
2027 5526 2123 5566 Am.
2152 5523 2204 5566 et
2225 5523 2353 5578 Mss,
2372 5513 2730 5578 conﬂictionem;

1978 5579 2000 5642 Ψ
2025 5579 2159 5642 add,
2183 5576 2580 5642 cominuam'citn,
2609 5589 2712 5630 \‘or
2732 5579 2826 5632 vim
2847 5583 2988 5634 abest
3010 5597 3039 5634 a
3055 5585 3220 5638 multis
3235 5593 3342 5642 Mss.

1981 5641 2002 5672 ⁸
2025 5647 2074 5689 tn
2103 5639 2323 5703 pluribus
2345 5647 2473 5703 Mss,
2495 5638 2586 5703 illi.

1935 5703 1942 5706 ’
1979 5705 2000 5736 ἴ
2024 5699 2156 5764 nov},
2175 5699 2661 5754 communicationem.
2689 5705 2800 5756 Edd.
2824 5705 2906 5756 alii
2927 5720 3038 5757 cum
3059 5715 3188 5774 Mss,
3213 5719 3499 5775 ommutuit,

1979 5827 2054 5958 ξπ)
2079 5827 2382 5902 Carthagine.
2408 5826 2510 5876 Vid.
2531 5827 2616 5878 lib.
2640 5829 2672 5878 5
2691 5828 2922 5908 confess,
2941 5845 2985 5881 c.
3015 5835 3037 5882 1
3059 5842 3110 5886 et
3129 5850 3270 5905 seqq.

2005 5890 2054 5955 ὁ)
2079 5891 2180 5941 νιιι.
2202 5891 2288 5942 ltb.
2311 5891 2344 5944 9
2364 5889 2598 5955 confess,
2617 5905 2659 5942 c.
2684 5894 2731 5940 ι›.

2005 5889 2054 5955 b)
2079 5891 2180 5941 vid.
2202 5889 2288 5942 lib.
2311 5891 2344 5944 9
2364 5889 2598 5955 confess,
2617 5905 2659 5942 c.
2684 5893 2731 5940 6.

2758 5975 3062 6068 {Trcize.)
