4042 6486
511 424 612 489 595

504 546 763 604 cedimus.
793 540 874 597 Tu
899 537 988 611 qui
1017 542 1177 593 vento
1205 530 1510 590 tentationis
1537 527 1681 587 foras
1708 527 1895 611 volasti
1915 568 1929 595 ,
1961 522 2091 599 quid

505 638 606 695 es?
633 620 889 693 Triticum
936 645 1040 687 non
1069 628 1208 685 tollit
1257 636 1443 684 ventus
1479 639 1546 681 ex
1574 638 1718 679 area.
1749 610 1829 678 Ex
1871 635 1936 677 eo
1961 617 2090 691 ergo

506 730 593 787 ubi
623 744 702 793 es,
724 738 961 805 agnosce
981 706 1109 794 quid
1134 735 1215 777 θδο
1554 804 1557 805 ν
1972 794 2003 805 ,λ
2048 798 2079 805 ..

575 822 666 879 20.
701 794 808 876 Sed
838 828 895 875 tu
921 858 936 884 ,
983 810 1192 886 inquit,
1219 812 1338 883 quis
1367 825 1426 867 es
1473 804 1564 880 qui
1601 816 1789 893 contra
1832 821 1929 862 nos
1956 794 2091 893 dicis

506 912 696 979 tanta?
721 892 1053 981 Quicumque
1079 905 1178 960 sim
1204 944 1219 967 ,
1250 899 1392 974 quod
1419 896 1614 956 dicitur
1640 890 1858 979 attende
1874 940 1892 985 η,
1927 890 2030 950 non
2057 894 2090 950 ά

507 1022 613 1075 quo
645 1002 857 1058 dicitur.
898 998 1003 1055 Sed
1046 993 1310 1068 peccatori
1336 1034 1351 1059 ,
1375 991 1585 1062 inquit,
1619 989 1748 1047 dicit
1789 986 2084 1045 Dominus:

511 1096 702 1169 Ulquid
749 1106 801 1149 tu
842 1090 1056 1147 assumis
1110 1096 1460 1143 testamentum
1503 1100 1669 1138 meum
1710 1099 1800 1154 per
1841 1098 1896 1136 os
1945 1090 2089 1133 tuum

506 1188 677 1262 (Psal.
702 1201 847 1249 xux.
880 1180 1009 1256 16)?
1039 1181 1185 1235 Ilieat
1208 1178 1460 1232 Dominus
1485 1174 1588 1230 hoc
1614 1172 1879 1244 pcecatori
1911 1189 1924 1224 :
1952 1170 2088 1225 forte

505 1292 585 1337 est
609 1295 777 1353 genus
820 1285 1156 1351 peccatorum
1185 1272 1272 1328 cui
1313 1269 1415 1324 hoc
1442 1277 1586 1324 recte
1624 1267 1764 1322 dicat
1797 1264 2049 1319 Dominus
2071 1275 2097 1333 ;_

506 1374 598 1428 sed
616 1350 686 1426 vin
715 1366 1005 1441 quemlibet
1042 1350 1183 1420 dicat
1210 1363 1311 1417 hoc
1342 1358 1616 1421 Dominus,
1644 1354 1761 1412 ideo
1788 1352 1936 1421 dicit,
1966 1354 2087 1424 quia

509 1463 777 1534 peccaturi
816 1475 921 1515 non
970 1454 1188 1529 prodest
1229 1448 1444 1524 quando
1492 1449 1662 1523 legem
1698 1448 1787 1503 Dei
1829 1445 2085 1517 loquitur.

506 1553 771 1629 Numquid
798 1563 851 1609 et
889 1546 1225 1607 auditoribus
1264 1562 1367 1601 non
1400 1543 1652 1617 prodest?
1680 1540 1975 1613 Utrumque
1994 1556 2088 1612 ge-

506 1667 607 1708 nus
652 1664 752 1706 nos
788 1645 1047 1702 habemus
1089 1643 1142 1697 in
1184 1630 1420 1697 Ecclesia
1446 1679 1462 1706 ,
1491 1636 1716 1693 Domino
1759 1635 2006 1699 dicente,
2035 1638 2093 1688 et

507 1744 770 1801 bonorum
813 1726 871 1795 et
916 1736 1203 1807 (malorum.
1257 1732 1390 1787 Boni
1434 1729 1577 1785 enim
1611 1743 1730 1783 cum
1759 1724 2084 1798 praedicant,

506 1833 631 1907 quid
655 1828 878 1888 dicunt?
905 1816 1198 1907 lmitatores
1225 1824 1321 1878 mei
1340 1832 1516 1887 estote,
1568 1820 1696 1875 sicut
1730 1826 1776 1895 et
1806 1833 1896 1907 ego
1936 1813 2088 1869 Chri—

503 1902 570 1980 sti
592 1923 631 2000 (l
662 1923 781 1979 Cor.
817 1938 902 1988 tv,
947 1918 1055 1990 16).
1092 1914 1164 1970 De
1186 1902 1341 1970 bonis
1365 1911 1490 1985 quid
1518 1908 1748 1967 dicitur?
1784 1906 1889 1966 Sed
1923 1911 2090 2000 [arma

504 1997 610 2074 esto
640 2014 873 2091 ﬁdelium
896 2014 912 2045 ¹
938 2006 983 2083 (l
1014 2004 1149 2065 Tint.
1182 2024 1259 2077 tv,
1292 2008 1360 2063 l2
1469 2000 1583 2061 Hoc
1620 2017 1718 2059 nos
1755 2008 1874 2056 esse
1899 1997 2086 2091 elabo-

503 2124 685 2166 ramus
720 2128 732 2163 :
760 2090 885 2179 quid
913 2115 1091 2159 autem
1118 2102 1284 2156 simus
1303 2142 1317 2167 ,
1349 2099 1437 2152 ille
1466 2096 1612 2152 novit
1639 2094 1705 2151 ad
1734 2107 1893 2166 quem
1922 2090 2090 2163 gemi-

505 2215 644 2255 mus.
678 2199 756 2253 De
783 2196 936 2251 malis
964 2204 1141 2248 tamen
1167 2190 1365 2246 dictum
1395 2197 1477 2244 est
1501 2184 1644 2240 aliud
1669 2202 1683 2239 :
1719 2183 1890 2254 Super
1914 2181 2089 2235 cathe-

505 2294 652 2348 dram
685 2288 848 2362 Moysi
873 2287 1107 2342 sederunt
1152 2280 1345 2338 Scriba:
1370 2289 1415 2334 et
1446 2276 1698 2333 Phariswi
1720 2291 1739 2341 ;
1777 2290 1890 2346 qua:
1919 2270 2090 2328 dicunt

506 2386 658 2459 [acite
677 2426 691 2452 ,
713 2398 828 2455 qua:
853 2391 1019 2435 autent
1060 2376 1271 2450 faciunt,
1302 2374 1471 2445 facere
1499 2371 1652 2459 nolite
1690 2362 1895 2441 (Matth.
1932 2378 2091 2459 mit,

502 2450 559 2545 Ξ,
589 2450 684 2547 5)..
712 2450 867 2528 fides
914 2470 1037 2541 quia
1090 2469 1142 2524 in
1172 2463 1428 2522 cathedra
1461 2456 1664 2534 Moysi,
1695 2459 1778 2515 cui
1831 2455 2092 2547 successit

502 2544 755 2624 cathedra
798 2548 990 2619 Christi
1017 2601 1033 2627 ,
1060 2557 1249 2616 sedent
1276 2564 1328 2611 et
1365 2552 1490 2609 mali
1523 2569 1536 2606 :
1568 2560 1617 2607 et
1648 2559 1825 2605 tamen
1861 2544 2088 2615 dicendo

503 2658 642 2713 bona
680 2656 789 2710 'non
816 2653 1013 2709 obsunt
1040 2647 1394 2705 auditoribus.
1424 2644 1601 2714 Quare
1646 2651 1699 2716 tu
1732 2650 1949 2713 propter
1975 2653 2091 2694 ma-

503 2751 584 2806 los
608 2750 776 2822 ipsam
806 2743 1111 2802 cathedram
1156 2738 1448 2796 dimisisti?
1474 2724 1608 2793 Redi
1635 2733 1701 2790 ad
1731 2749 1939 2805 pacem,
1973 2731 2089 2790 redi

502 2844 569 2901 ad
594 2840 941 2899 concordiam
968 2853 1088 2909 quze
1108 2836 1163 2891 te
1184 2850 1291 2890 non
1319 2829 1560 2887 oll’endit.
1608 2829 1665 2887 Si
1694 2828 1832 2885 bona
1857 2827 2084 2913 loquor,

501 2946 556 2993 et
579 2934 717 2992 bona
742 2926 901 2999 facio,
928 2929 1138 2985 imitare
1180 2942 1263 2981 me
1293 2943 1305 2979 :
1334 2926 1381 2979 si
1419 2925 1601 2979 autem
1630 2937 1737 2977 non
1777 2918 1914 2977 facio
1942 2917 2083 2992 quod

500 3032 643 3097 dico,
661 3031 834 3086 habes
872 3026 1152 3084 consilium
1192 3018 1403 3077 Domini
1432 3038 1446 3087 ;
1474 3034 1592 3091 quae
1632 3014 1753 3072 dico
1776 3059 1791 3083 ,
1820 3015 1933 3083 fac;
1968 3031 2087 3085 qua:

500 3135 678 3179 autem
708 3120 863 3185 bicio,
897 3118 1001 3173 noli
1032 3118 1246 3179 facere;
1278 3122 1457 3168 tamen
1479 3127 1509 3165 a
1542 3108 1797 3165 cathedra
1822 3106 2086 3163 catholica

503 3214 610 3270 noli
635 3208 934 3269 discedere.
981 3210 1120 3265 Ecce
1145 3206 1198 3262 in
1232 3204 1449 3261 nomine
1477 3201 1677 3258 Christi
1719 3200 1842 3256 ituri
1870 3214 2083 3265 sumus,

502 3315 555 3364 et
581 3306 744 3363 multa
789 3301 981 3361 dicturi
1028 3307 1172 3356 Sunt.
1211 3294 1341 3365 Qui's
1386 3293 1544 3348 linis?
1592 3288 1711 3349 Cito
1757 3291 2085 3347 contemnite

501 3414 716 3456 causam
759 3403 1016 3450 nostram.
1062 3388 1178 3446 Non
1204 3388 1315 3443 illis
1341 3384 1531 3441 dicatis
1559 3382 1657 3438 nisi
1685 3426 1701 3451 ,
1736 3380 1984 3465 Fratres,
2018 3378 2085 3435 ad

501 3508 617 3549 rem
644 3486 989 3559 respondete.
1036 3466 1361 3552 Augustinus
1390 3478 1672 3548 episcopus
1701 3480 1784 3529 est
1824 3475 1875 3528 in
1905 3468 2089 3529 Eccle-

501 3585 579 3639 sia
604 3581 861 3639 catholica
889 3618 905 3643 ,
928 3574 1190 3631 sarcinam
1221 3582 1372 3625 suam
1395 3574 1595 3641 portat,
1620 3565 1879 3621 rationem
1908 3562 2088 3619 reddi-

502 3688 656 3733 turus
681 3682 764 3730 est
789 3670 897 3726 Deo
921 3688 936 3726 :
959 3668 1016 3723 i‘n
1045 3666 1201 3722 bonis
1228 3677 1350 3718 eum
1379 3660 1498 3715 novi
1525 3676 1538 3723 ;
1570 3660 1612 3713 si
1638 3658 1808 3712 malus
1837 3664 1939 3720 est,
1972 3656 2086 3726 ipse

503 3768 685 3833 novit;
708 3766 752 3821 si
775 3766 947 3820 bonus
993 3767 1076 3816 est
1098 3800 1115 3825 ,
1151 3770 1251 3812 nec
1280 3755 1358 3809 sic
1382 3764 1505 3822 spes
1536 3765 1653 3805 mea
1684 3757 1785 3804 est.
1816 3746 1929 3802 Hoc
1961 3754 2086 3801 ante

504 3859 685 3917 Omnia
728 3854 887 3912 didici
916 3853 969 3908 in
1012 3838 1286 3906 Catholica
1315 3888 1330 3913 ,
1363 3851 1419 3898 ut
1459 3856 1583 3912 spes
1621 3852 1741 3896 mea
1788 3846 1893 3892 non
1941 3838 2092 3925 sitin:

504 3958 744 4014 homine.
792 3948 983 4008 Merito
1029 3946 1156 4018 er‘go
1202 3959 1297 3999 vos
1356 3941 1605 3996 homines
1653 3934 2093 4006 reprehenditis,“

508 4048 629 4121 quia
659 4059 810 4116 Spem
854 4044 1088 4097 v’estram
1123 4036 1179 4091 in
1204 4034 1421 4089 homine
1464 4029 1735 4103 posuistis.
1776 4025 1933 4121 Certe
1961 4043 2085 4082 cum

510 4118 956 4212 reprehenderint
998 4145 1116 4197 nos,
1167 4124 1501 4183 contemnite
1550 4130 1605 4177 et
1655 4134 1774 4176 vos.
1828 4118 2086 4174 Novimus

506 4235 650 4291 enim
676 4230 882 4305 qualem
908 4216 1199 4282 habeamus
1224 4216 1402 4277 locum
1432 4218 1484 4273 in
1524 4213 1687 4272 corde
1710 4224 1891 4270 vestro
1914 4254 1929 4280 ,
1961 4212 2085 4305 quia

506 4303 705 4382 Scimus
734 4316 945 4395 qualem
972 4318 1150 4373 locum
1182 4312 1423 4369 habeatis
1448 4310 1506 4367 in
1551 4306 1717 4365 corde
1746 4315 1950 4362 nostro.
1978 4303 2089 4361 No-

504 4414 731 4489 lite'pro
774 4413 929 4469 nobis
967 4420 1175 4467 certare
1216 4406 1471 4461 adversus
1514 4402 1652 4457 illos.
1708 4398 1977 4472 Quidquid
2019 4397 2087 4489 de

504 4486 658 4565 nobis
695 4506 955 4571 dixerint,
979 4504 1084 4559 cito
1124 4499 1383 4555 transite:
1424 4511 1494 4552 ne
1535 4494 1841 4550 laborantes
1884 4486 2086 4548 causa’

505 4594 829 4656 defensionis
860 4605 1055 4651 nostrae
1077 4634 1090 4659 ,
1124 4590 1399 4647 dimittatis
1440 4600 1654 4643 causam
1684 4590 1940 4640 vestram.
1973 4578 2086 4638 Hoc

506 4694 647 4747 enim
689 4697 852 4759 agunt
894 4693 1105 4740 astute:
1132 4682 1377 4737 nolentes
1406 4687 1460 4734 et
1485 4679 1741 4733 timentes
1766 4683 1825 4730 ut
1862 4674 1928 4729 de
1972 4674 2086 4743 ipsa

505 4798 661 4839 eiusa
688 4782 930 4836 dicamus
951 4820 964 4842 ,
993 4777 1241 4846 ingerunt
1285 4770 1437 4826 nobis
1466 4786 1571 4840 quo
1614 4782 1711 4823 nos
1743 4773 1997 4829 avocent;
2029 4775 2086 4820 ut

505 4889 626 4931 cum
654 4870 979 4926 intendimus
1018 4879 1241 4937 purgare
1266 4877 1364 4917 nos
1385 4903 1397 4925 ,
1422 4861 1670 4916 sileamus
1699 4858 1767 4914 ab
1790 4857 1920 4929 ipsis
1959 4872 2088 4913 con-

506 4963 802 5022 vlnCeudis.
844 4960 976 5016 Nam
1003 4971 1220 5030 prorsus
1251 4955 1339 5028 qui
1369 4969 1452 5008 me
1477 4944 1610 5008 dicis
1640 4952 1859 5019 malum,
1892 4951 2011 5007 dico
2033 4960 2088 5007 et

506 5062 606 5130 ego
651 5056 753 5112 alia
796 5050 1207 5109 innumerabilia
1242 5068 1254 5104 :
1303 5045 1411 5103 cito
1445 5043 1594 5101 aufer
1640 5044 1706 5101 de
1740 5045 1917 5101 medio
1945 5086 1958 5110 ,
1993 5042 2086 5100 lini

436 5146 444 5165 ⁸
505 5164 720 5211 cansam
752 5160 947 5210 meam,
978 5145 1045 5200 de
1073 5158 1129 5199 re
1152 5156 1269 5210 age,
1290 5140 1551 5197 Ecclesia:
1580 5155 1796 5196 causam
1826 5138 2045 5193 attende
2065 5179 2081 5204 ,

507 5247 598 5303 ubi
622 5246 700 5305 sis
729 5241 868 5298 vide.
905 5235 1115 5293 Veritas
1142 5235 1235 5293 tibi
1261 5233 1532 5293 undelibet
1557 5233 1821 5302 loquatur,
1843 5229 2087 5286 esuriens

507 5338 727 5407 accipe;
777 5348 846 5389 ne
892 5343 1162 5399 nunquam
1201 5326 1265 5380 ad
1315 5333 1365 5379 te
1425 5324 1701 5395 perveniat
1743 5321 2086 5394 panis,dlm

506 5445 719 5499 semper
764 5426 890 5498 quid
936 5419 1298 5496 reprehendas
1341 5418 1400 5474 in
1434 5416 1652 5477 vasculo
1692 5410 2005 5475 fastidiosus
2024 5422 2087 5471 et

507 5520 866 5577 calutnniosus
886 5515 1131 5588 inquiris.

530 5694 1196 5762 {sanctior-iuuenem.
1224 5682 1837 5753 κωμικωκά
1866 5681 2090 5742 dicitur

502 5752 592 5811 Sed
614 5761 770 5821 forma
788 5763 929 5807 estote
949 5752 1185 5820 ﬁdelium.

564 5826 582 5854 ε
606 5830 735 5882 Mss,
758 5832 892 5873 cura.

1618 360 1625 365 ⁸
1712 405 1770 470 s.
1811 400 2177 468 AUGUSTINI
2218 380 2514 462 EPISCOPI

3676 376 3782 465 eo

2534 637 2619 701 IN
2660 636 3040 703 PSALMUM
3082 618 3390 705 xxxvti

2746 756 3180 815 .ENARRATIO.

2682 871 2861 926 Senio
2897 872 2965 925 in
3002 878 3262 926 PbPULUI.

2266 1003 2322 1058 1.
2362 1000 2671 1075 Opportune
2690 1002 2757 1061 ad
2782 1004 2834 1062 id
2868 986 3009 1079 quod
3051 984 3402 1081 cantavimus,
3445 996 3779 1085 Iniquitatem

2196 1110 2357 1149 meam
2409 1112 2500 1167 ego
2547 1098 2839 1167 pronuntio,
2878 1108 2926 1177 et
2964 1115 3137 1154 curam
3171 1117 3338 1172 geram
3376 1101 3393 1133 ⁸
3440 1118 3532 1174 pro
3576 1115 3781 1174 peccato

2196 1200 2324 1253 meo,
2352 1186 2624 1257 respondit
2644 1186 2760 1243 haec
2781 1188 2973 1246 mulier
2999 1189 3066 1246 dc
3090 1189 3316 1247 lectione
3346 1191 3642 1265 Evangelii.
3672 1194 3779 1249 lni-

2196 1276 2427 1347 quitates
2454 1277 2595 1332 enim
2630 1277 2747 1346 ejus
2771 1277 2985 1336 intuens
3011 1280 3295 1351 Dominus,
3326 1297 3510 1339 canem
3538 1272 3777 1353 appella-

2194 1366 2270 1421 vit
2293 1366 2478 1423 dicens
2501 1384 2514 1413 τ
2545 1362 2667 1422 Non
2696 1378 2766 1422 est
2791 1368 2995 1437 bonum,
3025 1352 3205 1442 partem
3229 1356 3449 1440 ﬁliorum
3476 1352 3669 1429 mittere
3693 1390 3780 1430 ca-

2195 1458 2341 1512 nibus
2362 1455 2573 1533 (Matth.
2603 1476 2690 1525 xv,
2710 1460 2819 1531 ‘26).
2852 1463 2921 1515 At
2942 1463 3027 1519 illa
3045 1479 3164 1537 qua:
3190 1475 3408 1527 noverat
3438 1465 3771 1536 iniquitatem

2194 1566 2342 1608 suam
2376 1555 2741 1622 pronuntiare,
2770 1563 2825 1609 et
2851 1542 3030 1611 curam
3060 1542 3246 1627 gerere
3286 1571 3384 1631 pro
3410 1568 3630 1635 peccato
3654 1573 3776 1626 suo,

2195 1661 2300 1700 non
2327 1646 2538 1716 negavit
2582 1646 2724 1718 quod
2768 1647 2962 1702 veritas
3003 1648 3161 1715 dixit;
3209 1649 3305 1707 sed
3345 1649 3611 1709 miseriam
3643 1666 3803 1713 cons

2196 1735 2353 1801 fessa,
2387 1736 2809 1794 misericordiam
2841 1724 3016 1807 potius
3044 1740 3345 1809 impetravit
3382 1742 3425 1811 ³,
3463 1755 3646 1798 curam
3676 1757 3779 1815 ge-

2194 1842 2320 1883 rens
2345 1844 2440 1898 pro
2467 1838 2684 1898 peccato
2704 1844 2820 1886 suo.
2846 1829 2975 1884 Nam
3009 1842 3063 1888 et
3088 1816 3261 1888 curari
3307 1834 3562 1903 petiverat
3612 1835 3780 1893 filiam

2193 1932 2368 1986 suam,
2407 1920 2648 1977 fortassis
2678 1922 2729 1976 in
2779 1922 2887 1978 filia
2916 1923 3219 1994 significans
3246 1927 3405 1982 vitam
3433 1941 3605 1987 suam.
3628 1927 3783 2005 Psal—

2194 2028 2337 2067 mum
2364 2027 2490 2084 ergo
2513 2022 2709 2082 totum,
2739 2023 2994 2086 quantum
3024 2032 3323 2087 possumus,
3348 2017 3474 2075 dum
3520 2020 3781 2078 conside-

2194 2117 2376 2159 ramus
2419 2111 2474 2159 et
2531 2114 2935 2174 pertractamus,
2989 2096 3269 2164 advertite.
3318 2096 3472 2165 Adsit
3521 2110 3783 2169 Dominus

2194 2194 2445 2250 cordibus
2473 2196 2691 2265 nostris,
2724 2206 2782 2252 ut
2823 2197 3218 2259 salubriter‘hic
3260 2200 3593 2258 inveniamus
3618 2218 3782 2259 voces

2194 2295 2426 2354 nostras,
2458 2296 2510 2345 et
2550 2289 2819 2359 quomodo
2857 2290 3217 2347 invenerimus
3272 2292 3626 2362 proferamus,
3675 2308 3783 2351 nec

2193 2380 2481 2438 difficulter
2508 2382 2847 2451 inveniendo,
2880 2398 2980 2440 nec
3004 2384 3249 2456 imperite
3277 2385 3613 2455 proferendo.

2263 2469 2320 2526 2.
2351 2468 2500 2543 [vers.
2531 2470 2608 2545 1.]
2636 2472 2843 2527 Titulus
2871 2474 2986 2543 ejus
3014 2484 3117 2542 est,
3151 2462 3392 2533 Psalmus
3411 2478 3511 2547 ipsi
3537 2475 3708 2533 David
3728 2495 3783 2535 ιιι

2192 2562 2592 2637 recordationem
2638 2563 2850 2620 sabbati.
2893 2566 3191 2634 Qumrimus
3231 2584 3351 2641 qua:
3390 2569 3541 2627 nobis
3580 2570 3782 2642 scripta

2195 2666 2317 2710 sunt
2343 2656 2410 2712 de
2432 2667 2619 2715 sancto
2649 2658 2811 2714 David
2838 2660 3123 2731 propheta,
3154 2678 3221 2717 ex
3246 2663 3397 2733 cujus
3433 2666 3637 2721 semine
3669 2665 3781 2723 Do-

2207 2748 2371 2804 ninus
2397 2759 2580 2833 noster
2604 2750 2758 2807 Jesus
2775 2752 3015 2809 Christus
3036 2755 3329 2837 secundum
3344 2770 3560 2812 carnem
3591 2758 3779 2829 (Rom.

2195 2858 2232 2915 t,
2261 2834 2320 2915 5)
2350 2860 2363 2899 :
2392 2859 2446 2900 et
2475 2845 2615 2901 inter
2643 2842 2781 2903 bona
2811 2862 2929 2918 qua:
2955 2847 3022 2904 de
3068 2846 3160 2904 illo
3184 2834 3337 2907 nobis
3375 2860 3499 2907 nota
3539 2861 3664 2907 sunt
3685 2866 3783 2920 per

2191 2933 2525 3006 ﬁeripturas,
2554 2952 2662 2993 non
2689 2938 3010 2995 .invenimus
3038 2953 3161 2995 eum
3199 2938 3483 3012 aliquando
3529 2926 3783 2996 recorda-

2193 3033 2303 3084 ttnn
2331 3027 2626 3084 sabbatum.
2659 3028 2796 3097 Quid
2815 3030 2956 3085 enim
2975 3030 3046 3085 ita
3072 3030 3462 3098 recordaretur,
3484 3032 3781 3087 secundum

2192 3116 2337 3174 illam
2395 3120 2824 3177 observationem
2884 3114 3189 3177 Iudaeorum
3248 3138 3351 3192 qua
3426 3122 3781 3179 observabant

2194 3211 2509 3279 sabbatum;
2539 3214 2667 3285 quid
2709 3215 2781 3270 ita
2810 3215 3205 3282 recordaretur,
3239 3216 3381 3287 quod
3408 3200 3547 3273 inter
3570 3227 3781 3288 septem

2193 3301 2306 3356 dies
2361 3306 2667 3361 necessario
2714 3305 2994 3362 veniebat?
3043 3306 3447 3365 Observandum
3474 3324 3600 3380 ergo
3636 3318 3774 3378 erat,

2192 3409 2300 3447 non
2343 3392 2422 3450 sic
2459 3395 2871 3452 recordandum.
2894 3396 3063 3453 Nemo
3095 3406 3272 3453 autem
3303 3398 3638 3465 recordatur,
3670 3400 3778 3457 nisi

2191 3476 2330 3554 quod
2360 3485 2412 3543 in
2445 3488 2726 3558 prtesentia
2755 3504 2863 3544 non
2889 3497 2972 3547 est
2991 3490 3242 3559 positum.
3277 3490 3433 3546 Verbi
3473 3492 3642 3563 gratia
3675 3508 3689 3546 :
3721 3492 3779 3549 in

2194 3576 2292 3632 hac
2319 3577 2533 3647 civitate
2576 3579 2874 3637 recordaris
2902 3579 3277 3653 Carthaginem
3299 3622 3315 3646 ,
3346 3581 3437 3637 ubi
3482 3581 3625 3637 fuisti
3672 3583 3781 3638 ali-

2192 3670 2431 3738 quando;
2464 3680 2519 3726 et
2548 3670 2808 3728 hodierno
2833 3672 2921 3728 die
2941 3672 3239 3731 recordaris
3264 3672 3577 3729 hesternum
3606 3674 3777 3745 diem,

2193 3763 2275 3818 vel
2305 3763 2498 3833 prioris
2516 3766 2658 3829 anni,
2684 3765 2768 3819 vel
2796 3765 3085 3835 quemlibet
3114 3765 3456 3833 anteriorem,
3479 3775 3533 3821 et
3559 3766 3780 3837 aliquod

2191 3856 2386 3911 factum
2412 3867 2559 3917 tuum
2586 3858 2727 3929 quod
2752 3858 2861 3928 jam
2892 3857 3083 3923 fecisti,
3114 3868 3205 3914 aut
3240 3859 3438 3930 aliquid
3475 3859 3563 3916 ubi
3602 3859 3777 3930 fuisu,

2190 3945 2275 4005 vel
2299 3946 2383 4004 cui
2410 3950 2487 4004 rei
2514 3949 2818 4009 interfuisti.
2867 3950 3005 4023 Quid
3053 3952 3154 4007 sibi
3195 3952 3307 4007 vult
3338 3953 3439 4008 ista
3472 3953 3781 4011 recordan

2192 4040 2417 4104 sabbati,
2448 4039 2639 4097 fratres
2668 4040 2814 4097 mei?
2841 4059 2963 4113 qua:
2991 4044 3170 4099 anima
3201 4045 3278 4101 sic
3313 4046 3625 4103 recordatur
3643 4047 3779 4103 sab-

2192 4130 2573 4202 batum‘lquod
2614 4142 2697 4189 est
2742 4133 2844 4190 hoc
2870 4135 3186 4193 sabbatum?
3227 4136 3359 4193 Cum
3392 4139 3593 4209 gemitu
3629 4140 3779 4195 enim

2193 4223 2521 4281 recordatur.
2560 4223 2630 4281 Et
2677 4240 2799 4283 cum
2843 4227 3090 4287 Psalmus
3133 4226 3420 4305 legeretur,
3449 4230 3689 4293 audistis,
3722 4241 3782 4287 et

2192 4315 2350 4373 modo
2375 4331 2495 4373 cum
2526 4318 2898 4389 retexerimus,
2931 4317 3158 4375 audietis
3194 4329 3422 4390 quantus
3449 4321 3518 4374 sit
3547 4336 3774 4388 mternr,

2191 4421 2420 4480 quantus
2438 4411 2688 4483 gemitus,
2741 4420 2969 4481 quantus
3014 4410 3190 4479 ﬂetus,
3236 4428 3352 4483 quae
3393 4414 3623 4470 miseria.
3666 4415 3780 4472 Sed

2193 4501 2318 4558 felix
2363 4512 2464 4571 est,
2519 4503 2608 4574 qui
2658 4504 2738 4581 sic
2790 4503 2955 4561 miser
2996 4511 3098 4560 est.
3132 4502 3285 4569 Unde
3327 4514 3382 4565 et
3432 4506 3688 4563 Dominus
3718 4508 3781 4565 in

2192 4593 2483 4668 Evangelia
2500 4595 2686 4653 beatos
2705 4595 2992 4667 appellavit
3010 4596 3269 4667 quosdam
3292 4598 3533 4671 lugentes
3558 4598 3777 4673 (Matth.

2192 4703 2248 4748 ν,
2272 4686 2347 4763 5).
2377 4688 2530 4746 Unde
2549 4686 2755 4757 beatus,
2778 4689 2825 4747 si
2854 4689 3076 4761 lugens?
3104 4688 3242 4749 unde
3266 4691 3471 4759 beatus,
3491 4692 3536 4746 si
3563 4693 3725 4751 miser
3753 4693 3781 4749 ἲ

2193 4777 2306 4837 lmo
2330 4781 2492 4843 miser
2528 4789 2674 4838 esset
2699 4782 2745 4837 si
2774 4782 3089 4857 lugensnon
3117 4792 3279 4839 esset.
3320 4783 3504 4845 Talem
3546 4801 3675 4856 ergo
3720 4796 3783 4849 et

2193 4871 2281 4929 hic
2308 4872 2627 4945 accipiamus
2660 4873 2936 4929 sabbatum
2981 4875 3373 4943 recordantem,
3402 4877 3584 4935 nescio
3609 4893 3783 4947 quem

2194 4966 2462 5038 lugentem
2493 4984 2509 5021 :
2541 4976 2596 5023 et
2615 4967 2814 5025 utinam
2837 4982 2934 5024 nos
2955 4969 3121 5029 simus
3158 4969 3270 5040 ipse
3294 4952 3648 5042 nescioquis!
3676 4971 3782 5033 Est

2191 5060 2334 5119 enim
2359 5059 2573 5134 quidam
2600 5060 2810 5127 dolens,
2836 5076 3079 5132 gemens,
3107 5061 3314 5132 lugens,
3342 5062 3781 5129 recordatum)-

2191 5152 2395 5209 batum.
2419 5150 2727 5215 Sabbatum,
2750 5152 2960 5222 requies
2980 5162 3081 5209 est.
3104 5152 3239 5211 Sine
3269 5152 3429 5215 dubie
3467 5154 3568 5213 iste
3598 5153 3653 5210 in
3678 5170 3782 5213 ne.

2192 5246 2307 5303 scio
2350 5259 2453 5315 qua
2480 5242 2848 5316 inquietudine
2873 5253 3008 5313 erat,
3038 5244 3128 5316 qui
3150 5259 3273 5301 cum
3301 5246 3505 5317 gemitu
3527 5245 3784 5318 muniam

2190 5339 2589 5401 recordabatur.

2263 5431 2317 5485 5.
2340 5427 2497 5503 (vers.
2536 5426 2619 5502 2.]
2644 5426 2763 5500 Ipse
2810 5428 2990 5499 itaque
3012 5427 3434 5499 inquietudinem
3468 5445 3632 5503 quam
3671 5445 3784 5503 pa-

2184 5521 2444 5601 ltiebatur,
2476 5528 2659 5574 narrat
2688 5529 2742 5574 et
2770 5520 3109 5576 commendat
3137 5520 3268 5589 Deo,
3297 5522 3477 5583 nescio
3503 5522 3626 5597 quid
3642 5537 3785 5603 gra—

2193 5614 2312 5670 vius
2339 5612 2535 5671 timees
2548 5625 2708 5682 quam
2726 5621 2843 5669 erat
2871 5611 2957 5669 ubi
2986 5623 3122 5671 erat.
3135 5612 3267 5671 Nam
3289 5615 3414 5686 quia
3438 5615 3648 5671 iii-tato
3664 5625 3783 5687 est,

2250 5776 2376 5852 δᾳ.
2396 5781 2447 5828 et
2467 5780 2599 5838 um,
2620 5787 2751 5852 gero.
2774 5782 2831 5827 Αι
2851 5782 2949 5852 Am.
2975 5783 3029 5849 et
3047 5775 3214 5850 plures
3231 5787 3360 5852 ayss.
3382 5778 3565 5852 σε’νρὴι·

2257 5842 2280 5874 ³
2501 5840 2651 5907 pr0pe
2686 5848 2813 5900 Mss,
2838 5840 2923 5890 sed
2960 5840 3342 5895 misericordiam
3371 5840 3585 5909 confessa
3620 5840 3789 5906 pain!
