4042 6474
265 384 360 455 597

265 512 441 577 aperte
462 504 619 572 dicit,
653 520 754 563 nec
785 503 1073 579 interprete
1098 519 1232 577 opus
1269 514 1372 576 est,
1400 522 1501 565 nec
1521 507 1846 581 suspicione,

267 614 361 655 nec
402 597 715 668 conjectura
748 614 762 659 ;
797 598 848 661 in
877 614 984 670 quo
1030 600 1169 659 malo
1212 598 1300 665 sit,
1348 615 1456 656 non
1492 600 1760 657 dubitatur
1786 616 1853 657 ex

265 694 375 763 ejus
400 692 604 759 verbis,
644 707 744 755 nec
770 708 905 762 opus
934 700 1100 751 estut
1134 708 1458 763 quaeramus,
1490 692 1583 749 sed
1612 702 1669 749 ut
1710 690 1853 773 quod

265 788 389 850 dicit
445 786 827 857 intelligamus.
884 786 951 849 Et
999 785 1101 841 nisi
1150 785 1303 857 pejus
1344 784 1547 861 aliquid
1597 785 1850 863 timeret,

264 898 418 954 quam
438 891 566 941 erat
594 880 725 941 illud
768 895 875 950 quo
914 878 1234 948 tenebatur,
1276 892 1385 935 non
1425 878 1504 934 sic
1546 877 1848 949 inciperet:

270 976 498 1040 Domine,
524 956 590 1035 ne
612 974 667 1033 in
689 972 1033 1045 indignatione
1052 980 1138 1033 tua
1166 987 1352 1040 arguas
1379 986 1477 1039 me,
1507 986 1665 1041 neque
1692 970 1742 1024 in
1769 967 1851 1023 ira

264 1085 347 1127 tu
369 1070 611 1126 emendes
640 1085 739 1125 me.
771 1068 1029 1131 Futurum
1074 1076 1158 1125 est
1184 1067 1324 1131 enim
1354 1075 1413 1123 ut
1437 1064 1653 1138 quidam
1682 1064 1736 1123 in
1773 1064 1851 1141 ira

264 1169 352 1222 Dei
396 1162 776 1228 emendentur.
822 1170 880 1218 et
925 1161 978 1216 in
1027 1159 1391 1233 indignatione
1440 1168 1751 1231 arguantur.
1783 1156 1852 1214 Et

263 1260 393 1312 forte
426 1272 537 1312 non
563 1268 753 1315 omnes
793 1253 887 1324 qui
922 1262 1219 1323 arguuntur
1258 1250 1681 1311 emettdabuntur
1710 1266 1722 1304 :
1756 1246 1851 1305 sed

263 1362 434 1405 tamen
466 1346 635 1405 futuri
662 1354 788 1401 sunt
823 1346 879 1403 in
903 1344 1281 1409 emendatione
1307 1342 1523 1416 quidam
1563 1343 1715 1407 salvi.
1746 1342 1852 1398 Fu-

262 1452 435 1497 turum
464 1448 550 1495 est
574 1438 815 1510 quidem,
844 1438 968 1507 quia
996 1437 1301 1495 emendatio
1329 1438 1598 1497 nominata
1624 1448 1705 1493 est
1734 1456 1747 1491 :
1772 1437 1850 1499 sic

243 1546 433 1591 'tainen
476 1532 633 1601 quasi
674 1545 768 1601 per
811 1531 1009 1600 ignem.
1052 1527 1238 1587 Futuri
1269 1517 1449 1587 autem
1499 1528 1711 1599 quidam
1758 1529 1849 1601 qui

258 1608 571 1693 srgueutur,
601 1630 786 1677 etnon
806 1619 1251 1681 emendabuntur.
1296 1620 1427 1674 Nam
1459 1620 1638 1699 utique
1662 1628 1849 1690 arguet

258 1730 349 1770 eos
374 1713 577 1785 quibus
604 1713 765 1782 (licet,
796 1710 1021 1779 Esurivi,
1046 1722 1093 1767 et
1118 1729 1217 1771 non
1243 1711 1456 1769 dedistis
1475 1710 1597 1766 nti/ti
1630 1712 1849 1768 mandu-

256 1823 400 1871 care;
424 1806 586 1872 sitioi,
615 1814 662 1863 et
688 1821 790 1863 non
820 1804 1027 1870 potastis
1044 1819 1164 1860 me:
1190 1812 1245 1858 et
1270 1812 1462 1865 cmtera
1488 1820 1606 1877 quae
1627 1804 1698 1860 ibi
1726 1820 1849 1875 pro-

258 1913 509 1969 sequens,
526 1896 813 1970 quamdam
839 1894 1280 1957 inhumanitatem
1309 1905 1363 1953 et
1401 1895 1735 1953 sterilitatem
1760 1896 1844 1952 in-

257 1991 482 2061 crepitat
513 1990 668 2053 malis
689 1989 759 2049 ad
788 1986 1057 2051 sinistram
1083 1988 1406 2053 constitutis,
1423 1987 1841 2059 quibusdicitur,

255 2082 335 2138 Ite
357 2084 410 2136 in
434 2083 607 2154 ignem
633 2090 897 2147 teternum,
926 2080 1014 2153 qui
1038 2087 1249 2150 paratus
1278 2087 1350 2133 est
1371 2079 1573 2134 diabolo
1597 2080 1845 2151 etangelis

255 2177 359 2247 ejus
370 2172 737 2248 (HattIthv,
758 2173 848 2239 Μ,
872 2170 1126 2243 42).]1320
1146 2171 1245 2226 iste
1272 2170 1512 2241 graviora
1529 2170 1841 2243 formidans,

252 2278 475 2339 excepta
517 2267 622 2322 vita
670 2266 793 2332 ista,
845 2265 898 2321 in
940 2264 1091 2334 cujus
1131 2262 1284 2327 malis
1318 2264 1515 2336 plangit
1551 2273 1605 2320 et
1641 2264 1840 2337 gemit,

255 2370 402 2432 rogat
429 2370 486 2416 et
525 2359 654 2417 dicit
692 2378 704 2413 :
731 2357 969 2427 Domine,
998 2374 1059 2413 ne
1077 2359 1131 2411 in
1160 2357 1505 2437 indignatione
1545 2368 1631 2413 tua
1655 2375 1843 2431 arguas

254 2470 347 2509 nte.
383 2451 505 2509 Non
534 2452 637 2507 sim
680 2451 819 2509 inter
858 2450 979 2507 illos
1020 2449 1213 2531 quibus
1262 2446 1503 2505 dicturus
1537 2465 1596 2506 es
1626 2466 1640 2502 :
1675 2448 1757 2505 Ite
1788 2450 1843 2513 in

252 2548 415 2619 ignem
443 2556 712 2611 internum,
734 2544 819 2616 qui
845 2553 1055 2617 paratus
1081 2552 1151 2601 est
1181 2542 1383 2605 diabolo
1405 2553 1452 2607 et
1487 2541 1681 2615 angelis
1707 2543 1837 2615 ejus.

254 2638 425 2709 Neque
450 2638 507 2692 in
532 2622 613 2691 ira
648 2645 737 2691 tua
779 2636 1009 2701 emendes
1031 2651 1156 2693 me:
1191 2633 1325 2689 utin
1357 2630 1458 2689 hac
1498 2635 1603 2689 vita
1647 2650 1841 2707 purges

250 2744 351 2794 nte,
398 2737 457 2785 et
489 2728 647 2789 talem
681 2742 769 2782 me
814 2725 1029 2793 reddas,
1058 2726 1143 2781 cui
1185 2725 1294 2796 jam
1325 2725 1690 2781 emendatorio
1720 2725 1840 2797 igne

250 2836 349 2874 non
380 2834 519 2888 opus
544 2819 636 2886 sit,
668 2827 887 2890 propter
915 2818 1036 2874 illos
1054 2817 1143 2891 qui
1174 2817 1306 2873 salvi
1336 2826 1493 2873 erunt
1512 2859 1526 2882 ,
1556 2816 1633 2877 sic
1662 2826 1838 2874 tamen

246 2910 391 2981 quasi
415 2925 516 2980 per
536 2907 740 2978 ignem.
766 2908 977 2977 Quare;
1008 2907 1110 2964 nisi
1136 2908 1256 2978 quia
1280 2905 1367 2962 hic
1384 2904 1649 2963 aediﬁcant
1677 2918 1837 2982 supra

246 3000 648 3063 fundamentum
688 2998 829 3070 ligna
853 3042 867 3067 ,
916 2998 1095 3063 fenum
1121 3039 1136 3066 ,
1166 2997 1456 3070 stipulam?
1486 2997 1839 3065 Edilicarent

244 3104 415 3149 autem
464 3108 680 3161 aurum,
722 3100 1032 3165 argentum,
1081 3091 1287 3163 lapides
1339 3093 1624 3163 pretiosos,
1670 3100 1725 3150 et
1770 3091 1838 3149 de

246 3192 467 3255 utraque
497 3184 621 3255 igne
647 3184 822 3247 securi
850 3192 1068 3250 essent;
1093 3198 1197 3245 non
1221 3183 1394 3239 solum
1422 3183 1488 3240 de
1518 3182 1611 3240 illo
1631 3193 1836 3251 aeterno

240 3280 327 3350 qui
355 3280 410 3333 in
433 3288 699 3341 internum
731 3278 1064 3337 cruciaturus
1089 3262 1170 3337 est
1196 3276 1388 3347 impios
1409 3319 1424 3346 ,
1462 3276 1555 3334 sed
1582 3278 1740 3334 etiam
1770 3274 1837 3335 de

243 3369 328 3425 illo
347 3371 436 3440 qui
458 3368 767 3431 emendabit
791 3382 885 3424 eos
908 3368 998 3439 qui
1027 3384 1119 3438 per
1160 3368 1335 3441 ignem
1365 3368 1496 3424 salvi
1538 3379 1712 3425 erunt.
1743 3368 1835 3427 Di-

241 3460 378 3519 citur
397 3461 564 3525 enim,
600 3458 725 3535 Ipse
749 3467 916 3521 autem
941 3459 1110 3523 salvus
1137 3458 1249 3526 erit,
1274 3460 1345 3513 sic
1379 3469 1544 3514 tamen
1579 3461 1723 3531 quasi
1747 3476 1837 3537 per

240 3551 403 3622 ignem
424 3552 441 3613 (
464 3548 625 3615 lCor.
650 3566 729 3619 ιιι,
764 3548 847 3615 12,
875 3548 1000 3621 15),
1034 3549 1097 3615 Et
1125 3549 1252 3621 quia
1281 3547 1497 3619 dicitur,
1524 3550 1693 3606 salvus
1719 3551 1832 3619 erit,

239 3644 601 3701 contemnitur
625 3642 718 3699 ille
746 3640 906 3717 ignis.
958 3630 1039 3703 ita
1086 3627 1244 3711 plane
1283 3640 1528 3713 quamvis
1575 3642 1705 3697 salvi
1738 3658 1835 3715 per

239 3733 416 3805 ignem
435 3776 450 3799 ,
490 3734 707 3805 gravior
734 3741 911 3793 tamen
941 3733 1044 3795 erit
1070 3732 1161 3788 ille
1192 3732 1357 3805 ignis,
1387 3748 1546 3803 quam
1576 3732 1833 3806 quidquid

238 3836 418 3898 potest
444 3826 610 3883 homo
636 3826 745 3898 pati
790 3827 843 3882 in
890 3825 993 3884 bac
1038 3827 1165 3891 vita.
1218 3825 1287 3885 Et
1315 3826 1484 3883 nostis
1521 3836 1717 3899 quanta
1746 3826 1835 3885 hic

240 3923 381 3991 passi
420 3929 543 3976 sunt
585 3920 737 3989 mali,
758 3929 812 3975 et
842 3928 1064 3991 possunt
1092 3917 1200 3999 pati
1233 3935 1245 3972 :
1280 3928 1455 3974 tamen
1503 3928 1648 3975 tanta
1685 3921 1833 3997 passi

224 4002 382 4079 ’sunt,
407 4022 605 4084 quanta
636 4021 927 4093 potuerunt
956 4013 1064 4083 pati
1086 4020 1141 4068 et
1169 4013 1314 4079 boni.
1346 4010 1484 4093 Quid
1510 4013 1651 4069 enim
1681 4014 1832 4088 quis-

236 4119 341 4175 que
371 4104 666 4171 maleficus,
697 4104 854 4185 latro,
883 4103 1129 4185 adulter,
1169 4103 1500 4194 sceleratus,
1541 4106 1832 4180 sacrilegus

238 4197 457 4269 pertulit
482 4195 710 4268 legibus,
738 4195 881 4267 quod
924 4212 1028 4252 non
1060 4196 1278 4268 pertulit
1307 4206 1510 4275 martyr
1537 4198 1589 4254 in
1616 4199 1833 4257 confes-

235 4288 390 4351 sione
433 4286 667 4353 Christi?
690 4287 796 4349 Ista
823 4304 951 4360 ergo
991 4304 1106 4358 qua:
1135 4286 1222 4351 hic
1265 4298 1392 4344 sunt
1420 4289 1556 4344 mala
1581 4290 1597 4322 ί
1617 4333 1633 4359 ,
1664 4292 1833 4348 multo

233 4380 476 4438 faciliora
518 4390 691 4447 sunt;
730 4390 784 4445 et
832 4390 1008 4443 tamen
1053 4380 1230 4438 videte
1270 4382 1719 4456 quemadmodum
1767 4401 1832 4443 ea

235 4472 484 4535 homines
538 4488 609 4529 ne
662 4470 970 4549 patiantur,
1025 4460 1296 4547 quidquid
1332 4471 1560 4549 jusseris
1604 4470 1828 4532 faciunt.

212 4552 448 4631 'Quanto
476 4563 671 4621 melius
702 4562 901 4620 faciunt
930 4561 1071 4636 quod
1093 4563 1249 4634 jubet
1288 4562 1451 4635 Deus,
1485 4580 1555 4633 ne
1597 4562 1685 4622 illa
1709 4583 1832 4641 gra-

231 4656 384 4712 viora
414 4655 718 4731 patiantur?

307 4752 361 4809 4.
396 4747 545 4824 [υεη.
574 4747 656 4825 5.]
686 4748 864 4823 Quare
903 4759 1080 4805 autem
1108 4748 1242 4823 petit
1266 4747 1368 4808 iste
1406 4767 1474 4807 ne
1508 4751 1559 4809 in
1591 4750 1832 4827 indigna-

232 4844 381 4900 tione
407 4851 694 4914 arguatur,
725 4858 898 4916 neque
946 4843 998 4921 in
1041 4843 1117 4898 ira
1157 4843 1509 4900 emendetur?
1551 4844 1829 4919 Tanquam

230 4935 423 4989 dicens
450 4934 583 5003 Deo,
615 4933 879 5019 quoniam
897 4933 1007 5017 jam
1038 4934 1136 4988 ista
1160 4950 1277 5009 quae
1300 4936 1472 5008 patior
1496 4935 1660 4990 multa
1679 4950 1826 5007 sunt,

228 5040 426 5095 magna
450 5033 595 5092 sunt,
625 5039 809 5099 quaeso
834 5034 892 5079 ut
927 5024 1215 5081 sufﬁciant.
1263 5024 1329 5080 Et
1359 5025 1544 5097 incipit
1589 5027 1672 5083 illa
1698 5045 1831 5085 enu-

229 5132 446 5174 merare
468 5117 806 5174 satisfaciens
839 5117 968 5184 Deo,
1001 5118 1242 5175 offerens
1271 5116 1357 5177 illa
1384 5137 1502 5192 qua:
1528 5123 1740 5192 patitur,
1762 5140 1831 5181 ne

228 5209 420 5282 prjan
464 5210 697 5281 patiatur
737 5227 751 5264 :
811 5210 1062 5277 Quoniam
1100 5212 1299 5283 sagitta:
1344 5220 1444 5267 tua:
1487 5213 1662 5284 inﬁxa:
1715 5224 1830 5270 sunt

229 5304 383 5366 mihi,
415 5313 459 5359 et
476 5302 789 5374 conﬁrmasti
810 5319 962 5373 super
976 5319 1055 5357 me
1082 5321 1284 5358 manum
1313 5314 1471 5362 tuam.

309 5393 363 5450 5.
397 5391 545 5468 [vers.
576 5391 658 5469 4.]
690 5391 811 5449 Νοη
833 5404 905 5450 est
929 5394 1121 5451 sanitas
1142 5395 1195 5450 in
1217 5413 1368 5451 carne
1395 5414 1506 5452 mea
1526 5415 1556 5451 a
1582 5398 1721 5453 uultu
1742 5396 1833 5454 ἔγω

230 5495 357 5540 tute.
390 5483 507 5540 Jam
546 5482 663 5540 inec
692 5483 903 5540 dicebat
930 5503 1047 5561 qum
1090 5486 1175 5541 hic
1204 5486 1503 5558 patiebatur
1532 5505 1543 5542 :
1570 5496 1623 5543 et
1652 5497 1830 5546 tamm

232 5579 343 5633 hoc
369 5577 478 5650 jam
499 5576 567 5634 de
593 5578 671 5633 ira
713 5576 947 5647 Domini,
991 5580 1111 5650 quia
1144 5589 1199 5634 et
1226 5580 1291 5635 de
1334 5580 1566 5636 vindicta
1600 5580 1830 5640 Domini.’

230 5674 319 5731 De
349 5688 452 5743 qua
478 5673 749 5729 vindicta?
775 5672 945 5740 Quam
979 5675 1192 5747 excepit
1220 5672 1286 5729 de
1317 5673 1505 5729 Adam.
1536 5674 1651 5729 Non
1688 5674 1829 5733 enim

229 5768 295 5824 in
325 5766 475 5822 illum
502 5782 607 5824 non
636 5775 719 5822 est
740 5766 1086 5836 vindicatum,
1112 5776 1203 5824 aut
1228 5766 1424 5824 frustra
1439 5768 1829 5839 dixeratDeus,

308 5881 323 5913 ¹
348 5883 479 5945 Vox,
501 5879 648 5963 nuda,
675 5882 818 5943 abest
837 5892 867 5933 a
889 5888 995 5939 Mss.

1293 384 1691 455 ENARRATIO
1728 390 1795 451 IN
1832 388 2156 457 PSALMUM
2193 386 2458 456 XXXVII.

1964 508 2135 607 μοι-ες
2152 517 2380 575 morieris
2412 516 2434 592 (
2458 517 2584 577 Gen.
2613 538 2672 591 ll,
2711 524 2817 599 l7)
2850 543 2863 581 :
2895 536 2985 582 aut
3010 528 3206 603 aliquid
3234 535 3468 607 patimur
3491 538 3547 595 in

1962 599 2061 658 ista
2091 605 2196 697 vita
2220 607 2371 699 ,“nisi
2402 625 2469 666 ex
2509 611 2595 668 illa
2624 627 2797 672 morte
2825 633 2982 689 quam
3032 599 3323 682 meruimus
3370 628 3546 699 primo

1960 692 2202 771 peccato.
2235 692 2446 759 Etenim
2476 713 2751 776 portamus
2777 716 2970 781 corpus
2999 715 3224 772 mortale
3250 692 3415 791 (quod
3441 724 3546 778 uti-

1959 802 2064 883 que
2092 790 2197 846 non
2220 792 2365 851 esset
2384 798 2610 854 mortale
2642 798 2710 874 ³),
2746 794 2959 873 plenum
2988 790 3391 880 tcntationibus,
3426 815 3545 884 ple-

1960 897 2086 975 num
2120 884 2589 968 sollicitudinibus,
2619 893 2908 952 obnoxium
2951 892 3223 957 doloribus
3246 904 3547 975 corporali-

1961 973 2082 1047 bus,
2113 974 2404 1045 obnoxium
2459 980 2785 1055 indigentiis,
2836 988 3112 1062 mutabile,
3145 973 3449 1067 languidum
3491 1009 3544 1059 et

1957 1079 2076 1156 cum
2104 1084 2291 1126 sanum
2322 1082 2422 1142 est,
2468 1076 2588 1147 quia
2630 1076 2809 1151 utique
2836 1083 3072 1140 nondum
3118 1082 3274 1156 plene
3317 1106 3537 1148 sanum.

1957 1154 2088 1219 Nam
2118 1156 2258 1218 unde
2283 1160 2513 1234 dicebat,
2545 1166 2666 1224 Non
2697 1180 2769 1226 est
2789 1174 2981 1229 sanitas
3013 1176 3067 1231 in
3093 1154 3246 1235 carne
3273 1199 3405 1252 mea,
3441 1184 3543 1244 nisi

1953 1252 2079 1325 quia
2108 1252 2208 1311 ista
2233 1273 2352 1327 quae
2382 1258 2538 1335 hujus
2564 1260 2684 1318 vitze
2724 1258 2920 1323 dicitur
2946 1272 3168 1340 sanitas,
3197 1274 3333 1333 bene
3380 1278 3541 1337 intel-

1955 1341 2240 1447 ligetitilius
2266 1360 2321 1411 et
2345 1348 2620 1447 sabbatum
2653 1354 3058 1418 recordantibus
3088 1356 3191 1421 non
3229 1379 3312 1425 est
3360 1374 3543 1447 utique

1955 1437 2201 1539 sanitas?
2246 1441 2301 1497 Si
2353 1438 2496 1499 enim
2565 1458 2668 1503 non
2740 1452 3226 1526 manducaveritis,
3278 1437 3543 1539 inquietat

1956 1526 2138 1585 fames.
2160 1530 2265 1589 Iste
2291 1535 2546 1592 naturalis
2573 1537 2786 1611 quidam
2815 1540 3032 1602 morbus
3051 1558 3133 1606 est
3160 1566 3173 1603 :
3205 1553 3326 1624 quia
3350 1526 3541 1616 natura

1954 1621 2105 1677 nobis
2132 1620 2263 1680 facta
2284 1634 2366 1682 est
2395 1642 2549 1697 parua
2570 1646 2634 1686 ex
2659 1631 2889 1690 vindicta
2917 1638 2959 1693 ί.
2976 1637 3157 1711 Primo
3177 1620 3377 1709 homini
3394 1652 3538 1725 quod

1952 1721 2069 1807 erat
2106 1730 2281 1784 paena,
2317 1728 2501 1779 natura
2530 1721 2682 1778 nobis
2709 1734 2810 1781 est.
2844 1726 3000 1786 Unde
3029 1726 3158 1788 dicit
3194 1721 3485 1807 Apostolus
3517 1759 3533 1799 :

1952 1798 2170 1862 Fuimus
2199 1818 2246 1861 et
2273 1825 2364 1863 nos
2385 1821 2567 1868 natura
2596 1814 2695 1882 ﬁlii
2712 1818 2822 1887 irae,
2859 1820 2989 1875 sicut
3016 1833 3065 1877 et
3104 1798 3275 1883 ca'teri
3296 1830 3314 1905 (
3338 1829 3535 1903 Ephes.

1950 1909 2009 1960 ιι,
2037 1895 2117 1966 5).
2158 1895 2362 1954 Natura
2409 1900 2508 1975 ﬁlii
2552 1904 2664 1975 irae,
2695 1902 2747 1967 id
2796 1918 2899 1977 est,
2930 1922 3204 1985 portantes
3227 1895 3535 1982 vindictam.

1950 1985 2056 2044 Sed
2081 2004 2247 2061 quare
2272 1991 2422 2065 dicit,
2467 1993 2724 2054 Fuimus?
2749 1998 2881 2069 Quia
2921 2020 3015 2079 spe
3042 2005 3150 2079 jam
3180 2022 3281 2066 non
3314 2024 3533 2073 sumus:

1949 2095 2072 2136 nam
2101 2097 2162 2138 re
2191 2082 2365 2140 adhuc
2392 2101 2598 2144 sumus.
2630 2088 2734 2147 Sed
2764 2091 2889 2148 illud
2914 2096 3103 2153 melius
3127 2098 3357 2159 dicimus
3390 2108 3537 2177 quod

1948 2187 2045 2245 spe
2064 2188 2268 2243 sumus,
2288 2177 2408 2249 quia
2433 2182 2564 2236 certi
2592 2198 2777 2240 sumus
2803 2186 2869 2243 de
2896 2200 3010 2260 spe.
3033 2186 3146 2247 Non
3169 2195 3311 2251 enim
3334 2196 3536 2259 incerta

1949 2273 2033 2365 est
2046 2281 2169 2365 Spes
2193 2278 2398 2365 nostra,
2424 2281 2478 2331 ut
2502 2271 2570 2331 de
2593 2273 2679 2330 illa
2703 2274 3027 2338 dubitemus.
3057 2280 3197 2341 Audi
3228 2287 3393 2365 ipsam
3419 2289 3538 2363 glo-

1948 2357 2082 2417 riam
2125 2359 2178 2413 in
2209 2377 2325 2431 spe.
2368 2359 2438 2421 In
2483 2365 2874 2443 nobismetipsis,
2919 2371 3106 2445 inquit,
3140 2357 3533 2453 ingemiscinius,

1946 2454 2270 2527 adoptionem
2298 2457 2320 2489 ³
2347 2471 2711 2531 exspectantes,
2741 2464 3135 2538 redemptionem
3173 2476 3402 2545 corporis
3442 2494 3537 2533 no-

1945 2547 2244 2639 strisQuid
2294 2551 2479 2606 enim?
2520 2553 2769 2611 Nondum
2816 2556 3122 2639 redemptus
3152 2580 3231 2635 es,
3278 2582 3311 2621 ο
3338 2554 3535 2626 Panic?

1945 2638 2180 2703 nondum
2211 2657 2308 2713 pro
2330 2651 2386 2703 te
2413 2647 2643 2723 pretium
2672 2638 3114 2718 persolutumest
3134 2657 3158 2712 ?
3182 2640 3370 2725 Nonne
3404 2678 3535 2720 san-

1940 2731 2166 2829 guisille
2179 2733 2289 2804 jam
2322 2736 2468 2793 lusus
2494 2740 2610 2797 est?
2636 2756 2817 2809 nonne
2846 2743 3019 2814 ipsum
3049 2759 3128 2804 est
3154 2754 3379 2829 pretium
3404 2773 3493 2812 om
3513 2788 3529 2799 -

1942 2824 2089 2923 nium
2118 2834 2357 2923 nostrum
2377 2830 2585 2923 iPlane
2626 2833 2820 2905 ipsum.
2847 2832 2953 2897 Sed
2982 2841 3104 2899 vide
3128 2824 3255 2919 quid
3284 2847 3354 2909 ait
3386 2868 3397 2904 :
3424 2848 3535 2923 Spe

1944 2916 2076 2981 enim
2118 2917 2246 2981 salvi
2287 2919 2412 2997 [acti
2451 2939 2626 2980 sumus
2651 2942 2671 2981 :
2700 2944 2812 3003 spes
2836 2941 3004 2989 autem
3027 2916 3378 3008 qtttevitlelur,
3428 2916 3532 2998 non

1942 3018 2013 3071 est
2034 3025 2166 3079 spes.
2199 3009 2351 3080 Quod
2377 3015 2511 3075 enim
2550 3016 2681 3072 videt
2705 3020 2836 3089 quis,
2884 3023 3008 3096 quid
3026 3029 3235 3099 sperat?
3265 3027 3327 3085 Si
3362 3042 3532 3089 autem

1940 3101 2076 3177 quod
2106 3120 2206 3158 non
2234 3105 2456 3162 videmus
2498 3125 2785 3181 speramus,
2815 3131 2904 3187 per
2930 3117 3223 3188 patientiam
3263 3136 3531 3195 exspecta-

1942 3210 2056 3291 mus
2085 3195 2105 3268 (
2312 3215 2430 3291 vtu,
2456 3201 2626 3260 25-25
2654 3200 2696 3279 ).
2724 3204 2862 3277 Quid
2894 3219 3071 3265 autem
3109 3209 3387 3291 exspectat
3434 3234 3532 3291 per

1938 3289 2288 3359 patientiam?
2311 3289 2569 3355 Salutem.
2601 3292 2764 3367 Cujus
2792 3298 2869 3353 rei
2901 3300 3170 3363 salutem?
3208 3289 3378 3376 ipsius
3407 3289 3534 3369 cur.

1940 3381 2087 3457 poris
2120 3399 2134 3445 ;
2166 3382 2288 3452 quia
2318 3383 2420 3446 hoc
2444 3383 2615 3454 dixit,
2647 3388 3041 3462 redegitptionem
3083 3399 3308 3468 corporis
3348 3400 3528 3459 nostri.

1940 3472 1997 3537 Si
2018 3472 2243 3537 salutem
2264 3476 2508 3547 corporis
2537 3480 2899 3552 exspectabat,
2931 3499 3035 3547 non
3083 3499 3197 3542 erat
3239 3488 3386 3546 salus
3434 3490 3527 3553 illa

1938 3580 2098 3637 quam
2129 3564 2378 3629 habebat.
2408 3566 2647 3645 Esuries,
2689 3573 2804 3637 sitis
2833 3573 3099 3645 interficit,
3139 3581 3181 3643 si
3209 3581 3528 3647 subventum

1938 3674 2046 3725 non
2075 3659 2254 3725 fuerit.
2288 3661 2732 3725 Medicamentum
2767 3661 2912 3733 enim
2956 3669 3113 3731 famis
3148 3683 3232 3745 est
3273 3666 3443 3748 cibus,
3472 3688 3530 3739 et

1937 3754 2387 3815 medicamentum
2419 3757 2539 3821 sitis
2564 3766 2649 3815 est
2674 3771 2850 3835 potus,
2890 3772 2946 3819 et
2976 3763 3424 3837 medicamentum
3451 3770 3531 3829 fa-

1938 3845 2209 3917 tigationis
2234 3856 2318 3905 est
2336 3862 2577 3913 somnus.
2598 3850 2827 3913 Detrahe
2843 3854 2942 3915 ista
2967 3858 3377 3929 medicamenta,
3405 3852 3530 3931 vide

1935 3938 1984 3993 si
2004 3954 2114 3997 non
2134 3938 2464 4003 interﬁciunt
2488 3941 2583 3999 illa
2610 3958 2729 4015 qua:
2757 3946 3014 4013 existunt.
3047 3949 3102 4005 Si
3134 3954 3384 4023 sepositis
3411 3955 3530 4014 istis

1936 4044 2043 4093 non
2073 4038 2200 4087 sunt
2222 4031 2418 4100 morbi,
2446 4041 2530 4091 est
2554 4035 2777 4099 sanitas.
2812 4037 2870 4099 Si
2905 4048 3085 4105 autem
3119 4034 3286 4100 habes
3323 4046 3530 4117 aliquid

1935 4120 2081 4191 quod
2121 4131 2176 4181 te
2223 4122 2393 4193 possit
2433 4123 2759 4196 interﬁcere,
2804 4128 2905 4186 nisi
2951 4133 3387 4205 manducavcris;
3420 4140 3530 4197 noli
3570 4130 3579 4135 ’

1934 4214 2153 4287 gloriari
2178 4216 2247 4274 de
2266 4220 2515 4288 sanitate,
2544 4220 2639 4285 sed
2661 4238 2887 4293 gemens
2916 4234 3167 4299 exspecta
3198 4231 3526 4304 redemptio-

1936 4323 2059 4373 nem
2082 4310 2325 4381 corporis
2353 4312 2448 4369 tui.
2483 4311 2742 4379 Gaudete
2762 4316 3099 4388 redemptum
3122 4336 3138 4388 ς
3159 4321 3257 4379 sed
3286 4325 3525 4389 nondum

1932 4419 2018 4471 ira,
2061 4419 2159 4475 spe
2199 4420 2423 4465 securus
2460 4414 2578 4465 esto
2606 4405 2647 4465 ⁸.
2685 4407 2899 4475 Etenim
2935 4411 2983 4467 si
3014 4428 3125 4477 non
3159 4416 3429 4493 gemueris
3469 4420 3526 4477 in

1934 4512 2051 4569 spe,
2084 4512 2191 4561 non
2220 4498 2499 4569 pervenies
2523 4498 2593 4559 ad
2635 4516 2770 4559 rem.
2820 4502 2933 4571 Hoc
2959 4520 3087 4579 ergo
3115 4521 3219 4563 non
3261 4517 3343 4569 est
3379 4512 3529 4569 sani-

1935 4598 2038 4656 tas,
2068 4589 2145 4649 sit
2170 4606 2186 4644 :
2211 4587 2334 4646 Non
2353 4600 2428 4645 est
2454 4592 2648 4649 sanitas
2672 4592 2727 4653 in
2747 4610 2902 4659 carne
2925 4612 3035 4659 mea
3069 4614 3101 4652 a
3125 4599 3265 4659 vultu
3285 4600 3378 4665 ira:
3403 4613 3523 4669 tute.

1930 4680 2089 4741 Unde
2115 4696 2245 4753 ergo
2271 4683 2478 4754 malum
2506 4683 2723 4745 inlisae?
2752 4686 2927 4757 Ipsam
2956 4704 3192 4769 pinnam,
3216 4692 3384 4766 ipsam
3406 4697 3526 4754 vin-

1934 4775 2153 4842 dictam,
2181 4784 2237 4843 et
2256 4774 2396 4841 forte
2415 4776 2632 4836 dolores
2656 4794 2792 4851 quos
2818 4780 2908 4838 hic
2940 4798 3162 4845 necesse
3203 4796 3286 4847 est
3312 4791 3439 4860 pati,
3472 4801 3526 4850 ct

1933 4867 2097 4931 animi
2135 4876 2194 4929 et
2233 4869 2497 4941 corporis,
2546 4870 2690 4942 ipsas
2716 4870 2847 4937 dicit
2870 4874 3109 4949 sagittas.
3157 4875 3233 4935 De
3274 4878 3358 4939 bis
3381 4884 3524 4940 enim

1934 4961 2143 5032 sagittis
2184 4971 2241 5016 et
2288 4969 2510 5023 sanctus
2547 4961 2651 5019 Job
2678 4961 2807 5023 fecit
2834 4971 3427 5039 commemorationem,
3465 4987 3521 5032 et

1933 5071 2055 5115 eum
2084 5055 2306 5115 essetin
2333 5055 2440 5113 illis
2467 5054 2764 5122 doloribus,
2783 5057 2917 5117 dixit
2936 5060 3155 5135 sagittas
3196 5063 3406 5127 Domini
3434 5066 3522 5122 in-

1936 5146 2068 5202 lixas
2092 5147 2190 5205 sibi
2219 5146 2238 5217 (
2268 5144 2370 5203 Job
2396 5161 2469 5211 vr,
2496 5147 2531 5201 4
2552 5146 2593 5215 ).
2637 5147 2886 5213 Solemus
2938 5159 3115 5217 tamen
3141 5162 3197 5209 et
3232 5156 3516 5221 verbaDei

1932 5239 2153 5308 sagittas
2179 5238 2423 5308 accipere
2455 5254 2469 5293 :
2491 5237 2587 5295 sed
2612 5241 2870 5315 numquid
2894 5241 2963 5301 ab
2988 5242 3072 5299 bis
3106 5255 3292 5316 posset
3321 5247 3418 5307 iste
3447 5250 3525 5304 sic

1932 5331 2120 5391 dolere
2147 5346 2205 5387 se
2233 5330 2483 5402 percuti?
2524 5330 2701 5390 Verba
2731 5333 2826 5391 Dei
2854 5342 3107 5411 tanquam
3136 5340 3346 5411 sagittae
3374 5342 3522 5403 exci-

1936 5432 2051 5481 tant
2070 5437 2329 5489 amorem,
2361 5437 2468 5487 non
2495 5422 2757 5483 dolorem.
2773 5426 2858 5485 An
2886 5427 3008 5499 quia
3030 5435 3087 5487 et
3110 5428 3224 5509 ipse
3241 5444 3392 5489 amor
3417 5445 3526 5497 non

1937 5523 2114 5588 potest
2143 5531 2266 5575 esse
2301 5515 2420 5581 sine
2445 5516 2670 5577 dolore?
2700 5519 2964 5593 Quidqmd
3001 5519 3146 5581 enim
3195 5537 3440 5585 amamus
3467 5534 3526 5582 et

2001 5632 2019 5663 ι
2046 5628 2232 5697 tumo.
2269 5629 2478 5697 deerant
2513 5631 2684 5697 latinae
2716 5632 2885 5697 verba.
2916 5631 3045 5697 quod
3075 5630 3240 5697 utique
3273 5647 3369 5695 nm
3402 5643 3529 5691 esset

2154 5705 2175 5767 ς
2197 5693 2380 5767 qutein
2400 5695 2624 5767 omnibus
2633 5695 2824 5767 .nostris
2965 5691 3216 5760 leguntur.

1999 5756 2020 5788 ³
2045 5753 2268 5814 Plerique
2291 5761 2418 5814 mss,
2444 5762 2490 5805 ct
2511 5754 2738 5806 vindicta.

2000 5818 2024 5913 ε
2037 5815 2393 5932 Ὲωὶἑὶκκ,
2412 5817 2715 5884 odoptiown
2727 5815 2942 5883 ﬁliorum
2961 5825 3311 5885 meum.

2139 5892 2265 5944 .,es.
