  <div class='ocr_page' id='page_1' title='image "/cluster/home/n/w/nwhite01/storage/ocr_20150623/36/hvd.32044015471469/205.png"; bbox 0 0 4042 6486; ppageno 0'>
   <div class='ocr_carea' id='block_1_1' title="bbox 531 426 630 492">
    <p class='ocr_par' dir='ltr' id='par_1_1' title="bbox 531 426 630 492">
     <span class='ocr_line' id='line_1_1' title="bbox 531 426 630 492; baseline -0.061 1"><span class='ocrx_word' id='word_1_1' title='bbox 531 426 630 492; x_wconf 75' lang='lat'><strong>590</strong></span> 
     </span>
    </p>
   </div>
   <div class='ocr_carea' id='block_1_2' title="bbox 530 537 2116 615">
    <p class='ocr_par' dir='ltr' id='par_1_2' title="bbox 530 537 2116 615">
     <span class='ocr_line' id='line_1_2' title="bbox 530 537 2116 615; baseline -0.013 -5"><span class='ocrx_word' id='word_1_2' title='bbox 530 570 634 610; x_wconf 90' lang='lat' dir='ltr'><strong>nou</strong></span> <span class='ocrx_word' id='word_1_3' title='bbox 676 550 956 615; x_wconf 81' lang='lat' dir='ltr'><strong>habemus,</strong></span> <span class='ocrx_word' id='word_1_4' title='bbox 985 557 1206 601; x_wconf 88' lang='lat' dir='ltr'><strong>necesse</strong></span> <span class='ocrx_word' id='word_1_5' title='bbox 1231 549 1313 599; x_wconf 90' lang='lat' dir='ltr'><strong>est</strong></span> <span class='ocrx_word' id='word_1_6' title='bbox 1343 549 1399 596; x_wconf 91' lang='lat' dir='ltr'><strong>ut</strong></span> <span class='ocrx_word' id='word_1_7' title='bbox 1438 537 1733 596; x_wconf 82' lang='lat' dir='ltr'><strong>doleamus.</strong></span> <span class='ocrx_word' id='word_1_8' title='bbox 1764 537 1900 593; x_wconf 86' lang='lat' dir='ltr'><strong>Nam</strong></span> <span class='ocrx_word' id='word_1_9' title='bbox 1944 537 2032 592; x_wconf 85' lang='lat' dir='ltr'><strong>ille</strong></span> <span class='ocrx_word' id='word_1_10' title='bbox 2060 544 2116 591; x_wconf 92' lang='lat' dir='ltr'><strong>et</strong></span> 
     </span>
    </p>
   </div>
   <div class='ocr_carea' id='block_1_3' title="bbox 529 630 2116 708">
    <p class='ocr_par' dir='ltr' id='par_1_3' title="bbox 529 630 2116 708">
     <span class='ocr_line' id='line_1_3' title="bbox 529 630 2116 708; baseline -0.011 -8"><span class='ocrx_word' id='word_1_11' title='bbox 529 655 672 700; x_wconf 87' lang='lat' dir='ltr'><strong>amat</strong></span> <span class='ocrx_word' id='word_1_12' title='bbox 699 653 752 699; x_wconf 90' lang='lat' dir='ltr'><strong>et</strong></span> <span class='ocrx_word' id='word_1_13' title='bbox 778 659 884 697; x_wconf 89' lang='lat' dir='ltr'><strong>non</strong></span> <span class='ocrx_word' id='word_1_14' title='bbox 915 639 1077 704; x_wconf 92' lang='lat' dir='ltr'><strong>dolet,</strong></span> <span class='ocrx_word' id='word_1_15' title='bbox 1111 637 1202 708; x_wconf 89' lang='lat' dir='ltr'><strong>qui</strong></span> <span class='ocrx_word' id='word_1_16' title='bbox 1233 635 1394 690; x_wconf 82' lang='lat' dir='ltr'><strong>habet</strong></span> <span class='ocrx_word' id='word_1_17' title='bbox 1420 633 1561 704; x_wconf 92' lang='lat' dir='ltr'><strong>quod</strong></span> <span class='ocrx_word' id='word_1_18' title='bbox 1591 640 1771 686; x_wconf 89' lang='lat' dir='ltr'><strong>amat:</strong></span> <span class='ocrx_word' id='word_1_19' title='bbox 1802 630 1893 702; x_wconf 89' lang='lat' dir='ltr'><strong>qui</strong></span> <span class='ocrx_word' id='word_1_20' title='bbox 1936 637 2116 684; x_wconf 88' lang='lat' dir='ltr'><strong>autem</strong></span> 
     </span>
    </p>
   </div>
   <div class='ocr_carea' id='block_1_4' title="bbox 530 725 2117 800">
    <p class='ocr_par' dir='ltr' id='par_1_4' title="bbox 530 725 2117 800">
     <span class='ocr_line' id='line_1_4' title="bbox 530 725 2117 800; baseline -0.01 -8"><span class='ocrx_word' id='word_1_21' title='bbox 530 746 695 799; x_wconf 85' lang='lat' dir='ltr'><strong>amat,</strong></span> <span class='ocrx_word' id='word_1_22' title='bbox 723 745 782 790; x_wconf 92' lang='lat' dir='ltr'><strong>ut</strong></span> <span class='ocrx_word' id='word_1_23' title='bbox 816 733 948 800; x_wconf 85' lang='lat' dir='ltr'><strong>dixi,</strong></span> <span class='ocrx_word' id='word_1_24' title='bbox 993 740 1049 786; x_wconf 94' lang='lat' dir='ltr'><strong>et</strong></span> <span class='ocrx_word' id='word_1_25' title='bbox 1078 729 1314 785; x_wconf 89' lang='lat' dir='ltr'><strong>nondum</strong></span> <span class='ocrx_word' id='word_1_26' title='bbox 1346 726 1504 782; x_wconf 92' lang='lat' dir='ltr'><strong>habet</strong></span> <span class='ocrx_word' id='word_1_27' title='bbox 1527 725 1668 796; x_wconf 87' lang='lat' dir='ltr'><strong>quod</strong></span> <span class='ocrx_word' id='word_1_28' title='bbox 1699 732 1860 785; x_wconf 85' lang='lat' dir='ltr'><strong>amat,</strong></span> <span class='ocrx_word' id='word_1_29' title='bbox 1893 735 2117 778; x_wconf 90' lang='lat' dir='ltr'><strong>necesse</strong></span> 
     </span>
    </p>
   </div>
   <div class='ocr_carea' id='block_1_5' title="bbox 527 814 2117 896">
    <p class='ocr_par' dir='ltr' id='par_1_5' title="bbox 527 814 2117 896">
     <span class='ocr_line' id='line_1_5' title="bbox 527 814 2117 896; baseline -0.011 -10"><span class='ocrx_word' id='word_1_30' title='bbox 527 842 612 886; x_wconf 90' lang='lat' dir='ltr'><strong>est</strong></span> <span class='ocrx_word' id='word_1_31' title='bbox 648 838 706 884; x_wconf 92' lang='lat' dir='ltr'><strong>ut</strong></span> <span class='ocrx_word' id='word_1_32' title='bbox 732 829 784 882; x_wconf 93' lang='lat' dir='ltr'><strong>in</strong></span> <span class='ocrx_word' id='word_1_33' title='bbox 810 827 996 881; x_wconf 92' lang='lat' dir='ltr'><strong>dolore</strong></span> <span class='ocrx_word' id='word_1_34' title='bbox 1019 832 1215 896; x_wconf 89' lang='lat' dir='ltr'><strong>gemat.</strong></span> <span class='ocrx_word' id='word_1_35' title='bbox 1247 819 1517 876; x_wconf 88' lang='lat' dir='ltr'><strong>lndeillud</strong></span> <span class='ocrx_word' id='word_1_36' title='bbox 1540 822 1591 873; x_wconf 93' lang='lat' dir='ltr'><strong>in</strong></span> <span class='ocrx_word' id='word_1_37' title='bbox 1610 831 1834 887; x_wconf 83' lang='lat' dir='ltr'><strong>persona</strong></span> <span class='ocrx_word' id='word_1_38' title='bbox 1863 814 2117 869; x_wconf 64' lang='lat' dir='ltr'><strong>Ecclesiae</strong></span> 
     </span>
    </p>
   </div>
   <div class='ocr_carea' id='block_1_6' title="bbox 528 904 2118 992">
    <p class='ocr_par' dir='ltr' id='par_1_6' title="bbox 528 904 2118 992">
     <span class='ocr_line' id='line_1_6' title="bbox 528 904 2118 992; baseline -0.012 -16"><span class='ocrx_word' id='word_1_39' title='bbox 528 935 722 992; x_wconf 88' lang='lat' dir='ltr'><strong>sponsa</strong></span> <span class='ocrx_word' id='word_1_40' title='bbox 751 918 948 974; x_wconf 92' lang='lat' dir='ltr'><strong>Christi</strong></span> <span class='ocrx_word' id='word_1_41' title='bbox 978 916 1030 970; x_wconf 94' lang='lat' dir='ltr'><strong>in</strong></span> <span class='ocrx_word' id='word_1_42' title='bbox 1061 914 1284 969; x_wconf 91' lang='lat' dir='ltr'><strong>Cantico</strong></span> <span class='ocrx_word' id='word_1_43' title='bbox 1319 912 1652 966; x_wconf 89' lang='lat' dir='ltr'><strong>canticorum</strong></span> <span class='ocrx_word' id='word_1_44' title='bbox 1685 925 1697 960; x_wconf 92' lang='lat'>:</span> <span class='ocrx_word' id='word_1_45' title='bbox 1731 907 1982 974; x_wconf 74' lang='lat' dir='ltr'><strong>Quoniam</strong></span> <span class='ocrx_word' id='word_1_46' title='bbox 2005 904 2118 958; x_wconf 83' lang='lat' dir='ltr'><strong>vul-</strong></span> 
     </span>
    </p>
   </div>
   <div class='ocr_carea' id='block_1_7' title="bbox 531 996 2118 1078">
    <p class='ocr_par' dir='ltr' id='par_1_7' title="bbox 531 996 2118 1078">
     <span class='ocr_line' id='line_1_7' title="bbox 531 996 2118 1078; baseline -0.011 -12"><span class='ocrx_word' id='word_1_47' title='bbox 531 1022 707 1066; x_wconf 84' lang='lat' dir='ltr'><strong>nerata</strong></span> <span class='ocrx_word' id='word_1_48' title='bbox 736 1010 979 1064; x_wconf 86' lang='lat' dir='ltr'><strong>charitate</strong></span> <span class='ocrx_word' id='word_1_49' title='bbox 1001 1023 1091 1078; x_wconf 87' lang='lat' dir='ltr'><strong>ego</strong></span> <span class='ocrx_word' id='word_1_50' title='bbox 1110 1022 1220 1060; x_wconf 89' lang='lat' dir='ltr'><strong>sum</strong></span> <span class='ocrx_word' id='word_1_51' title='bbox 1244 1001 1414 1076; x_wconf 89' lang='lat' dir='ltr'><strong>(Cant.</strong></span> <span class='ocrx_word' id='word_1_52' title='bbox 1440 1018 1496 1064; x_wconf 87' lang='lat' dir='ltr'><strong>ll,</strong></span> <span class='ocrx_word' id='word_1_53' title='bbox 1520 1000 1577 1065; x_wconf 87' lang='lat'><strong>5,</strong></span> <span class='ocrx_word' id='word_1_54' title='bbox 1599 1009 1644 1054; x_wconf 90' lang='lat' dir='ltr'><strong>et</strong></span> <span class='ocrx_word' id='word_1_55' title='bbox 1673 1015 1728 1063; x_wconf 92' lang='lat' dir='ltr'><strong>v,</strong></span> <span class='ocrx_word' id='word_1_56' title='bbox 1760 996 1839 1067; x_wconf 87' lang='lat'><strong>8).</strong></span> <span class='ocrx_word' id='word_1_57' title='bbox 1861 996 2118 1051; x_wconf 80' lang='lat' dir='ltr'><strong>Vulnera-</strong></span> 
     </span>
    </p>
   </div>
   <div class='ocr_carea' id='block_1_8' title="bbox 538 1088 2118 1159">
    <p class='ocr_par' dir='ltr' id='par_1_8' title="bbox 538 1088 2118 1159">
     <span class='ocr_line' id='line_1_8' title="bbox 538 1088 2118 1159; baseline -0.01 -4"><span class='ocrx_word' id='word_1_58' title='bbox 538 1116 642 1158; x_wconf 89' lang='lat' dir='ltr'><strong>tam</strong></span> <span class='ocrx_word' id='word_1_59' title='bbox 693 1118 752 1157; x_wconf 90' lang='lat' dir='ltr'><strong>se</strong></span> <span class='ocrx_word' id='word_1_60' title='bbox 792 1100 924 1155; x_wconf 78' lang='lat' dir='ltr'><strong>dixit</strong></span> <span class='ocrx_word' id='word_1_61' title='bbox 957 1095 1495 1153; x_wconf 79' lang='lat' dir='ltr'><strong>charitatezamabat</strong></span> <span class='ocrx_word' id='word_1_62' title='bbox 1540 1091 1680 1147; x_wconf 91' lang='lat' dir='ltr'><strong>enim</strong></span> <span class='ocrx_word' id='word_1_63' title='bbox 1736 1088 2018 1159; x_wconf 82' lang='lat' dir='ltr'><strong>quiddam,</strong></span> <span class='ocrx_word' id='word_1_64' title='bbox 2063 1092 2118 1141; x_wconf 88' lang='lat' dir='ltr'><strong>et</strong></span> 
     </span>
    </p>
   </div>
   <div class='ocr_carea' id='block_1_9' title="bbox 534 1178 2114 1256">
    <p class='ocr_par' dir='ltr' id='par_1_9' title="bbox 534 1178 2114 1256">
     <span class='ocr_line' id='line_1_9' title="bbox 534 1178 2114 1256; baseline -0.012 -7"><span class='ocrx_word' id='word_1_65' title='bbox 534 1194 764 1250; x_wconf 87' lang='lat' dir='ltr'><strong>nondum</strong></span> <span class='ocrx_word' id='word_1_66' title='bbox 823 1192 1064 1251; x_wconf 83' lang='lat' dir='ltr'><strong>tenebat;</strong></span> <span class='ocrx_word' id='word_1_67' title='bbox 1112 1188 1360 1250; x_wconf 89' lang='lat' dir='ltr'><strong>dolebat,</strong></span> <span class='ocrx_word' id='word_1_68' title='bbox 1414 1185 1537 1256; x_wconf 87' lang='lat' dir='ltr'><strong>quia</strong></span> <span class='ocrx_word' id='word_1_69' title='bbox 1583 1181 1818 1238; x_wconf 91' lang='lat' dir='ltr'><strong>nondum</strong></span> <span class='ocrx_word' id='word_1_70' title='bbox 1865 1178 2114 1233; x_wconf 83' lang='lat' dir='ltr'><strong>habebat.</strong></span> 
     </span>
    </p>
   </div>
   <div class='ocr_carea' id='block_1_10' title="bbox 535 1269 2116 1360">
    <p class='ocr_par' dir='ltr' id='par_1_10' title="bbox 535 1269 2116 1360">
     <span class='ocr_line' id='line_1_10' title="bbox 535 1269 2116 1360; baseline -0.012 -16"><span class='ocrx_word' id='word_1_71' title='bbox 535 1292 672 1360; x_wconf 71' lang='lat' dir='ltr'><strong>l-lrgo</strong></span> <span class='ocrx_word' id='word_1_72' title='bbox 700 1289 743 1341; x_wconf 89' lang='lat' dir='ltr'><strong>si</strong></span> <span class='ocrx_word' id='word_1_73' title='bbox 772 1285 1006 1346; x_wconf 87' lang='lat' dir='ltr'><strong>dolebat,</strong></span> <span class='ocrx_word' id='word_1_74' title='bbox 1031 1282 1310 1337; x_wconf 89' lang='lat' dir='ltr'><strong>vulnerata</strong></span> <span class='ocrx_word' id='word_1_75' title='bbox 1337 1286 1454 1334; x_wconf 88' lang='lat' dir='ltr'><strong>erat</strong></span> <span class='ocrx_word' id='word_1_76' title='bbox 1503 1295 1515 1330; x_wconf 93' lang='lat'><strong>:</strong></span> <span class='ocrx_word' id='word_1_77' title='bbox 1557 1276 1651 1331; x_wconf 89' lang='lat' dir='ltr'><strong>sed</strong></span> <span class='ocrx_word' id='word_1_78' title='bbox 1702 1275 1804 1329; x_wconf 85' lang='lat' dir='ltr'><strong>hoc</strong></span> <span class='ocrx_word' id='word_1_79' title='bbox 1833 1273 2025 1327; x_wconf 85' lang='lat' dir='ltr'><strong>vulnus</strong></span> <span class='ocrx_word' id='word_1_80' title='bbox 2051 1269 2116 1325; x_wconf 86' lang='lat' dir='ltr'><strong>ad</strong></span> 
     </span>
    </p>
   </div>
   <div class='ocr_carea' id='block_1_11' title="bbox 535 1362 2116 1444">
    <p class='ocr_par' dir='ltr' id='par_1_11' title="bbox 535 1362 2116 1444">
     <span class='ocr_line' id='line_1_11' title="bbox 535 1362 2116 1444; baseline -0.011 -12"><span class='ocrx_word' id='word_1_81' title='bbox 535 1397 710 1436; x_wconf 80' lang='lat' dir='ltr'><strong>veram</strong></span> <span class='ocrx_word' id='word_1_82' title='bbox 740 1379 1019 1433; x_wconf 86' lang='lat' dir='ltr'><strong>sanitatem</strong></span> <span class='ocrx_word' id='word_1_83' title='bbox 1040 1371 1340 1444; x_wconf 72' lang='lat' dir='ltr'><strong>rapiebat‘.</strong></span> <span class='ocrx_word' id='word_1_84' title='bbox 1368 1369 1466 1438; x_wconf 92' lang='lat' dir='ltr'><strong>Qui</strong></span> <span class='ocrx_word' id='word_1_85' title='bbox 1487 1368 1589 1422; x_wconf 90' lang='lat' dir='ltr'><strong>hoc</strong></span> <span class='ocrx_word' id='word_1_86' title='bbox 1612 1366 1832 1421; x_wconf 80' lang='lat' dir='ltr'><strong>vulnere</strong></span> <span class='ocrx_word' id='word_1_87' title='bbox 1863 1379 1966 1418; x_wconf 88' lang='lat' dir='ltr'><strong>non</strong></span> <span class='ocrx_word' id='word_1_88' title='bbox 1998 1362 2116 1416; x_wconf 80' lang='lat' dir='ltr'><strong>fue-</strong></span> 
     </span>
    </p>
   </div>
   <div class='ocr_carea' id='block_1_12' title="bbox 533 1463 2119 1532">
    <p class='ocr_par' dir='ltr' id='par_1_12' title="bbox 533 1463 2119 1532">
     <span class='ocr_line' id='line_1_12' title="bbox 533 1463 2119 1532; baseline -0.013 -3"><span class='ocrx_word' id='word_1_89' title='bbox 533 1475 598 1529; x_wconf 88' lang='lat' dir='ltr'><strong>rit</strong></span> <span class='ocrx_word' id='word_1_90' title='bbox 627 1473 957 1532; x_wconf 76' lang='lat' dir='ltr'><strong>vulneratus,</strong></span> <span class='ocrx_word' id='word_1_91' title='bbox 985 1467 1051 1523; x_wconf 93' lang='lat' dir='ltr'><strong>ad</strong></span> <span class='ocrx_word' id='word_1_92' title='bbox 1080 1481 1262 1520; x_wconf 89' lang='lat' dir='ltr'><strong>veram</strong></span> <span class='ocrx_word' id='word_1_93' title='bbox 1288 1463 1570 1518; x_wconf 84' lang='lat' dir='ltr'><strong>sanitatem</strong></span> <span class='ocrx_word' id='word_1_94' title='bbox 1595 1475 1700 1514; x_wconf 91' lang='lat' dir='ltr'><strong>non</strong></span> <span class='ocrx_word' id='word_1_95' title='bbox 1733 1465 1906 1529; x_wconf 87' lang='lat' dir='ltr'><strong>potest</strong></span> <span class='ocrx_word' id='word_1_96' title='bbox 1930 1470 2119 1525; x_wconf 79' lang='lat' dir='ltr'><strong>perve-</strong></span> 
     </span>
    </p>
   </div>
   <div class='ocr_carea' id='block_1_13' title="bbox 530 1546 2119 1634">
    <p class='ocr_par' dir='ltr' id='par_1_13' title="bbox 530 1546 2119 1634">
     <span class='ocr_line' id='line_1_13' title="bbox 530 1546 2119 1634; baseline -0.012 -13"><span class='ocrx_word' id='word_1_97' title='bbox 530 1567 665 1622; x_wconf 86' lang='lat' dir='ltr'><strong>nire.</strong></span> <span class='ocrx_word' id='word_1_98' title='bbox 712 1561 976 1634; x_wconf 86' lang='lat' dir='ltr'><strong>Numquid</strong></span> <span class='ocrx_word' id='word_1_99' title='bbox 1007 1575 1134 1630; x_wconf 83' lang='lat' dir='ltr'><strong>ergo</strong></span> <span class='ocrx_word' id='word_1_100' title='bbox 1162 1557 1470 1612; x_wconf 87' lang='lat' dir='ltr'><strong>vulneratus</strong></span> <span class='ocrx_word' id='word_1_101' title='bbox 1513 1566 1726 1621; x_wconf 85' lang='lat' dir='ltr'><strong>semper</strong></span> <span class='ocrx_word' id='word_1_102' title='bbox 1765 1549 1869 1603; x_wconf 89' lang='lat' dir='ltr'><strong>erit</strong></span> <span class='ocrx_word' id='word_1_103' title='bbox 1909 1549 1960 1602; x_wconf 93' lang='lat' dir='ltr'><strong>in</strong></span> <span class='ocrx_word' id='word_1_104' title='bbox 2004 1546 2119 1602; x_wconf 88' lang='lat' dir='ltr'><strong>vul-</strong></span> 
     </span>
    </p>
   </div>
   <div class='ocr_carea' id='block_1_14' title="bbox 530 1640 2118 1720">
    <p class='ocr_par' dir='ltr' id='par_1_14' title="bbox 530 1640 2118 1720">
     <span class='ocr_line' id='line_1_14' title="bbox 530 1640 2118 1720; baseline -0.013 -6"><span class='ocrx_word' id='word_1_105' title='bbox 530 1659 694 1714; x_wconf 85' lang='lat' dir='ltr'><strong>nere?</strong></span> <span class='ocrx_word' id='word_1_106' title='bbox 751 1658 1040 1711; x_wconf 88' lang='lat' dir='ltr'><strong>Possumus</strong></span> <span class='ocrx_word' id='word_1_107' title='bbox 1093 1651 1272 1720; x_wconf 87' lang='lat' dir='ltr'><strong>itaque</strong></span> <span class='ocrx_word' id='word_1_108' title='bbox 1321 1647 1480 1703; x_wconf 88' lang='lat' dir='ltr'><strong>etiam</strong></span> <span class='ocrx_word' id='word_1_109' title='bbox 1534 1646 1613 1700; x_wconf 88' lang='lat' dir='ltr'><strong>sic</strong></span> <span class='ocrx_word' id='word_1_110' title='bbox 1666 1642 1852 1697; x_wconf 77' lang='lat' dir='ltr'><strong>inlisas</strong></span> <span class='ocrx_word' id='word_1_111' title='bbox 1900 1640 2118 1710; x_wconf 75' lang='lat' dir='ltr'><strong>sagittas</strong></span> 
     </span>
    </p>
   </div>
   <div class='ocr_carea' id='block_1_15' title="bbox 530 1734 2119 1821">
    <p class='ocr_par' dir='ltr' id='par_1_15' title="bbox 530 1734 2119 1821">
     <span class='ocr_line' id='line_1_15' title="bbox 530 1734 2119 1821; baseline -0.013 -15"><span class='ocrx_word' id='word_1_112' title='bbox 530 1752 795 1821; x_wconf 89' lang='lat' dir='ltr'><strong>accipere,</strong></span> <span class='ocrx_word' id='word_1_113' title='bbox 821 1748 870 1801; x_wconf 88' lang='lat' dir='ltr'><strong>id</strong></span> <span class='ocrx_word' id='word_1_114' title='bbox 899 1755 1001 1812; x_wconf 83' lang='lat' dir='ltr'><strong>est,</strong></span> <span class='ocrx_word' id='word_1_115' title='bbox 1028 1743 1189 1799; x_wconf 87' lang='lat' dir='ltr'><strong>verba</strong></span> <span class='ocrx_word' id='word_1_116' title='bbox 1229 1751 1316 1796; x_wconf 87' lang='lat' dir='ltr'><strong>tua</strong></span> <span class='ocrx_word' id='word_1_117' title='bbox 1359 1738 1516 1794; x_wconf 84' lang='lat' dir='ltr'><strong>inﬁxa</strong></span> <span class='ocrx_word' id='word_1_118' title='bbox 1551 1745 1674 1791; x_wconf 91' lang='lat' dir='ltr'><strong>sunt</strong></span> <span class='ocrx_word' id='word_1_119' title='bbox 1701 1734 1848 1789; x_wconf 91' lang='lat' dir='ltr'><strong>cordi</strong></span> <span class='ocrx_word' id='word_1_120' title='bbox 1893 1747 2034 1795; x_wconf 91' lang='lat' dir='ltr'><strong>meo,</strong></span> <span class='ocrx_word' id='word_1_121' title='bbox 2065 1741 2119 1786; x_wconf 90' lang='lat' dir='ltr'><strong>et</strong></span> 
     </span>
    </p>
   </div>
   <div class='ocr_carea' id='block_1_16' title="bbox 529 1823 2117 1912">
    <p class='ocr_par' dir='ltr' id='par_1_16' title="bbox 529 1823 2117 1912">
     <span class='ocr_line' id='line_1_16' title="bbox 529 1823 2117 1912; baseline -0.014 -13"><span class='ocrx_word' id='word_1_122' title='bbox 529 1861 595 1899; x_wconf 88' lang='lat' dir='ltr'><strong>ex</strong></span> <span class='ocrx_word' id='word_1_123' title='bbox 627 1843 755 1912; x_wconf 86' lang='lat' dir='ltr'><strong>ipsis</strong></span> <span class='ocrx_word' id='word_1_124' title='bbox 784 1839 964 1894; x_wconf 90' lang='lat' dir='ltr'><strong>verbis</strong></span> <span class='ocrx_word' id='word_1_125' title='bbox 991 1837 1099 1891; x_wconf 89' lang='lat' dir='ltr'><strong>tuis</strong></span> <span class='ocrx_word' id='word_1_126' title='bbox 1142 1835 1336 1888; x_wconf 81' lang='lat' dir='ltr'><strong>factum</strong></span> <span class='ocrx_word' id='word_1_127' title='bbox 1371 1839 1452 1886; x_wconf 91' lang='lat' dir='ltr'><strong>est</strong></span> <span class='ocrx_word' id='word_1_128' title='bbox 1492 1838 1548 1884; x_wconf 93' lang='lat' dir='ltr'><strong>ut</strong></span> <span class='ocrx_word' id='word_1_129' title='bbox 1586 1825 1898 1882; x_wconf 87' lang='lat' dir='ltr'><strong>recordarer</strong></span> <span class='ocrx_word' id='word_1_130' title='bbox 1923 1823 2117 1877; x_wconf 90' lang='lat' dir='ltr'><strong>sabba-</strong></span> 
     </span>
    </p>
   </div>
   <div class='ocr_carea' id='block_1_17' title="bbox 531 1915 2114 2004">
    <p class='ocr_par' dir='ltr' id='par_1_17' title="bbox 531 1915 2114 2004">
     <span class='ocr_line' id='line_1_17' title="bbox 531 1915 2114 2004; baseline -0.013 -16"><span class='ocrx_word' id='word_1_131' title='bbox 531 1945 671 2001; x_wconf 91' lang='lat' dir='ltr'><strong>tum;</strong></span> <span class='ocrx_word' id='word_1_132' title='bbox 702 1943 756 1990; x_wconf 86' lang='lat' dir='ltr'><strong>et</strong></span> <span class='ocrx_word' id='word_1_133' title='bbox 781 1935 892 2004; x_wconf 89' lang='lat' dir='ltr'><strong>ipsa</strong></span> <span class='ocrx_word' id='word_1_134' title='bbox 923 1927 1224 1986; x_wconf 90' lang='lat' dir='ltr'><strong>recordatio</strong></span> <span class='ocrx_word' id='word_1_135' title='bbox 1250 1923 1476 1987; x_wconf 87' lang='lat' dir='ltr'><strong>sabbati,</strong></span> <span class='ocrx_word' id='word_1_136' title='bbox 1507 1930 1563 1976; x_wconf 90' lang='lat' dir='ltr'><strong>et</strong></span> <span class='ocrx_word' id='word_1_137' title='bbox 1601 1919 1834 1975; x_wconf 91' lang='lat' dir='ltr'><strong>nondum</strong></span> <span class='ocrx_word' id='word_1_138' title='bbox 1864 1915 2114 1981; x_wconf 88' lang='lat' dir='ltr'><strong>retentio,</strong></span> 
     </span>
    </p>
   </div>
   <div class='ocr_carea' id='block_1_18' title="bbox 526 2007 2116 2090">
    <p class='ocr_par' dir='ltr' id='par_1_18' title="bbox 526 2007 2116 2090">
     <span class='ocr_line' id='line_1_18' title="bbox 526 2007 2116 2090; baseline -0.014 -9"><span class='ocrx_word' id='word_1_139' title='bbox 526 2027 653 2081; x_wconf 83' lang='lat' dir='ltr'><strong>facit</strong></span> <span class='ocrx_word' id='word_1_140' title='bbox 680 2040 765 2079; x_wconf 92' lang='lat' dir='ltr'><strong>me</strong></span> <span class='ocrx_word' id='word_1_141' title='bbox 793 2021 1030 2077; x_wconf 88' lang='lat' dir='ltr'><strong>nondum</strong></span> <span class='ocrx_word' id='word_1_142' title='bbox 1055 2016 1376 2090; x_wconf 88' lang='lat' dir='ltr'><strong>gaudere,et</strong></span> <span class='ocrx_word' id='word_1_143' title='bbox 1395 2025 1688 2084; x_wconf 83' lang='lat' dir='ltr'><strong>agnoscere</strong></span> <span class='ocrx_word' id='word_1_144' title='bbox 1714 2023 1812 2064; x_wconf 91' lang='lat' dir='ltr'><strong>nec</strong></span> <span class='ocrx_word' id='word_1_145' title='bbox 1836 2007 2116 2062; x_wconf 89' lang='lat' dir='ltr'><strong>sanitatem</strong></span> 
     </span>
    </p>
   </div>
   <div class='ocr_carea' id='block_1_19' title="bbox 528 2105 2117 2188">
    <p class='ocr_par' dir='ltr' id='par_1_19' title="bbox 528 2105 2117 2188">
     <span class='ocr_line' id='line_1_19' title="bbox 528 2105 2117 2188; baseline -0.014 -13"><span class='ocrx_word' id='word_1_146' title='bbox 528 2135 647 2175; x_wconf 90' lang='lat' dir='ltr'><strong>esse</strong></span> <span class='ocrx_word' id='word_1_147' title='bbox 674 2119 727 2172; x_wconf 93' lang='lat' dir='ltr'><strong>in</strong></span> <span class='ocrx_word' id='word_1_148' title='bbox 771 2116 885 2188; x_wconf 91' lang='lat' dir='ltr'><strong>ipsa</strong></span> <span class='ocrx_word' id='word_1_149' title='bbox 923 2129 1105 2178; x_wconf 89' lang='lat' dir='ltr'><strong>carne,</strong></span> <span class='ocrx_word' id='word_1_150' title='bbox 1137 2123 1310 2179; x_wconf 91' lang='lat' dir='ltr'><strong>neque</strong></span> <span class='ocrx_word' id='word_1_151' title='bbox 1335 2107 1438 2162; x_wconf 91' lang='lat' dir='ltr'><strong>dici</strong></span> <span class='ocrx_word' id='word_1_152' title='bbox 1464 2105 1681 2166; x_wconf 87' lang='lat' dir='ltr'><strong>debere,</strong></span> <span class='ocrx_word' id='word_1_153' title='bbox 1710 2117 1832 2156; x_wconf 93' lang='lat' dir='ltr'><strong>cum</strong></span> <span class='ocrx_word' id='word_1_154' title='bbox 1862 2111 2117 2188; x_wconf 89' lang='lat' dir='ltr'><strong>comparo</strong></span> 
     </span>
    </p>
   </div>
   <div class='ocr_carea' id='block_1_20' title="bbox 530 2187 2117 2266">
    <p class='ocr_par' dir='ltr' id='par_1_20' title="bbox 530 2187 2117 2266">
     <span class='ocr_line' id='line_1_20' title="bbox 530 2187 2117 2266; baseline -0.014 -2"><span class='ocrx_word' id='word_1_155' title='bbox 530 2211 684 2264; x_wconf 89' lang='lat' dir='ltr'><strong>istam</strong></span> <span class='ocrx_word' id='word_1_156' title='bbox 718 2187 996 2261; x_wconf 81' lang='lat' dir='ltr'><strong>sanitatem</strong></span> <span class='ocrx_word' id='word_1_157' title='bbox 1030 2201 1107 2256; x_wconf 92' lang='lat' dir='ltr'><strong>illi</strong></span> <span class='ocrx_word' id='word_1_158' title='bbox 1133 2197 1346 2254; x_wconf 87' lang='lat' dir='ltr'><strong>sanitati</strong></span> <span class='ocrx_word' id='word_1_159' title='bbox 1399 2210 1554 2266; x_wconf 89' lang='lat' dir='ltr'><strong>quam</strong></span> <span class='ocrx_word' id='word_1_160' title='bbox 1602 2191 1811 2246; x_wconf 89' lang='lat' dir='ltr'><strong>habebo</strong></span> <span class='ocrx_word' id='word_1_161' title='bbox 1837 2190 1888 2243; x_wconf 91' lang='lat' dir='ltr'><strong>in</strong></span> <span class='ocrx_word' id='word_1_162' title='bbox 1935 2187 2117 2256; x_wconf 87' lang='lat' dir='ltr'><strong>requie</strong></span> 
     </span>
    </p>
   </div>
   <div class='ocr_carea' id='block_1_21' title="bbox 530 2278 2118 2368">
    <p class='ocr_par' dir='ltr' id='par_1_21' title="bbox 530 2278 2118 2368">
     <span class='ocr_line' id='line_1_21' title="bbox 530 2278 2118 2368; baseline -0.014 -13"><span class='ocrx_word' id='word_1_163' title='bbox 530 2299 874 2368; x_wconf 87' lang='lat' dir='ltr'><strong>sempiterna,</strong></span> <span class='ocrx_word' id='word_1_164' title='bbox 904 2294 991 2349; x_wconf 90' lang='lat' dir='ltr'><strong>ubi</strong></span> <span class='ocrx_word' id='word_1_165' title='bbox 1039 2289 1383 2358; x_wconf 89' lang='lat' dir='ltr'><strong>eorruptibile</strong></span> <span class='ocrx_word' id='word_1_166' title='bbox 1407 2285 1512 2341; x_wconf 88' lang='lat' dir='ltr'><strong>hoc</strong></span> <span class='ocrx_word' id='word_1_167' title='bbox 1551 2282 1735 2338; x_wconf 89' lang='lat' dir='ltr'><strong>induet</strong></span> <span class='ocrx_word' id='word_1_168' title='bbox 1765 2278 2118 2350; x_wconf 85' lang='lat' dir='ltr'><strong>incorruptio-</strong></span> 
     </span>
    </p>
   </div>
   <div class='ocr_carea' id='block_1_22' title="bbox 529 2369 2113 2454">
    <p class='ocr_par' dir='ltr' id='par_1_22' title="bbox 529 2369 2113 2454">
     <span class='ocr_line' id='line_1_22' title="bbox 529 2369 2113 2454; baseline -0.013 -8"><span class='ocrx_word' id='word_1_169' title='bbox 529 2406 674 2454; x_wconf 88' lang='lat' dir='ltr'><strong>nem,</strong></span> <span class='ocrx_word' id='word_1_170' title='bbox 705 2398 758 2444; x_wconf 90' lang='lat' dir='ltr'><strong>et</strong></span> <span class='ocrx_word' id='word_1_171' title='bbox 784 2385 1010 2442; x_wconf 83' lang='lat' dir='ltr'><strong>mortale</strong></span> <span class='ocrx_word' id='word_1_172' title='bbox 1041 2384 1142 2438; x_wconf 90' lang='lat' dir='ltr'><strong>hoc</strong></span> <span class='ocrx_word' id='word_1_173' title='bbox 1187 2379 1369 2436; x_wconf 90' lang='lat' dir='ltr'><strong>induet</strong></span> <span class='ocrx_word' id='word_1_174' title='bbox 1410 2375 1859 2433; x_wconf 85' lang='lat' dir='ltr'><strong>immortalitatem</strong></span> <span class='ocrx_word' id='word_1_175' title='bbox 1901 2371 1964 2442; x_wconf 93' lang='lat' dir='ltr'><strong>(l</strong></span> <span class='ocrx_word' id='word_1_176' title='bbox 1993 2369 2113 2426; x_wconf 87' lang='lat' dir='ltr'><strong>Cor.</strong></span> 
     </span>
    </p>
   </div>
   <div class='ocr_carea' id='block_1_23' title="bbox 532 2464 2113 2552">
    <p class='ocr_par' dir='ltr' id='par_1_23' title="bbox 532 2464 2113 2552">
     <span class='ocr_line' id='line_1_23' title="bbox 532 2464 2113 2552; baseline -0.012 -14"><span class='ocrx_word' id='word_1_177' title='bbox 532 2499 625 2546; x_wconf 89' lang='lat' dir='ltr'><strong>xv,</strong></span> <span class='ocrx_word' id='word_1_178' title='bbox 656 2480 744 2551; x_wconf 80' lang='lat'><strong>55)</strong></span> <span class='ocrx_word' id='word_1_179' title='bbox 765 2496 779 2545; x_wconf 92' lang='lat'><strong>;</strong></span> <span class='ocrx_word' id='word_1_180' title='bbox 810 2488 865 2533; x_wconf 93' lang='lat' dir='ltr'><strong>et</strong></span> <span class='ocrx_word' id='word_1_181' title='bbox 884 2476 1037 2532; x_wconf 87' lang='lat' dir='ltr'><strong>video</strong></span> <span class='ocrx_word' id='word_1_182' title='bbox 1053 2475 1175 2546; x_wconf 91' lang='lat' dir='ltr'><strong>quia</strong></span> <span class='ocrx_word' id='word_1_183' title='bbox 1201 2473 1253 2527; x_wconf 92' lang='lat' dir='ltr'><strong>in</strong></span> <span class='ocrx_word' id='word_1_184' title='bbox 1274 2471 1416 2527; x_wconf 89' lang='lat' dir='ltr'><strong>illius</strong></span> <span class='ocrx_word' id='word_1_185' title='bbox 1435 2469 1677 2552; x_wconf 80' lang='lat' dir='ltr'><strong>sanitatis</strong></span> <span class='ocrx_word' id='word_1_186' title='bbox 1691 2464 2113 2537; x_wconf 84' lang='lat' dir='ltr'><strong>comparatione,</strong></span> 
     </span>
    </p>
   </div>
   <div class='ocr_carea' id='block_1_24' title="bbox 531 2569 1224 2628">
    <p class='ocr_par' dir='ltr' id='par_1_24' title="bbox 531 2569 1224 2628">
     <span class='ocr_line' id='line_1_24' title="bbox 531 2569 1224 2628; baseline -0.016 1"><span class='ocrx_word' id='word_1_187' title='bbox 531 2575 629 2628; x_wconf 89' lang='lat' dir='ltr'><strong>ista</strong></span> <span class='ocrx_word' id='word_1_188' title='bbox 655 2572 854 2627; x_wconf 88' lang='lat' dir='ltr'><strong>sanitas</strong></span> <span class='ocrx_word' id='word_1_189' title='bbox 881 2569 1095 2623; x_wconf 89' lang='lat' dir='ltr'><strong>morbus</strong></span> <span class='ocrx_word' id='word_1_190' title='bbox 1120 2573 1224 2620; x_wconf 88' lang='lat' dir='ltr'><strong>est.</strong></span> 
     </span>
    </p>
   </div>
   <div class='ocr_carea' id='block_1_25' title="bbox 602 2651 2116 2731">
    <p class='ocr_par' dir='ltr' id='par_1_25' title="bbox 602 2651 2116 2731">
     <span class='ocr_line' id='line_1_25' title="bbox 602 2651 2116 2731; baseline -0.01 -12"><span class='ocrx_word' id='word_1_191' title='bbox 602 2665 656 2720; x_wconf 92' lang='lat'><strong>6.</strong></span> <span class='ocrx_word' id='word_1_192' title='bbox 688 2661 808 2718; x_wconf 86' lang='lat' dir='ltr'><strong>Non</strong></span> <span class='ocrx_word' id='word_1_193' title='bbox 840 2671 912 2716; x_wconf 86' lang='lat' dir='ltr'><strong>est</strong></span> <span class='ocrx_word' id='word_1_194' title='bbox 954 2675 1056 2731; x_wconf 70' lang='lat' dir='ltr'><strong>pax</strong></span> <span class='ocrx_word' id='word_1_195' title='bbox 1103 2657 1295 2712; x_wconf 87' lang='lat' dir='ltr'><strong>ossibus</strong></span> <span class='ocrx_word' id='word_1_196' title='bbox 1364 2653 1487 2708; x_wconf 90' lang='lat' dir='ltr'><strong>meis</strong></span> <span class='ocrx_word' id='word_1_197' title='bbox 1542 2668 1576 2706; x_wconf 89' lang='lat' dir='ltr'><strong>a</strong></span> <span class='ocrx_word' id='word_1_198' title='bbox 1613 2651 1743 2722; x_wconf 79' lang='lat' dir='ltr'><strong>facie</strong></span> <span class='ocrx_word' id='word_1_199' title='bbox 1798 2657 2116 2720; x_wconf 79' lang='lat' dir='ltr'><strong>peccatorum</strong></span> 
     </span>
    </p>
   </div>
   <div class='ocr_carea' id='block_1_26' title="bbox 529 2742 2118 2824">
    <p class='ocr_par' dir='ltr' id='par_1_26' title="bbox 529 2742 2118 2824">
     <span class='ocr_line' id='line_1_26' title="bbox 529 2742 2118 2824; baseline -0.01 -10"><span class='ocrx_word' id='word_1_200' title='bbox 529 2775 775 2814; x_wconf 87' lang='lat' dir='ltr'><strong>meorum.</strong></span> <span class='ocrx_word' id='word_1_201' title='bbox 804 2755 981 2824; x_wconf 64' lang='lat' dir='ltr'><strong>Quaeri</strong></span> <span class='ocrx_word' id='word_1_202' title='bbox 1009 2752 1148 2808; x_wconf 90' lang='lat' dir='ltr'><strong>solet</strong></span> <span class='ocrx_word' id='word_1_203' title='bbox 1195 2750 1347 2818; x_wconf 90' lang='lat' dir='ltr'><strong>cujus</strong></span> <span class='ocrx_word' id='word_1_204' title='bbox 1389 2748 1459 2802; x_wconf 91' lang='lat' dir='ltr'><strong>sit</strong></span> <span class='ocrx_word' id='word_1_205' title='bbox 1483 2760 1626 2810; x_wconf 90' lang='lat' dir='ltr'><strong>vox;</strong></span> <span class='ocrx_word' id='word_1_206' title='bbox 1687 2752 1743 2800; x_wconf 89' lang='lat' dir='ltr'><strong>et</strong></span> <span class='ocrx_word' id='word_1_207' title='bbox 1791 2743 1951 2812; x_wconf 89' lang='lat' dir='ltr'><strong>aliqui</strong></span> <span class='ocrx_word' id='word_1_208' title='bbox 1976 2742 2118 2798; x_wconf 90' lang='lat' dir='ltr'><strong>acci-</strong></span> 
     </span>
    </p>
   </div>
   <div class='ocr_carea' id='block_1_27' title="bbox 538 2836 2116 2928">
    <p class='ocr_par' dir='ltr' id='par_1_27' title="bbox 538 2836 2116 2928">
     <span class='ocr_line' id='line_1_27' title="bbox 538 2836 2116 2928; baseline -0.011 -17"><span class='ocrx_word' id='word_1_209' title='bbox 538 2857 688 2928; x_wconf 91' lang='lat' dir='ltr'><strong>piunt</strong></span> <span class='ocrx_word' id='word_1_210' title='bbox 718 2851 937 2913; x_wconf 82' lang='lat' dir='ltr'><strong>Christi,</strong></span> <span class='ocrx_word' id='word_1_211' title='bbox 967 2854 1186 2920; x_wconf 81' lang='lat' dir='ltr'><strong>prOpter</strong></span> <span class='ocrx_word' id='word_1_212' title='bbox 1211 2843 1454 2917; x_wconf 65' lang='lat' dir='ltr'><strong>qumdam</strong></span> <span class='ocrx_word' id='word_1_213' title='bbox 1489 2857 1607 2912; x_wconf 78' lang='lat' dir='ltr'><strong>qua:</strong></span> <span class='ocrx_word' id='word_1_214' title='bbox 1631 2840 1719 2895; x_wconf 91' lang='lat' dir='ltr'><strong>hic</strong></span> <span class='ocrx_word' id='word_1_215' title='bbox 1758 2838 2007 2893; x_wconf 89' lang='lat' dir='ltr'><strong>dicuntur</strong></span> <span class='ocrx_word' id='word_1_216' title='bbox 2048 2836 2116 2893; x_wconf 92' lang='lat' dir='ltr'><strong>de</strong></span> 
     </span>
    </p>
   </div>
   <div class='ocr_carea' id='block_1_28' title="bbox 534 2938 2118 3024">
    <p class='ocr_par' dir='ltr' id='par_1_28' title="bbox 534 2938 2118 3024">
     <span class='ocr_line' id='line_1_28' title="bbox 534 2938 2118 3024; baseline -0.012 -17"><span class='ocrx_word' id='word_1_217' title='bbox 534 2951 784 3024; x_wconf 87' lang='lat' dir='ltr'><strong>passione</strong></span> <span class='ocrx_word' id='word_1_218' title='bbox 811 2945 1032 3012; x_wconf 86' lang='lat' dir='ltr'><strong>Christi,</strong></span> <span class='ocrx_word' id='word_1_219' title='bbox 1086 2943 1150 2999; x_wconf 92' lang='lat' dir='ltr'><strong>ad</strong></span> <span class='ocrx_word' id='word_1_220' title='bbox 1195 2957 1313 3013; x_wconf 64' lang='lat' dir='ltr'><strong>quae</strong></span> <span class='ocrx_word' id='word_1_221' title='bbox 1342 2940 1500 3010; x_wconf 91' lang='lat' dir='ltr'><strong>paulo</strong></span> <span class='ocrx_word' id='word_1_222' title='bbox 1546 2948 1664 3009; x_wconf 89' lang='lat' dir='ltr'><strong>post</strong></span> <span class='ocrx_word' id='word_1_223' title='bbox 1695 2938 2007 3000; x_wconf 88' lang='lat' dir='ltr'><strong>veniemus,</strong></span> <span class='ocrx_word' id='word_1_224' title='bbox 2061 2942 2118 2990; x_wconf 88' lang='lat' dir='ltr'><strong>et</strong></span> 
     </span>
    </p>
   </div>
   <div class='ocr_carea' id='block_1_29' title="bbox 537 3027 2111 3113">
    <p class='ocr_par' dir='ltr' id='par_1_29' title="bbox 537 3027 2111 3113">
     <span class='ocr_line' id='line_1_29' title="bbox 537 3027 2111 3113; baseline -0.013 -13"><span class='ocrx_word' id='word_1_225' title='bbox 537 3061 630 3101; x_wconf 86' lang='lat' dir='ltr'><strong>nos</strong></span> <span class='ocrx_word' id='word_1_226' title='bbox 658 3053 1011 3113; x_wconf 81' lang='lat' dir='ltr'><strong>agnoscemus</strong></span> <span class='ocrx_word' id='word_1_227' title='bbox 1054 3035 1174 3105; x_wconf 90' lang='lat' dir='ltr'><strong>quia</strong></span> <span class='ocrx_word' id='word_1_228' title='bbox 1225 3033 1291 3087; x_wconf 93' lang='lat' dir='ltr'><strong>de</strong></span> <span class='ocrx_word' id='word_1_229' title='bbox 1320 3031 1568 3100; x_wconf 88' lang='lat' dir='ltr'><strong>passione</strong></span> <span class='ocrx_word' id='word_1_230' title='bbox 1612 3028 1810 3083; x_wconf 89' lang='lat' dir='ltr'><strong>Christi</strong></span> <span class='ocrx_word' id='word_1_231' title='bbox 1842 3027 2111 3081; x_wconf 88' lang='lat' dir='ltr'><strong>dicuntur.</strong></span> 
     </span>
    </p>
   </div>
   <div class='ocr_carea' id='block_1_30' title="bbox 528 3120 2116 3199">
    <p class='ocr_par' dir='ltr' id='par_1_30' title="bbox 528 3120 2116 3199">
     <span class='ocr_line' id='line_1_30' title="bbox 528 3120 2116 3199; baseline -0.013 -9"><span class='ocrx_word' id='word_1_232' title='bbox 528 3133 656 3199; x_wconf 87' lang='lat' dir='ltr'><strong>Sed,</strong></span> <span class='ocrx_word' id='word_1_233' title='bbox 687 3130 808 3184; x_wconf 86' lang='lat' dir='ltr'><strong>Non</strong></span> <span class='ocrx_word' id='word_1_234' title='bbox 829 3139 898 3183; x_wconf 86' lang='lat' dir='ltr'><strong>est</strong></span> <span class='ocrx_word' id='word_1_235' title='bbox 922 3143 1023 3199; x_wconf 71' lang='lat' dir='ltr'><strong>pax</strong></span> <span class='ocrx_word' id='word_1_236' title='bbox 1048 3123 1240 3179; x_wconf 85' lang='lat' dir='ltr'><strong>ossibus</strong></span> <span class='ocrx_word' id='word_1_237' title='bbox 1279 3122 1402 3175; x_wconf 89' lang='lat' dir='ltr'><strong>meis</strong></span> <span class='ocrx_word' id='word_1_238' title='bbox 1427 3137 1457 3172; x_wconf 91' lang='lat' dir='ltr'><strong>a</strong></span> <span class='ocrx_word' id='word_1_239' title='bbox 1488 3120 1616 3186; x_wconf 77' lang='lat' dir='ltr'><strong>facie</strong></span> <span class='ocrx_word' id='word_1_240' title='bbox 1637 3127 1954 3189; x_wconf 79' lang='lat' dir='ltr'><strong>peccatorum</strong></span> <span class='ocrx_word' id='word_1_241' title='bbox 1979 3131 2116 3170; x_wconf 89' lang='lat' dir='ltr'><strong>meo-</strong></span> 
     </span>
    </p>
   </div>
   <div class='ocr_carea' id='block_1_31' title="bbox 529 3206 2116 3291">
    <p class='ocr_par' dir='ltr' id='par_1_31' title="bbox 529 3206 2116 3291">
     <span class='ocr_line' id='line_1_31' title="bbox 529 3206 2116 3291; baseline -0.011 -12"><span class='ocrx_word' id='word_1_242' title='bbox 529 3241 665 3285; x_wconf 89' lang='lat' dir='ltr'><strong>rum,</strong></span> <span class='ocrx_word' id='word_1_243' title='bbox 698 3217 966 3291; x_wconf 88' lang='lat' dir='ltr'><strong>quomodo</strong></span> <span class='ocrx_word' id='word_1_244' title='bbox 985 3216 1189 3271; x_wconf 79' lang='lat' dir='ltr'><strong>diceret</strong></span> <span class='ocrx_word' id='word_1_245' title='bbox 1215 3213 1303 3283; x_wconf 93' lang='lat' dir='ltr'><strong>qui</strong></span> <span class='ocrx_word' id='word_1_246' title='bbox 1347 3211 1549 3266; x_wconf 90' lang='lat' dir='ltr'><strong>nullum</strong></span> <span class='ocrx_word' id='word_1_247' title='bbox 1581 3220 1855 3280; x_wconf 91' lang='lat' dir='ltr'><strong>peccatum</strong></span> <span class='ocrx_word' id='word_1_248' title='bbox 1884 3206 2116 3262; x_wconf 84' lang='lat' dir='ltr'><strong>habebat</strong></span> 
     </span>
    </p>
   </div>
   <div class='ocr_carea' id='block_1_32' title="bbox 527 3298 2112 3387">
    <p class='ocr_par' dir='ltr' id='par_1_32' title="bbox 527 3298 2112 3387">
     <span class='ocr_line' id='line_1_32' title="bbox 527 3298 2112 3387; baseline -0.01 -18"><span class='ocrx_word' id='word_1_249' title='bbox 527 3318 548 3387; x_wconf 91' lang='lat'><strong>(</strong></span> <span class='ocrx_word' id='word_1_250' title='bbox 580 3314 596 3368; x_wconf 88' lang='lat' dir='ltr'><strong>I</strong></span> <span class='ocrx_word' id='word_1_251' title='bbox 627 3312 769 3368; x_wconf 86' lang='lat' dir='ltr'><strong>Petr.</strong></span> <span class='ocrx_word' id='word_1_252' title='bbox 800 3326 856 3374; x_wconf 86' lang='grc' dir='ltr'><strong>ιι,</strong></span> <span class='ocrx_word' id='word_1_253' title='bbox 892 3307 1028 3386; x_wconf 59' lang='lat'><strong>22):?</strong></span> <span class='ocrx_word' id='word_1_254' title='bbox 1055 3306 1305 3360; x_wconf 91' lang='lat' dir='ltr'><strong>Coarctat</strong></span> <span class='ocrx_word' id='word_1_255' title='bbox 1335 3317 1432 3357; x_wconf 91' lang='lat' dir='ltr'><strong>nos</strong></span> <span class='ocrx_word' id='word_1_256' title='bbox 1476 3317 1604 3372; x_wconf 86' lang='lat' dir='ltr'><strong>ergo</strong></span> <span class='ocrx_word' id='word_1_257' title='bbox 1653 3298 1984 3370; x_wconf 78' lang='lat' dir='ltr'><strong>intelligendi</strong></span> <span class='ocrx_word' id='word_1_258' title='bbox 2016 3313 2112 3354; x_wconf 88' lang='lat' dir='ltr'><strong>ne-</strong></span> 
     </span>
    </p>
   </div>
   <div class='ocr_carea' id='block_1_33' title="bbox 525 3391 2111 3468">
    <p class='ocr_par' dir='ltr' id='par_1_33' title="bbox 525 3391 2111 3468">
     <span class='ocr_line' id='line_1_33' title="bbox 525 3391 2111 3468; baseline -0.013 -5"><span class='ocrx_word' id='word_1_259' title='bbox 525 3403 751 3462; x_wconf 87' lang='lat' dir='ltr'><strong>cessitas</strong></span> <span class='ocrx_word' id='word_1_260' title='bbox 778 3401 841 3455; x_wconf 91' lang='lat' dir='ltr'><strong>ad</strong></span> <span class='ocrx_word' id='word_1_261' title='bbox 866 3396 1296 3468; x_wconf 79' lang='lat' dir='ltr'><strong>cognoscendum</strong></span> <span class='ocrx_word' id='word_1_262' title='bbox 1327 3403 1575 3462; x_wconf 85' lang='lat' dir='ltr'><strong>tanquam</strong></span> <span class='ocrx_word' id='word_1_263' title='bbox 1610 3391 1822 3461; x_wconf 89' lang='lat' dir='ltr'><strong>plenum</strong></span> <span class='ocrx_word' id='word_1_264' title='bbox 1860 3399 1916 3445; x_wconf 86' lang='lat' dir='ltr'><strong>et</strong></span> <span class='ocrx_word' id='word_1_265' title='bbox 1945 3398 2111 3444; x_wconf 91' lang='lat' dir='ltr'><strong>totum</strong></span> 
     </span>
    </p>
   </div>
   <div class='ocr_carea' id='block_1_34' title="bbox 524 3479 2107 3558">
    <p class='ocr_par' dir='ltr' id='par_1_34' title="bbox 524 3479 2107 3558">
     <span class='ocr_line' id='line_1_34' title="bbox 524 3479 2107 3558; baseline -0.013 -5"><span class='ocrx_word' id='word_1_266' title='bbox 524 3497 798 3555; x_wconf 90' lang='lat' dir='ltr'><strong>Christum</strong></span> <span class='ocrx_word' id='word_1_267' title='bbox 825 3535 839 3558; x_wconf 93' lang='lat'><strong>,</strong></span> <span class='ocrx_word' id='word_1_268' title='bbox 874 3491 926 3546; x_wconf 89' lang='lat' dir='ltr'><strong>id</strong></span> <span class='ocrx_word' id='word_1_269' title='bbox 956 3499 1041 3546; x_wconf 92' lang='lat' dir='ltr'><strong>est</strong></span> <span class='ocrx_word' id='word_1_270' title='bbox 1065 3498 1224 3558; x_wconf 91' lang='lat' dir='ltr'><strong>caput</strong></span> <span class='ocrx_word' id='word_1_271' title='bbox 1267 3496 1322 3542; x_wconf 92' lang='lat' dir='ltr'><strong>et</strong></span> <span class='ocrx_word' id='word_1_272' title='bbox 1361 3499 1576 3554; x_wconf 90' lang='lat' dir='ltr'><strong>corpus.</strong></span> <span class='ocrx_word' id='word_1_273' title='bbox 1610 3482 1745 3537; x_wconf 92' lang='lat' dir='ltr'><strong>Cum</strong></span> <span class='ocrx_word' id='word_1_274' title='bbox 1776 3481 1918 3536; x_wconf 90' lang='lat' dir='ltr'><strong>enim</strong></span> <span class='ocrx_word' id='word_1_275' title='bbox 1945 3479 2107 3536; x_wconf 84' lang='lat' dir='ltr'><strong>Chri-</strong></span> 
     </span>
    </p>
   </div>
   <div class='ocr_carea' id='block_1_35' title="bbox 525 3572 2110 3655">
    <p class='ocr_par' dir='ltr' id='par_1_35' title="bbox 525 3572 2110 3655">
     <span class='ocr_line' id='line_1_35' title="bbox 525 3572 2110 3655; baseline -0.012 -11"><span class='ocrx_word' id='word_1_276' title='bbox 525 3597 640 3645; x_wconf 86' lang='lat' dir='ltr'><strong>stus</strong></span> <span class='ocrx_word' id='word_1_277' title='bbox 662 3584 920 3655; x_wconf 89' lang='lat' dir='ltr'><strong>loquitur,</strong></span> <span class='ocrx_word' id='word_1_278' title='bbox 941 3578 1225 3650; x_wconf 88' lang='lat' dir='ltr'><strong>aliquando</strong></span> <span class='ocrx_word' id='word_1_279' title='bbox 1254 3592 1322 3633; x_wconf 85' lang='lat' dir='ltr'><strong>ex</strong></span> <span class='ocrx_word' id='word_1_280' title='bbox 1354 3589 1578 3646; x_wconf 88' lang='lat' dir='ltr'><strong>persona</strong></span> <span class='ocrx_word' id='word_1_281' title='bbox 1615 3573 1782 3628; x_wconf 90' lang='lat' dir='ltr'><strong>solius</strong></span> <span class='ocrx_word' id='word_1_282' title='bbox 1810 3572 2001 3642; x_wconf 88' lang='lat' dir='ltr'><strong>capitis</strong></span> <span class='ocrx_word' id='word_1_283' title='bbox 2027 3573 2110 3626; x_wconf 91' lang='lat' dir='ltr'><strong>lo-</strong></span> 
     </span>
    </p>
   </div>
   <div class='ocr_carea' id='block_1_36' title="bbox 524 3662 2111 3751">
    <p class='ocr_par' dir='ltr' id='par_1_36' title="bbox 524 3662 2111 3751">
     <span class='ocr_line' id='line_1_36' title="bbox 524 3662 2111 3751; baseline -0.011 -16"><span class='ocrx_word' id='word_1_284' title='bbox 524 3679 726 3751; x_wconf 88' lang='lat' dir='ltr'><strong>quitur,</strong></span> <span class='ocrx_word' id='word_1_285' title='bbox 757 3674 899 3746; x_wconf 93' lang='lat' dir='ltr'><strong>quod</strong></span> <span class='ocrx_word' id='word_1_286' title='bbox 921 3681 1006 3729; x_wconf 90' lang='lat' dir='ltr'><strong>est</strong></span> <span class='ocrx_word' id='word_1_287' title='bbox 1031 3673 1144 3741; x_wconf 90' lang='lat' dir='ltr'><strong>ipse</strong></span> <span class='ocrx_word' id='word_1_288' title='bbox 1169 3669 1444 3733; x_wconf 87' lang='lat' dir='ltr'><strong>Salvator,</strong></span> <span class='ocrx_word' id='word_1_289' title='bbox 1483 3677 1640 3720; x_wconf 86' lang='lat' dir='ltr'><strong>natus</strong></span> <span class='ocrx_word' id='word_1_290' title='bbox 1661 3679 1726 3720; x_wconf 90' lang='lat' dir='ltr'><strong>ex</strong></span> <span class='ocrx_word' id='word_1_291' title='bbox 1754 3664 1918 3718; x_wconf 84' lang='lat' dir='ltr'><strong>Maria</strong></span> <span class='ocrx_word' id='word_1_292' title='bbox 1947 3662 2111 3734; x_wconf 91' lang='lat' dir='ltr'><strong>virgi-</strong></span> 
     </span>
    </p>
   </div>
   <div class='ocr_carea' id='block_1_37' title="bbox 527 3756 2110 3839">
    <p class='ocr_par' dir='ltr' id='par_1_37' title="bbox 527 3756 2110 3839">
     <span class='ocr_line' id='line_1_37' title="bbox 527 3756 2110 3839; baseline -0.01 -13"><span class='ocrx_word' id='word_1_293' title='bbox 527 3786 628 3835; x_wconf 87' lang='lat' dir='ltr'><strong>ne;</strong></span> <span class='ocrx_word' id='word_1_294' title='bbox 676 3766 962 3839; x_wconf 88' lang='lat' dir='ltr'><strong>aliquando</strong></span> <span class='ocrx_word' id='word_1_295' title='bbox 1014 3780 1082 3820; x_wconf 89' lang='lat' dir='ltr'><strong>ex</strong></span> <span class='ocrx_word' id='word_1_296' title='bbox 1132 3775 1361 3832; x_wconf 89' lang='lat' dir='ltr'><strong>persona</strong></span> <span class='ocrx_word' id='word_1_297' title='bbox 1420 3758 1663 3828; x_wconf 87' lang='lat' dir='ltr'><strong>corporis</strong></span> <span class='ocrx_word' id='word_1_298' title='bbox 1694 3757 1794 3822; x_wconf 91' lang='lat' dir='ltr'><strong>sui,</strong></span> <span class='ocrx_word' id='word_1_299' title='bbox 1850 3756 1991 3826; x_wconf 87' lang='lat' dir='ltr'><strong>quod</strong></span> <span class='ocrx_word' id='word_1_300' title='bbox 2028 3765 2110 3812; x_wconf 90' lang='lat' dir='ltr'><strong>est</strong></span> 
     </span>
    </p>
   </div>
   <div class='ocr_carea' id='block_1_38' title="bbox 524 3847 2108 3920">
    <p class='ocr_par' dir='ltr' id='par_1_38' title="bbox 524 3847 2108 3920">
     <span class='ocr_line' id='line_1_38' title="bbox 524 3847 2108 3920; baseline -0.011 -3"><span class='ocrx_word' id='word_1_301' title='bbox 524 3871 708 3917; x_wconf 89' lang='lat' dir='ltr'><strong>sancta</strong></span> <span class='ocrx_word' id='word_1_302' title='bbox 737 3857 996 3920; x_wconf 85' lang='lat' dir='ltr'><strong>Ecclesia,</strong></span> <span class='ocrx_word' id='word_1_303' title='bbox 1021 3854 1212 3908; x_wconf 85' lang='lat' dir='ltr'><strong>ditl‘usa</strong></span> <span class='ocrx_word' id='word_1_304' title='bbox 1241 3861 1351 3906; x_wconf 88' lang='lat' dir='ltr'><strong>toto</strong></span> <span class='ocrx_word' id='word_1_305' title='bbox 1377 3849 1506 3904; x_wconf 91' lang='lat' dir='ltr'><strong>orbe</strong></span> <span class='ocrx_word' id='word_1_306' title='bbox 1537 3860 1813 3904; x_wconf 89' lang='lat' dir='ltr'><strong>terrarum.</strong></span> <span class='ocrx_word' id='word_1_307' title='bbox 1844 3847 1910 3901; x_wconf 91' lang='lat' dir='ltr'><strong>Et</strong></span> <span class='ocrx_word' id='word_1_308' title='bbox 1930 3861 2026 3901; x_wconf 88' lang='lat' dir='ltr'><strong>nos</strong></span> <span class='ocrx_word' id='word_1_309' title='bbox 2057 3847 2108 3900; x_wconf 92' lang='lat' dir='ltr'><strong>in</strong></span> 
     </span>
    </p>
   </div>
   <div class='ocr_carea' id='block_1_39' title="bbox 524 3937 2107 4022">
    <p class='ocr_par' dir='ltr' id='par_1_39' title="bbox 524 3937 2107 4022">
     <span class='ocr_line' id='line_1_39' title="bbox 524 3937 2107 4022; baseline -0.011 -13"><span class='ocrx_word' id='word_1_310' title='bbox 524 3967 749 4022; x_wconf 91' lang='lat' dir='ltr'><strong>corpore</strong></span> <span class='ocrx_word' id='word_1_311' title='bbox 779 3949 944 4019; x_wconf 89' lang='lat' dir='ltr'><strong>ipsius</strong></span> <span class='ocrx_word' id='word_1_312' title='bbox 965 3961 1180 4008; x_wconf 90' lang='lat' dir='ltr'><strong>sumus,</strong></span> <span class='ocrx_word' id='word_1_313' title='bbox 1212 3944 1254 3997; x_wconf 91' lang='lat' dir='ltr'><strong>si</strong></span> <span class='ocrx_word' id='word_1_314' title='bbox 1287 3952 1462 3997; x_wconf 89' lang='lat' dir='ltr'><strong>tamen</strong></span> <span class='ocrx_word' id='word_1_315' title='bbox 1504 3940 1638 3995; x_wconf 84' lang='lat' dir='ltr'><strong>ﬁdes</strong></span> <span class='ocrx_word' id='word_1_316' title='bbox 1667 3947 1848 3993; x_wconf 90' lang='lat' dir='ltr'><strong>nostra</strong></span> <span class='ocrx_word' id='word_1_317' title='bbox 1901 3937 2107 3992; x_wconf 88' lang='lat' dir='ltr'><strong>sincera</strong></span> 
     </span>
    </p>
   </div>
   <div class='ocr_carea' id='block_1_40' title="bbox 524 4034 2109 4110">
    <p class='ocr_par' dir='ltr' id='par_1_40' title="bbox 524 4034 2109 4110">
     <span class='ocr_line' id='line_1_40' title="bbox 524 4034 2109 4110; baseline -0.011 -9"><span class='ocrx_word' id='word_1_318' title='bbox 524 4047 595 4102; x_wconf 91' lang='lat' dir='ltr'><strong>sit</strong></span> <span class='ocrx_word' id='word_1_319' title='bbox 622 4045 673 4099; x_wconf 92' lang='lat' dir='ltr'><strong>in</strong></span> <span class='ocrx_word' id='word_1_320' title='bbox 704 4043 813 4106; x_wconf 92' lang='lat' dir='ltr'><strong>illo,</strong></span> <span class='ocrx_word' id='word_1_321' title='bbox 847 4049 900 4096; x_wconf 92' lang='lat' dir='ltr'><strong>et</strong></span> <span class='ocrx_word' id='word_1_322' title='bbox 924 4054 1046 4110; x_wconf 90' lang='lat' dir='ltr'><strong>spes</strong></span> <span class='ocrx_word' id='word_1_323' title='bbox 1067 4047 1244 4100; x_wconf 89' lang='lat' dir='ltr'><strong>certa,</strong></span> <span class='ocrx_word' id='word_1_324' title='bbox 1273 4045 1328 4090; x_wconf 92' lang='lat' dir='ltr'><strong>et</strong></span> <span class='ocrx_word' id='word_1_325' title='bbox 1350 4034 1583 4089; x_wconf 73' lang='lat' dir='ltr'><strong>Charitas</strong></span> <span class='ocrx_word' id='word_1_326' title='bbox 1623 4046 1848 4087; x_wconf 85' lang='lat' dir='ltr'><strong>accensa</strong></span> <span class='ocrx_word' id='word_1_327' title='bbox 1883 4049 1897 4085; x_wconf 90' lang='lat'><strong>:</strong></span> <span class='ocrx_word' id='word_1_328' title='bbox 1925 4045 2109 4085; x_wconf 89' lang='lat' dir='ltr'><strong>sumus</strong></span> 
     </span>
    </p>
   </div>
   <div class='ocr_carea' id='block_1_41' title="bbox 522 4125 2108 4208">
    <p class='ocr_par' dir='ltr' id='par_1_41' title="bbox 522 4125 2108 4208">
     <span class='ocr_line' id='line_1_41' title="bbox 522 4125 2108 4208; baseline -0.01 -13"><span class='ocrx_word' id='word_1_329' title='bbox 522 4141 575 4195; x_wconf 93' lang='lat' dir='ltr'><strong>in</strong></span> <span class='ocrx_word' id='word_1_330' title='bbox 604 4151 828 4208; x_wconf 90' lang='lat' dir='ltr'><strong>corpore</strong></span> <span class='ocrx_word' id='word_1_331' title='bbox 863 4135 1026 4205; x_wconf 86' lang='lat' dir='ltr'><strong>ipsius</strong></span> <span class='ocrx_word' id='word_1_332' title='bbox 1047 4173 1062 4198; x_wconf 95' lang='lat'><strong>,</strong></span> <span class='ocrx_word' id='word_1_333' title='bbox 1104 4141 1158 4186; x_wconf 93' lang='lat' dir='ltr'><strong>et</strong></span> <span class='ocrx_word' id='word_1_334' title='bbox 1193 4129 1428 4185; x_wconf 87' lang='lat' dir='ltr'><strong>membra</strong></span> <span class='ocrx_word' id='word_1_335' title='bbox 1471 4127 1638 4196; x_wconf 88' lang='lat' dir='ltr'><strong>ipsius</strong></span> <span class='ocrx_word' id='word_1_336' title='bbox 1662 4166 1676 4192; x_wconf 92' lang='lat'><strong>,</strong></span> <span class='ocrx_word' id='word_1_337' title='bbox 1721 4134 1774 4180; x_wconf 90' lang='lat' dir='ltr'><strong>et</strong></span> <span class='ocrx_word' id='word_1_338' title='bbox 1808 4125 2108 4179; x_wconf 89' lang='lat' dir='ltr'><strong>invenimus</strong></span> 
     </span>
    </p>
   </div>
   <div class='ocr_carea' id='block_1_42' title="bbox 521 4215 2106 4296">
    <p class='ocr_par' dir='ltr' id='par_1_42' title="bbox 521 4215 2106 4296">
     <span class='ocr_line' id='line_1_42' title="bbox 521 4215 2106 4296; baseline -0.011 -9"><span class='ocrx_word' id='word_1_339' title='bbox 521 4245 621 4288; x_wconf 90' lang='lat' dir='ltr'><strong>nos</strong></span> <span class='ocrx_word' id='word_1_340' title='bbox 647 4229 716 4285; x_wconf 83' lang='lat' dir='ltr'><strong>ibi</strong></span> <span class='ocrx_word' id='word_1_341' title='bbox 747 4226 886 4296; x_wconf 87' lang='lat' dir='ltr'><strong>loqui</strong></span> <span class='ocrx_word' id='word_1_342' title='bbox 911 4267 924 4289; x_wconf 94' lang='lat'><strong>,</strong></span> <span class='ocrx_word' id='word_1_343' title='bbox 954 4222 1207 4294; x_wconf 84' lang='lat' dir='ltr'><strong>Apostolo</strong></span> <span class='ocrx_word' id='word_1_344' title='bbox 1237 4221 1465 4284; x_wconf 81' lang='lat' dir='ltr'><strong>dicente,</strong></span> <span class='ocrx_word' id='word_1_345' title='bbox 1501 4217 1752 4285; x_wconf 82' lang='lat' dir='ltr'><strong>Quoniam</strong></span> <span class='ocrx_word' id='word_1_346' title='bbox 1778 4215 1999 4270; x_wconf 87' lang='lat' dir='ltr'><strong>membra</strong></span> <span class='ocrx_word' id='word_1_347' title='bbox 2017 4233 2106 4270; x_wconf 85' lang='lat' dir='ltr'><strong>su-</strong></span> 
     </span>
    </p>
   </div>
   <div class='ocr_carea' id='block_1_43' title="bbox 519 4306 2107 4390">
    <p class='ocr_par' dir='ltr' id='par_1_43' title="bbox 519 4306 2107 4390">
     <span class='ocr_line' id='line_1_43' title="bbox 519 4306 2107 4390; baseline -0.011 -12"><span class='ocrx_word' id='word_1_348' title='bbox 519 4341 632 4378; x_wconf 85' lang='lat' dir='ltr'><strong>mus</strong></span> <span class='ocrx_word' id='word_1_349' title='bbox 660 4318 885 4390; x_wconf 86' lang='lat' dir='ltr'><strong>corporis</strong></span> <span class='ocrx_word' id='word_1_350' title='bbox 915 4318 1024 4387; x_wconf 89' lang='lat' dir='ltr'><strong>ejus</strong></span> <span class='ocrx_word' id='word_1_351' title='bbox 1056 4313 1272 4384; x_wconf 72' lang='lat' dir='ltr'><strong>(Ep/tes.</strong></span> <span class='ocrx_word' id='word_1_352' title='bbox 1301 4327 1335 4366; x_wconf 91' lang='lat' dir='ltr'><strong>v</strong></span> <span class='ocrx_word' id='word_1_353' title='bbox 1359 4352 1374 4376; x_wconf 95' lang='lat'><strong>,</strong></span> <span class='ocrx_word' id='word_1_354' title='bbox 1405 4306 1496 4380; x_wconf 77' lang='lat'><strong>30)</strong></span> <span class='ocrx_word' id='word_1_355' title='bbox 1524 4327 1537 4372; x_wconf 91' lang='lat'><strong>;</strong></span> <span class='ocrx_word' id='word_1_356' title='bbox 1566 4317 1620 4363; x_wconf 88' lang='lat' dir='ltr'><strong>et</strong></span> <span class='ocrx_word' id='word_1_357' title='bbox 1665 4308 1847 4362; x_wconf 90' lang='lat' dir='ltr'><strong>multis</strong></span> <span class='ocrx_word' id='word_1_358' title='bbox 1870 4307 2000 4362; x_wconf 88' lang='lat' dir='ltr'><strong>locis</strong></span> <span class='ocrx_word' id='word_1_359' title='bbox 2022 4307 2107 4361; x_wconf 86' lang='lat' dir='ltr'><strong>di-</strong></span> 
     </span>
    </p>
   </div>
   <div class='ocr_carea' id='block_1_44' title="bbox 519 4400 2108 4480">
    <p class='ocr_par' dir='ltr' id='par_1_44' title="bbox 519 4400 2108 4480">
     <span class='ocr_line' id='line_1_44' title="bbox 519 4400 2108 4480; baseline -0.011 -10"><span class='ocrx_word' id='word_1_360' title='bbox 519 4417 593 4472; x_wconf 90' lang='lat' dir='ltr'><strong>cit</strong></span> <span class='ocrx_word' id='word_1_361' title='bbox 621 4415 723 4468; x_wconf 93' lang='lat' dir='ltr'><strong>hoc</strong></span> <span class='ocrx_word' id='word_1_362' title='bbox 752 4407 1056 4480; x_wconf 80' lang='lat' dir='ltr'><strong>Apostolus.</strong></span> <span class='ocrx_word' id='word_1_363' title='bbox 1085 4404 1214 4460; x_wconf 81' lang='lat' dir='ltr'><strong>Nam</strong></span> <span class='ocrx_word' id='word_1_364' title='bbox 1243 4405 1287 4458; x_wconf 90' lang='lat' dir='ltr'><strong>si</strong></span> <span class='ocrx_word' id='word_1_365' title='bbox 1323 4403 1617 4458; x_wconf 84' lang='lat' dir='ltr'><strong>dixerimus</strong></span> <span class='ocrx_word' id='word_1_366' title='bbox 1646 4400 1807 4455; x_wconf 88' lang='lat' dir='ltr'><strong>verba</strong></span> <span class='ocrx_word' id='word_1_367' title='bbox 1837 4413 1942 4454; x_wconf 90' lang='lat' dir='ltr'><strong>non</strong></span> <span class='ocrx_word' id='word_1_368' title='bbox 1987 4411 2108 4454; x_wconf 88' lang='lat' dir='ltr'><strong>esse</strong></span> 
     </span>
    </p>
   </div>
   <div class='ocr_carea' id='block_1_45' title="bbox 519 4494 2103 4572">
    <p class='ocr_par' dir='ltr' id='par_1_45' title="bbox 519 4494 2103 4572">
     <span class='ocr_line' id='line_1_45' title="bbox 519 4494 2103 4572; baseline -0.01 -7"><span class='ocrx_word' id='word_1_369' title='bbox 519 4507 716 4565; x_wconf 87' lang='lat' dir='ltr'><strong>Christi</strong></span> <span class='ocrx_word' id='word_1_370' title='bbox 738 4521 881 4572; x_wconf 83' lang='lat' dir='ltr'><strong>,~nou</strong></span> <span class='ocrx_word' id='word_1_371' title='bbox 904 4509 1060 4558; x_wconf 88' lang='lat' dir='ltr'><strong>erunt</strong></span> <span class='ocrx_word' id='word_1_372' title='bbox 1083 4507 1134 4555; x_wconf 90' lang='lat' dir='ltr'><strong>et</strong></span> <span class='ocrx_word' id='word_1_373' title='bbox 1162 4500 1248 4553; x_wconf 87' lang='lat' dir='ltr'><strong>illa</strong></span> <span class='ocrx_word' id='word_1_374' title='bbox 1278 4498 1437 4552; x_wconf 89' lang='lat' dir='ltr'><strong>verba</strong></span> <span class='ocrx_word' id='word_1_375' title='bbox 1468 4496 1668 4552; x_wconf 90' lang='lat' dir='ltr'><strong>Christi</strong></span> <span class='ocrx_word' id='word_1_376' title='bbox 1698 4513 1710 4549; x_wconf 90' lang='lat'><strong>:</strong></span> <span class='ocrx_word' id='word_1_377' title='bbox 1741 4494 1880 4550; x_wconf 92' lang='lat' dir='ltr'><strong>Deus</strong></span> <span class='ocrx_word' id='word_1_378' title='bbox 1924 4511 2065 4550; x_wconf 87' lang='lat' dir='ltr'><strong>meus</strong></span> <span class='ocrx_word' id='word_1_379' title='bbox 2087 4536 2103 4562; x_wconf 94' lang='lat'><strong>,</strong></span> 
     </span>
    </p>
   </div>
   <div class='ocr_carea' id='block_1_46' title="bbox 526 4585 2104 4663">
    <p class='ocr_par' dir='ltr' id='par_1_46' title="bbox 526 4585 2104 4663">
     <span class='ocr_line' id='line_1_46' title="bbox 526 4585 2104 4663; baseline -0.01 -9"><span class='ocrx_word' id='word_1_380' title='bbox 526 4601 658 4653; x_wconf 87' lang='lat' dir='ltr'><strong>Deus</strong></span> <span class='ocrx_word' id='word_1_381' title='bbox 686 4611 827 4649; x_wconf 87' lang='lat' dir='ltr'><strong>meus</strong></span> <span class='ocrx_word' id='word_1_382' title='bbox 844 4637 856 4660; x_wconf 92' lang='lat'><strong>,</strong></span> <span class='ocrx_word' id='word_1_383' title='bbox 879 4591 1057 4663; x_wconf 85' lang='lat' dir='ltr'><strong>utquid</strong></span> <span class='ocrx_word' id='word_1_384' title='bbox 1086 4607 1162 4643; x_wconf 90' lang='lat' dir='ltr'><strong>me</strong></span> <span class='ocrx_word' id='word_1_385' title='bbox 1182 4588 1531 4658; x_wconf 83' lang='lat' dir='ltr'><strong>dereliquisti?</strong></span> <span class='ocrx_word' id='word_1_386' title='bbox 1557 4587 1623 4641; x_wconf 88' lang='lat' dir='ltr'><strong>Et</strong></span> <span class='ocrx_word' id='word_1_387' title='bbox 1650 4586 1720 4641; x_wconf 88' lang='lat' dir='ltr'><strong>ibi</strong></span> <span class='ocrx_word' id='word_1_388' title='bbox 1746 4586 1887 4641; x_wconf 88' lang='lat' dir='ltr'><strong>enim</strong></span> <span class='ocrx_word' id='word_1_389' title='bbox 1918 4585 2104 4653; x_wconf 88' lang='lat' dir='ltr'><strong>habes,</strong></span> 
     </span>
    </p>
   </div>
   <div class='ocr_carea' id='block_1_47' title="bbox 526 4677 2108 4749">
    <p class='ocr_par' dir='ltr' id='par_1_47' title="bbox 526 4677 2108 4749">
     <span class='ocr_line' id='line_1_47' title="bbox 526 4677 2108 4749; baseline -0.008 -5"><span class='ocrx_word' id='word_1_390' title='bbox 526 4691 658 4744; x_wconf 83' lang='lat' dir='ltr'><strong>Deus</strong></span> <span class='ocrx_word' id='word_1_391' title='bbox 690 4703 830 4741; x_wconf 88' lang='lat' dir='ltr'><strong>meus</strong></span> <span class='ocrx_word' id='word_1_392' title='bbox 850 4727 864 4748; x_wconf 93' lang='lat'><strong>,</strong></span> <span class='ocrx_word' id='word_1_393' title='bbox 901 4683 1039 4738; x_wconf 88' lang='lat' dir='ltr'><strong>Deus</strong></span> <span class='ocrx_word' id='word_1_394' title='bbox 1070 4697 1208 4734; x_wconf 87' lang='lat' dir='ltr'><strong>meus</strong></span> <span class='ocrx_word' id='word_1_395' title='bbox 1233 4721 1247 4746; x_wconf 94' lang='lat'><strong>,</strong></span> <span class='ocrx_word' id='word_1_396' title='bbox 1272 4679 1446 4749; x_wconf 81' lang='lat' dir='ltr'><strong>utquid</strong></span> <span class='ocrx_word' id='word_1_397' title='bbox 1471 4695 1551 4730; x_wconf 86' lang='lat' dir='ltr'><strong>me</strong></span> <span class='ocrx_word' id='word_1_398' title='bbox 1583 4677 1933 4749; x_wconf 82' lang='lat' dir='ltr'><strong>dereliquisti?</strong></span> <span class='ocrx_word' id='word_1_399' title='bbox 1960 4678 2108 4749; x_wconf 83' lang='lat' dir='ltr'><strong>longe</strong></span> 
     </span>
    </p>
   </div>
   <div class='ocr_carea' id='block_1_48' title="bbox 518 4770 2102 4839">
    <p class='ocr_par' dir='ltr' id='par_1_48' title="bbox 518 4770 2102 4839">
     <span class='ocr_line' id='line_1_48' title="bbox 518 4770 2102 4839; baseline -0.006 -5"><span class='ocrx_word' id='word_1_400' title='bbox 518 4801 547 4834; x_wconf 89' lang='lat' dir='ltr'><strong>a</strong></span> <span class='ocrx_word' id='word_1_401' title='bbox 580 4782 739 4834; x_wconf 87' lang='lat' dir='ltr'><strong>salute</strong></span> <span class='ocrx_word' id='word_1_402' title='bbox 765 4794 877 4832; x_wconf 89' lang='lat' dir='ltr'><strong>mea</strong></span> <span class='ocrx_word' id='word_1_403' title='bbox 894 4775 1042 4830; x_wconf 87' lang='lat' dir='ltr'><strong>verba</strong></span> <span class='ocrx_word' id='word_1_404' title='bbox 1063 4773 1359 4827; x_wconf 79' lang='lat' dir='ltr'><strong>delictorum</strong></span> <span class='ocrx_word' id='word_1_405' title='bbox 1385 4787 1611 4824; x_wconf 88' lang='lat' dir='ltr'><strong>meorum</strong></span> <span class='ocrx_word' id='word_1_406' title='bbox 1641 4770 1812 4839; x_wconf 86' lang='lat' dir='ltr'><strong>(Psal.</strong></span> <span class='ocrx_word' id='word_1_407' title='bbox 1837 4787 1930 4824; x_wconf 77' lang='lat' dir='ltr'><strong>xxi</strong></span> <span class='ocrx_word' id='word_1_408' title='bbox 1953 4811 1968 4836; x_wconf 91' lang='lat'><strong>,</strong></span> <span class='ocrx_word' id='word_1_409' title='bbox 1993 4770 2054 4839; x_wconf 77' lang='lat'><strong>2)</strong></span> <span class='ocrx_word' id='word_1_410' title='bbox 2087 4788 2102 4825; x_wconf 90' lang='lat'><strong>:</strong></span> 
     </span>
    </p>
   </div>
   <div class='ocr_carea' id='block_1_49' title="bbox 524 4863 2105 4946">
    <p class='ocr_par' dir='ltr' id='par_1_49' title="bbox 524 4863 2105 4946">
     <span class='ocr_line' id='line_1_49' title="bbox 524 4863 2105 4946; baseline -0.006 -18"><span class='ocrx_word' id='word_1_411' title='bbox 524 4871 795 4946; x_wconf 88' lang='lat' dir='ltr'><strong>quomodo</strong></span> <span class='ocrx_word' id='word_1_412' title='bbox 819 4870 905 4924; x_wconf 94' lang='lat' dir='ltr'><strong>hic</strong></span> <span class='ocrx_word' id='word_1_413' title='bbox 937 4867 1101 4923; x_wconf 89' lang='lat' dir='ltr'><strong>babes</strong></span> <span class='ocrx_word' id='word_1_414' title='bbox 1119 4908 1133 4931; x_wconf 96' lang='lat'><strong>,</strong></span> <span class='ocrx_word' id='word_1_415' title='bbox 1161 4883 1192 4918; x_wconf 92' lang='lat' dir='ltr'><strong>a</strong></span> <span class='ocrx_word' id='word_1_416' title='bbox 1217 4865 1346 4936; x_wconf 79' lang='lat' dir='ltr'><strong>facie</strong></span> <span class='ocrx_word' id='word_1_417' title='bbox 1391 4872 1710 4935; x_wconf 85' lang='lat' dir='ltr'><strong>peccatorum</strong></span> <span class='ocrx_word' id='word_1_418' title='bbox 1738 4879 1960 4917; x_wconf 90' lang='lat' dir='ltr'><strong>meorum</strong></span> <span class='ocrx_word' id='word_1_419' title='bbox 1984 4880 2002 4928; x_wconf 88' lang='lat'><strong>;</strong></span> <span class='ocrx_word' id='word_1_420' title='bbox 2028 4863 2105 4919; x_wconf 89' lang='lat' dir='ltr'><strong>sic</strong></span> 
     </span>
    </p>
   </div>
   <div class='ocr_carea' id='block_1_50' title="bbox 517 4951 2150 5024">
    <p class='ocr_par' dir='ltr' id='par_1_50' title="bbox 517 4951 2150 5024">
     <span class='ocr_line' id='line_1_50' title="bbox 517 4951 2150 5024; baseline -0.007 -4"><span class='ocrx_word' id='word_1_421' title='bbox 517 4976 571 5020; x_wconf 91' lang='lat' dir='ltr'><strong>et</strong></span> <span class='ocrx_word' id='word_1_422' title='bbox 593 4964 664 5020; x_wconf 89' lang='lat' dir='ltr'><strong>ibi</strong></span> <span class='ocrx_word' id='word_1_423' title='bbox 696 4963 860 5017; x_wconf 90' lang='lat' dir='ltr'><strong>habes</strong></span> <span class='ocrx_word' id='word_1_424' title='bbox 885 5001 900 5024; x_wconf 92' lang='lat'><strong>,</strong></span> <span class='ocrx_word' id='word_1_425' title='bbox 928 4959 1077 5014; x_wconf 81' lang='lat' dir='ltr'><strong>verba</strong></span> <span class='ocrx_word' id='word_1_426' title='bbox 1097 4957 1390 5011; x_wconf 83' lang='lat' dir='ltr'><strong>delictorum</strong></span> <span class='ocrx_word' id='word_1_427' title='bbox 1423 4970 1668 5009; x_wconf 86' lang='lat' dir='ltr'><strong>meorum.</strong></span> <span class='ocrx_word' id='word_1_428' title='bbox 1701 4953 1768 5008; x_wconf 91' lang='lat' dir='ltr'><strong>Et</strong></span> <span class='ocrx_word' id='word_1_429' title='bbox 1787 4954 1830 5007; x_wconf 90' lang='lat' dir='ltr'><strong>si</strong></span> <span class='ocrx_word' id='word_1_430' title='bbox 1861 4951 2104 5009; x_wconf 89' lang='lat' dir='ltr'><strong>Christus</strong></span> <span class='ocrx_word' id='word_1_431' title='bbox 2145 5010 2150 5015; x_wconf 77' lang='grc'><strong><em>,</em></strong></span> 
     </span>
    </p>
   </div>
   <div class='ocr_carea' id='block_1_51' title="bbox 517 5045 2104 5129">
    <p class='ocr_par' dir='ltr' id='par_1_51' title="bbox 517 5045 2104 5129">
     <span class='ocr_line' id='line_1_51' title="bbox 517 5045 2104 5129; baseline -0.008 -16"><span class='ocrx_word' id='word_1_432' title='bbox 517 5061 698 5129; x_wconf 88' lang='lat' dir='ltr'><strong>utique</strong></span> <span class='ocrx_word' id='word_1_433' title='bbox 725 5055 840 5109; x_wconf 88' lang='lat' dir='ltr'><strong>sine</strong></span> <span class='ocrx_word' id='word_1_434' title='bbox 865 5060 1084 5121; x_wconf 90' lang='lat' dir='ltr'><strong>peccato</strong></span> <span class='ocrx_word' id='word_1_435' title='bbox 1112 5058 1166 5105; x_wconf 89' lang='lat' dir='ltr'><strong>et</strong></span> <span class='ocrx_word' id='word_1_436' title='bbox 1194 5049 1310 5105; x_wconf 90' lang='lat' dir='ltr'><strong>sine</strong></span> <span class='ocrx_word' id='word_1_437' title='bbox 1332 5049 1548 5112; x_wconf 85' lang='lat' dir='ltr'><strong>delicto,</strong></span> <span class='ocrx_word' id='word_1_438' title='bbox 1570 5045 1854 5116; x_wconf 90' lang='lat' dir='ltr'><strong>incipimus</strong></span> <span class='ocrx_word' id='word_1_439' title='bbox 1883 5061 1990 5102; x_wconf 88' lang='lat' dir='ltr'><strong>non</strong></span> <span class='ocrx_word' id='word_1_440' title='bbox 2016 5061 2104 5117; x_wconf 90' lang='lat' dir='ltr'><strong>pu-</strong></span> 
     </span>
    </p>
   </div>
   <div class='ocr_carea' id='block_1_52' title="bbox 517 5137 2106 5206">
    <p class='ocr_par' dir='ltr' id='par_1_52' title="bbox 517 5137 2106 5206">
     <span class='ocr_line' id='line_1_52' title="bbox 517 5137 2106 5206; baseline -0.008 -1"><span class='ocrx_word' id='word_1_441' title='bbox 517 5163 633 5206; x_wconf 88' lang='lat' dir='ltr'><strong>tare</strong></span> <span class='ocrx_word' id='word_1_442' title='bbox 653 5147 813 5204; x_wconf 90' lang='lat' dir='ltr'><strong>verba</strong></span> <span class='ocrx_word' id='word_1_443' title='bbox 843 5144 930 5199; x_wconf 91' lang='lat' dir='ltr'><strong>illa</strong></span> <span class='ocrx_word' id='word_1_444' title='bbox 956 5141 1153 5197; x_wconf 87' lang='lat' dir='ltr'><strong>Psalmi</strong></span> <span class='ocrx_word' id='word_1_445' title='bbox 1185 5141 1326 5196; x_wconf 90' lang='lat' dir='ltr'><strong>illius</strong></span> <span class='ocrx_word' id='word_1_446' title='bbox 1349 5155 1485 5196; x_wconf 82' lang='lat' dir='ltr'><strong>esse.</strong></span> <span class='ocrx_word' id='word_1_447' title='bbox 1517 5139 1582 5194; x_wconf 90' lang='lat' dir='ltr'><strong>Et</strong></span> <span class='ocrx_word' id='word_1_448' title='bbox 1628 5137 1781 5193; x_wconf 89' lang='lat' dir='ltr'><strong>valde</strong></span> <span class='ocrx_word' id='word_1_449' title='bbox 1811 5137 2002 5192; x_wconf 90' lang='lat' dir='ltr'><strong>durum</strong></span> <span class='ocrx_word' id='word_1_450' title='bbox 2051 5147 2106 5194; x_wconf 90' lang='lat' dir='ltr'><strong>et</strong></span> 
     </span>
    </p>
   </div>
   <div class='ocr_carea' id='block_1_53' title="bbox 517 5221 2102 5305">
    <p class='ocr_par' dir='ltr' id='par_1_53' title="bbox 517 5221 2102 5305">
     <span class='ocr_line' id='line_1_53' title="bbox 517 5221 2102 5305; baseline -0.007 -7"><span class='ocrx_word' id='word_1_451' title='bbox 517 5242 840 5298; x_wconf 78' lang='lat' dir='ltr'><strong>contrarium</strong></span> <span class='ocrx_word' id='word_1_452' title='bbox 881 5245 1002 5303; x_wconf 90' lang='lat' dir='ltr'><strong>est,</strong></span> <span class='ocrx_word' id='word_1_453' title='bbox 1058 5244 1114 5290; x_wconf 93' lang='lat' dir='ltr'><strong>ut</strong></span> <span class='ocrx_word' id='word_1_454' title='bbox 1163 5234 1252 5290; x_wconf 91' lang='lat' dir='ltr'><strong>ille</strong></span> <span class='ocrx_word' id='word_1_455' title='bbox 1299 5235 1535 5305; x_wconf 88' lang='lat' dir='ltr'><strong>psalmus</strong></span> <span class='ocrx_word' id='word_1_456' title='bbox 1579 5221 1684 5287; x_wconf 80' lang='lat' dir='ltr'><strong>non</strong></span> <span class='ocrx_word' id='word_1_457' title='bbox 1731 5233 1993 5302; x_wconf 85' lang='lat' dir='ltr'><strong>pertineat</strong></span> <span class='ocrx_word' id='word_1_458' title='bbox 2035 5231 2102 5287; x_wconf 87' lang='lat' dir='ltr'><strong>ad</strong></span> 
     </span>
    </p>
   </div>
   <div class='ocr_carea' id='block_1_54' title="bbox 517 5325 2098 5398">
    <p class='ocr_par' dir='ltr' id='par_1_54' title="bbox 517 5325 2098 5398">
     <span class='ocr_line' id='line_1_54' title="bbox 517 5325 2098 5398; baseline -0.007 -7"><span class='ocrx_word' id='word_1_459' title='bbox 517 5335 810 5396; x_wconf 82' lang='lat' dir='ltr'><strong>Christum,</strong></span> <span class='ocrx_word' id='word_1_460' title='bbox 830 5330 923 5385; x_wconf 91' lang='lat' dir='ltr'><strong>ubi</strong></span> <span class='ocrx_word' id='word_1_461' title='bbox 948 5329 1204 5383; x_wconf 88' lang='lat' dir='ltr'><strong>habemus</strong></span> <span class='ocrx_word' id='word_1_462' title='bbox 1235 5338 1342 5381; x_wconf 92' lang='lat' dir='ltr'><strong>tam</strong></span> <span class='ocrx_word' id='word_1_463' title='bbox 1371 5335 1608 5398; x_wconf 88' lang='lat' dir='ltr'><strong>apertam</strong></span> <span class='ocrx_word' id='word_1_464' title='bbox 1629 5327 1932 5396; x_wconf 87' lang='lat' dir='ltr'><strong>passionem</strong></span> <span class='ocrx_word' id='word_1_465' title='bbox 1963 5325 2098 5395; x_wconf 90' lang='lat' dir='ltr'><strong>ejus,</strong></span> 
     </span>
    </p>
   </div>
   <div class='ocr_carea' id='block_1_55' title="bbox 517 5417 2099 5496">
    <p class='ocr_par' dir='ltr' id='par_1_55' title="bbox 517 5417 2099 5496">
     <span class='ocr_line' id='line_1_55' title="bbox 517 5417 2099 5496; baseline -0.007 -13"><span class='ocrx_word' id='word_1_466' title='bbox 517 5436 767 5496; x_wconf 90' lang='lat' dir='ltr'><strong>tanquam</strong></span> <span class='ocrx_word' id='word_1_467' title='bbox 797 5439 861 5478; x_wconf 83' lang='lat' dir='ltr'><strong>ex</strong></span> <span class='ocrx_word' id='word_1_468' title='bbox 893 5420 1185 5492; x_wconf 83' lang='lat' dir='ltr'><strong>Evangelio</strong></span> <span class='ocrx_word' id='word_1_469' title='bbox 1216 5419 1487 5474; x_wconf 89' lang='lat' dir='ltr'><strong>recitetur.</strong></span> <span class='ocrx_word' id='word_1_470' title='bbox 1519 5418 1593 5472; x_wconf 91' lang='lat' dir='ltr'><strong>lbi</strong></span> <span class='ocrx_word' id='word_1_471' title='bbox 1634 5418 1775 5472; x_wconf 91' lang='lat' dir='ltr'><strong>enim</strong></span> <span class='ocrx_word' id='word_1_472' title='bbox 1807 5417 2099 5482; x_wconf 88' lang='lat' dir='ltr'><strong>habemus,</strong></span> 
     </span>
    </p>
   </div>
   <div class='ocr_carea' id='block_1_56' title="bbox 520 5509 2104 5579">
    <p class='ocr_par' dir='ltr' id='par_1_56' title="bbox 520 5509 2104 5579">
     <span class='ocr_line' id='line_1_56' title="bbox 520 5509 2104 5579; baseline -0.007 -6"><span class='ocrx_word' id='word_1_473' title='bbox 520 5518 813 5574; x_wconf 82' lang='lat' dir='ltr'><strong>Diuiserunt</strong></span> <span class='ocrx_word' id='word_1_474' title='bbox 858 5513 952 5569; x_wconf 88' lang='lat' dir='ltr'><strong>sibi</strong></span> <span class='ocrx_word' id='word_1_475' title='bbox 991 5513 1282 5566; x_wconf 81' lang='lat' dir='ltr'><strong>uestimenta</strong></span> <span class='ocrx_word' id='word_1_476' title='bbox 1321 5527 1465 5576; x_wconf 84' lang='lat' dir='ltr'><strong>mea,</strong></span> <span class='ocrx_word' id='word_1_477' title='bbox 1506 5519 1553 5564; x_wconf 88' lang='lat' dir='ltr'><strong>et</strong></span> <span class='ocrx_word' id='word_1_478' title='bbox 1583 5525 1734 5579; x_wconf 85' lang='lat' dir='ltr'><strong>super</strong></span> <span class='ocrx_word' id='word_1_479' title='bbox 1762 5509 2104 5562; x_wconf 84' lang='lat' dir='ltr'><strong>vestimentum</strong></span> 
     </span>
    </p>
   </div>
   <div class='ocr_carea' id='block_1_57' title="bbox 517 5601 2100 5676">
    <p class='ocr_par' dir='ltr' id='par_1_57' title="bbox 517 5601 2100 5676">
     <span class='ocr_line' id='line_1_57' title="bbox 517 5601 2100 5676; baseline -0.006 -11"><span class='ocrx_word' id='word_1_480' title='bbox 517 5627 686 5665; x_wconf 88' lang='lat' dir='ltr'><strong>meum</strong></span> <span class='ocrx_word' id='word_1_481' title='bbox 707 5611 950 5664; x_wconf 86' lang='lat' dir='ltr'><strong>miserunt</strong></span> <span class='ocrx_word' id='word_1_482' title='bbox 975 5616 1158 5661; x_wconf 87' lang='lat' dir='ltr'><strong>sortem</strong></span> <span class='ocrx_word' id='word_1_483' title='bbox 1187 5603 1490 5676; x_wconf 80' lang='lat' dir='ltr'><strong>(Ibid.,l9).</strong></span> <span class='ocrx_word' id='word_1_484' title='bbox 1520 5601 1656 5670; x_wconf 86' lang='lat' dir='ltr'><strong>Quid</strong></span> <span class='ocrx_word' id='word_1_485' title='bbox 1683 5602 1824 5672; x_wconf 93' lang='lat' dir='ltr'><strong>quod</strong></span> <span class='ocrx_word' id='word_1_486' title='bbox 1855 5603 1968 5672; x_wconf 90' lang='lat' dir='ltr'><strong>ipse</strong></span> <span class='ocrx_word' id='word_1_487' title='bbox 1997 5603 2100 5658; x_wconf 90' lang='lat' dir='ltr'><strong>Do-</strong></span> 
     </span>
    </p>
   </div>
   <div class='ocr_carea' id='block_1_58' title="bbox 516 5694 2104 5768">
    <p class='ocr_par' dir='ltr' id='par_1_58' title="bbox 516 5694 2104 5768">
     <span class='ocr_line' id='line_1_58' title="bbox 516 5694 2104 5768; baseline -0.006 -10"><span class='ocrx_word' id='word_1_488' title='bbox 516 5704 693 5758; x_wconf 86' lang='lat' dir='ltr'><strong>minus</strong></span> <span class='ocrx_word' id='word_1_489' title='bbox 719 5702 770 5755; x_wconf 93' lang='lat' dir='ltr'><strong>in</strong></span> <span class='ocrx_word' id='word_1_490' title='bbox 794 5714 953 5754; x_wconf 86' lang='lat' dir='ltr'><strong>cruce</strong></span> <span class='ocrx_word' id='word_1_491' title='bbox 991 5697 1228 5768; x_wconf 86' lang='lat' dir='ltr'><strong>pendens</strong></span> <span class='ocrx_word' id='word_1_492' title='bbox 1248 5739 1261 5761; x_wconf 93' lang='lat'><strong>,</strong></span> <span class='ocrx_word' id='word_1_493' title='bbox 1316 5697 1538 5766; x_wconf 91' lang='lat' dir='ltr'><strong>primum</strong></span> <span class='ocrx_word' id='word_1_494' title='bbox 1560 5709 1773 5749; x_wconf 87' lang='lat' dir='ltr'><strong>versum</strong></span> <span class='ocrx_word' id='word_1_495' title='bbox 1811 5694 1997 5763; x_wconf 90' lang='lat' dir='ltr'><strong>psalmi</strong></span> <span class='ocrx_word' id='word_1_496' title='bbox 2024 5695 2104 5765; x_wconf 90' lang='lat' dir='ltr'><strong>ip-</strong></span> 
     </span>
    </p>
   </div>
   <div class='ocr_carea' id='block_1_59' title="bbox 517 5783 2099 5860">
    <p class='ocr_par' dir='ltr' id='par_1_59' title="bbox 517 5783 2099 5860">
     <span class='ocr_line' id='line_1_59' title="bbox 517 5783 2099 5860; baseline -0.005 -10"><span class='ocrx_word' id='word_1_497' title='bbox 517 5795 627 5850; x_wconf 86' lang='lat' dir='ltr'><strong>sius</strong></span> <span class='ocrx_word' id='word_1_498' title='bbox 650 5807 745 5848; x_wconf 91' lang='lat' dir='ltr'><strong>ore</strong></span> <span class='ocrx_word' id='word_1_499' title='bbox 770 5805 871 5846; x_wconf 90' lang='lat' dir='ltr'><strong>suo</strong></span> <span class='ocrx_word' id='word_1_500' title='bbox 899 5790 1139 5860; x_wconf 91' lang='lat' dir='ltr'><strong>protulit,</strong></span> <span class='ocrx_word' id='word_1_501' title='bbox 1163 5797 1218 5844; x_wconf 90' lang='lat' dir='ltr'><strong>et</strong></span> <span class='ocrx_word' id='word_1_502' title='bbox 1242 5786 1375 5842; x_wconf 84' lang='lat' dir='ltr'><strong>dixit</strong></span> <span class='ocrx_word' id='word_1_503' title='bbox 1401 5805 1415 5844; x_wconf 91' lang='lat'><strong>:</strong></span> <span class='ocrx_word' id='word_1_504' title='bbox 1436 5786 1575 5842; x_wconf 83' lang='lat' dir='ltr'><strong>Deus</strong></span> <span class='ocrx_word' id='word_1_505' title='bbox 1589 5801 1750 5855; x_wconf 85' lang='lat' dir='ltr'><strong>meus,</strong></span> <span class='ocrx_word' id='word_1_506' title='bbox 1772 5783 1911 5841; x_wconf 82' lang='lat' dir='ltr'><strong>Deus</strong></span> <span class='ocrx_word' id='word_1_507' title='bbox 1929 5802 2099 5857; x_wconf 87' lang='lat' dir='ltr'><strong>meus,</strong></span> 
     </span>
    </p>
   </div>
   <div class='ocr_carea' id='block_1_60' title="bbox 580 5924 1336 5986">
    <p class='ocr_par' dir='ltr' id='par_1_60' title="bbox 580 5924 1336 5986">
     <span class='ocr_line' id='line_1_60' title="bbox 580 5924 1336 5986; baseline -0.007 -4"><span class='ocrx_word' id='word_1_508' title='bbox 580 5935 595 5968; x_wconf 73' lang='grc' dir='ltr'>ί</span> <span class='ocrx_word' id='word_1_509' title='bbox 622 5941 799 5982; x_wconf 81' lang='lat' dir='ltr'><strong>omnes</strong></span> <span class='ocrx_word' id='word_1_510' title='bbox 821 5927 930 5979; x_wconf 83' lang='lat' dir='ltr'><strong>lere</strong></span> <span class='ocrx_word' id='word_1_511' title='bbox 949 5936 1072 5986; x_wconf 70' lang='grc' dir='ltr'><strong>ωδε..</strong></span> <span class='ocrx_word' id='word_1_512' title='bbox 1091 5924 1336 5977; x_wconf 59' lang='lat' dir='ltr'><strong>ambiebat.</strong></span> 
     </span>
    </p>
   </div>
   <div class='ocr_carea' id='block_1_61' title="bbox 1762 407 2566 479">
    <p class='ocr_par' dir='ltr' id='par_1_61' title="bbox 1762 407 2566 479">
     <span class='ocr_line' id='line_1_61' title="bbox 1762 407 2566 479; baseline -0.009 0"><span class='ocrx_word' id='word_1_513' title='bbox 1762 417 1820 479; x_wconf 88' lang='lat' dir='ltr'><strong>S.</strong></span> <span class='ocrx_word' id='word_1_514' title='bbox 1861 407 2226 477; x_wconf 74' lang='lat' dir='ltr'><strong>AUGUSTINI</strong></span> <span class='ocrx_word' id='word_1_515' title='bbox 2264 411 2566 474; x_wconf 82' lang='lat' dir='ltr'><strong>EPISCOPI</strong></span> 
     </span>
    </p>
   </div>
   <div class='ocr_carea' id='block_1_62' title="bbox 3706 413 3809 472">
    <p class='ocr_par' dir='ltr' id='par_1_62' title="bbox 3706 413 3809 472">
     <span class='ocr_line' id='line_1_62' title="bbox 3706 413 3809 472; baseline 0 0"><span class='ocrx_word' id='word_1_516' title='bbox 3706 413 3809 472; x_wconf 74' lang='grc'><strong>400</strong></span> 
     </span>
    </p>
   </div>
   <div class='ocr_carea' id='block_1_63' title="bbox 2229 528 3812 606">
    <p class='ocr_par' dir='ltr' id='par_1_63' title="bbox 2229 528 3812 606">
     <span class='ocr_line' id='line_1_63' title="bbox 2229 528 3812 606; baseline 0.001 -18"><span class='ocrx_word' id='word_1_517' title='bbox 2229 534 2408 605; x_wconf 86' lang='lat' dir='ltr'><strong>utquid</strong></span> <span class='ocrx_word' id='word_1_518' title='bbox 2427 552 2504 590; x_wconf 89' lang='lat' dir='ltr'><strong>me</strong></span> <span class='ocrx_word' id='word_1_519' title='bbox 2523 533 2830 606; x_wconf 83' lang='lat' dir='ltr'><strong>dereliquisti</strong></span> <span class='ocrx_word' id='word_1_520' title='bbox 2850 531 3060 604; x_wconf 77' lang='lat' dir='ltr'><strong>(Matth.</strong></span> <span class='ocrx_word' id='word_1_521' title='bbox 3085 544 3233 588; x_wconf 80' lang='lat' dir='ltr'><strong>xxvn</strong></span> <span class='ocrx_word' id='word_1_522' title='bbox 3253 573 3268 599; x_wconf 94' lang='lat'><strong>,</strong></span> <span class='ocrx_word' id='word_1_523' title='bbox 3307 528 3446 604; x_wconf 68' lang='lat'><strong>46)?</strong></span> <span class='ocrx_word' id='word_1_524' title='bbox 3475 531 3614 602; x_wconf 85' lang='lat' dir='ltr'><strong>Quid</strong></span> <span class='ocrx_word' id='word_1_525' title='bbox 3646 535 3812 589; x_wconf 82' lang='lat' dir='ltr'><strong>voluit</strong></span> 
     </span>
    </p>
   </div>
   <div class='ocr_carea' id='block_1_64' title="bbox 2228 624 3807 698">
    <p class='ocr_par' dir='ltr' id='par_1_64' title="bbox 2228 624 3807 698">
     <span class='ocr_line' id='line_1_64' title="bbox 2228 624 3807 698; baseline 0.001 -18"><span class='ocrx_word' id='word_1_526' title='bbox 2228 625 2484 698; x_wconf 87' lang='lat' dir='ltr'><strong>intelligi,</strong></span> <span class='ocrx_word' id='word_1_527' title='bbox 2513 627 2612 682; x_wconf 91' lang='lat' dir='ltr'><strong>nisi</strong></span> <span class='ocrx_word' id='word_1_528' title='bbox 2645 627 2790 681; x_wconf 93' lang='lat' dir='ltr'><strong>illum</strong></span> <span class='ocrx_word' id='word_1_529' title='bbox 2811 627 3074 696; x_wconf 88' lang='lat' dir='ltr'><strong>psalmum</strong></span> <span class='ocrx_word' id='word_1_530' title='bbox 3106 634 3276 681; x_wconf 89' lang='lat' dir='ltr'><strong>totum</strong></span> <span class='ocrx_word' id='word_1_531' title='bbox 3299 624 3366 680; x_wconf 87' lang='lat' dir='ltr'><strong>ad</strong></span> <span class='ocrx_word' id='word_1_532' title='bbox 3400 639 3460 680; x_wconf 91' lang='lat' dir='ltr'><strong>se</strong></span> <span class='ocrx_word' id='word_1_533' title='bbox 3487 627 3760 695; x_wconf 84' lang='lat' dir='ltr'><strong>pertinere</strong></span> <span class='ocrx_word' id='word_1_534' title='bbox 3791 667 3807 695; x_wconf 92' lang='lat'><strong>,</strong></span> 
     </span>
    </p>
   </div>
   <div class='ocr_carea' id='block_1_65' title="bbox 2226 717 3812 789">
    <p class='ocr_par' dir='ltr' id='par_1_65' title="bbox 2226 717 3812 789">
     <span class='ocr_line' id='line_1_65' title="bbox 2226 717 3812 789; baseline 0.002 -16"><span class='ocrx_word' id='word_1_535' title='bbox 2226 719 2347 789; x_wconf 88' lang='lat' dir='ltr'><strong>quia</strong></span> <span class='ocrx_word' id='word_1_536' title='bbox 2378 728 2536 788; x_wconf 89' lang='lat' dir='ltr'><strong>caput</strong></span> <span class='ocrx_word' id='word_1_537' title='bbox 2565 718 2732 787; x_wconf 87' lang='lat' dir='ltr'><strong>ipsius</strong></span> <span class='ocrx_word' id='word_1_538' title='bbox 2758 719 2872 788; x_wconf 90' lang='lat' dir='ltr'><strong>ipse</strong></span> <span class='ocrx_word' id='word_1_539' title='bbox 2924 717 3321 789; x_wconf 81' lang='lat' dir='ltr'><strong>pronuntiavit?</strong></span> <span class='ocrx_word' id='word_1_540' title='bbox 3365 717 3467 774; x_wconf 89' lang='lat' dir='ltr'><strong>Ubi</strong></span> <span class='ocrx_word' id='word_1_541' title='bbox 3496 726 3676 774; x_wconf 88' lang='lat' dir='ltr'><strong>autem</strong></span> <span class='ocrx_word' id='word_1_542' title='bbox 3723 733 3812 776; x_wconf 83' lang='lat' dir='ltr'><strong>se-</strong></span> 
     </span>
    </p>
   </div>
   <div class='ocr_carea' id='block_1_66' title="bbox 2225 809 3815 881">
    <p class='ocr_par' dir='ltr' id='par_1_66' title="bbox 2225 809 3815 881">
     <span class='ocr_line' id='line_1_66' title="bbox 2225 809 3815 881; baseline 0.002 -16"><span class='ocrx_word' id='word_1_543' title='bbox 2225 811 2404 881; x_wconf 92' lang='lat' dir='ltr'><strong>quitur</strong></span> <span class='ocrx_word' id='word_1_544' title='bbox 2433 820 2488 866; x_wconf 92' lang='lat' dir='ltr'><strong>et</strong></span> <span class='ocrx_word' id='word_1_545' title='bbox 2515 809 2676 878; x_wconf 89' lang='lat' dir='ltr'><strong>dicit,</strong></span> <span class='ocrx_word' id='word_1_546' title='bbox 2715 809 2875 865; x_wconf 83' lang='lat' dir='ltr'><strong>Verba</strong></span> <span class='ocrx_word' id='word_1_547' title='bbox 2914 810 3211 866; x_wconf 85' lang='lat' dir='ltr'><strong>delictorum</strong></span> <span class='ocrx_word' id='word_1_548' title='bbox 3266 827 3524 877; x_wconf 89' lang='lat' dir='ltr'><strong>meorum,</strong></span> <span class='ocrx_word' id='word_1_549' title='bbox 3578 828 3685 866; x_wconf 94' lang='lat' dir='ltr'><strong>non</strong></span> <span class='ocrx_word' id='word_1_550' title='bbox 3735 823 3815 869; x_wconf 86' lang='lat' dir='ltr'><strong>est</strong></span> 
     </span>
    </p>
   </div>
   <div class='ocr_carea' id='block_1_67' title="bbox 2225 903 3813 976">
    <p class='ocr_par' dir='ltr' id='par_1_67' title="bbox 2225 903 3813 976">
     <span class='ocr_line' id='line_1_67' title="bbox 2225 903 3813 976; baseline 0.001 -17"><span class='ocrx_word' id='word_1_551' title='bbox 2225 905 2444 960; x_wconf 89' lang='lat' dir='ltr'><strong>dubium</strong></span> <span class='ocrx_word' id='word_1_552' title='bbox 2476 905 2600 974; x_wconf 91' lang='lat' dir='ltr'><strong>quia</strong></span> <span class='ocrx_word' id='word_1_553' title='bbox 2627 920 2727 958; x_wconf 84' lang='lat' dir='ltr'><strong>vox</strong></span> <span class='ocrx_word' id='word_1_554' title='bbox 2755 903 2954 959; x_wconf 89' lang='lat' dir='ltr'><strong>Christi</strong></span> <span class='ocrx_word' id='word_1_555' title='bbox 2979 914 3080 959; x_wconf 90' lang='lat' dir='ltr'><strong>est.</strong></span> <span class='ocrx_word' id='word_1_556' title='bbox 3109 903 3257 960; x_wconf 89' lang='lat' dir='ltr'><strong>Unde</strong></span> <span class='ocrx_word' id='word_1_557' title='bbox 3283 919 3412 976; x_wconf 87' lang='lat' dir='ltr'><strong>ergo</strong></span> <span class='ocrx_word' id='word_1_558' title='bbox 3433 915 3680 975; x_wconf 88' lang='lat' dir='ltr'><strong>peccata,</strong></span> <span class='ocrx_word' id='word_1_559' title='bbox 3712 906 3813 961; x_wconf 91' lang='lat' dir='ltr'><strong>nisi</strong></span> 
     </span>
    </p>
   </div>
   <div class='ocr_carea' id='block_1_68' title="bbox 2224 994 3814 1068">
    <p class='ocr_par' dir='ltr' id='par_1_68' title="bbox 2224 994 3814 1068">
     <span class='ocr_line' id='line_1_68' title="bbox 2224 994 3814 1068; baseline -0.001 -15"><span class='ocrx_word' id='word_1_560' title='bbox 2224 996 2294 1053; x_wconf 91' lang='lat' dir='ltr'><strong>de</strong></span> <span class='ocrx_word' id='word_1_561' title='bbox 2319 1012 2545 1067; x_wconf 88' lang='lat' dir='ltr'><strong>corpore</strong></span> <span class='ocrx_word' id='word_1_562' title='bbox 2575 997 2718 1068; x_wconf 91' lang='lat' dir='ltr'><strong>quod</strong></span> <span class='ocrx_word' id='word_1_563' title='bbox 2744 1005 2826 1051; x_wconf 91' lang='lat' dir='ltr'><strong>est</strong></span> <span class='ocrx_word' id='word_1_564' title='bbox 2855 995 3132 1052; x_wconf 83' lang='lat' dir='ltr'><strong>Ecclesia?</strong></span> <span class='ocrx_word' id='word_1_565' title='bbox 3157 994 3290 1064; x_wconf 89' lang='lat' dir='ltr'><strong>Quia</strong></span> <span class='ocrx_word' id='word_1_566' title='bbox 3343 995 3577 1067; x_wconf 90' lang='lat' dir='ltr'><strong>loquitur</strong></span> <span class='ocrx_word' id='word_1_567' title='bbox 3616 1012 3814 1066; x_wconf 88' lang='lat' dir='ltr'><strong>corpus</strong></span> 
     </span>
    </p>
   </div>
   <div class='ocr_carea' id='block_1_69' title="bbox 2225 1086 3815 1159">
    <p class='ocr_par' dir='ltr' id='par_1_69' title="bbox 2225 1086 3815 1159">
     <span class='ocr_line' id='line_1_69' title="bbox 2225 1086 3815 1159; baseline -0.001 -15"><span class='ocrx_word' id='word_1_568' title='bbox 2225 1086 2422 1144; x_wconf 89' lang='lat' dir='ltr'><strong>Christi</strong></span> <span class='ocrx_word' id='word_1_569' title='bbox 2445 1097 2501 1144; x_wconf 91' lang='lat' dir='ltr'><strong>et</strong></span> <span class='ocrx_word' id='word_1_570' title='bbox 2525 1098 2702 1158; x_wconf 90' lang='lat' dir='ltr'><strong>caput.</strong></span> <span class='ocrx_word' id='word_1_571' title='bbox 2736 1086 2913 1155; x_wconf 88' lang='lat' dir='ltr'><strong>Quare</strong></span> <span class='ocrx_word' id='word_1_572' title='bbox 2941 1095 3187 1157; x_wconf 89' lang='lat' dir='ltr'><strong>tanquam</strong></span> <span class='ocrx_word' id='word_1_573' title='bbox 3213 1101 3348 1142; x_wconf 92' lang='lat' dir='ltr'><strong>unus</strong></span> <span class='ocrx_word' id='word_1_574' title='bbox 3369 1087 3649 1159; x_wconf 84' lang='lat' dir='ltr'><strong>loquitur?</strong></span> <span class='ocrx_word' id='word_1_575' title='bbox 3681 1087 3815 1156; x_wconf 88' lang='lat' dir='ltr'><strong>Quia</strong></span> 
     </span>
    </p>
   </div>
   <div class='ocr_carea' id='block_1_70' title="bbox 2224 1178 3818 1252">
    <p class='ocr_par' dir='ltr' id='par_1_70' title="bbox 2224 1178 3818 1252">
     <span class='ocr_line' id='line_1_70' title="bbox 2224 1178 3818 1252; baseline -0.003 -15"><span class='ocrx_word' id='word_1_576' title='bbox 2224 1192 2398 1250; x_wconf 86' lang='lat' dir='ltr'><strong>erunt,</strong></span> <span class='ocrx_word' id='word_1_577' title='bbox 2427 1183 2616 1252; x_wconf 92' lang='lat' dir='ltr'><strong>inquit,</strong></span> <span class='ocrx_word' id='word_1_578' title='bbox 2641 1181 2741 1235; x_wconf 84' lang='lat' dir='ltr'><strong>duo</strong></span> <span class='ocrx_word' id='word_1_579' title='bbox 2765 1181 2820 1234; x_wconf 89' lang='lat' dir='ltr'><strong>in</strong></span> <span class='ocrx_word' id='word_1_580' title='bbox 2853 1196 3004 1234; x_wconf 89' lang='lat' dir='ltr'><strong>carne</strong></span> <span class='ocrx_word' id='word_1_581' title='bbox 3027 1196 3149 1234; x_wconf 88' lang='lat' dir='ltr'><strong>una.</strong></span> <span class='ocrx_word' id='word_1_582' title='bbox 3173 1178 3561 1235; x_wconf 86' lang='lat' dir='ltr'><strong>Sacramentum</strong></span> <span class='ocrx_word' id='word_1_583' title='bbox 3587 1179 3684 1234; x_wconf 87' lang='lat' dir='ltr'><strong>hoc</strong></span> <span class='ocrx_word' id='word_1_584' title='bbox 3709 1197 3818 1233; x_wconf 88' lang='lat' dir='ltr'><strong>ma-</strong></span> 
     </span>
    </p>
   </div>
   <div class='ocr_carea' id='block_1_71' title="bbox 2224 1271 3817 1346">
    <p class='ocr_par' dir='ltr' id='par_1_71' title="bbox 2224 1271 3817 1346">
     <span class='ocr_line' id='line_1_71' title="bbox 2224 1271 3817 1346; baseline 0 -20"><span class='ocrx_word' id='word_1_585' title='bbox 2224 1291 2378 1346; x_wconf 82' lang='lat' dir='ltr'><strong>gnum</strong></span> <span class='ocrx_word' id='word_1_586' title='bbox 2401 1283 2503 1341; x_wconf 90' lang='lat' dir='ltr'><strong>est,</strong></span> <span class='ocrx_word' id='word_1_587' title='bbox 2524 1274 2600 1328; x_wconf 91' lang='lat' dir='ltr'><strong>ait</strong></span> <span class='ocrx_word' id='word_1_588' title='bbox 2629 1272 2947 1343; x_wconf 80' lang='lat' dir='ltr'><strong>Apostolus,</strong></span> <span class='ocrx_word' id='word_1_589' title='bbox 2996 1287 3087 1343; x_wconf 85' lang='lat' dir='ltr'><strong>ego</strong></span> <span class='ocrx_word' id='word_1_590' title='bbox 3128 1281 3295 1325; x_wconf 89' lang='lat' dir='ltr'><strong>autem</strong></span> <span class='ocrx_word' id='word_1_591' title='bbox 3322 1272 3434 1325; x_wconf 87' lang='lat' dir='ltr'><strong>dico</strong></span> <span class='ocrx_word' id='word_1_592' title='bbox 3460 1271 3513 1325; x_wconf 89' lang='lat' dir='ltr'><strong>in</strong></span> <span class='ocrx_word' id='word_1_593' title='bbox 3542 1271 3746 1326; x_wconf 82' lang='lat' dir='ltr'><strong>Christo</strong></span> <span class='ocrx_word' id='word_1_594' title='bbox 3779 1281 3817 1326; x_wconf 83' lang='lat' dir='ltr'><strong>et</strong></span> 
     </span>
    </p>
   </div>
   <div class='ocr_carea' id='block_1_72' title="bbox 2223 1363 3813 1436">
    <p class='ocr_par' dir='ltr' id='par_1_72' title="bbox 2223 1363 3813 1436">
     <span class='ocr_line' id='line_1_72' title="bbox 2223 1363 3813 1436; baseline 0.001 -16"><span class='ocrx_word' id='word_1_595' title='bbox 2223 1367 2277 1420; x_wconf 88' lang='lat' dir='ltr'><strong>in</strong></span> <span class='ocrx_word' id='word_1_596' title='bbox 2306 1364 2532 1420; x_wconf 85' lang='lat' dir='ltr'><strong>Ecclesia</strong></span> <span class='ocrx_word' id='word_1_597' title='bbox 2558 1364 2774 1436; x_wconf 83' lang='lat' dir='ltr'><strong>(Ephes.</strong></span> <span class='ocrx_word' id='word_1_598' title='bbox 2804 1381 2837 1418; x_wconf 96' lang='lat' dir='ltr'><strong>v</strong></span> <span class='ocrx_word' id='word_1_599' title='bbox 2855 1406 2871 1433; x_wconf 92' lang='lat'><strong>,</strong></span> <span class='ocrx_word' id='word_1_600' title='bbox 2899 1365 2988 1432; x_wconf 77' lang='grc'><strong>51,</strong></span> <span class='ocrx_word' id='word_1_601' title='bbox 3016 1364 3127 1435; x_wconf 74' lang='grc'><strong>52).</strong></span> <span class='ocrx_word' id='word_1_602' title='bbox 3150 1363 3304 1420; x_wconf 89' lang='lat' dir='ltr'><strong>Unde</strong></span> <span class='ocrx_word' id='word_1_603' title='bbox 3327 1364 3486 1420; x_wconf 90' lang='lat' dir='ltr'><strong>etiam</strong></span> <span class='ocrx_word' id='word_1_604' title='bbox 3531 1381 3652 1420; x_wconf 93' lang='lat' dir='ltr'><strong>cum</strong></span> <span class='ocrx_word' id='word_1_605' title='bbox 3701 1366 3813 1436; x_wconf 76' lang='lat' dir='ltr'><strong>ipse</strong></span> 
     </span>
    </p>
   </div>
   <div class='ocr_carea' id='block_1_73' title="bbox 2223 1456 3811 1529">
    <p class='ocr_par' dir='ltr' id='par_1_73' title="bbox 2223 1456 3811 1529">
     <span class='ocr_line' id='line_1_73' title="bbox 2223 1456 3811 1529; baseline -0.001 -16"><span class='ocrx_word' id='word_1_606' title='bbox 2223 1457 2532 1528; x_wconf 90' lang='lat' dir='ltr'><strong>loqueretur</strong></span> <span class='ocrx_word' id='word_1_607' title='bbox 2555 1458 2606 1511; x_wconf 93' lang='lat' dir='ltr'><strong>in</strong></span> <span class='ocrx_word' id='word_1_608' title='bbox 2630 1457 2915 1528; x_wconf 83' lang='lat' dir='ltr'><strong>Evangelio</strong></span> <span class='ocrx_word' id='word_1_609' title='bbox 2939 1499 2953 1522; x_wconf 89' lang='lat'><strong>,</strong></span> <span class='ocrx_word' id='word_1_610' title='bbox 2985 1456 3317 1527; x_wconf 89' lang='lat' dir='ltr'><strong>respondens</strong></span> <span class='ocrx_word' id='word_1_611' title='bbox 3337 1459 3414 1513; x_wconf 90' lang='lat' dir='ltr'><strong>eis</strong></span> <span class='ocrx_word' id='word_1_612' title='bbox 3441 1458 3528 1529; x_wconf 92' lang='lat' dir='ltr'><strong>qui</strong></span> <span class='ocrx_word' id='word_1_613' title='bbox 3556 1459 3811 1528; x_wconf 69' lang='lat' dir='ltr'><strong>quaestio-</strong></span> 
     </span>
    </p>
   </div>
   <div class='ocr_carea' id='block_1_74' title="bbox 2225 1551 3814 1624">
    <p class='ocr_par' dir='ltr' id='par_1_74' title="bbox 2225 1551 3814 1624">
     <span class='ocr_line' id='line_1_74' title="bbox 2225 1551 3814 1624; baseline -0.002 -16"><span class='ocrx_word' id='word_1_614' title='bbox 2225 1567 2347 1608; x_wconf 88' lang='lat' dir='ltr'><strong>nem</strong></span> <span class='ocrx_word' id='word_1_615' title='bbox 2372 1551 2660 1606; x_wconf 90' lang='lat' dir='ltr'><strong>intulerant</strong></span> <span class='ocrx_word' id='word_1_616' title='bbox 2683 1552 2749 1607; x_wconf 93' lang='lat' dir='ltr'><strong>de</strong></span> <span class='ocrx_word' id='word_1_617' title='bbox 2780 1567 2948 1608; x_wconf 88' lang='lat' dir='ltr'><strong>uxore</strong></span> <span class='ocrx_word' id='word_1_618' title='bbox 2972 1551 3308 1619; x_wconf 90' lang='lat' dir='ltr'><strong>dimittenda,</strong></span> <span class='ocrx_word' id='word_1_619' title='bbox 3331 1553 3406 1608; x_wconf 88' lang='lat' dir='ltr'><strong>ait</strong></span> <span class='ocrx_word' id='word_1_620' title='bbox 3434 1570 3447 1606; x_wconf 94' lang='lat'>:</span> <span class='ocrx_word' id='word_1_621' title='bbox 3473 1551 3593 1607; x_wconf 86' lang='lat' dir='ltr'><strong>Non</strong></span> <span class='ocrx_word' id='word_1_622' title='bbox 3621 1554 3814 1624; x_wconf 81' lang='lat' dir='ltr'><strong>legistis</strong></span> 
     </span>
    </p>
   </div>
   <div class='ocr_carea' id='block_1_75' title="bbox 2222 1645 3816 1721">
    <p class='ocr_par' dir='ltr' id='par_1_75' title="bbox 2222 1645 3816 1721">
     <span class='ocr_line' id='line_1_75' title="bbox 2222 1645 3816 1721; baseline 0.002 -21"><span class='ocrx_word' id='word_1_623' title='bbox 2222 1645 2360 1718; x_wconf 87' lang='lat' dir='ltr'><strong>quod</strong></span> <span class='ocrx_word' id='word_1_624' title='bbox 2386 1646 2628 1715; x_wconf 87' lang='lat' dir='ltr'><strong>scriptum</strong></span> <span class='ocrx_word' id='word_1_625' title='bbox 2651 1654 2751 1710; x_wconf 89' lang='lat' dir='ltr'><strong>est,</strong></span> <span class='ocrx_word' id='word_1_626' title='bbox 2785 1646 2919 1714; x_wconf 88' lang='lat' dir='ltr'><strong>quod</strong></span> <span class='ocrx_word' id='word_1_627' title='bbox 2943 1645 3075 1700; x_wconf 87' lang='lat' dir='ltr'><strong>Deus</strong></span> <span class='ocrx_word' id='word_1_628' title='bbox 3099 1645 3160 1700; x_wconf 84' lang='lat' dir='ltr'><strong>ab</strong></span> <span class='ocrx_word' id='word_1_629' title='bbox 3185 1648 3329 1702; x_wconf 88' lang='lat' dir='ltr'><strong>initio</strong></span> <span class='ocrx_word' id='word_1_630' title='bbox 3355 1649 3632 1702; x_wconf 87' lang='lat' dir='ltr'><strong>masculum</strong></span> <span class='ocrx_word' id='word_1_631' title='bbox 3662 1658 3708 1702; x_wconf 86' lang='lat' dir='ltr'><strong>et</strong></span> <span class='ocrx_word' id='word_1_632' title='bbox 3741 1653 3816 1721; x_wconf 78' lang='lat' dir='ltr'><strong>[e-</strong></span> 
     </span>
    </p>
   </div>
   <div class='ocr_carea' id='block_1_76' title="bbox 2225 1736 3815 1809">
    <p class='ocr_par' dir='ltr' id='par_1_76' title="bbox 2225 1736 3815 1809">
     <span class='ocr_line' id='line_1_76' title="bbox 2225 1736 3815 1809; baseline 0.003 -21"><span class='ocrx_word' id='word_1_633' title='bbox 2225 1736 2414 1790; x_wconf 89' lang='lat' dir='ltr'><strong>minam</strong></span> <span class='ocrx_word' id='word_1_634' title='bbox 2441 1736 2556 1805; x_wconf 81' lang='lat' dir='ltr'><strong>fecit</strong></span> <span class='ocrx_word' id='word_1_635' title='bbox 2573 1752 2656 1792; x_wconf 89' lang='lat' dir='ltr'><strong>eos</strong></span> <span class='ocrx_word' id='word_1_636' title='bbox 2672 1779 2686 1803; x_wconf 92' lang='lat'><strong>,</strong></span> <span class='ocrx_word' id='word_1_637' title='bbox 2709 1746 2754 1791; x_wconf 88' lang='lat' dir='ltr'><strong>et</strong></span> <span class='ocrx_word' id='word_1_638' title='bbox 2781 1739 3023 1808; x_wconf 85' lang='lat' dir='ltr'><strong>relinquet</strong></span> <span class='ocrx_word' id='word_1_639' title='bbox 3043 1738 3193 1792; x_wconf 86' lang='lat' dir='ltr'><strong>homo</strong></span> <span class='ocrx_word' id='word_1_640' title='bbox 3223 1747 3414 1809; x_wconf 86' lang='lat' dir='ltr'><strong>patrem</strong></span> <span class='ocrx_word' id='word_1_641' title='bbox 3435 1747 3482 1793; x_wconf 88' lang='lat' dir='ltr'><strong>et</strong></span> <span class='ocrx_word' id='word_1_642' title='bbox 3504 1750 3736 1806; x_wconf 89' lang='lat' dir='ltr'><strong>matrem,</strong></span> <span class='ocrx_word' id='word_1_643' title='bbox 3768 1749 3815 1794; x_wconf 84' lang='lat' dir='ltr'><strong>et</strong></span> 
     </span>
    </p>
   </div>
   <div class='ocr_carea' id='block_1_77' title="bbox 2223 1829 3816 1905">
    <p class='ocr_par' dir='ltr' id='par_1_77' title="bbox 2223 1829 3816 1905">
     <span class='ocr_line' id='line_1_77' title="bbox 2223 1829 3816 1905; baseline 0.006 -25"><span class='ocrx_word' id='word_1_644' title='bbox 2223 1829 2498 1883; x_wconf 81' lang='lat' dir='ltr'><strong>adlucrebit</strong></span> <span class='ocrx_word' id='word_1_645' title='bbox 2523 1829 2670 1884; x_wconf 73' lang='lat' dir='ltr'><strong>uxori</strong></span> <span class='ocrx_word' id='word_1_646' title='bbox 2689 1845 2824 1897; x_wconf 72' lang='lat' dir='ltr'><strong>suae,</strong></span> <span class='ocrx_word' id='word_1_647' title='bbox 2867 1841 2914 1884; x_wconf 91' lang='lat' dir='ltr'><strong>et</strong></span> <span class='ocrx_word' id='word_1_648' title='bbox 2940 1841 3086 1885; x_wconf 88' lang='lat' dir='ltr'><strong>erunt</strong></span> <span class='ocrx_word' id='word_1_649' title='bbox 3111 1831 3210 1886; x_wconf 92' lang='lat' dir='ltr'><strong>duo</strong></span> <span class='ocrx_word' id='word_1_650' title='bbox 3239 1833 3293 1887; x_wconf 88' lang='lat' dir='ltr'><strong>in</strong></span> <span class='ocrx_word' id='word_1_651' title='bbox 3317 1849 3469 1888; x_wconf 89' lang='lat' dir='ltr'><strong>carne</strong></span> <span class='ocrx_word' id='word_1_652' title='bbox 3487 1835 3625 1889; x_wconf 84' lang='lat' dir='ltr'><strong>una?</strong></span> <span class='ocrx_word' id='word_1_653' title='bbox 3645 1833 3672 1887; x_wconf 88' lang='grc' dir='ltr'><strong><em>Ι</em></strong></span> <span class='ocrx_word' id='word_1_654' title='bbox 3678 1835 3816 1905; x_wconf 85' lang='lat' dir='ltr'><strong>gitur</strong></span> 
     </span>
    </p>
   </div>
   <div class='ocr_carea' id='block_1_78' title="bbox 2213 1920 3812 1997">
    <p class='ocr_par' dir='ltr' id='par_1_78' title="bbox 2213 1920 3812 1997">
     <span class='ocr_line' id='line_1_78' title="bbox 2213 1920 3812 1997; baseline 0.005 -24"><span class='ocrx_word' id='word_1_655' title='bbox 2213 1920 2328 1990; x_wconf 89' lang='lat' dir='ltr'><strong>jam</strong></span> <span class='ocrx_word' id='word_1_656' title='bbox 2350 1937 2449 1974; x_wconf 89' lang='lat' dir='ltr'><strong>non</strong></span> <span class='ocrx_word' id='word_1_657' title='bbox 2475 1921 2575 1974; x_wconf 88' lang='lat' dir='ltr'><strong>duo</strong></span> <span class='ocrx_word' id='word_1_658' title='bbox 2598 1962 2614 1988; x_wconf 92' lang='lat'><strong>,</strong></span> <span class='ocrx_word' id='word_1_659' title='bbox 2641 1921 2729 1975; x_wconf 90' lang='lat' dir='ltr'><strong>sed</strong></span> <span class='ocrx_word' id='word_1_660' title='bbox 2771 1937 2872 1975; x_wconf 90' lang='lat' dir='ltr'><strong>una</strong></span> <span class='ocrx_word' id='word_1_661' title='bbox 2901 1933 2974 1976; x_wconf 88' lang='lat' dir='ltr'><strong>est</strong></span> <span class='ocrx_word' id='word_1_662' title='bbox 2998 1939 3120 1977; x_wconf 91' lang='lat' dir='ltr'><strong>caro</strong></span> <span class='ocrx_word' id='word_1_663' title='bbox 3155 1922 3367 1996; x_wconf 82' lang='lat' dir='ltr'><strong>(Matth.</strong></span> <span class='ocrx_word' id='word_1_664' title='bbox 3420 1939 3512 1979; x_wconf 72' lang='grc' dir='ltr'><strong>χιι</strong></span> <span class='ocrx_word' id='word_1_665' title='bbox 3534 1965 3550 1993; x_wconf 90' lang='grc'>,</span> <span class='ocrx_word' id='word_1_666' title='bbox 3581 1925 3726 1997; x_wconf 59' lang='grc'><strong>44)).</strong></span> <span class='ocrx_word' id='word_1_667' title='bbox 3756 1924 3812 1981; x_wconf 92' lang='lat' dir='ltr'><strong>Si</strong></span> 
     </span>
    </p>
   </div>
   <div class='ocr_carea' id='block_1_79' title="bbox 2223 2011 3812 2089">
    <p class='ocr_par' dir='ltr' id='par_1_79' title="bbox 2223 2011 3812 2089">
     <span class='ocr_line' id='line_1_79' title="bbox 2223 2011 3812 2089; baseline 0.003 -21"><span class='ocrx_word' id='word_1_668' title='bbox 2223 2028 2352 2082; x_wconf 85' lang='lat' dir='ltr'><strong>ergo</strong></span> <span class='ocrx_word' id='word_1_669' title='bbox 2379 2013 2493 2082; x_wconf 89' lang='lat' dir='ltr'><strong>ipse</strong></span> <span class='ocrx_word' id='word_1_670' title='bbox 2513 2013 2679 2079; x_wconf 83' lang='lat' dir='ltr'><strong>dixit,</strong></span> <span class='ocrx_word' id='word_1_671' title='bbox 2708 2011 2830 2066; x_wconf 75' lang='lat' dir='ltr'><strong>1am</strong></span> <span class='ocrx_word' id='word_1_672' title='bbox 2851 2030 2950 2068; x_wconf 88' lang='lat' dir='ltr'><strong>non</strong></span> <span class='ocrx_word' id='word_1_673' title='bbox 2977 2015 3079 2069; x_wconf 89' lang='lat' dir='ltr'><strong>duo</strong></span> <span class='ocrx_word' id='word_1_674' title='bbox 3101 2057 3117 2082; x_wconf 97' lang='lat'><strong>,</strong></span> <span class='ocrx_word' id='word_1_675' title='bbox 3145 2015 3235 2070; x_wconf 88' lang='lat' dir='ltr'><strong>sed</strong></span> <span class='ocrx_word' id='word_1_676' title='bbox 3260 2033 3364 2070; x_wconf 89' lang='lat' dir='ltr'><strong>una</strong></span> <span class='ocrx_word' id='word_1_677' title='bbox 3390 2027 3462 2071; x_wconf 87' lang='lat' dir='ltr'><strong>est</strong></span> <span class='ocrx_word' id='word_1_678' title='bbox 3499 2034 3658 2083; x_wconf 89' lang='lat' dir='ltr'><strong>caro;</strong></span> <span class='ocrx_word' id='word_1_679' title='bbox 3681 2017 3812 2089; x_wconf 90' lang='lat' dir='ltr'><strong>quid</strong></span> 
     </span>
    </p>
   </div>
   <div class='ocr_carea' id='block_1_80' title="bbox 2223 2107 3812 2180">
    <p class='ocr_par' dir='ltr' id='par_1_80' title="bbox 2223 2107 3812 2180">
     <span class='ocr_line' id='line_1_80' title="bbox 2223 2107 3812 2180; baseline 0.004 -20"><span class='ocrx_word' id='word_1_680' title='bbox 2223 2107 2416 2162; x_wconf 90' lang='lat' dir='ltr'><strong>mirum</strong></span> <span class='ocrx_word' id='word_1_681' title='bbox 2443 2109 2488 2162; x_wconf 91' lang='lat' dir='ltr'><strong>si</strong></span> <span class='ocrx_word' id='word_1_682' title='bbox 2518 2123 2622 2162; x_wconf 91' lang='lat' dir='ltr'><strong>una</strong></span> <span class='ocrx_word' id='word_1_683' title='bbox 2644 2123 2804 2175; x_wconf 90' lang='lat' dir='ltr'><strong>caro,</strong></span> <span class='ocrx_word' id='word_1_684' title='bbox 2836 2123 2939 2163; x_wconf 91' lang='lat' dir='ltr'><strong>una</strong></span> <span class='ocrx_word' id='word_1_685' title='bbox 2985 2109 3194 2180; x_wconf 88' lang='lat' dir='ltr'><strong>lingua,</strong></span> <span class='ocrx_word' id='word_1_686' title='bbox 3218 2109 3404 2166; x_wconf 87' lang='lat' dir='ltr'><strong>eadem</strong></span> <span class='ocrx_word' id='word_1_687' title='bbox 3451 2111 3642 2178; x_wconf 90' lang='lat' dir='ltr'><strong>verba,</strong></span> <span class='ocrx_word' id='word_1_688' title='bbox 3693 2121 3812 2167; x_wconf 86' lang='lat' dir='ltr'><strong>tan-</strong></span> 
     </span>
    </p>
   </div>
   <div class='ocr_carea' id='block_1_81' title="bbox 2221 2200 3813 2275">
    <p class='ocr_par' dir='ltr' id='par_1_81' title="bbox 2221 2200 3813 2275">
     <span class='ocr_line' id='line_1_81' title="bbox 2221 2200 3813 2275; baseline 0.006 -21"><span class='ocrx_word' id='word_1_689' title='bbox 2221 2215 2379 2271; x_wconf 91' lang='lat' dir='ltr'><strong>quam</strong></span> <span class='ocrx_word' id='word_1_690' title='bbox 2405 2200 2557 2256; x_wconf 90' lang='lat' dir='ltr'><strong>unius</strong></span> <span class='ocrx_word' id='word_1_691' title='bbox 2580 2202 2786 2268; x_wconf 90' lang='lat' dir='ltr'><strong>carnis,</strong></span> <span class='ocrx_word' id='word_1_692' title='bbox 2818 2202 3007 2272; x_wconf 90' lang='lat' dir='ltr'><strong>capitis</strong></span> <span class='ocrx_word' id='word_1_693' title='bbox 3029 2213 3082 2258; x_wconf 90' lang='lat' dir='ltr'><strong>et</strong></span> <span class='ocrx_word' id='word_1_694' title='bbox 3108 2204 3392 2275; x_wconf 88' lang='lat' dir='ltr'><strong>corporis?</strong></span> <span class='ocrx_word' id='word_1_695' title='bbox 3422 2204 3509 2261; x_wconf 87' lang='lat' dir='ltr'><strong>Sic</strong></span> <span class='ocrx_word' id='word_1_696' title='bbox 3530 2205 3813 2263; x_wconf 90' lang='lat' dir='ltr'><strong>audiamus</strong></span> 
     </span>
    </p>
   </div>
   <div class='ocr_carea' id='block_1_82' title="bbox 2224 2293 3814 2367">
    <p class='ocr_par' dir='ltr' id='par_1_82' title="bbox 2224 2293 3814 2367">
     <span class='ocr_line' id='line_1_82' title="bbox 2224 2293 3814 2367; baseline 0.006 -21"><span class='ocrx_word' id='word_1_697' title='bbox 2224 2301 2474 2363; x_wconf 91' lang='lat' dir='ltr'><strong>tanquam</strong></span> <span class='ocrx_word' id='word_1_698' title='bbox 2496 2309 2660 2348; x_wconf 91' lang='lat' dir='ltr'><strong>unum</strong></span> <span class='ocrx_word' id='word_1_699' title='bbox 2694 2310 2710 2348; x_wconf 88' lang='lat'><strong>:</strong></span> <span class='ocrx_word' id='word_1_700' title='bbox 2739 2293 2832 2350; x_wconf 89' lang='lat' dir='ltr'><strong>sed</strong></span> <span class='ocrx_word' id='word_1_701' title='bbox 2863 2303 3040 2349; x_wconf 89' lang='lat' dir='ltr'><strong>tamen</strong></span> <span class='ocrx_word' id='word_1_702' title='bbox 3069 2294 3232 2366; x_wconf 87' lang='lat' dir='ltr'><strong>caput</strong></span> <span class='ocrx_word' id='word_1_703' title='bbox 3256 2305 3504 2367; x_wconf 91' lang='lat' dir='ltr'><strong>tanquam</strong></span> <span class='ocrx_word' id='word_1_704' title='bbox 3525 2307 3719 2367; x_wconf 89' lang='lat' dir='ltr'><strong>caput,</strong></span> <span class='ocrx_word' id='word_1_705' title='bbox 3758 2308 3814 2355; x_wconf 89' lang='lat' dir='ltr'><strong>et</strong></span> 
     </span>
    </p>
   </div>
   <div class='ocr_carea' id='block_1_83' title="bbox 2222 2387 3813 2460">
    <p class='ocr_par' dir='ltr' id='par_1_83' title="bbox 2222 2387 3813 2460">
     <span class='ocr_line' id='line_1_83' title="bbox 2222 2387 3813 2460; baseline 0.004 -18"><span class='ocrx_word' id='word_1_706' title='bbox 2222 2401 2419 2457; x_wconf 89' lang='lat' dir='ltr'><strong>corpus</strong></span> <span class='ocrx_word' id='word_1_707' title='bbox 2441 2395 2689 2458; x_wconf 89' lang='lat' dir='ltr'><strong>tanquam</strong></span> <span class='ocrx_word' id='word_1_708' title='bbox 2713 2403 2928 2459; x_wconf 90' lang='lat' dir='ltr'><strong>corpus.</strong></span> <span class='ocrx_word' id='word_1_709' title='bbox 2957 2387 3072 2443; x_wconf 88' lang='lat' dir='ltr'><strong>Non</strong></span> <span class='ocrx_word' id='word_1_710' title='bbox 3104 2388 3411 2445; x_wconf 85' lang='lat' dir='ltr'><strong>dividuntur</strong></span> <span class='ocrx_word' id='word_1_711' title='bbox 3430 2404 3695 2460; x_wconf 72' lang='lat' dir='ltr'><strong>personae,</strong></span> <span class='ocrx_word' id='word_1_712' title='bbox 3714 2391 3813 2448; x_wconf 89' lang='lat' dir='ltr'><strong>sed</strong></span> 
     </span>
    </p>
   </div>
   <div class='ocr_carea' id='block_1_84' title="bbox 2221 2481 3814 2554">
    <p class='ocr_par' dir='ltr' id='par_1_84' title="bbox 2221 2481 3814 2554">
     <span class='ocr_line' id='line_1_84' title="bbox 2221 2481 3814 2554; baseline 0.003 -18"><span class='ocrx_word' id='word_1_713' title='bbox 2221 2481 2567 2552; x_wconf 85' lang='lat' dir='ltr'><strong>distinguitur</strong></span> <span class='ocrx_word' id='word_1_714' title='bbox 2591 2481 2821 2552; x_wconf 84' lang='lat' dir='ltr'><strong>dignitas</strong></span> <span class='ocrx_word' id='word_1_715' title='bbox 2845 2501 2858 2537; x_wconf 92' lang='lat'><strong>:</strong></span> <span class='ocrx_word' id='word_1_716' title='bbox 2887 2483 3008 2554; x_wconf 91' lang='lat' dir='ltr'><strong>quia</strong></span> <span class='ocrx_word' id='word_1_717' title='bbox 3031 2493 3190 2554; x_wconf 91' lang='lat' dir='ltr'><strong>caput</strong></span> <span class='ocrx_word' id='word_1_718' title='bbox 3210 2484 3407 2548; x_wconf 90' lang='lat' dir='ltr'><strong>salvat,</strong></span> <span class='ocrx_word' id='word_1_719' title='bbox 3441 2485 3680 2541; x_wconf 90' lang='lat' dir='ltr'><strong>salvatur</strong></span> <span class='ocrx_word' id='word_1_720' title='bbox 3699 2500 3814 2541; x_wconf 73' lang='lat' dir='ltr'><strong>cor~</strong></span> 
     </span>
    </p>
   </div>
   <div class='ocr_carea' id='block_1_85' title="bbox 2221 2573 3816 2648">
    <p class='ocr_par' dir='ltr' id='par_1_85' title="bbox 2221 2573 3816 2648">
     <span class='ocr_line' id='line_1_85' title="bbox 2221 2573 3816 2648; baseline 0.005 -19"><span class='ocrx_word' id='word_1_721' title='bbox 2221 2589 2342 2645; x_wconf 91' lang='lat' dir='ltr'><strong>pus.</strong></span> <span class='ocrx_word' id='word_1_722' title='bbox 2371 2573 2540 2644; x_wconf 91' lang='lat' dir='ltr'><strong>Caput</strong></span> <span class='ocrx_word' id='word_1_723' title='bbox 2584 2574 2834 2630; x_wconf 87' lang='lat' dir='ltr'><strong>exhibeat</strong></span> <span class='ocrx_word' id='word_1_724' title='bbox 2886 2575 3342 2643; x_wconf 87' lang='lat' dir='ltr'><strong>misericordiam,</strong></span> <span class='ocrx_word' id='word_1_725' title='bbox 3389 2591 3583 2648; x_wconf 91' lang='lat' dir='ltr'><strong>corpus</strong></span> <span class='ocrx_word' id='word_1_726' title='bbox 3617 2577 3816 2637; x_wconf 83' lang='lat' dir='ltr'><strong>deﬂeat</strong></span> 
     </span>
    </p>
   </div>
   <div class='ocr_carea' id='block_1_86' title="bbox 2229 2665 3812 2738">
    <p class='ocr_par' dir='ltr' id='par_1_86' title="bbox 2229 2665 3812 2738">
     <span class='ocr_line' id='line_1_86' title="bbox 2229 2665 3812 2738; baseline 0.003 -17"><span class='ocrx_word' id='word_1_727' title='bbox 2229 2665 2524 2721; x_wconf 90' lang='lat' dir='ltr'><strong>miseriam.</strong></span> <span class='ocrx_word' id='word_1_728' title='bbox 2555 2665 2726 2737; x_wconf 89' lang='lat' dir='ltr'><strong>Caput</strong></span> <span class='ocrx_word' id='word_1_729' title='bbox 2751 2675 2832 2721; x_wconf 92' lang='lat' dir='ltr'><strong>est</strong></span> <span class='ocrx_word' id='word_1_730' title='bbox 2878 2665 2946 2720; x_wconf 89' lang='lat' dir='ltr'><strong>ad</strong></span> <span class='ocrx_word' id='word_1_731' title='bbox 2999 2666 3266 2738; x_wconf 86' lang='lat' dir='ltr'><strong>purganda</strong></span> <span class='ocrx_word' id='word_1_732' title='bbox 3291 2709 3306 2735; x_wconf 97' lang='lat'><strong>,</strong></span> <span class='ocrx_word' id='word_1_733' title='bbox 3329 2682 3522 2738; x_wconf 87' lang='lat' dir='ltr'><strong>corpus</strong></span> <span class='ocrx_word' id='word_1_734' title='bbox 3551 2669 3616 2725; x_wconf 88' lang='lat' dir='ltr'><strong>ad</strong></span> <span class='ocrx_word' id='word_1_735' title='bbox 3643 2671 3812 2725; x_wconf 81' lang='lat' dir='ltr'><strong>conli-</strong></span> 
     </span>
    </p>
   </div>
   <div class='ocr_carea' id='block_1_87' title="bbox 2223 2747 3845 2829">
    <p class='ocr_par' dir='ltr' id='par_1_87' title="bbox 2223 2747 3845 2829">
     <span class='ocr_line' id='line_1_87' title="bbox 2223 2747 3845 2829; baseline 0.004 -17"><span class='ocrx_word' id='word_1_736' title='bbox 2223 2755 2379 2812; x_wconf 89' lang='lat' dir='ltr'><strong>tenda</strong></span> <span class='ocrx_word' id='word_1_737' title='bbox 2403 2766 2619 2826; x_wconf 90' lang='lat' dir='ltr'><strong>peccata</strong></span> <span class='ocrx_word' id='word_1_738' title='bbox 2654 2774 2666 2809; x_wconf 89' lang='lat'>:</span> <span class='ocrx_word' id='word_1_739' title='bbox 2699 2772 2804 2810; x_wconf 86' lang='lat' dir='ltr'><strong>una</strong></span> <span class='ocrx_word' id='word_1_740' title='bbox 2834 2766 3008 2812; x_wconf 90' lang='lat' dir='ltr'><strong>tamen</strong></span> <span class='ocrx_word' id='word_1_741' title='bbox 3037 2772 3159 2824; x_wconf 87' lang='lat' dir='ltr'><strong>vox,</strong></span> <span class='ocrx_word' id='word_1_742' title='bbox 3193 2758 3279 2812; x_wconf 90' lang='lat' dir='ltr'><strong>ubi</strong></span> <span class='ocrx_word' id='word_1_743' title='bbox 3311 2774 3413 2813; x_wconf 89' lang='lat' dir='ltr'><strong>non</strong></span> <span class='ocrx_word' id='word_1_744' title='bbox 3442 2761 3699 2829; x_wconf 87' lang='lat' dir='ltr'><strong>scriptum</strong></span> <span class='ocrx_word' id='word_1_745' title='bbox 3729 2772 3814 2818; x_wconf 89' lang='lat' dir='ltr'><strong>est</strong></span> <span class='ocrx_word' id='word_1_746' title='bbox 3843 2747 3845 2749; x_wconf 10' lang='lat'><strong><em>1</em></strong></span> 
     </span>
    </p>
   </div>
   <div class='ocr_carea' id='block_1_88' title="bbox 2221 2847 3811 2919">
    <p class='ocr_par' dir='ltr' id='par_1_88' title="bbox 2221 2847 3811 2919">
     <span class='ocr_line' id='line_1_88' title="bbox 2221 2847 3811 2919; baseline 0.004 -17"><span class='ocrx_word' id='word_1_747' title='bbox 2221 2847 2435 2919; x_wconf 89' lang='lat' dir='ltr'><strong>quando</strong></span> <span class='ocrx_word' id='word_1_748' title='bbox 2455 2848 2598 2903; x_wconf 88' lang='lat' dir='ltr'><strong>dicat</strong></span> <span class='ocrx_word' id='word_1_749' title='bbox 2623 2863 2816 2918; x_wconf 89' lang='lat' dir='ltr'><strong>corpus</strong></span> <span class='ocrx_word' id='word_1_750' title='bbox 2835 2889 2850 2914; x_wconf 86' lang='lat'><strong>,</strong></span> <span class='ocrx_word' id='word_1_751' title='bbox 2877 2848 3088 2917; x_wconf 88' lang='lat' dir='ltr'><strong>quando</strong></span> <span class='ocrx_word' id='word_1_752' title='bbox 3113 2858 3272 2917; x_wconf 88' lang='lat' dir='ltr'><strong>caput</strong></span> <span class='ocrx_word' id='word_1_753' title='bbox 3297 2865 3312 2914; x_wconf 92' lang='lat'><strong>;</strong></span> <span class='ocrx_word' id='word_1_754' title='bbox 3355 2850 3449 2906; x_wconf 90' lang='lat' dir='ltr'><strong>sed</strong></span> <span class='ocrx_word' id='word_1_755' title='bbox 3481 2866 3578 2906; x_wconf 90' lang='lat' dir='ltr'><strong>nos</strong></span> <span class='ocrx_word' id='word_1_756' title='bbox 3628 2852 3679 2906; x_wconf 91' lang='lat' dir='ltr'><strong>in</strong></span> <span class='ocrx_word' id='word_1_757' title='bbox 3708 2868 3811 2908; x_wconf 89' lang='lat' dir='ltr'><strong>au-</strong></span> 
     </span>
    </p>
   </div>
   <div class='ocr_carea' id='block_1_89' title="bbox 2221 2939 3814 3016">
    <p class='ocr_par' dir='ltr' id='par_1_89' title="bbox 2221 2939 3814 3016">
     <span class='ocr_line' id='line_1_89' title="bbox 2221 2939 3814 3016; baseline 0.004 -22"><span class='ocrx_word' id='word_1_758' title='bbox 2221 2939 2416 2995; x_wconf 90' lang='lat' dir='ltr'><strong>diendo</strong></span> <span class='ocrx_word' id='word_1_759' title='bbox 2436 2941 2846 3012; x_wconf 88' lang='lat' dir='ltr'><strong>distinguimus;</strong></span> <span class='ocrx_word' id='word_1_760' title='bbox 2878 2940 2967 2994; x_wconf 90' lang='lat' dir='ltr'><strong>ille</strong></span> <span class='ocrx_word' id='word_1_761' title='bbox 2986 2949 3162 2996; x_wconf 90' lang='lat' dir='ltr'><strong>autem</strong></span> <span class='ocrx_word' id='word_1_762' title='bbox 3196 2951 3443 3012; x_wconf 92' lang='lat' dir='ltr'><strong>tanquam</strong></span> <span class='ocrx_word' id='word_1_763' title='bbox 3471 2959 3607 2998; x_wconf 92' lang='lat' dir='ltr'><strong>unus</strong></span> <span class='ocrx_word' id='word_1_764' title='bbox 3639 2945 3814 3016; x_wconf 87' lang='lat' dir='ltr'><strong>loqui-</strong></span> 
     </span>
    </p>
   </div>
   <div class='ocr_carea' id='block_1_90' title="bbox 2221 3032 3812 3108">
    <p class='ocr_par' dir='ltr' id='par_1_90' title="bbox 2221 3032 3812 3108">
     <span class='ocr_line' id='line_1_90' title="bbox 2221 3032 3812 3108; baseline 0.005 -22"><span class='ocrx_word' id='word_1_765' title='bbox 2221 3040 2326 3087; x_wconf 92' lang='lat' dir='ltr'><strong>tur.</strong></span> <span class='ocrx_word' id='word_1_766' title='bbox 2357 3032 2531 3100; x_wconf 89' lang='lat' dir='ltr'><strong>Quare</strong></span> <span class='ocrx_word' id='word_1_767' title='bbox 2559 3034 2700 3088; x_wconf 92' lang='lat' dir='ltr'><strong>enim</strong></span> <span class='ocrx_word' id='word_1_768' title='bbox 2729 3048 2833 3088; x_wconf 91' lang='lat' dir='ltr'><strong>non</strong></span> <span class='ocrx_word' id='word_1_769' title='bbox 2863 3032 3038 3099; x_wconf 91' lang='lat' dir='ltr'><strong>dicat,</strong></span> <span class='ocrx_word' id='word_1_770' title='bbox 3063 3045 3379 3103; x_wconf 86' lang='lat' dir='ltr'><strong>peccatorum</strong></span> <span class='ocrx_word' id='word_1_771' title='bbox 3408 3051 3668 3103; x_wconf 86' lang='lat' dir='ltr'><strong>meorum,</strong></span> <span class='ocrx_word' id='word_1_772' title='bbox 3717 3038 3812 3108; x_wconf 88' lang='lat' dir='ltr'><strong>qui</strong></span> 
     </span>
    </p>
   </div>
   <div class='ocr_carea' id='block_1_91' title="bbox 2221 3124 3809 3199">
    <p class='ocr_par' dir='ltr' id='par_1_91' title="bbox 2221 3124 3809 3199">
     <span class='ocr_line' id='line_1_91' title="bbox 2221 3124 3809 3199; baseline 0.002 -20"><span class='ocrx_word' id='word_1_773' title='bbox 2221 3124 2352 3180; x_wconf 86' lang='lat' dir='ltr'><strong>dixit</strong></span> <span class='ocrx_word' id='word_1_774' title='bbox 2376 3167 2391 3192; x_wconf 97' lang='lat'><strong>,</strong></span> <span class='ocrx_word' id='word_1_775' title='bbox 2426 3124 2627 3179; x_wconf 84' lang='lat' dir='ltr'><strong>Esurivi</strong></span> <span class='ocrx_word' id='word_1_776' title='bbox 2645 3166 2661 3191; x_wconf 91' lang='lat'><strong>,</strong></span> <span class='ocrx_word' id='word_1_777' title='bbox 2689 3135 2734 3178; x_wconf 88' lang='lat' dir='ltr'><strong>et</strong></span> <span class='ocrx_word' id='word_1_778' title='bbox 2755 3141 2856 3178; x_wconf 89' lang='lat' dir='ltr'><strong>non</strong></span> <span class='ocrx_word' id='word_1_779' title='bbox 2877 3124 3085 3179; x_wconf 85' lang='lat' dir='ltr'><strong>dedistis</strong></span> <span class='ocrx_word' id='word_1_780' title='bbox 3115 3126 3238 3179; x_wconf 85' lang='lat' dir='ltr'><strong>mihi</strong></span> <span class='ocrx_word' id='word_1_781' title='bbox 3258 3126 3602 3193; x_wconf 87' lang='lat' dir='ltr'><strong>manducare;</strong></span> <span class='ocrx_word' id='word_1_782' title='bbox 3636 3129 3775 3182; x_wconf 80' lang='lat' dir='ltr'><strong>sitivi</strong></span> <span class='ocrx_word' id='word_1_783' title='bbox 3792 3170 3809 3199; x_wconf 85' lang='lat'><strong>,</strong></span> 
     </span>
    </p>
   </div>
   <div class='ocr_carea' id='block_1_92' title="bbox 2222 3216 3812 3290">
    <p class='ocr_par' dir='ltr' id='par_1_92' title="bbox 2222 3216 3812 3290">
     <span class='ocr_line' id='line_1_92' title="bbox 2222 3216 3812 3290; baseline 0.003 -18"><span class='ocrx_word' id='word_1_784' title='bbox 2222 3227 2270 3272; x_wconf 82' lang='lat' dir='ltr'><strong>et</strong></span> <span class='ocrx_word' id='word_1_785' title='bbox 2290 3235 2388 3271; x_wconf 90' lang='lat' dir='ltr'><strong>non</strong></span> <span class='ocrx_word' id='word_1_786' title='bbox 2412 3216 2618 3270; x_wconf 82' lang='lat' dir='ltr'><strong>dedistis</strong></span> <span class='ocrx_word' id='word_1_787' title='bbox 2640 3216 2760 3269; x_wconf 86' lang='lat' dir='ltr'><strong>mihi</strong></span> <span class='ocrx_word' id='word_1_788' title='bbox 2789 3226 2992 3287; x_wconf 86' lang='lat' dir='ltr'><strong>potum;</strong></span> <span class='ocrx_word' id='word_1_789' title='bbox 3013 3216 3191 3288; x_wconf 80' lang='lat' dir='ltr'><strong>hospes</strong></span> <span class='ocrx_word' id='word_1_790' title='bbox 3221 3219 3329 3289; x_wconf 77' lang='lat' dir='ltr'><strong>fui,</strong></span> <span class='ocrx_word' id='word_1_791' title='bbox 3355 3228 3523 3273; x_wconf 86' lang='lat' dir='ltr'><strong>etnon</strong></span> <span class='ocrx_word' id='word_1_792' title='bbox 3549 3222 3812 3290; x_wconf 82' lang='lat' dir='ltr'><strong>recepistis</strong></span> 
     </span>
    </p>
   </div>
   <div class='ocr_carea' id='block_1_93' title="bbox 2219 3307 3812 3378">
    <p class='ocr_par' dir='ltr' id='par_1_93' title="bbox 2219 3307 3812 3378">
     <span class='ocr_line' id='line_1_93' title="bbox 2219 3307 3812 3378; baseline 0.003 -16"><span class='ocrx_word' id='word_1_793' title='bbox 2219 3325 2338 3375; x_wconf 89' lang='lat' dir='ltr'><strong>me;</strong></span> <span class='ocrx_word' id='word_1_794' title='bbox 2365 3309 2597 3378; x_wconf 81' lang='lat' dir='ltr'><strong>inﬁrmus</strong></span> <span class='ocrx_word' id='word_1_795' title='bbox 2626 3307 2736 3378; x_wconf 82' lang='lat' dir='ltr'><strong>fui,</strong></span> <span class='ocrx_word' id='word_1_796' title='bbox 2763 3317 2808 3362; x_wconf 89' lang='lat' dir='ltr'><strong>et</strong></span> <span class='ocrx_word' id='word_1_797' title='bbox 2833 3310 2886 3361; x_wconf 88' lang='lat' dir='ltr'><strong>in</strong></span> <span class='ocrx_word' id='word_1_798' title='bbox 2909 3325 3141 3376; x_wconf 87' lang='lat' dir='ltr'><strong>carcere,</strong></span> <span class='ocrx_word' id='word_1_799' title='bbox 3187 3318 3233 3362; x_wconf 87' lang='lat' dir='ltr'><strong>et</strong></span> <span class='ocrx_word' id='word_1_800' title='bbox 3259 3327 3360 3364; x_wconf 88' lang='lat' dir='ltr'><strong>non</strong></span> <span class='ocrx_word' id='word_1_801' title='bbox 3399 3311 3637 3366; x_wconf 82' lang='lat' dir='ltr'><strong>visitastis</strong></span> <span class='ocrx_word' id='word_1_802' title='bbox 3679 3313 3812 3367; x_wconf 81' lang='lat' dir='ltr'><strong>me?</strong></span> 
     </span>
    </p>
   </div>
   <div class='ocr_carea' id='block_1_94' title="bbox 2218 3399 3815 3472">
    <p class='ocr_par' dir='ltr' id='par_1_94' title="bbox 2218 3399 3815 3472">
     <span class='ocr_line' id='line_1_94' title="bbox 2218 3399 3815 3472; baseline 0.003 -15"><span class='ocrx_word' id='word_1_803' title='bbox 2218 3400 2374 3457; x_wconf 90' lang='lat' dir='ltr'><strong>Certe</strong></span> <span class='ocrx_word' id='word_1_804' title='bbox 2401 3400 2655 3455; x_wconf 91' lang='lat' dir='ltr'><strong>Dominus</strong></span> <span class='ocrx_word' id='word_1_805' title='bbox 2677 3416 2782 3454; x_wconf 92' lang='lat' dir='ltr'><strong>non</strong></span> <span class='ocrx_word' id='word_1_806' title='bbox 2813 3399 2910 3455; x_wconf 82' lang='lat' dir='ltr'><strong>fuit</strong></span> <span class='ocrx_word' id='word_1_807' title='bbox 2934 3402 2986 3455; x_wconf 90' lang='lat' dir='ltr'><strong>in</strong></span> <span class='ocrx_word' id='word_1_808' title='bbox 3008 3416 3244 3458; x_wconf 88' lang='lat' dir='ltr'><strong>carcere.</strong></span> <span class='ocrx_word' id='word_1_809' title='bbox 3268 3403 3442 3472; x_wconf 92' lang='lat' dir='ltr'><strong>Quare</strong></span> <span class='ocrx_word' id='word_1_810' title='bbox 3468 3420 3574 3459; x_wconf 93' lang='lat' dir='ltr'><strong>non</strong></span> <span class='ocrx_word' id='word_1_811' title='bbox 3603 3405 3706 3460; x_wconf 92' lang='lat' dir='ltr'><strong>hoc</strong></span> <span class='ocrx_word' id='word_1_812' title='bbox 3729 3406 3815 3462; x_wconf 80' lang='lat' dir='ltr'><strong>di-</strong></span> 
     </span>
    </p>
   </div>
   <div class='ocr_carea' id='block_1_95' title="bbox 2217 3493 3811 3562">
    <p class='ocr_par' dir='ltr' id='par_1_95' title="bbox 2217 3493 3811 3562">
     <span class='ocr_line' id='line_1_95' title="bbox 2217 3493 3811 3562; baseline 0.003 -13"><span class='ocrx_word' id='word_1_813' title='bbox 2217 3503 2395 3560; x_wconf 90' lang='lat' dir='ltr'><strong>ceret,</strong></span> <span class='ocrx_word' id='word_1_814' title='bbox 2431 3495 2514 3549; x_wconf 91' lang='lat' dir='ltr'><strong>cui</strong></span> <span class='ocrx_word' id='word_1_815' title='bbox 2539 3509 2659 3551; x_wconf 87' lang='lat' dir='ltr'><strong>eum</strong></span> <span class='ocrx_word' id='word_1_816' title='bbox 2683 3493 2881 3548; x_wconf 90' lang='lat' dir='ltr'><strong>dictum</strong></span> <span class='ocrx_word' id='word_1_817' title='bbox 2917 3503 3092 3560; x_wconf 88' lang='lat' dir='ltr'><strong>esset,</strong></span> <span class='ocrx_word' id='word_1_818' title='bbox 3129 3495 3347 3562; x_wconf 83' lang='lat' dir='ltr'><strong>Quando</strong></span> <span class='ocrx_word' id='word_1_819' title='bbox 3377 3507 3424 3550; x_wconf 89' lang='lat' dir='ltr'><strong>te</strong></span> <span class='ocrx_word' id='word_1_820' title='bbox 3451 3498 3664 3552; x_wconf 83' lang='lat' dir='ltr'><strong>vidimus</strong></span> <span class='ocrx_word' id='word_1_821' title='bbox 3689 3517 3811 3554; x_wconf 81' lang='lat' dir='ltr'><strong>csu-</strong></span> 
     </span>
    </p>
   </div>
   <div class='ocr_carea' id='block_1_96' title="bbox 2216 3585 3814 3654">
    <p class='ocr_par' dir='ltr' id='par_1_96' title="bbox 2216 3585 3814 3654">
     <span class='ocr_line' id='line_1_96' title="bbox 2216 3585 3814 3654; baseline 0.003 -14"><span class='ocrx_word' id='word_1_822' title='bbox 2216 3587 2426 3640; x_wconf 82' lang='lat' dir='ltr'><strong>rientem</strong></span> <span class='ocrx_word' id='word_1_823' title='bbox 2447 3595 2491 3640; x_wconf 90' lang='lat' dir='ltr'><strong>et</strong></span> <span class='ocrx_word' id='word_1_824' title='bbox 2516 3585 2795 3650; x_wconf 87' lang='lat' dir='ltr'><strong>sitientem,</strong></span> <span class='ocrx_word' id='word_1_825' title='bbox 2825 3594 2912 3639; x_wconf 88' lang='lat' dir='ltr'><strong>aut</strong></span> <span class='ocrx_word' id='word_1_826' title='bbox 2940 3586 2991 3639; x_wconf 90' lang='lat' dir='ltr'><strong>in</strong></span> <span class='ocrx_word' id='word_1_827' title='bbox 3016 3601 3245 3654; x_wconf 89' lang='lat' dir='ltr'><strong>carcere,</strong></span> <span class='ocrx_word' id='word_1_828' title='bbox 3269 3597 3315 3642; x_wconf 91' lang='lat' dir='ltr'><strong>et</strong></span> <span class='ocrx_word' id='word_1_829' title='bbox 3354 3604 3455 3642; x_wconf 87' lang='lat' dir='ltr'><strong>non</strong></span> <span class='ocrx_word' id='word_1_830' title='bbox 3498 3591 3814 3645; x_wconf 79' lang='lat' dir='ltr'><strong>ministravi-</strong></span> 
     </span>
    </p>
   </div>
   <div class='ocr_carea' id='block_1_97' title="bbox 2217 3675 3814 3748">
    <p class='ocr_par' dir='ltr' id='par_1_97' title="bbox 2217 3675 3814 3748">
     <span class='ocr_line' id='line_1_97' title="bbox 2217 3675 3814 3748; baseline 0.003 -17"><span class='ocrx_word' id='word_1_831' title='bbox 2217 3693 2329 3731; x_wconf 88' lang='lat' dir='ltr'><strong>mus</strong></span> <span class='ocrx_word' id='word_1_832' title='bbox 2356 3676 2486 3730; x_wconf 87' lang='lat' dir='ltr'><strong>tibi?</strong></span> <span class='ocrx_word' id='word_1_833' title='bbox 2511 3675 2821 3745; x_wconf 86' lang='lat' dir='ltr'><strong>respondit,</strong></span> <span class='ocrx_word' id='word_1_834' title='bbox 2847 3676 2925 3731; x_wconf 91' lang='lat' dir='ltr'><strong>sic</strong></span> <span class='ocrx_word' id='word_1_835' title='bbox 2952 3691 3016 3731; x_wconf 86' lang='lat' dir='ltr'><strong>ex</strong></span> <span class='ocrx_word' id='word_1_836' title='bbox 3068 3691 3294 3746; x_wconf 86' lang='lat' dir='ltr'><strong>persona</strong></span> <span class='ocrx_word' id='word_1_837' title='bbox 3342 3679 3582 3748; x_wconf 89' lang='lat' dir='ltr'><strong>corporis</strong></span> <span class='ocrx_word' id='word_1_838' title='bbox 3625 3681 3708 3735; x_wconf 88' lang='lat' dir='ltr'><strong>sui</strong></span> <span class='ocrx_word' id='word_1_839' title='bbox 3752 3697 3814 3737; x_wconf 89' lang='lat' dir='ltr'><strong>sc</strong></span> 
     </span>
    </p>
   </div>
   <div class='ocr_carea' id='block_1_98' title="bbox 2216 3767 3813 3840">
    <p class='ocr_par' dir='ltr' id='par_1_98' title="bbox 2216 3767 3813 3840">
     <span class='ocr_line' id='line_1_98' title="bbox 2216 3767 3813 3840; baseline 0.003 -17"><span class='ocrx_word' id='word_1_840' title='bbox 2216 3770 2448 3835; x_wconf 85' lang='lat' dir='ltr'><strong>dixisse,</strong></span> <span class='ocrx_word' id='word_1_841' title='bbox 2481 3767 2606 3823; x_wconf 89' lang='lat' dir='ltr'><strong>Cum</strong></span> <span class='ocrx_word' id='word_1_842' title='bbox 2635 3769 2726 3822; x_wconf 89' lang='lat' dir='ltr'><strong>uni</strong></span> <span class='ocrx_word' id='word_1_843' title='bbox 2770 3785 2833 3822; x_wconf 77' lang='lat' dir='ltr'><strong>ex</strong></span> <span class='ocrx_word' id='word_1_844' title='bbox 2874 3769 3095 3824; x_wconf 88' lang='lat' dir='ltr'><strong>minimis</strong></span> <span class='ocrx_word' id='word_1_845' title='bbox 3141 3771 3263 3824; x_wconf 87' lang='lat' dir='ltr'><strong>meis</strong></span> <span class='ocrx_word' id='word_1_846' title='bbox 3303 3787 3402 3824; x_wconf 89' lang='lat' dir='ltr'><strong>non</strong></span> <span class='ocrx_word' id='word_1_847' title='bbox 3441 3771 3662 3840; x_wconf 80' lang='lat' dir='ltr'><strong>fecistis,</strong></span> <span class='ocrx_word' id='word_1_848' title='bbox 3716 3791 3813 3829; x_wconf 87' lang='lat' dir='ltr'><strong>nec</strong></span> 
     </span>
    </p>
   </div>
   <div class='ocr_carea' id='block_1_99' title="bbox 2216 3858 3813 3932">
    <p class='ocr_par' dir='ltr' id='par_1_99' title="bbox 2216 3858 3813 3932">
     <span class='ocr_line' id='line_1_99' title="bbox 2216 3858 3813 3932; baseline 0.004 -19"><span class='ocrx_word' id='word_1_849' title='bbox 2216 3861 2339 3914; x_wconf 84' lang='lat' dir='ltr'><strong>mihi</strong></span> <span class='ocrx_word' id='word_1_850' title='bbox 2368 3861 2552 3932; x_wconf 79' lang='lat' dir='ltr'><strong>fecistis</strong></span> <span class='ocrx_word' id='word_1_851' title='bbox 2599 3858 2708 3930; x_wconf 89' lang='lat' dir='ltr'><strong>(Id.</strong></span> <span class='ocrx_word' id='word_1_852' title='bbox 2743 3875 2888 3926; x_wconf 83' lang='lat' dir='ltr'><strong>xxv,</strong></span> <span class='ocrx_word' id='word_1_853' title='bbox 2919 3859 3160 3929; x_wconf 66' lang='lat'><strong>42-45)?</strong></span> <span class='ocrx_word' id='word_1_854' title='bbox 3199 3861 3374 3928; x_wconf 86' lang='lat' dir='ltr'><strong>Quare</strong></span> <span class='ocrx_word' id='word_1_855' title='bbox 3406 3879 3510 3917; x_wconf 92' lang='lat' dir='ltr'><strong>non</strong></span> <span class='ocrx_word' id='word_1_856' title='bbox 3563 3865 3707 3919; x_wconf 85' lang='lat' dir='ltr'><strong>dicat</strong></span> <span class='ocrx_word' id='word_1_857' title='bbox 3728 3908 3743 3932; x_wconf 95' lang='lat'><strong>,</strong></span> <span class='ocrx_word' id='word_1_858' title='bbox 3780 3883 3813 3920; x_wconf 89' lang='lat' dir='ltr'><strong>a</strong></span> 
     </span>
    </p>
   </div>
   <div class='ocr_carea' id='block_1_100' title="bbox 2215 3954 3810 4026">
    <p class='ocr_par' dir='ltr' id='par_1_100' title="bbox 2215 3954 3810 4026">
     <span class='ocr_line' id='line_1_100' title="bbox 2215 3954 3810 4026; baseline 0.004 -20"><span class='ocrx_word' id='word_1_859' title='bbox 2215 3954 2347 4022; x_wconf 79' lang='lat' dir='ltr'><strong>facie</strong></span> <span class='ocrx_word' id='word_1_860' title='bbox 2373 3962 2694 4024; x_wconf 86' lang='lat' dir='ltr'><strong>peccatorum</strong></span> <span class='ocrx_word' id='word_1_861' title='bbox 2737 3969 2993 4020; x_wconf 88' lang='lat' dir='ltr'><strong>meorum,</strong></span> <span class='ocrx_word' id='word_1_862' title='bbox 3043 3954 3130 4023; x_wconf 92' lang='lat' dir='ltr'><strong>qui</strong></span> <span class='ocrx_word' id='word_1_863' title='bbox 3168 3954 3301 4008; x_wconf 82' lang='lat' dir='ltr'><strong>dixit</strong></span> <span class='ocrx_word' id='word_1_864' title='bbox 3338 3955 3532 4020; x_wconf 89' lang='lat' dir='ltr'><strong>Saulo,</strong></span> <span class='ocrx_word' id='word_1_865' title='bbox 3593 3955 3765 4012; x_wconf 83' lang='lat' dir='ltr'><strong>Saule</strong></span> <span class='ocrx_word' id='word_1_866' title='bbox 3792 4001 3810 4026; x_wconf 92' lang='lat'><strong>,</strong></span> 
     </span>
    </p>
   </div>
   <div class='ocr_carea' id='block_1_101' title="bbox 2215 4044 3815 4121">
    <p class='ocr_par' dir='ltr' id='par_1_101' title="bbox 2215 4044 3815 4121">
     <span class='ocr_line' id='line_1_101' title="bbox 2215 4044 3815 4121; baseline 0.005 -21"><span class='ocrx_word' id='word_1_867' title='bbox 2215 4045 2376 4100; x_wconf 88' lang='lat' dir='ltr'><strong>Saule</strong></span> <span class='ocrx_word' id='word_1_868' title='bbox 2395 4085 2408 4108; x_wconf 94' lang='lat'><strong>,</strong></span> <span class='ocrx_word' id='word_1_869' title='bbox 2439 4045 2559 4116; x_wconf 88' lang='lat' dir='ltr'><strong>quid</strong></span> <span class='ocrx_word' id='word_1_870' title='bbox 2587 4060 2664 4098; x_wconf 90' lang='lat' dir='ltr'><strong>me</strong></span> <span class='ocrx_word' id='word_1_871' title='bbox 2695 4045 3006 4115; x_wconf 87' lang='lat' dir='ltr'><strong>persequeris</strong></span> <span class='ocrx_word' id='word_1_872' title='bbox 3037 4044 3170 4115; x_wconf 81' lang='lat' dir='ltr'><strong>(Act.</strong></span> <span class='ocrx_word' id='word_1_873' title='bbox 3214 4062 3264 4100; x_wconf 77' lang='lat' dir='ltr'><strong>ix</strong></span> <span class='ocrx_word' id='word_1_874' title='bbox 3285 4086 3303 4114; x_wconf 94' lang='lat'><strong>,</strong></span> <span class='ocrx_word' id='word_1_875' title='bbox 3350 4047 3448 4117; x_wconf 77' lang='lat'><strong>4)?</strong></span> <span class='ocrx_word' id='word_1_876' title='bbox 3471 4048 3568 4115; x_wconf 89' lang='lat' dir='ltr'><strong>Qui</strong></span> <span class='ocrx_word' id='word_1_877' title='bbox 3617 4051 3815 4121; x_wconf 83' lang='lat' dir='ltr'><strong>utique</strong></span> 
     </span>
    </p>
   </div>
   <div class='ocr_carea' id='block_1_102' title="bbox 2214 4137 3812 4210">
    <p class='ocr_par' dir='ltr' id='par_1_102' title="bbox 2214 4137 3812 4210">
     <span class='ocr_line' id='line_1_102' title="bbox 2214 4137 3812 4210; baseline 0.005 -17"><span class='ocrx_word' id='word_1_878' title='bbox 2214 4139 2266 4193; x_wconf 93' lang='lat' dir='ltr'><strong>in</strong></span> <span class='ocrx_word' id='word_1_879' title='bbox 2293 4137 2432 4194; x_wconf 90' lang='lat' dir='ltr'><strong>coelo</strong></span> <span class='ocrx_word' id='word_1_880' title='bbox 2456 4137 2566 4207; x_wconf 88' lang='lat' dir='ltr'><strong>jam</strong></span> <span class='ocrx_word' id='word_1_881' title='bbox 2595 4138 2862 4194; x_wconf 88' lang='lat' dir='ltr'><strong>neminem</strong></span> <span class='ocrx_word' id='word_1_882' title='bbox 2896 4150 3294 4209; x_wconf 89' lang='lat' dir='ltr'><strong>persecutorem</strong></span> <span class='ocrx_word' id='word_1_883' title='bbox 3338 4142 3659 4210; x_wconf 89' lang='lat' dir='ltr'><strong>patiebatur.</strong></span> <span class='ocrx_word' id='word_1_884' title='bbox 3692 4145 3812 4201; x_wconf 85' lang='lat' dir='ltr'><strong>Sed</strong></span> 
     </span>
    </p>
   </div>
   <div class='ocr_carea' id='block_1_103' title="bbox 2212 4228 3814 4302">
    <p class='ocr_par' dir='ltr' id='par_1_103' title="bbox 2212 4228 3814 4302">
     <span class='ocr_line' id='line_1_103' title="bbox 2212 4228 3814 4302; baseline 0.006 -19"><span class='ocrx_word' id='word_1_885' title='bbox 2212 4228 2479 4300; x_wconf 90' lang='lat' dir='ltr'><strong>quomodo</strong></span> <span class='ocrx_word' id='word_1_886' title='bbox 2511 4229 2579 4283; x_wconf 90' lang='lat' dir='ltr'><strong>ibi</strong></span> <span class='ocrx_word' id='word_1_887' title='bbox 2607 4239 2766 4299; x_wconf 88' lang='lat' dir='ltr'><strong>caput</strong></span> <span class='ocrx_word' id='word_1_888' title='bbox 2795 4229 3110 4300; x_wconf 90' lang='lat' dir='ltr'><strong>loquebatur</strong></span> <span class='ocrx_word' id='word_1_889' title='bbox 3138 4247 3235 4301; x_wconf 92' lang='lat' dir='ltr'><strong>pro</strong></span> <span class='ocrx_word' id='word_1_890' title='bbox 3260 4246 3510 4302; x_wconf 88' lang='lat' dir='ltr'><strong>corpore,</strong></span> <span class='ocrx_word' id='word_1_891' title='bbox 3536 4235 3613 4288; x_wconf 91' lang='lat' dir='ltr'><strong>sic</strong></span> <span class='ocrx_word' id='word_1_892' title='bbox 3633 4244 3689 4289; x_wconf 92' lang='lat' dir='ltr'><strong>et</strong></span> <span class='ocrx_word' id='word_1_893' title='bbox 3720 4237 3814 4293; x_wconf 90' lang='lat' dir='ltr'><strong>hic</strong></span> 
     </span>
    </p>
   </div>
   <div class='ocr_carea' id='block_1_104' title="bbox 2212 4322 3813 4397">
    <p class='ocr_par' dir='ltr' id='par_1_104' title="bbox 2212 4322 3813 4397">
     <span class='ocr_line' id='line_1_104' title="bbox 2212 4322 3813 4397; baseline 0.005 -19"><span class='ocrx_word' id='word_1_894' title='bbox 2212 4332 2370 4392; x_wconf 91' lang='lat' dir='ltr'><strong>caput</strong></span> <span class='ocrx_word' id='word_1_895' title='bbox 2393 4322 2521 4377; x_wconf 91' lang='lat' dir='ltr'><strong>dicit</strong></span> <span class='ocrx_word' id='word_1_896' title='bbox 2545 4325 2787 4394; x_wconf 88' lang='lat' dir='ltr'><strong>corporis</strong></span> <span class='ocrx_word' id='word_1_897' title='bbox 2807 4338 2964 4379; x_wconf 90' lang='lat' dir='ltr'><strong>voces</strong></span> <span class='ocrx_word' id='word_1_898' title='bbox 2989 4365 3004 4390; x_wconf 93' lang='lat'><strong>,</strong></span> <span class='ocrx_word' id='word_1_899' title='bbox 3034 4338 3155 4380; x_wconf 88' lang='lat' dir='ltr'><strong>cum</strong></span> <span class='ocrx_word' id='word_1_900' title='bbox 3180 4334 3236 4381; x_wconf 91' lang='lat' dir='ltr'><strong>et</strong></span> <span class='ocrx_word' id='word_1_901' title='bbox 3275 4327 3465 4397; x_wconf 85' lang='lat' dir='ltr'><strong>capitis</strong></span> <span class='ocrx_word' id='word_1_902' title='bbox 3497 4343 3658 4384; x_wconf 88' lang='lat' dir='ltr'><strong>voces</strong></span> <span class='ocrx_word' id='word_1_903' title='bbox 3699 4346 3813 4386; x_wconf 79' lang='lat' dir='ltr'><strong>au-</strong></span> 
     </span>
    </p>
   </div>
   <div class='ocr_carea' id='block_1_105' title="bbox 2211 4417 3814 4494">
    <p class='ocr_par' dir='ltr' id='par_1_105' title="bbox 2211 4417 3814 4494">
     <span class='ocr_line' id='line_1_105' title="bbox 2211 4417 3814 4494; baseline 0.005 -22"><span class='ocrx_word' id='word_1_904' title='bbox 2211 4417 2357 4473; x_wconf 90' lang='lat' dir='ltr'><strong>ditis.</strong></span> <span class='ocrx_word' id='word_1_905' title='bbox 2387 4417 2492 4473; x_wconf 90' lang='lat' dir='ltr'><strong>Sed</strong></span> <span class='ocrx_word' id='word_1_906' title='bbox 2517 4433 2688 4488; x_wconf 89' lang='lat' dir='ltr'><strong>neque</strong></span> <span class='ocrx_word' id='word_1_907' title='bbox 2709 4432 2830 4472; x_wconf 91' lang='lat' dir='ltr'><strong>cum</strong></span> <span class='ocrx_word' id='word_1_908' title='bbox 2859 4419 3099 4487; x_wconf 90' lang='lat' dir='ltr'><strong>corporis</strong></span> <span class='ocrx_word' id='word_1_909' title='bbox 3124 4433 3285 4475; x_wconf 86' lang='lat' dir='ltr'><strong>voces</strong></span> <span class='ocrx_word' id='word_1_910' title='bbox 3304 4420 3578 4476; x_wconf 86' lang='lat' dir='ltr'><strong>audieritis</strong></span> <span class='ocrx_word' id='word_1_911' title='bbox 3595 4461 3611 4488; x_wconf 94' lang='lat'><strong>,</strong></span> <span class='ocrx_word' id='word_1_912' title='bbox 3640 4436 3814 4494; x_wconf 83' lang='lat' dir='ltr'><strong>sepa-</strong></span> 
     </span>
    </p>
   </div>
   <div class='ocr_carea' id='block_1_106' title="bbox 2211 4511 3810 4586">
    <p class='ocr_par' dir='ltr' id='par_1_106' title="bbox 2211 4511 3810 4586">
     <span class='ocr_line' id='line_1_106' title="bbox 2211 4511 3810 4586; baseline 0.003 -20"><span class='ocrx_word' id='word_1_913' title='bbox 2211 4511 2341 4566; x_wconf 91' lang='lat' dir='ltr'><strong>retis</strong></span> <span class='ocrx_word' id='word_1_914' title='bbox 2383 4518 2578 4582; x_wconf 90' lang='lat' dir='ltr'><strong>caput;</strong></span> <span class='ocrx_word' id='word_1_915' title='bbox 2630 4525 2803 4581; x_wconf 91' lang='lat' dir='ltr'><strong>neque</strong></span> <span class='ocrx_word' id='word_1_916' title='bbox 2849 4525 2970 4566; x_wconf 91' lang='lat' dir='ltr'><strong>cum</strong></span> <span class='ocrx_word' id='word_1_917' title='bbox 3023 4511 3212 4580; x_wconf 89' lang='lat' dir='ltr'><strong>capitis</strong></span> <span class='ocrx_word' id='word_1_918' title='bbox 3257 4527 3420 4568; x_wconf 90' lang='lat' dir='ltr'><strong>voces</strong></span> <span class='ocrx_word' id='word_1_919' title='bbox 3475 4514 3760 4571; x_wconf 89' lang='lat' dir='ltr'><strong>audieritis</strong></span> <span class='ocrx_word' id='word_1_920' title='bbox 3792 4559 3810 4586; x_wconf 87' lang='lat'><strong>,</strong></span> 
     </span>
    </p>
   </div>
   <div class='ocr_carea' id='block_1_107' title="bbox 2213 4602 3813 4674">
    <p class='ocr_par' dir='ltr' id='par_1_107' title="bbox 2213 4602 3813 4674">
     <span class='ocr_line' id='line_1_107' title="bbox 2213 4602 3813 4674; baseline 0.002 -15"><span class='ocrx_word' id='word_1_921' title='bbox 2213 4603 2471 4674; x_wconf 86' lang='lat' dir='ltr'><strong>separetis</strong></span> <span class='ocrx_word' id='word_1_922' title='bbox 2497 4617 2693 4672; x_wconf 89' lang='lat' dir='ltr'><strong>corpus</strong></span> <span class='ocrx_word' id='word_1_923' title='bbox 2726 4619 2738 4654; x_wconf 88' lang='lat'><strong>:</strong></span> <span class='ocrx_word' id='word_1_924' title='bbox 2772 4602 2897 4673; x_wconf 89' lang='lat' dir='ltr'><strong>quia</strong></span> <span class='ocrx_word' id='word_1_925' title='bbox 2931 4602 3041 4673; x_wconf 88' lang='lat' dir='ltr'><strong>jam</strong></span> <span class='ocrx_word' id='word_1_926' title='bbox 3070 4618 3175 4658; x_wconf 92' lang='lat' dir='ltr'><strong>non</strong></span> <span class='ocrx_word' id='word_1_927' title='bbox 3199 4603 3306 4659; x_wconf 90' lang='lat' dir='ltr'><strong>duo</strong></span> <span class='ocrx_word' id='word_1_928' title='bbox 3331 4646 3346 4670; x_wconf 93' lang='lat'><strong>,</strong></span> <span class='ocrx_word' id='word_1_929' title='bbox 3393 4605 3485 4659; x_wconf 88' lang='lat' dir='ltr'><strong>sed</strong></span> <span class='ocrx_word' id='word_1_930' title='bbox 3517 4620 3617 4660; x_wconf 88' lang='lat' dir='ltr'><strong>una</strong></span> <span class='ocrx_word' id='word_1_931' title='bbox 3649 4621 3813 4664; x_wconf 86' lang='lat' dir='ltr'><strong>caro.</strong></span> 
     </span>
    </p>
   </div>
   <div class='ocr_carea' id='block_1_108' title="bbox 2283 4694 3817 4760">
    <p class='ocr_par' dir='ltr' id='par_1_108' title="bbox 2283 4694 3817 4760">
     <span class='ocr_line' id='line_1_108' title="bbox 2283 4694 3817 4760; baseline 0.007 -10"><span class='ocrx_word' id='word_1_932' title='bbox 2283 4696 2335 4751; x_wconf 91' lang='lat'><strong>7.</strong></span> <span class='ocrx_word' id='word_1_933' title='bbox 2367 4694 2488 4750; x_wconf 85' lang='lat' dir='ltr'><strong>Non</strong></span> <span class='ocrx_word' id='word_1_934' title='bbox 2513 4705 2588 4750; x_wconf 89' lang='lat' dir='ltr'><strong>est</strong></span> <span class='ocrx_word' id='word_1_935' title='bbox 2608 4695 2803 4749; x_wconf 86' lang='lat' dir='ltr'><strong>sanitas</strong></span> <span class='ocrx_word' id='word_1_936' title='bbox 2831 4697 2884 4749; x_wconf 87' lang='lat' dir='ltr'><strong>in</strong></span> <span class='ocrx_word' id='word_1_937' title='bbox 2909 4712 3061 4750; x_wconf 88' lang='lat' dir='ltr'><strong>carne</strong></span> <span class='ocrx_word' id='word_1_938' title='bbox 3083 4714 3194 4753; x_wconf 84' lang='lat' dir='ltr'><strong>mea</strong></span> <span class='ocrx_word' id='word_1_939' title='bbox 3217 4713 3249 4750; x_wconf 92' lang='lat' dir='ltr'><strong>a</strong></span> <span class='ocrx_word' id='word_1_940' title='bbox 3272 4700 3412 4754; x_wconf 84' lang='lat' dir='ltr'><strong>uultu</strong></span> <span class='ocrx_word' id='word_1_941' title='bbox 3438 4700 3527 4754; x_wconf 67' lang='lat' dir='ltr'><strong>ira:</strong></span> <span class='ocrx_word' id='word_1_942' title='bbox 3553 4711 3670 4755; x_wconf 74' lang='lat' dir='ltr'><strong>tute.</strong></span> <span class='ocrx_word' id='word_1_943' title='bbox 3695 4703 3817 4760; x_wconf 83' lang='lat' dir='ltr'><strong>Sed</strong></span> 
     </span>
    </p>
   </div>
   <div class='ocr_carea' id='block_1_109' title="bbox 2209 4785 3821 4865">
    <p class='ocr_par' dir='ltr' id='par_1_109' title="bbox 2209 4785 3821 4865">
     <span class='ocr_line' id='line_1_109' title="bbox 2209 4785 3821 4865; baseline 0.006 -23"><span class='ocrx_word' id='word_1_944' title='bbox 2209 4785 2434 4842; x_wconf 81' lang='lat' dir='ltr'><strong>fortasse</strong></span> <span class='ocrx_word' id='word_1_945' title='bbox 2464 4787 2654 4858; x_wconf 84' lang='lat' dir='ltr'><strong>injuste</strong></span> <span class='ocrx_word' id='word_1_946' title='bbox 2685 4786 2778 4843; x_wconf 91' lang='lat' dir='ltr'><strong>tibi</strong></span> <span class='ocrx_word' id='word_1_947' title='bbox 2810 4787 2948 4843; x_wconf 90' lang='lat' dir='ltr'><strong>Deus</strong></span> <span class='ocrx_word' id='word_1_948' title='bbox 2974 4788 3138 4844; x_wconf 89' lang='lat' dir='ltr'><strong>iratus</strong></span> <span class='ocrx_word' id='word_1_949' title='bbox 3159 4796 3262 4856; x_wconf 88' lang='lat' dir='ltr'><strong>est,</strong></span> <span class='ocrx_word' id='word_1_950' title='bbox 3291 4805 3326 4846; x_wconf 95' lang='lat' dir='ltr'><strong>o</strong></span> <span class='ocrx_word' id='word_1_951' title='bbox 3354 4792 3543 4860; x_wconf 85' lang='lat' dir='ltr'><strong>Adam,</strong></span> <span class='ocrx_word' id='word_1_952' title='bbox 3566 4809 3600 4848; x_wconf 91' lang='grc' dir='ltr'><strong>ο</strong></span> <span class='ocrx_word' id='word_1_953' title='bbox 3630 4809 3821 4865; x_wconf 82' lang='lat' dir='ltr'><strong>genus</strong></span> 
     </span>
    </p>
   </div>
   <div class='ocr_carea' id='block_1_110' title="bbox 2212 4877 3820 4957">
    <p class='ocr_par' dir='ltr' id='par_1_110' title="bbox 2212 4877 3820 4957">
     <span class='ocr_line' id='line_1_110' title="bbox 2212 4877 3820 4957; baseline 0.007 -23"><span class='ocrx_word' id='word_1_954' title='bbox 2212 4878 2537 4944; x_wconf 91' lang='lat' dir='ltr'><strong>humanum,</strong></span> <span class='ocrx_word' id='word_1_955' title='bbox 2571 4879 2766 4948; x_wconf 89' lang='lat' dir='ltr'><strong>injuste</strong></span> <span class='ocrx_word' id='word_1_956' title='bbox 2793 4877 2962 4935; x_wconf 90' lang='lat' dir='ltr'><strong>iratus</strong></span> <span class='ocrx_word' id='word_1_957' title='bbox 2982 4890 3064 4935; x_wconf 90' lang='lat' dir='ltr'><strong>est</strong></span> <span class='ocrx_word' id='word_1_958' title='bbox 3103 4881 3277 4938; x_wconf 87' lang='lat' dir='ltr'><strong>Deus!</strong></span> <span class='ocrx_word' id='word_1_959' title='bbox 3312 4883 3434 4954; x_wconf 90' lang='lat' dir='ltr'><strong>quia</strong></span> <span class='ocrx_word' id='word_1_960' title='bbox 3461 4883 3642 4941; x_wconf 79' lang='lat' dir='ltr'><strong>dixisti</strong></span> <span class='ocrx_word' id='word_1_961' title='bbox 3688 4889 3820 4957; x_wconf 89' lang='lat' dir='ltr'><strong>jam</strong></span> 
     </span>
    </p>
   </div>
   <div class='ocr_carea' id='block_1_111' title="bbox 2210 4973 3820 5047">
    <p class='ocr_par' dir='ltr' id='par_1_111' title="bbox 2210 4973 3820 5047">
     <span class='ocr_line' id='line_1_111' title="bbox 2210 4973 3820 5047; baseline 0.006 -20"><span class='ocrx_word' id='word_1_962' title='bbox 2210 4988 2508 5046; x_wconf 86' lang='lat' dir='ltr'><strong>agnoscens</strong></span> <span class='ocrx_word' id='word_1_963' title='bbox 2533 4974 2700 5044; x_wconf 90' lang='lat' dir='ltr'><strong>ipsam</strong></span> <span class='ocrx_word' id='word_1_964' title='bbox 2719 4987 2932 5043; x_wconf 64' lang='lat' dir='ltr'><strong>poenam</strong></span> <span class='ocrx_word' id='word_1_965' title='bbox 2955 4973 3245 5044; x_wconf 85' lang='lat' dir='ltr'><strong>tuam,&#39;jam</strong></span> <span class='ocrx_word' id='word_1_966' title='bbox 3272 4975 3324 5031; x_wconf 92' lang='lat' dir='ltr'><strong>in</strong></span> <span class='ocrx_word' id='word_1_967' title='bbox 3350 4991 3574 5047; x_wconf 89' lang='lat' dir='ltr'><strong>corpore</strong></span> <span class='ocrx_word' id='word_1_968' title='bbox 3597 4977 3820 5037; x_wconf 89' lang='lat' dir='ltr'><strong>Christi</strong></span> 
     </span>
    </p>
   </div>
   <div class='ocr_carea' id='block_1_112' title="bbox 2208 5065 3825 5130">
    <p class='ocr_par' dir='ltr' id='par_1_112' title="bbox 2208 5065 3825 5130">
     <span class='ocr_line' id='line_1_112' title="bbox 2208 5065 3825 5130; baseline 0.003 -6"><span class='ocrx_word' id='word_1_969' title='bbox 2208 5069 2524 5124; x_wconf 82' lang='lat' dir='ltr'><strong>Constitutus</strong></span> <span class='ocrx_word' id='word_1_970' title='bbox 2555 5067 2756 5122; x_wconf 89' lang='lat' dir='ltr'><strong>homo:</strong></span> <span class='ocrx_word' id='word_1_971' title='bbox 2792 5065 2916 5121; x_wconf 86' lang='lat' dir='ltr'><strong>Non</strong></span> <span class='ocrx_word' id='word_1_972' title='bbox 2955 5078 3028 5122; x_wconf 87' lang='lat' dir='ltr'><strong>est</strong></span> <span class='ocrx_word' id='word_1_973' title='bbox 3074 5069 3263 5124; x_wconf 85' lang='lat' dir='ltr'><strong>sanitas</strong></span> <span class='ocrx_word' id='word_1_974' title='bbox 3302 5069 3368 5124; x_wconf 70' lang='lat' dir='ltr'><strong>in&#39;</strong></span> <span class='ocrx_word' id='word_1_975' title='bbox 3411 5087 3562 5125; x_wconf 86' lang='lat' dir='ltr'><strong>carne</strong></span> <span class='ocrx_word' id='word_1_976' title='bbox 3607 5089 3731 5128; x_wconf 85' lang='lat' dir='ltr'><strong>mea</strong></span> <span class='ocrx_word' id='word_1_977' title='bbox 3790 5093 3825 5130; x_wconf 89' lang='lat' dir='ltr'><strong>a</strong></span> 
     </span>
    </p>
   </div>
   <div class='ocr_carea' id='block_1_113' title="bbox 2207 5161 3823 5232">
    <p class='ocr_par' dir='ltr' id='par_1_113' title="bbox 2207 5161 3823 5232">
     <span class='ocr_line' id='line_1_113' title="bbox 2207 5161 3823 5232; baseline 0.002 -14"><span class='ocrx_word' id='word_1_978' title='bbox 2207 5164 2346 5218; x_wconf 79' lang='lat' dir='ltr'><strong>vultu</strong></span> <span class='ocrx_word' id='word_1_979' title='bbox 2373 5163 2465 5218; x_wconf 74' lang='lat' dir='ltr'><strong>ira:</strong></span> <span class='ocrx_word' id='word_1_980' title='bbox 2487 5173 2602 5217; x_wconf 64' lang='lat' dir='ltr'><strong>tuae.</strong></span> <span class='ocrx_word' id='word_1_981' title='bbox 2627 5161 2847 5232; x_wconf 74' lang='lat' dir='ltr'><strong>Expone</strong></span> <span class='ocrx_word' id='word_1_982' title='bbox 2873 5161 3133 5231; x_wconf 86' lang='lat' dir='ltr'><strong>justitiam</strong></span> <span class='ocrx_word' id='word_1_983' title='bbox 3163 5164 3256 5218; x_wconf 73' lang='lat' dir='ltr'><strong>ira:</strong></span> <span class='ocrx_word' id='word_1_984' title='bbox 3295 5162 3388 5219; x_wconf 90' lang='lat' dir='ltr'><strong>Dei</strong></span> <span class='ocrx_word' id='word_1_985' title='bbox 3419 5181 3432 5219; x_wconf 91' lang='lat'><strong>:</strong></span> <span class='ocrx_word' id='word_1_986' title='bbox 3463 5180 3530 5220; x_wconf 90' lang='lat' dir='ltr'><strong>ne</strong></span> <span class='ocrx_word' id='word_1_987' title='bbox 3554 5173 3604 5221; x_wconf 88' lang='lat' dir='ltr'><strong>te</strong></span> <span class='ocrx_word' id='word_1_988' title='bbox 3631 5182 3823 5224; x_wconf 84' lang='lat' dir='ltr'><strong>excu-</strong></span> 
     </span>
    </p>
   </div>
   <div class='ocr_carea' id='block_1_114' title="bbox 2208 5253 3825 5326">
    <p class='ocr_par' dir='ltr' id='par_1_114' title="bbox 2208 5253 3825 5326">
     <span class='ocr_line' id='line_1_114' title="bbox 2208 5253 3825 5326; baseline 0.003 -15"><span class='ocrx_word' id='word_1_989' title='bbox 2208 5271 2327 5312; x_wconf 87' lang='lat' dir='ltr'><strong>sare</strong></span> <span class='ocrx_word' id='word_1_990' title='bbox 2358 5255 2614 5320; x_wconf 82' lang='lat' dir='ltr'><strong>videaris,</strong></span> <span class='ocrx_word' id='word_1_991' title='bbox 2646 5254 2794 5308; x_wconf 89' lang='lat' dir='ltr'><strong>illum</strong></span> <span class='ocrx_word' id='word_1_992' title='bbox 2822 5268 3077 5309; x_wconf 89' lang='lat' dir='ltr'><strong>accusare</strong></span> <span class='ocrx_word' id='word_1_993' title='bbox 3104 5255 3142 5308; x_wconf 77' lang='grc' dir='ltr'><strong>ί.</strong></span> <span class='ocrx_word' id='word_1_994' title='bbox 3163 5253 3428 5326; x_wconf 85' lang='lat' dir='ltr'><strong>Sequere,</strong></span> <span class='ocrx_word' id='word_1_995' title='bbox 3462 5265 3516 5312; x_wconf 90' lang='lat' dir='ltr'><strong>et</strong></span> <span class='ocrx_word' id='word_1_996' title='bbox 3539 5256 3627 5312; x_wconf 92' lang='lat' dir='ltr'><strong>dic</strong></span> <span class='ocrx_word' id='word_1_997' title='bbox 3660 5261 3825 5317; x_wconf 82' lang='lat' dir='ltr'><strong>unde</strong></span> 
     </span>
    </p>
   </div>
   <div class='ocr_carea' id='block_1_115' title="bbox 2209 5345 3826 5407">
    <p class='ocr_par' dir='ltr' id='par_1_115' title="bbox 2209 5345 3826 5407">
     <span class='ocr_line' id='line_1_115' title="bbox 2209 5345 3826 5407; baseline 0.002 -4"><span class='ocrx_word' id='word_1_998' title='bbox 2209 5349 2285 5403; x_wconf 87' lang='lat' dir='ltr'><strong>ira</strong></span> <span class='ocrx_word' id='word_1_999' title='bbox 2309 5348 2536 5402; x_wconf 88' lang='lat' dir='ltr'><strong>Domini.</strong></span> <span class='ocrx_word' id='word_1_1000' title='bbox 2569 5345 2693 5400; x_wconf 88' lang='lat' dir='ltr'><strong>Non</strong></span> <span class='ocrx_word' id='word_1_1001' title='bbox 2717 5355 2789 5399; x_wconf 89' lang='lat' dir='ltr'><strong>est</strong></span> <span class='ocrx_word' id='word_1_1002' title='bbox 2818 5347 3010 5402; x_wconf 85' lang='lat' dir='ltr'><strong>sanitas</strong></span> <span class='ocrx_word' id='word_1_1003' title='bbox 3039 5347 3090 5400; x_wconf 89' lang='lat' dir='ltr'><strong>in</strong></span> <span class='ocrx_word' id='word_1_1004' title='bbox 3130 5365 3284 5402; x_wconf 86' lang='lat' dir='ltr'><strong>carne</strong></span> <span class='ocrx_word' id='word_1_1005' title='bbox 3324 5365 3436 5403; x_wconf 87' lang='lat' dir='ltr'><strong>mea</strong></span> <span class='ocrx_word' id='word_1_1006' title='bbox 3479 5367 3508 5402; x_wconf 88' lang='lat' dir='ltr'><strong>a</strong></span> <span class='ocrx_word' id='word_1_1007' title='bbox 3537 5351 3680 5404; x_wconf 79' lang='lat' dir='ltr'><strong>vultu</strong></span> <span class='ocrx_word' id='word_1_1008' title='bbox 3715 5354 3826 5407; x_wconf 72' lang='lat' dir='ltr'><strong>ine</strong></span> 
     </span>
    </p>
   </div>
   <div class='ocr_carea' id='block_1_116' title="bbox 2207 5437 3822 5516">
    <p class='ocr_par' dir='ltr' id='par_1_116' title="bbox 2207 5437 3822 5516">
     <span class='ocr_line' id='line_1_116' title="bbox 2207 5437 3822 5516; baseline 0.004 -22"><span class='ocrx_word' id='word_1_1009' title='bbox 2207 5451 2306 5496; x_wconf 80' lang='lat' dir='ltr'><strong>tua:</strong></span> <span class='ocrx_word' id='word_1_1010' title='bbox 2325 5459 2344 5495; x_wconf 87' lang='lat'><strong><em>:</em></strong></span> <span class='ocrx_word' id='word_1_1011' title='bbox 2373 5458 2473 5494; x_wconf 90' lang='lat' dir='ltr'><strong>non</strong></span> <span class='ocrx_word' id='word_1_1012' title='bbox 2501 5450 2570 5494; x_wconf 88' lang='lat' dir='ltr'><strong>est</strong></span> <span class='ocrx_word' id='word_1_1013' title='bbox 2599 5455 2701 5510; x_wconf 75' lang='lat' dir='ltr'><strong>pax</strong></span> <span class='ocrx_word' id='word_1_1014' title='bbox 2725 5437 2918 5492; x_wconf 88' lang='lat' dir='ltr'><strong>ossibus</strong></span> <span class='ocrx_word' id='word_1_1015' title='bbox 2941 5440 3079 5494; x_wconf 86' lang='lat' dir='ltr'><strong>meis.</strong></span> <span class='ocrx_word' id='word_1_1016' title='bbox 3108 5440 3371 5511; x_wconf 83' lang='lat' dir='ltr'><strong>Repetivit</strong></span> <span class='ocrx_word' id='word_1_1017' title='bbox 3397 5442 3448 5498; x_wconf 90' lang='lat' dir='ltr'><strong>id</strong></span> <span class='ocrx_word' id='word_1_1018' title='bbox 3472 5443 3611 5512; x_wconf 90' lang='lat' dir='ltr'><strong>quod</strong></span> <span class='ocrx_word' id='word_1_1019' title='bbox 3642 5444 3822 5516; x_wconf 80' lang='lat' dir='ltr'><strong>dixit,</strong></span> 
     </span>
    </p>
   </div>
   <div class='ocr_carea' id='block_1_117' title="bbox 2213 5530 3826 5601">
    <p class='ocr_par' dir='ltr' id='par_1_117' title="bbox 2213 5530 3826 5601">
     <span class='ocr_line' id='line_1_117' title="bbox 2213 5530 3826 5601; baseline 0.004 -15"><span class='ocrx_word' id='word_1_1020' title='bbox 2213 5531 2332 5586; x_wconf 83' lang='lat' dir='ltr'><strong>Non</strong></span> <span class='ocrx_word' id='word_1_1021' title='bbox 2351 5541 2422 5585; x_wconf 89' lang='lat' dir='ltr'><strong>est</strong></span> <span class='ocrx_word' id='word_1_1022' title='bbox 2455 5531 2647 5585; x_wconf 84' lang='lat' dir='ltr'><strong>sanitas</strong></span> <span class='ocrx_word' id='word_1_1023' title='bbox 2673 5530 2723 5582; x_wconf 89' lang='lat' dir='ltr'><strong>in</strong></span> <span class='ocrx_word' id='word_1_1024' title='bbox 2750 5546 2902 5583; x_wconf 87' lang='lat' dir='ltr'><strong>carne</strong></span> <span class='ocrx_word' id='word_1_1025' title='bbox 2939 5547 3050 5585; x_wconf 89' lang='lat' dir='ltr'><strong>mea</strong></span> <span class='ocrx_word' id='word_1_1026' title='bbox 3079 5548 3098 5586; x_wconf 88' lang='lat'><strong><em>:</em></strong></span> <span class='ocrx_word' id='word_1_1027' title='bbox 3130 5533 3229 5587; x_wconf 91' lang='lat' dir='ltr'><strong>hoc</strong></span> <span class='ocrx_word' id='word_1_1028' title='bbox 3254 5541 3336 5588; x_wconf 91' lang='lat' dir='ltr'><strong>est</strong></span> <span class='ocrx_word' id='word_1_1029' title='bbox 3381 5535 3522 5588; x_wconf 89' lang='lat' dir='ltr'><strong>enim</strong></span> <span class='ocrx_word' id='word_1_1030' title='bbox 3543 5576 3557 5601; x_wconf 96' lang='lat'><strong>,</strong></span> <span class='ocrx_word' id='word_1_1031' title='bbox 3600 5551 3705 5590; x_wconf 87' lang='lat' dir='ltr'><strong>non</strong></span> <span class='ocrx_word' id='word_1_1032' title='bbox 3738 5549 3826 5594; x_wconf 85' lang='lat' dir='ltr'><strong>est</strong></span> 
     </span>
    </p>
   </div>
   <div class='ocr_carea' id='block_1_118' title="bbox 2208 5621 3825 5696">
    <p class='ocr_par' dir='ltr' id='par_1_118' title="bbox 2208 5621 3825 5696">
     <span class='ocr_line' id='line_1_118' title="bbox 2208 5621 3825 5696; baseline 0.006 -20"><span class='ocrx_word' id='word_1_1033' title='bbox 2208 5641 2311 5696; x_wconf 74' lang='lat' dir='ltr'><strong>pax</strong></span> <span class='ocrx_word' id='word_1_1034' title='bbox 2327 5622 2517 5677; x_wconf 77' lang='lat' dir='ltr'><strong>ossibus</strong></span> <span class='ocrx_word' id='word_1_1035' title='bbox 2547 5623 2688 5676; x_wconf 90' lang='lat' dir='ltr'><strong>meis.</strong></span> <span class='ocrx_word' id='word_1_1036' title='bbox 2713 5621 2828 5676; x_wconf 90' lang='lat' dir='ltr'><strong>Non</strong></span> <span class='ocrx_word' id='word_1_1037' title='bbox 2847 5633 3022 5678; x_wconf 88' lang='lat' dir='ltr'><strong>autem</strong></span> <span class='ocrx_word' id='word_1_1038' title='bbox 3043 5624 3305 5693; x_wconf 88' lang='lat' dir='ltr'><strong>repetivit,</strong></span> <span class='ocrx_word' id='word_1_1039' title='bbox 3325 5643 3356 5679; x_wconf 93' lang='lat' dir='ltr'><strong>a</strong></span> <span class='ocrx_word' id='word_1_1040' title='bbox 3377 5626 3515 5680; x_wconf 78' lang='lat' dir='ltr'><strong>vultu</strong></span> <span class='ocrx_word' id='word_1_1041' title='bbox 3541 5627 3633 5681; x_wconf 78' lang='lat' dir='ltr'><strong>ira:</strong></span> <span class='ocrx_word' id='word_1_1042' title='bbox 3651 5639 3768 5685; x_wconf 75' lang='lat' dir='ltr'><strong>tua:</strong></span> <span class='ocrx_word' id='word_1_1043' title='bbox 3807 5650 3825 5688; x_wconf 91' lang='lat'><strong><em>:</em></strong></span> 
     </span>
    </p>
   </div>
   <div class='ocr_carea' id='block_1_119' title="bbox 2207 5715 3828 5790">
    <p class='ocr_par' dir='ltr' id='par_1_119' title="bbox 2207 5715 3828 5790">
     <span class='ocr_line' id='line_1_119' title="bbox 2207 5715 3828 5790; baseline 0.006 -19"><span class='ocrx_word' id='word_1_1044' title='bbox 2207 5716 2300 5771; x_wconf 87' lang='lat' dir='ltr'><strong>sed</strong></span> <span class='ocrx_word' id='word_1_1045' title='bbox 2322 5731 2533 5771; x_wconf 89' lang='lat' dir='ltr'><strong>causam</strong></span> <span class='ocrx_word' id='word_1_1046' title='bbox 2563 5715 2693 5769; x_wconf 84' lang='lat' dir='ltr'><strong>dixit</strong></span> <span class='ocrx_word' id='word_1_1047' title='bbox 2716 5716 2808 5769; x_wconf 83' lang='lat' dir='ltr'><strong>irae</strong></span> <span class='ocrx_word' id='word_1_1048' title='bbox 2837 5715 2968 5782; x_wconf 87' lang='lat' dir='ltr'><strong>Dei,</strong></span> <span class='ocrx_word' id='word_1_1049' title='bbox 3000 5715 3120 5770; x_wconf 87' lang='lat' dir='ltr'><strong>Non</strong></span> <span class='ocrx_word' id='word_1_1050' title='bbox 3151 5726 3222 5771; x_wconf 86' lang='lat' dir='ltr'><strong>est</strong></span> <span class='ocrx_word' id='word_1_1051' title='bbox 3251 5734 3355 5787; x_wconf 74' lang='lat' dir='ltr'><strong>pax</strong></span> <span class='ocrx_word' id='word_1_1052' title='bbox 3379 5760 3395 5786; x_wconf 93' lang='lat'><strong>,</strong></span> <span class='ocrx_word' id='word_1_1053' title='bbox 3426 5719 3634 5790; x_wconf 89' lang='lat' dir='ltr'><strong>inquit,</strong></span> <span class='ocrx_word' id='word_1_1054' title='bbox 3670 5727 3828 5780; x_wconf 80' lang='lat' dir='ltr'><strong>ossi-</strong></span> 
     </span>
    </p>
   </div>
   <div class='ocr_carea' id='block_1_120' title="bbox 2212 5807 3274 5878">
    <p class='ocr_par' dir='ltr' id='par_1_120' title="bbox 2212 5807 3274 5878">
     <span class='ocr_line' id='line_1_120' title="bbox 2212 5807 3274 5878; baseline -0.002 -14"><span class='ocrx_word' id='word_1_1055' title='bbox 2212 5808 2303 5864; x_wconf 87' lang='lat' dir='ltr'><strong>bus</strong></span> <span class='ocrx_word' id='word_1_1056' title='bbox 2327 5807 2450 5861; x_wconf 89' lang='lat' dir='ltr'><strong>meis</strong></span> <span class='ocrx_word' id='word_1_1057' title='bbox 2471 5823 2501 5860; x_wconf 90' lang='lat' dir='ltr'><strong>a</strong></span> <span class='ocrx_word' id='word_1_1058' title='bbox 2531 5807 2660 5877; x_wconf 84' lang='lat' dir='ltr'><strong>facie</strong></span> <span class='ocrx_word' id='word_1_1059' title='bbox 2683 5815 3002 5878; x_wconf 83' lang='lat' dir='ltr'><strong>peccatorum</strong></span> <span class='ocrx_word' id='word_1_1060' title='bbox 3033 5824 3274 5862; x_wconf 89' lang='lat' dir='ltr'><strong>meorum.</strong></span> 
     </span>
    </p>
   </div>
   <div class='ocr_carea' id='block_1_121' title="bbox 2276 5917 3678 5984">
    <p class='ocr_par' dir='ltr' id='par_1_121' title="bbox 2276 5917 3678 5984">
     <span class='ocr_line' id='line_1_121' title="bbox 2276 5917 3678 5984; baseline 0.009 -15"><span class='ocrx_word' id='word_1_1061' title='bbox 2276 5920 2293 5955; x_wconf 71' lang='grc' dir='ltr'>ί</span> <span class='ocrx_word' id='word_1_1062' title='bbox 2319 5917 2542 5984; x_wconf 78' lang='lat' dir='ltr'><strong>Plerique</strong></span> <span class='ocrx_word' id='word_1_1063' title='bbox 2563 5925 2690 5982; x_wconf 71' lang='lat' dir='ltr'><strong>Mss,</strong></span> <span class='ocrx_word' id='word_1_1064' title='bbox 2709 5931 2770 5973; x_wconf 85' lang='lat' dir='ltr'><strong>ne</strong></span> <span class='ocrx_word' id='word_1_1065' title='bbox 2790 5924 2840 5970; x_wconf 85' lang='lat' dir='ltr'><strong>tu</strong></span> <span class='ocrx_word' id='word_1_1066' title='bbox 2857 5919 3029 5972; x_wconf 62' lang='lat' dir='ltr'><strong>debere</strong></span> <span class='ocrx_word' id='word_1_1067' title='bbox 3052 5919 3261 5974; x_wconf 66' lang='lat' dir='ltr'><strong>videatis</strong></span> <span class='ocrx_word' id='word_1_1068' title='bbox 3273 5919 3411 5974; x_wconf 82' lang='lat' dir='ltr'><strong>illum</strong></span> <span class='ocrx_word' id='word_1_1069' title='bbox 3429 5934 3678 5981; x_wconf 77' lang='lat' dir='ltr'><strong>accusare.</strong></span> 
     </span>
    </p>
   </div>
  </div>
