4042 6474
282 347 374 408 101

347 465 399 520 8.
433 461 586 537 [vers.
625 464 710 542 5.]
761 465 1010 534 Quoniam
1058 468 1343 541 iniquitates
1384 485 1508 524 mete
1551 471 1859 526 sustulerunt

276 567 422 628 caput
448 575 638 624 meum,
672 561 798 614 sicut
828 561 980 632 fascis
1008 561 1174 632 gravis
1199 572 1425 632 gravata:
1449 569 1565 616 sunt
1595 578 1744 631 super
1767 577 1863 614 me.

277 651 342 708 Et
370 651 455 708 hic
484 669 709 709 causam
746 655 1040 726 praemisit,
1073 664 1128 710 et
1165 654 1413 711 effectum
1444 655 1705 725 subjecit;
1738 655 1865 726 quid

275 745 412 801 unde
440 747 731 818 contigerit
759 748 890 804 dixit
921 766 935 805 :
969 747 1272 820 Iniquitates
1294 765 1418 804 mea:
1438 749 1746 803 sustulerunt
1774 766 1866 802 ca-

273 847 357 908 put
385 854 578 892 meum.
607 839 775 894 Nemo
801 841 943 895 enim
987 840 1250 912 superbus
1275 884 1290 908 ,
1342 841 1448 896 nisi
1487 841 1729 911 iniquus,
1779 840 1864 896 cui

271 933 570 987 sustollitur
597 942 776 1004 caput.
820 934 1043 990 Sursum
1094 937 1328 1003 tollitur,
1362 936 1450 1007 qui
1503 937 1658 1006 erigit
1706 945 1865 1005 caput

269 1026 528 1078 adversus
571 1024 760 1078 Deum.
794 1025 1031 1080 Audistis
1083 1041 1201 1080 cum
1244 1026 1401 1081 lectio
1449 1027 1712 1096 legeretur
1742 1025 1861 1081 libri

275 1115 659 1181 Ecclesiastici,
698 1115 909 1171 Initium
937 1118 1188 1187 superbia
1209 1117 1424 1172 hominis
1444 1159 1459 1184 ,
1503 1127 1792 1188 apostatare
1822 1134 1852 1169 a

274 1207 372 1261 Deo
406 1207 600 1278 (Eccli.
629 1227 662 1265 x
690 1253 704 1276 ,
735 1211 843 1281 14).
874 1211 970 1267 Ille
1011 1212 1099 1283 qui
1132 1213 1279 1282 prior
1309 1211 1476 1266 noluit
1503 1211 1688 1266 audire
1729 1227 1864 1282 prae-

268 1313 500 1369 ceptum,
520 1303 736 1357 sustulit
755 1302 1004 1374 iniquitas
1027 1304 1192 1374 ipsius
1213 1313 1369 1374 caput
1389 1303 1645 1358 adversus
1673 1303 1860 1358 Deum.

271 1391 326 1446 Et
358 1394 483 1462 quia
515 1394 826 1465 iniquitates
856 1396 1190 1450 sustulerunt
1216 1403 1378 1462 caput
1422 1395 1538 1464 ejus
1558 1437 1572 1460 ,
1622 1394 1747 1466 quid
1789 1393 1861 1450 illi

267 1480 384 1536 ferit
419 1483 610 1538 Deus?
636 1485 780 1540 Sicut
807 1486 962 1556 fascis
983 1487 1149 1558 gravis
1169 1496 1392 1558 gravata:
1410 1494 1526 1540 sunt
1567 1503 1718 1558 super
1762 1501 1858 1540 me.

267 1573 522 1632 Levitatis
554 1586 640 1632 est
665 1579 870 1649 erigere
893 1586 1072 1646 caput,
1097 1579 1246 1648 quasi
1277 1577 1407 1632 nihil
1441 1587 1612 1648 portat
1641 1579 1728 1650 qui
1756 1578 1858 1632 eri-

265 1669 335 1738 git
362 1678 548 1740 caput.
582 1669 713 1737 Quia
739 1686 866 1742 ergo
892 1671 1008 1726 leve
1034 1679 1116 1725 est
1145 1671 1285 1741 quod
1316 1679 1492 1740 potest
1521 1671 1686 1741 erigi,
1718 1671 1860 1725 acci-

265 1759 336 1829 pit
363 1759 579 1828 pondns
612 1760 749 1814 unde
782 1761 950 1830 possit
997 1761 1298 1830 comprimi.
1326 1761 1670 1818 Convertitur
1714 1763 1860 1820 enim

265 1850 410 1904 labor
429 1852 554 1920 ejus
578 1851 629 1905 iu
652 1861 812 1922 caput
832 1853 950 1922 ejus
971 1894 984 1916 ,
1015 1862 1068 1908 et
1094 1853 1346 1923 iniquitas
1377 1855 1491 1924 ejus
1520 1855 1571 1910 in
1598 1861 1855 1914 verticem

266 1945 372 2013 ejus
395 1944 682 2000 descemlit
714 1944 883 2017 (Psal.
911 1963 1018 2016 vn,
1050 1945 1160 2019 17).
1192 1946 1336 2001 Sicut
1374 1947 1527 2022 [assis
1551 1953 1717 2024 gravis
1740 1969 1860 2023 gra-

264 2047 384 2090 velte
405 2048 529 2091 sunt
558 2055 714 2107 super
741 2056 836 2094 me.

330 2129 553 2203 9.[vers.
587 2130 666 2204 6.]
704 2133 1130 2206 Computruerunt
1169 2149 1214 2194 et
1241 2150 1514 2212 patuerunt
1533 2141 1712 2195 livores
1737 2141 1855 2194 mei.

263 2223 374 2280 Jam
405 2233 500 2302 qui
529 2233 724 2286 livores
755 2233 931 2296 habet,
965 2249 1069 2289 non
1095 2242 1178 2289 est
1204 2249 1388 2289 sanus.
1421 2233 1569 2287 Adde
1608 2234 1728 2304 quia
1757 2234 1856 2300 ipsi

267 2323 456 2379 livores
485 2334 927 2394 computruerunt
952 2335 1006 2380 et
1030 2335 1338 2396 putuerunt.
1372 2323 1523 2381 Unde
1547 2325 1856 2394 potuerunt?

263 2415 389 2483 Quia
419 2425 881 2486 computruerunt.
905 2415 1020 2470 Jam
1051 2416 1318 2487 quomodo
1347 2415 1448 2470 hoc
1478 2416 1772 2486 explicetur
1802 2416 1854 2470 in

263 2511 363 2562 vita
396 2509 630 2562 humana
660 2509 778 2580 quis
806 2508 906 2564 hoc
935 2526 1040 2564 non
1070 2510 1217 2563 novit
1242 2510 1301 2562 ‘?
1335 2509 1534 2564 llabeat
1559 2509 1749 2579 aliquis
1771 2524 1855 2564 sa-

265 2617 384 2654 num
425 2601 682 2655 olfactum
729 2601 955 2668 animm,
983 2602 1144 2656 sentit
1181 2601 1450 2672 quomodo
1491 2612 1704 2670 puteant
1731 2617 1856 2670 pec-

263 2704 394 2746 uua.
427 2693 526 2748 Cui
558 2692 737 2762 putori
762 2701 1100 2762 peccatorum
1128 2693 1426 2747 contrarius
1450 2703 1564 2748 erat
1592 2693 1725 2747 odor
1745 2694 1850 2759 ille,

263 2784 327 2840 de
354 2801 460 2854 quo
487 2784 619 2838 dicit
644 2785 932 2854 Apostolus
959 2801 973 2838 :
998 2783 1184 2838 Christi
1205 2783 1365 2838 bonus
1383 2783 1509 2838 odor
1523 2801 1698 2838 sumus
1722 2784 1848 2851 Deo,

261 2877 312 2929 in
331 2878 468 2930 omni
498 2877 631 2945 ioco,
665 2877 728 2930 iis
756 2878 842 2946 qui
872 2875 1000 2931 salvi
1019 2878 1145 2946 ﬁunt
1169 2877 1234 2950 (ΙΙ
1253 2876 1370 2933 Cor.
1401 2876 1590 2950 11,15).
1619 2877 1723 2933 Sed
1750 2893 1851 2931 un-

262 2967 346 3034 de,
372 2968 475 3022 nisi
505 2968 573 3022 de
614 2969 749 3037 spe?
777 2966 952 3032 Unde,
992 2968 1092 3022 nisi
1122 2967 1189 3022 de
1215 2967 1583 3023 recordatione
1608 2966 1852 3022 sabbati?

263 3061 415 3116 Aliud
445 3061 590 3116 enim
622 3060 924 3132 plangimus
947 3060 998 3114 in
1025 3059 1126 3114 hac
1155 3060 1283 3127 vita,
1315 3059 1455 3114 aliud
1481 3059 1850 3129 praesumimus

262 3153 312 3207 in
339 3152 426 3207 illa
457 3151 586 3205 vita.
622 3150 773 3218 Quod
798 3151 1080 3222 plangitur,
1110 3159 1296 3221 putet:
1321 3150 1461 3221 quod
1489 3151 1846 3220 praesumitur,

260 3244 474 3315 fragrat.
505 3244 647 3314 Ergo
675 3243 772 3297 nisi
811 3253 953 3298 esset
981 3242 1072 3297 ille
1106 3243 1226 3298 talis
1254 3241 1388 3298 odor
1416 3241 1504 3313 qui
1536 3255 1635 3296 nos
1657 3241 1850 3296 invita-

260 3348 357 3404 ret,
386 3353 660 3409 nunquam
701 3336 978 3392 sabbatum
1008 3334 1432 3391 recordaremur.
1475 3334 1582 3390 Sed
1608 3335 1728 3405 quia
1756 3335 1850 3389 ha-

259 3430 442 3485 bemus
494 3445 590 3500 per
636 3428 931 3499 Spiritum'
983 3428 1157 3497 ipsum
1215 3427 1457 3495 odorem,
1505 3436 1563 3482 ut
1609 3425 1848 3482 dicamus

257 3535 457 3592 sponso
484 3528 690 3585 nostro,
718 3517 842 3574 Post
875 3519 1080 3574 odorem
1103 3527 1471 3590 unguentorum
1501 3527 1703 3573 tuorum
1724 3534 1846 3580 cur-

259 3631 424 3669 remus
454 3611 627 3686 (Cant.
663 3629 700 3678 ι,
743 3612 830 3684 5);
860 3612 1146 3667 avertimus
1171 3627 1201 3666 a
1231 3612 1509 3682 putoribus
1539 3610 1739 3664 nostris
1765 3609 1848 3664 ol-

257 3706 475 3774 factum,
508 3714 563 3760 ει
591 3713 962 3760 convertentes
990 3717 1087 3758 nos
1111 3701 1178 3758 ad
1207 3703 1379 3772 ipsum
1412 3702 1740 3773 aliquantum
1765 3717 1850 3757 re-

255 3800 542 3870 spiramus.
569 3796 675 3852 Sed
697 3796 796 3850 nisi
823 3795 888 3850 ad
911 3809 1010 3850 nos
1037 3795 1218 3849 oleant
1239 3802 1294 3850 et
1314 3793 1451 3848 mala
1479 3802 1682 3853 nostra.
1712 3809 1850 3847 nun-

256 3906 414 3961 quam
456 3890 573 3944 istis
619 3888 904 3959 gemitibus
950 3886 1287 3952 contitemur,
1335 3884 1759 3956 Computruerunt
1803 3894 1850 3939 et

258 3989 530 4052 patuerunt
552 3979 731 4035 livores
765 3980 880 4034 mei.
915 3977 1104 4035 Unde?
1128 3979 1172 4032 A
1201 3979 1330 4050 facie
1365 3978 1668 4048 insipientia:
1702 3993 1844 4034 meat.

259 4073 412 4130 Unde
437 4073 571 4129 dixit
598 4073 862 4143 superius,
893 4071 938 4126 Α
957 4071 1088 4142 [acie
1115 4080 1433 4142 peccatorum
1463 4086 1687 4126 meorum
1717 4086 1736 4126 .°
1765 4071 1846 4126 in-

256 4166 322 4222 de
353 4182 515 4233 nunc,
541 4167 580 4220 Α
603 4166 734 4237 facie
753 4165 1212 4234 insipientiamew.

328 4260 418 4315 10.
459 4256 611 4332 [βενε.
641 4255 718 4330 7.]
748 4256 968 4312 Miseriis
996 4257 1205 4327 amictus
1240 4273 1370 4324 sum,
1398 4266 1445 4312 et
1464 4266 1697 4311 curvatus
1734 4274 1848 4313 sum

257 4369 414 4424 usque
451 4353 506 4406 in
531 4352 705 4420 ﬁnem.
753 4348 903 4406 Unde
931 4357 1179 4405 curvatus
1208 4348 1327 4404 est?
1355 4349 1487 4416 Quia
1513 4350 1682 4404 elatus
1709 4357 1843 4406 erat.

258 4444 314 4500 Si
344 4445 508 4500 fueris
533 4443 772 4509 humilis,
801 4443 1058 4512 erigeris;
1089 4442 1134 4498 si
1164 4441 1328 4498 fueris
1356 4442 1547 4509 elatus,
1583 4443 1845 4498 curvabe-

257 4537 334 4593 ris
360 4553 374 4590 :
411 4551 514 4590 non
541 4536 682 4590 enim
712 4533 886 4590 deerit
914 4533 1022 4588 Deo
1059 4533 1262 4603 pondus
1291 4533 1430 4588 unde
1457 4542 1508 4588 te
1536 4543 1741 4590 curvet.
1773 4533 1844 4589 ll-

257 4628 348 4685 lud
378 4629 482 4684 erit
506 4625 750 4700 pondus,
797 4625 953 4680 fascis
983 4634 1318 4693 peccatorum
1348 4633 1556 4680 tuorum
1588 4642 1600 4677 :
1635 4624 1735 4680 hoc
1763 4641 1848 4680 re-

258 4719 540 4791 plicabitur
566 4720 618 4773 in
647 4726 806 4788 caput
832 4725 999 4783 tuum,
1033 4725 1088 4771 et
1120 4716 1444 4772 curvaberis.
1476 4715 1612 4782 Quid
1639 4727 1720 4771 est
1748 4732 1846 4772 au-

260 4823 368 4866 tem
396 4811 638 4867 curvari?
663 4809 778 4865 Non
802 4824 861 4864 se
887 4823 1041 4879 posse
1060 4809 1284 4879 erigere.
1315 4808 1495 4863 Talem
1522 4807 1724 4864 invenit
1746 4809 1849 4864 Do-

259 4907 437 4960 minus
465 4903 744 4960 mulierem
789 4917 884 4972 per
921 4901 1107 4956 decem
1137 4909 1191 4955 et
1232 4908 1353 4956 octo
1391 4915 1559 4955 annos
1588 4916 1842 4956 curvam:

257 5015 364 5054 non
398 5013 455 5054 se
482 5004 694 5068 poterat
717 4995 923 5066 erigere
965 4993 1116 5066 (Luc.
1142 5009 1259 5060 xm,
1289 4992 1399 5063 11).
1425 4993 1578 5049 Tales
1605 5003 1731 5050 sunt
1755 4995 1847 5067 qui

257 5090 315 5144 iu
343 5100 484 5145 terra
505 5103 604 5144 cor
637 5087 857 5142 habent.
896 5087 967 5140 At
992 5099 1140 5151 vero,
1169 5086 1289 5156 quia
1317 5086 1519 5141 invenit
1545 5087 1734 5142 mulier
1760 5087 1847 5142 illa

259 5183 567 5248 Dominum,
585 5189 638 5238 et
658 5180 866 5235 sanavit
880 5194 1020 5244 eam,
1040 5177 1230 5234 habeat
1249 5192 1456 5233 sursum
1476 5192 1588 5233 cor.
1607 5177 1663 5233 In
1679 5194 1848 5250 quan-

258 5285 371 5329 tum
404 5284 580 5329 tamen
599 5281 872 5336 curvatur,
903 5269 1076 5325 adhuc
1095 5270 1279 5340 gemit.
1301 5269 1563 5325 Curvatur
1587 5271 1728 5326 enim
1760 5272 1848 5328 ille

253 5369 349 5438 qui
397 5367 524 5423 dicit
554 5384 568 5420 :
601 5365 799 5438 Corpus
837 5365 969 5420 enim
1009 5364 1145 5435 quod
1181 5365 1561 5434 corrumpitur,
1608 5375 1850 5437 aggravet

254 5464 502 5527 animum,
534 5472 581 5516 et
609 5461 850 5533 deprimit
880 5471 1078 5514 terrena
1111 5458 1409 5512 inltabitatio
1444 5474 1647 5512 sensum
1689 5457 1849 5513 multa

253 5556 562 5628 cegitantem
594 5553 749 5627 (Sap.
785 5567 862 5622 lx,
889 5552 1000 5624 15).
1033 5551 1089 5607 In
1129 5550 1211 5607 his
1239 5559 1436 5623 gemat,
1469 5558 1528 5606 ut
1557 5551 1685 5606 illud
1711 5552 1850 5608 acci-

327 5735 354 5802 ι,
376 5742 472 5802 Ain.
497 5740 571 5802 rx.
591 5739 644 5782 et
666 5731 889 5802 plerique
909 5739 1012 5783 Mss.
1038 5735 1210 5782 carent
1227 5727 1475 5793 particula,
1489 5741 1600 5782 non.
1619 5729 1850 5792 Quidam:

257 5795 750 5864 citharas/tacuerit.
790 5857 835 5864 _7
1088 5862 1104 5864 Α
1146 5851 1204 5864 Η

326 5862 347 5892 ι
374 5857 556 5910 Aliuuot
576 5865 685 5909 ltss.
709 5857 950 5919 omittunt,
969 5867 1055 5921 per
1077 5857 1322 5920 Spiritum.

1347 350 1745 410 ENARRATIO
1783 349 1849 406 IN
1889 349 2213 410 PSALMUM
2245 353 2506 413 XXXVII.

3450 358 3559 422 409

1976 479 2103 540 piat,
2132 471 2439 527 recordetur
2463 471 2763 538 sabbatum,
2797 481 2854 529 ut
2878 472 2943 528 ad
2973 474 3247 533 sabbatum
3275 481 3556 550 pervenire

1974 573 2258 619 mereatur.
2285 564 2433 631 Quod
2453 565 2592 619 enim
2613 565 2956 622 celebrabant
2975 567 3166 634 Judazi,
3185 572 3391 644 signum
3413 584 3558 632 erat.

1973 653 2132 724 Cujus
2163 656 2234 709 rei
2267 656 2518 726 signum?
2547 656 2714 724 Quam
2755 657 2853 712 iste
2894 661 3234 730 recordatur,
3263 665 3351 734 qui
3381 665 3509 722 dicit
3539 685 3555 722 :

1974 747 2192 803 Miseriis
2215 751 2424 820 amictus
2445 769 2582 818 sum,
2623 762 2670 806 et
2693 763 2928 807 curvatus
2957 771 3068 808 sum
3089 773 3244 826 usque
3275 759 3327 812 in
3380 759 3554 828 ﬁnem.

1971 836 2106 906 Quid
2136 850 2234 905 est,
2269 858 2423 910 usque
2457 843 2509 896 in
2539 845 2730 912 ﬁnem?
2754 844 2932 916 Usque
2963 847 3015 900 in
3043 858 3292 903 mortem.
3318 848 3444 904 Tota
3472 852 3559 909 die

1970 933 2290 986 contristatus
2315 934 2652 990 ambulabant.
2688 935 2813 990 Tota
2839 937 2952 1002 die,
2996 940 3110 994 sine
3136 939 3553 1002 intermissione.

1969 1024 2082 1079 Hoc
2101 1025 2226 1080 dicit
2251 1038 2352 1080 tota
2375 1029 2474 1094 die,
2505 1039 2609 1082 tota
2639 1031 2768 1085 vita.
2802 1029 2906 1087 Sed
2935 1048 2998 1086 ex
3026 1048 3132 1103 quo
3159 1035 3448 1104 cognovit?
3477 1037 3555 1094 Ex

1969 1131 2074 1186 quo
2102 1118 2377 1172 sabbatum
2410 1120 2678 1175 recordari
2710 1123 2889 1192 cmpit.
2923 1123 3182 1190 Quamdiu
3211 1125 3352 1180 enim
3376 1141 3559 1182 recor-

1967 1206 2124 1262 datur
2143 1211 2284 1279 quod
2313 1212 2543 1266 nomlmn
2571 1213 2750 1282 habet,
2783 1230 2887 1270 non
2922 1216 2998 1270 vis
3031 1226 3086 1272 ιιι
3113 1220 3454 1275 contristatus
3478 1221 3558 1275 in-

1967 1301 2159 1356 cedat?
2189 1301 2318 1356 Tota
2348 1305 2430 1357 die
2454 1309 2777 1362 contristalus
2805 1307 3148 1364 ambulabant.

2040 1393 2125 1446 11.
2155 1391 2302 1466 [vers.
2338 1394 2416 1470 8.]
2448 1398 2699 1463 Quoniam
2737 1400 2909 1453 anima
2933 1417 3042 1455 mea
3067 1402 3316 1470 completa
3336 1411 3409 1457 est
3430 1404 3555 1458 illu-

1965 1483 2210 1550 sionibus,
2240 1495 2285 1540 et
2326 1506 2426 1542 non
2452 1499 2522 1543 est
2551 1491 2742 1544 sanitas
2773 1492 2823 1545 in
2849 1508 2999 1546 carne
3028 1511 3159 1547 utea.
3194 1493 3290 1550 Ubi
3317 1510 3446 1566 ergo
3474 1504 3556 1549 est

1969 1584 2108 1632 totus
2141 1579 2300 1635 homo
2319 1623 2334 1647 ,
2364 1584 2537 1636 anima
2569 1593 2624 1640 et
2665 1600 2790 1639 caro
2813 1596 2917 1641 est.
2962 1588 3151 1643 Anima
3181 1589 3444 1658 completa
3474 1598 3558 1644 est

1966 1666 2320 1734 illusionibus,
2351 1689 2476 1729 caro
2497 1675 2777 1731 sanitatem
2805 1693 2910 1732 non
2933 1677 3092 1734 habet
3120 1697 3133 1733 :
3165 1679 3289 1750 quid
3314 1690 3558 1737 remanet

1967 1762 2106 1817 unde
2132 1765 2198 1817 sit
2229 1765 2453 1820 ltetitia?
2483 1767 2666 1822 Nonne
2692 1779 2904 1839 oportet
2933 1779 2989 1826 ut
3011 1774 3394 1828 contristetur?
3427 1772 3556 1828 Tota

1965 1854 2047 1908 die
2069 1859 2390 1912 contristatus
2417 1861 2758 1915 ambulabant.
2803 1860 3039 1919 Tristitia
3079 1865 3232 1920 nobis
3258 1866 3348 1934 sit,
3383 1866 3556 1922 donec

1964 1954 2018 2000 et
2044 1949 2216 2002 anima
2259 1959 2438 2005 nostra
2466 1961 2692 2007 exuatur
2733 1954 3095 2023 illusionibus,
3139 1965 3193 2011 et
3218 1973 3411 2028 corpus
3452 1975 3552 2012 no-

1963 2045 2131 2093 strum
2157 2040 2406 2096 induatur
2436 2044 2678 2100 sanitate.
2715 2043 2804 2099 Illa
2848 2054 2930 2100 est
2968 2047 3110 2102 enim
3151 2064 3274 2103 vera
3318 2050 3551 2118 sanitas,

1963 2146 2082 2201 qua:
2119 2142 2201 2186 est
2240 2134 2632 2191 immortalitas.
2665 2137 2890 2205 Quanta:
2934 2139 3042 2194 sint
3065 2149 3246 2196 autem
3279 2141 3553 2201 illusiones

1962 2221 2188 2287 animm,
2232 2224 2277 2278 si
2318 2226 2539 2280 voluero
2583 2226 2785 2296 dicere,
2815 2239 3025 2299 tempus
3069 2231 3280 2301 quando
3309 2233 3554 2290 sument?

1960 2312 2124 2385 Cujus
2153 2317 2292 2370 enim
2334 2318 2512 2372 anima
2558 2320 2656 2374 ista
2699 2337 2803 2374 non
2836 2323 3073 2392 patitur?
3115 2323 3280 2378 Breve
3305 2334 3386 2379 est
3411 2326 3552 2396 quod

1961 2409 2244 2471 admoneo,
2273 2412 2538 2480 quomodo
2558 2413 2733 2468 anima
2757 2423 2934 2468 nostra
2955 2415 3216 2484 completa
3240 2426 3320 2472 est
3343 2417 3548 2474 illusio-

1961 2501 2137 2556 nibus.
2169 2503 2213 2557 A
2247 2503 2377 2557 facie
2409 2505 2639 2576 ipsarum
2672 2506 2998 2574 illusionum,
3028 2509 3313 2579 aliquando
3336 2511 3419 2564 vix
3441 2527 3552 2565 ora-

1960 2609 2019 2649 re
2049 2595 2426 2663 pcrmittimur.
2457 2597 2531 2652 De
2560 2600 2875 2668 corporibus
2904 2601 3137 2670 cogitare
3174 2619 3278 2656 non
3307 2604 3552 2659 novimus

1961 2687 2062 2741 nisi
2093 2687 2383 2758 imagines;
2425 2699 2479 2744 et
2507 2706 2650 2760 saepe
2695 2691 2908 2747 irruunt
2933 2709 3066 2764 quas
3101 2711 3206 2749 non
3237 2697 3548 2766 quaerimus,

1958 2788 2012 2834 et
2037 2781 2280 2834 volumus
2294 2797 2356 2834 ex
2383 2781 2546 2836 hacin
2573 2783 2709 2838 hanc
2731 2785 2826 2851 ire,
2852 2795 2906 2839 et
2933 2787 2999 2840 ab
3023 2788 3106 2842 illa
3130 2789 3181 2841 in
3207 2789 3349 2843 illam
3375 2799 3550 2844 trans-

1960 2872 2074 2934 ire;
2103 2880 2158 2926 et
2208 2871 2495 2940 aliquando
2536 2875 2610 2928 vis
2655 2875 2831 2930 redire
2857 2875 2921 2929 ad
2965 2875 3016 2930 id
3064 2878 3203 2946 quod
3247 2867 3547 2950 cogitabas,

1956 2969 2010 3016 ει
2043 2961 2310 3015 dimittere
2336 2962 2477 3017 unde
2502 2965 2704 3036 cogitas
2724 3006 2738 3030 ,
2777 2975 2831 3020 et
2868 2966 3010 3021 aliud
3041 2968 3132 3022 tibi
3159 2972 3393 3025 occurrit
3422 2990 3435 3024 :
3469 2973 3549 3026 vis

1956 3052 2224 3106 recordari
2256 3054 2395 3124 quod
2419 3055 2616 3109 oblitus
2637 3071 2786 3123 eras;
2815 3066 2869 3112 et
2891 3073 2997 3113 non
3022 3059 3114 3113 tibi
3139 3061 3288 3116 venit
3318 3063 3370 3116 in
3395 3079 3546 3131 meq-

1957 3153 2084 3210 tem,
2113 3153 2168 3199 et
2209 3146 2353 3199 venit
2390 3148 2562 3216 potius
2605 3149 2745 3203 aliud
2783 3150 2925 3220 quod
2971 3152 3212 3207 nolebas.
3247 3153 3384 3211 Ubi‘
3431 3168 3548 3216 erat

1954 3236 2096 3307 quod
2117 3237 2313 3292 oblitus
2329 3241 2486 3294 eras?
2506 3239 2636 3294 Nam
2654 3257 2820 3311 quare
2843 3253 3023 3312 postea
3043 3247 3187 3301 venit
3208 3247 3263 3302 in
3285 3258 3539 3317 mentem,

1954 3342 2074 3384 cum
2110 3327 2220 3398 jam
2262 3346 2367 3384 non
2399 3333 2762 3401 qumreretur?
2788 3332 2922 3389 Cum
2966 3346 3144 3393 autem
3186 3349 3540 3409 quaereretur,

1954 3431 2300 3476 occurrerunt
2328 3438 2422 3492 pro
2451 3423 2544 3478 illo
2586 3425 2993 3502 innumerabilia
3036 3445 3154 3500 quae
3186 3446 3291 3485 non
3333 3448 3546 3502 quaere-

1954 3511 2166 3568 bantur.
2189 3513 2318 3568 Rem
2337 3514 2444 3568 dixi
2469 3515 2705 3583 brevem,
2736 3516 2959 3574 fratres:
2984 3523 3188 3589 aspersi
3215 3523 3397 3578 nescio
3418 3525 3547 3595 quid

1953 3603 2125 3671 vobis,
2153 3620 2257 3674 quo
2285 3614 2504 3676 accepto
2534 3618 2726 3662 ca-tera
2769 3624 2863 3663 vos
2904 3610 3002 3680 ipsi
3029 3613 3322 3682 cogitantes
3342 3655 3358 3682 ,
3391 3616 3544 3673 iuve-

1955 3695 2112 3750 niatis
2136 3695 2260 3766 quid
2287 3697 2356 3749 sit
2382 3698 2632 3765 plangere
2662 3697 2936 3756 illusiones
2963 3701 3154 3756 animus
3182 3713 3400 3758 nostrae.
3435 3708 3544 3760 Ac-

1954 3788 2094 3858 cepit
2117 3802 2244 3857 ergo
2288 3803 2500 3858 penam
2531 3790 2824 3858 illusionis,
2851 3793 3030 3848 amisit
3061 3795 3362 3852 veritatem.
3395 3796 3545 3855 Sicut

1953 3879 2095 3935 enim
2121 3894 2274 3948 paena
2299 3889 2379 3935 est
2404 3882 2596 3936 anima:
2621 3883 2814 3950 illusio,
2836 3884 2914 3939 sic
2941 3887 3214 3956 praemium
3239 3891 3432 3946 animae
3451 3876 3544 3948 ve-

1953 3971 2103 4026 ritas.
2127 3970 2230 4027 Sed
2261 3973 2312 4026 in
2343 3973 2423 4026 his
2451 3974 2784 4030 illllSiOuibUS
2815 3979 3088 4033 constituti
3114 3996 3235 4036 cum
3265 3997 3543 4053 essemus,

1953 4065 2098 4118 venit
2126 4064 2192 4118 ad
2220 4079 2318 4118 nos
2338 4065 2557 4130 veritas,
2587 4074 2640 4120 et
2664 4067 2867 4122 invenit
2907 4083 3004 4123 nos
3027 4083 3309 4142 c00pertos
3336 4074 3547 4130 illusio-

1954 4157 2132 4225 nibus,
2164 4159 2397 4229 suscepit
2425 4174 2644 4215 carnem
2677 4170 2938 4228 nostram,
2969 4165 3054 4219 vel
3085 4167 3260 4235 potius
3284 4182 3314 4221 a
3345 4168 3498 4225 nobis
3523 4210 3548 4239 ,

1954 4249 2008 4304 id
2032 4260 2114 4304 est
2143 4265 2173 4304 a
2197 4265 2392 4321 genere
2419 4251 2671 4306 humano.
2713 4254 2969 4323 Apparuit
3003 4257 3206 4311 oculis”
3248 4260 3425 4314 carnis
3444 4301 3459 4326 ,
3487 4268 3546 4318 ut

1952 4357 2050 4413 per
2085 4343 2244 4397 tidem
2283 4353 2495 4400 sanaret
2528 4361 2622 4401 eos
2657 4347 2851 4416 quibus
2882 4349 3159 4404 veritatem
3188 4352 3358 4408 fuerat
3384 4370 3544 4410 mon-

1953 4441 2258 4488 straturus:
2294 4443 2350 4488 ut
2391 4448 2578 4490 sanato
2616 4437 2774 4492 oculo
2817 4439 3012 4494 veritas
3053 4451 3370 4512 patesceret.
3421 4445 3535 4517 Ipse

1951 4524 2093 4578 enim
2123 4533 2206 4579 est
2228 4527 2443 4591 veritas,
2475 4543 2631 4597 quam
2660 4529 2814 4583 nobis
2839 4532 3100 4601 promisit,
3127 4549 3245 4590 cum
3273 4551 3400 4591 caro
3425 4539 3535 4608 ejus

1952 4615 2241 4677 videretur,
2275 4625 2332 4671 ut
2357 4616 2489 4673 fides
2519 4618 2881 4689 inchoarctur,
2911 4624 3061 4694 cujus
3098 4628 3378 4697 praemium
3404 4634 3536 4688 veri-

1955 4719 2035 4764 tas
2064 4720 2227 4764 esset.
2255 4709 2369 4764 Non
2397 4712 2538 4765 enim
2577 4727 2635 4768 se
2667 4715 2778 4784 ipse
2803 4715 3049 4771 Christus
3073 4720 3459 4780 demonstravit
3490 4728 3540 4782 in

1954 4809 2128 4868 terra,
2169 4802 2262 4856 sed
2299 4801 2687 4859 demonstravit
2725 4820 2940 4861 carnem
2972 4824 3140 4864 suam.
3186 4812 3319 4869 Nam
3370 4817 3418 4873 si
3453 4833 3542 4874 se-

1954 4894 2126 4965 ipsum
2163 4895 2577 4964 demonstraret,
2605 4897 2848 4953 viderent
2887 4901 3034 4956 illum
3061 4903 3229 4962 Judaei
3254 4919 3307 4963 et
3339 4924 3544 4982 cogno-

1954 4996 2167 5043 scerent
2201 5007 2214 5041 :
2247 4988 2340 5043 sed
2386 4989 2431 5043 si
2477 4991 2883 5060 cognovissent,
2936 5010 3206 5066 nunquam
3261 4999 3544 5059 Dominum

1933 5082 2137 5153 gloria:
2167 5083 2559 5138 crucitixissent
2581 5082 2624 5153 (Ι
2656 5081 2774 5138 Cor.
2801 5100 2858 5151 ιι,
2887 5084 2963 5158 8).
2993 5073 3100 5144 sed
3137 5089 3274 5147 forte
3298 5093 3545 5164 discipuli

1954 5173 2224 5237 viderunt,
2257 5174 2471 5246 quando
2502 5175 2574 5228 illi
2597 5174 2879 5232 dicebant:
2909 5178 3129 5238 Ostende
3148 5183 3289 5238 nobis
3310 5184 3542 5253 Patrem,

1955 5276 2002 5321 et
2043 5266 2220 5336 stt/ﬁcit
2249 5266 2413 5321 nobis.
2448 5266 2514 5321 Et
2555 5267 2643 5322 ille
2685 5279 2742 5324 ut
2767 5269 2836 5325 ab
2874 5272 2951 5328 eis
2981 5289 3040 5328 se
3076 5291 3184 5330 non
3224 5277 3394 5332 visum
3425 5294 3546 5338 esse

1955 5368 2294 5424 monstraret,
2326 5359 2591 5430 subjecit:
2619 5361 2787 5417 Tanto
2814 5374 3038 5436 tempore
3065 5368 3317 5424 vobiscum
3339 5387 3472 5437 sum,
3496 5382 3546 5428 et

1956 5468 2056 5505 non
2077 5452 2375 5522 cognovistis
2399 5453 2518 5507 me?
2541 5451 2804 5526 Philippe,
2831 5458 2919 5527 qui
2943 5475 3022 5513 me
3041 5459 3190 5526 videt,
3217 5461 3348 5514 videt
3375 5473 3420 5518 et
3449 5463 3545 5519 Pa.

1958 5552 2102 5597 trem.
2134 5543 2190 5598 Si
2216 5558 2341 5614 ergo
2366 5542 2635 5601 Christum
2657 5547 2926 5615 videbant,
2953 5549 3220 5620 quomodo
3245 5552 3416 5608 adhuc
3442 5554 3548 5610 Pa.

1958 5643 2094 5690 trem
2124 5635 2476 5706 quaerebant?
2505 5637 2562 5692 Si
2592 5639 2736 5694 enim
2765 5640 3012 5696 viderent
3051 5642 3324 5700 Christum
3348 5684 3365 5715 ,
3395 5647 3543 5706 vide~

2023 5791 2416 5910 ζ
2432 5795 2642 5922 irim,
2667 5858 2861 5924 Aperuit
2876 5859 3054 5915 oculos.
