4042 6492
485 368 581 436 103

480 498 594 552 rent
625 506 677 553 et
713 492 942 555 Patrem.
980 494 1224 554 Nondum
1261 497 1439 571 itaque
1461 495 1731 557 Christum
1769 499 2053 575 videbant,

479 590 563 659 qui
593 589 800 643 Patrem
829 590 928 657 sibi
953 588 1162 645 Ostendi
1193 589 1494 669 cupiebant.
1519 589 1656 647 Audi
1677 593 1796 664 quia
1819 593 2069 655 nondum.

478 679 723 735 videbant
753 698 766 733 :
798 680 853 735 In
883 681 1101 761 praemio
1132 681 1259 736 illud
1289 682 1529 753 promisit
1553 683 1655 738 alio
1683 685 1818 752 loco,
1850 685 2054 755 dicens,

477 766 581 839 Qui
610 770 775 843 diligit
796 788 892 836 me,
922 771 1163 833 mandata
1190 790 1299 829 mea
1327 775 1642 832 custodit:et
1666 777 1753 848 qui
1775 778 1936 852 diligit
1958 797 2055 848 me,

477 852 718 935 diligetur
745 882 772 917 a
810 861 964 919 Patre
989 882 1117 931 meo,
1140 873 1188 927 et
1214 884 1301 938 ego
1324 865 1532 939 diligam
1556 885 1685 923 eum.
1718 866 1785 924 Et
1808 879 2055 942 tanquam

474 950 747 1011 diceretur
769 952 819 1011 ei
839 998 853 1024 ,
890 954 1025 1025 Quid
1054 956 1127 1011 illi
1154 956 1323 1022 dabis,
1351 958 1579 1030 diligens
1608 961 1770 1015 eum?
1798 959 1866 1016 Et
1888 974 2056 1019 osten-

476 1046 628 1113 dam,
682 1044 882 1118 inquit,
939 1049 1184 1118 meipsum
1236 1049 1312 1103 illi
1344 1049 1535 1121 (Joan.
1580 1067 1691 1120 xw,
1719 1051 1783 1120 8,
1821 1052 1886 1120 9,
1921 1054 2052 1126 21).

476 1136 531 1194 Si
575 1154 702 1213 ergo
746 1138 1087 1212 diligentibus
1112 1158 1233 1197 eum
1282 1143 1383 1198 hoc
1432 1142 1486 1199 in
1527 1145 1746 1216 praemio
1776 1150 2052 1221 promisit,

474 1235 597 1305 quia
629 1233 873 1291 ostendet
903 1235 1134 1305 seipsum
1166 1234 1273 1292 illis
1296 1252 1311 1302 ;
1337 1237 1673 1295 manifestum
1702 1249 1804 1307 est,
1828 1242 1948 1310 quia
1967 1242 2053 1299 illa

402 1374 403 1381 η
474 1327 609 1385 visio
651 1329 890 1384 veritatis
920 1328 1039 1384 talis
1086 1328 1241 1385 nobis
1286 1331 1644 1402 promittitur,
1676 1350 1778 1404 qua
1810 1336 1919 1391 visa
1944 1335 2053 1409 jam

473 1432 579 1474 non
607 1415 862 1486 dicamus,
895 1418 1114 1491 lmpleta
1139 1430 1211 1477 est
1236 1427 1407 1481 anima
1436 1426 1911 1493 meaillusionibus.

546 1508 632 1566 12.
666 1510 812 1586 [vers.
838 1510 919 1586 9.]
947 1509 1244 1584 Inﬁrmatus
1259 1533 1373 1569 sum
1393 1522 1441 1570 el
1454 1515 1750 1574 humiliatus
1767 1537 1877 1575 sum
1897 1538 2057 1593 usque

471 1602 640 1659 nimis.
670 1602 767 1672 Qui
798 1605 1110 1669 recordatur
1136 1607 1471 1665 altitudinem
1503 1610 1732 1679 sabbati,
1773 1598 1886 1687 ipse
1911 1614 2056 1675 videt

472 1702 725 1768 quantum
755 1698 824 1753 sit
854 1697 1182 1756 humiliatus.
1208 1698 1338 1756 Nam
1368 1702 1457 1775 qui
1485 1719 1591 1766 non
1622 1714 1796 1779 potest
1820 1708 2054 1779 cogitare

471 1798 589 1855 qua:
615 1788 684 1842 sit
711 1786 796 1842 illa
827 1788 1018 1860 quietis
1046 1790 1429 1859 altitudo,onou
1473 1795 1617 1852 videt
1647 1798 1735 1853 ubi
1762 1816 1901 1855 nunc
1924 1800 2050 1858 sit‘.

470 1876 756 1949 Propterea
783 1881 915 1936 alius
943 1881 1177 1952 psalmus
1205 1884 1362 1952 dixit,
1391 1883 1505 1961 Ego
1524 1887 1631 1942 dixi
1658 1889 1710 1944 in
1726 1891 1904 1946 ecstasi
1921 1909 2053 1957 mea:

466 1969 736 2043 Projectus
779 1991 891 2029 sum
916 1990 947 2029 a
975 1974 1107 2047 facie
1134 1977 1396 2039 oculorum
1426 1987 1628 2036 tuorum
1668 1981 1687 2056 (
1711 1981 1856 2038 Psal.
1905 2001 2009 2041 xxx
2031 2026 2048 2054 ,

466 2064 538 2120 25
559 2065 599 2138 ).
626 2067 908 2139 Assumpta
934 2069 1074 2131 enim
1103 2079 1283 2126 mente
1303 2070 1434 2135 vidit
1454 2074 1637 2129 nescio
1657 2075 1783 2149 quid
1801 2075 2047 2145 sublime,

469 2166 526 2214 et
555 2159 695 2230 quod
729 2160 856 2215 vidit
887 2161 1223 2231 nondumibi
1271 2171 1411 2220 totus
1437 2174 1552 2221 erat
1584 2184 1596 2220 :
1627 2152 1685 2222 et
1723 2167 1971 2239 quadam,
2005 2169 2051 2226 si

465 2250 570 2306 dici
602 2260 797 2321 potest,
828 2254 977 2325 quasi
1013 2255 1381 2311 eoruscatione
1423 2255 1559 2314 facta
1587 2257 1802 2331 luminis
1827 2262 2010 2317 aeterni
2030 2303 2049 2331 ,

467 2342 555 2398 ubi
583 2345 752 2409 sensit
779 2364 882 2401 non
914 2362 972 2402 se
997 2348 1067 2421 ibi
1092 2365 1246 2417 esse,
1281 2348 1423 2423 quod
1452 2353 1621 2425 potuit
1648 2361 1936 2429 utcumque
1964 2356 2050 2413 in-

466 2432 732 2507 telligere,
764 2438 895 2494 vidit
921 2440 1008 2499 ubi
1033 2450 1195 2511 esset,
1228 2452 1283 2498 et
1311 2443 1759 2515 quemadmodum
1788 2449 1940 2507 malis
1964 2452 2052 2505 lut-

464 2531 639 2605 manis
668 2530 965 2588 infirmatus
993 2542 1047 2590 et
1066 2544 1365 2591 coarctatus
1389 2546 1534 2593 esset
1561 2556 1574 2592 :
1606 2548 1661 2595 et
1689 2540 1781 2609 ait,
1810 2537 1919 2613 Ego
1942 2543 2050 2598 dixi

462 2617 517 2676 in
545 2624 722 2677 ecstasi
748 2641 857 2703 mea
881 2640 899 2679 :
926 2624 1190 2701 Proiectus
1213 2645 1323 2683 sum
1349 2645 1381 2682 a
1401 2628 1530 2703 facie
1542 2629 1803 2686 oculorum
1823 2642 2045 2700 tuorum.

462 2713 594 2771 Tale
637 2725 716 2771 est
762 2697 945 2775 nescio
989 2697 1114 2790 quid
1143 2721 1285 2792 quod
1332 2697 1437 2778 vidl
1485 2723 1536 2778 in
1567 2726 1759 2781 ecstasi
1785 2768 1800 2795 ,
1834 2736 1895 2783 ut
1923 2697 2048 2791 inde

461 2809 686 2867 sentiam
719 2826 876 2884 quam
906 2812 1063 2884 longe
1100 2828 1241 2887 sum,
1273 2814 1361 2891 qui
1391 2814 1626 2883 nondum
1660 2817 1731 2873 ibi
1757 2833 1897 2876 sum.
1926 2820 2045 2889 Jam

460 2900 532 2955 ibi
555 2910 670 2957 erat
698 2903 784 2973 qui
812 2900 946 2959 dixit
971 2914 1299 2975 assumptum
1332 2922 1391 2964 se
1418 2908 1473 2963 in
1500 2909 1710 2979 tertium
1742 2912 1958 2983 emittm,
1991 2926 2044 2979 et

458 2984 532 3046 ibi
573 2992 822 3048 audiebat
864 2994 1147 3051 inetl‘abilia
1179 2997 1359 3067 verba,
1390 3015 1509 3075 quae
1537 3016 1642 3057 non
1674 3002 1798 3057 licet
1841 3002 2044 3069 homini

458 3081 626 3155 loqui.
668 3080 773 3140 Sed
822 3095 1104 3141 revocatus
1132 3096 1215 3141 est
1254 3086 1321 3143 ad
1351 3104 1450 3144 nos
1474 3132 1487 3154 ,
1521 3100 1578 3155 ut
1614 3102 1854 3161 gemeret
1898 3096 2045 3165 prius

458 3173 815 3245 perliciendus
845 3176 899 3231 in
930 3178 1234 3233 infirmitate
1254 3221 1270 3247 ,
1310 3189 1365 3249 et
1399 3182 1477 3236 sic
1514 3192 1702 3253 postea
1730 3185 2045 3251 indueretur

458 3268 654 3323 virtute
684 3286 696 3322 :
728 3269 992 3341 animatus
1015 3281 1213 3336 tamen,
1240 3271 1359 3348 quia
1388 3273 1518 3345 vidit
1554 3275 1752 3346 aliquid
1775 3293 1949 3333 rerum
1975 3280 2042 3345 il-

456 3357 630 3414 larum
672 3374 768 3429 pro
811 3358 1206 3432 dispensatione
1234 3361 1397 3418 ofﬁcii
1441 3363 1563 3441 sui,
1590 3364 1787 3437 adjecit
1827 3368 2034 3440 dicens,

455 3446 643 3523 Audivi
684 3448 964 3520 ineffabilia
998 3454 1179 3521 verba,
1228 3472 1341 3528 qua:
1370 3473 1471 3511 non
1516 3455 1629 3513 licet
1668 3458 1860 3517 homini
1905 3461 2043 3533 loqui

453 3540 536 3618 (ll
567 3540 684 3603 Cor.
714 3562 822 3613 xu,
852 3544 976 3602 2.10
996 3545 1034 3619 ).
1075 3544 1191 3604 Jam
1221 3564 1349 3623 ergo
1377 3550 1502 3622 quid
1528 3566 1661 3625 opus
1690 3563 1771 3609 est
1813 3563 1867 3611 ut
1897 3572 1927 3612 a
1954 3573 2042 3621 me

453 3643 548 3690 aut
577 3652 605 3689 a
632 3650 899 3710 quoquam
923 3641 1174 3711 quaeratis
1196 3657 1314 3711 qua:
1343 3658 1448 3708 non
1478 3643 1601 3701 licet
1628 3646 1826 3702 homini
1852 3647 1997 3719 loqui
2021 3668 2035 3706 :

452 3725 500 3783 si
534 3728 606 3783 illi
634 3744 738 3783 non
778 3728 925 3784 licuit
954 3730 1136 3804 loqui,
1170 3733 1256 3788 cui
1283 3733 1432 3789 licuit
1468 3735 1691 3799 audire?
1718 3737 2038 3810 Plangamus

452 3824 634 3873 tamen
666 3827 720 3893 et
760 3836 1034 3895 gemamus
1066 3823 1119 3878 in
1147 3823 1520 3894 confessione,
1551 3842 1903 3899 agnoscamus
1946 3834 2037 3899 ubi

449 3909 640 3975 simus,
676 3909 1021 3966 recordemur
1053 3911 1355 3981 sabbatum,
1384 3925 1437 3972 et
1465 3917 1728 3993 patienter
1753 3933 2037 3997 exspecter

448 4012 572 4057 mus
592 4001 733 4075 qUod
760 3998 849 4057 ille
878 4002 1140 4083 promisit,
1171 4007 1261 4078 qui
1287 4008 1439 4069 nobis
1465 4019 1519 4067 et
1545 4012 1601 4079 in
1629 4028 1688 4075 se
1718 4014 1836 4086 ipso
1861 4033 2037 4081 exem-

447 4093 596 4165 plum
627 4094 892 4166 patientia:
919 4094 1325 4159 demonstravit.
1347 4100 1648 4173 Inﬁrmatus
1667 4123 1779 4165 sum
1800 4119 1846 4171 et
1866 4112 2034 4170 [rumi-

444 4184 600 4239 liatus
628 4202 738 4240 sum
761 4203 914 4258 usque
938 4190 1105 4245 nimis.

520 4277 605 4332 15.
640 4274 919 4350 Rugiebam
937 4298 968 4349 α
982 4281 1169 4354 gemitu
1189 4284 1354 4340 cordis
1371 4287 1485 4343 mei.
1506 4287 1791 4353 Attenditis
1806 4295 2034 4367 plerum-

444 4382 548 4439 que
579 4366 917 4441 interpellare
962 4372 1247 4442 gemitibus
1293 4390 1478 4433 servos
1518 4378 1645 4447 Dei,
1693 4393 1748 4439 et
1775 4388 2031 4457 quaeritur

442 4470 603 4514 causa
635 4474 647 4513 :
671 4469 726 4516 et
753 4476 859 4517 non
880 4472 1099 4534 apparet
1120 4463 1220 4520 nisi
1246 4467 1475 4536 gemitus
1504 4470 1728 4543 alicujus
1748 4476 1886 4531 servi
1911 4478 2025 4547 Dei;

445 4548 492 4606 si
521 4560 696 4607 tamen
720 4552 786 4608 ad
814 4568 971 4611 aures
993 4556 1227 4612 hominis
1251 4560 1394 4616 circa
1422 4561 1570 4617 illum
1600 4565 1754 4637 positi
1779 4583 2029 4639 pervene-

439 4640 530 4697 rit.
563 4640 659 4697 Est
680 4644 822 4698 enim
848 4645 1077 4715 gemitus
1096 4648 1337 4706 occultus
1366 4650 1455 4723 qui
1483 4652 1550 4708 ab
1580 4652 1796 4714 homine
1816 4675 1919 4719 non
1940 4677 2028 4718 au-

442 4731 588 4788 ditur
620 4750 633 4787 :
668 4740 849 4791 tamen
872 4734 917 4790 si
946 4745 1085 4792 tanta
1117 4742 1457 4819 occupaverit
1485 4760 1579 4801 cor
1603 4749 1855 4820 cogitatio
1884 4752 2026 4813 desi-

442 4825 579 4882 derii
615 4822 926 4899 cujusdam,
964 4840 1021 4885 ut
1050 4846 1181 4889 voce
1206 4832 1437 4891 clariore
1467 4836 1796 4913 exprimatur
1834 4844 2024 4911 vulnus

435 4919 712 4975 interioris
750 4918 1019 4989 hominis,
1068 4925 1327 4995 quaeritur
1355 4941 1547 4996 causa;
1596 4939 1650 4985 et
1691 4932 1821 4989 dicit
1863 4935 2024 4995 homo

436 5009 576 5082 apud
604 5012 973 5083 semetipsum,
1003 5012 1167 5073 Forte
1192 5017 1322 5075 illud
1348 5029 1430 5077 est
1461 5020 1602 5077 unde
1631 5025 1814 5095 gemit,
1843 5036 1897 5083 et
1920 5028 2022 5097 for-

433 5111 489 5158 te
520 5098 651 5159 lllud
695 5100 771 5159 illi
802 5100 1001 5161 factum
1041 5116 1142 5165 est.
1175 5106 1305 5179 Quis
1335 5118 1515 5185 potest
1555 5114 1886 5189 intelligere,
1916 5123 2019 5180 nisi

431 5194 528 5252 ille
554 5195 614 5250 in
650 5192 803 5267 cujus
832 5194 1000 5254 oculis
1034 5205 1092 5255 et
1116 5200 1335 5265 auribus
1371 5204 1580 5283 gemit?
1606 5205 1894 5280 Propterea
1923 5231 2016 5269 ru-

428 5286 660 5361 giebam,
689 5282 879 5359 inquit,
914 5305 948 5344 a
971 5292 1157 5364 gemitu
1182 5293 1349 5355 cordis
1378 5299 1477 5352 mei
1502 5315 1522 5352 :
1546 5299 1671 5371 quia
1698 5299 1941 5371 homines
1969 5307 2013 5362 si

421 5380 646 5452 quando
684 5379 906 5437 audiunt
955 5387 1207 5455 gemitum
1249 5384 1519 5460 hominis,
1564 5393 1880 5471 plerumque
1916 5415 2014 5471 ge-

425 5472 616 5532 mltum
676 5478 854 5533 carnis
908 5476 1157 5549 audiunt;
1206 5496 1509 5557 gementem
1562 5502 1591 5553 ξι
1647 5493 1845 5561 gemitu
1888 5512 2013 5553 cor-

424 5561 512 5620 dis
538 5578 644 5622 non
672 5566 913 5625 audiunt.
942 5570 1174 5628 Abstulit
1199 5576 1382 5632 nescio
1408 5578 1524 5648 quis
1574 5595 1662 5636 res
1702 5578 1890 5656 hujus;
1922 5604 2012 5651 ru-_

424 5652 623 5728 giebat,
649 5656 744 5715 sed
768 5673 876 5716 non
901 5675 933 5717 a
961 5664 1164 5734 gemitu
1190 5664 1367 5721 cordis
1396 5684 1409 5720 :
1442 5669 1608 5738 alius,
1635 5674 1755 5743 quia
1772 5652 2008 5735 extulit'

491 5762 510 5840 ς
533 5773 701 5840 item.
728 5779 777 5840 ᾳ
801 5781 908 5840 mg.
935 5781 991 5840 st
1009 5783 1140 5840 tom,
1157 5790 1251 5829 non
1274 5779 1403 5832 videt
1423 5780 1613 5836 ειδέναι
1629 5791 1710 5837 stt.

416 5831 885 5947 υάῃῗξῶμυαυω
903 5831 1270 5903 Μυνδίων
1286 5831 1416 5908 uss,
1631 5831 1715 5900 3's
1731 5858 1828 5917 est,
1851 5853 2009 5908 adse-

1717 380 1777 442 s.
1815 382 2182 464 AUGUSTlNl
2204 335 2518 444 item...

3647 403 3748 464 ‘01

2170 504 2366 577 tilium;
2419 506 2573 575 alius,
2622 508 2744 589 quia
2783 526 3043 589 uxorem;
3073 515 3230 587 alius,
3271 520 3393 589 quia
3435 520 3748 595 grandinata

2167 608 2249 655 est
2270 599 2442 667 vinea,
2490 600 2610 679 quia
2637 617 2806 674 euppa
2849 606 3006 677 acuit,
3030 606 3151 681 quia
3189 609 3408 681 diripuit
3448 613 3753 697 iumentum

2168 689 2333 761 ipsius
2390 694 2570 751 nescio
2621 696 2773 769 quis;
2825 697 2994 765 alius,
3052 701 3174 771 quia
3231 689 3482 763 damnum
3536 706 3751 789 aliquod

2167 788 2354 861 pas‘sus
2398 796 2513 851 est;
2567 790 2737 855 alius,
2766 790 2887 862 quia
2937 793 3085 848 timet
3116 794 3388 851 hominem
3436 788 3708 865 inimicum
3737 842 3749 854 .

2165 891 2353 933 omnes
2392 879 2477 935 isti
2511 897 2539 934 a
2577 882 2777 959 gemitu
2816 882 2992 941 carnis
3037 886 3268 959 rugiunt.
3304 890 3370 944 At
3396 907 3525 961 vero
3561 907 3751 963 servus

2169 964 2285 1043 Dei,
2314 970 2434 1053 quia
2475 985 2538 1025 ex
2581 972 2949 1031 recordatione
2979 977 3182 1033 sabbati
3213 981 3387 1052 rugit,
3420 981 3508 1053 ubi
3550 992 3638 1056 est
3663 1000 3754 1045 re-

2163 1074 2324 1131 gnum
2363 1060 2454 1117 Dei
2479 1105 2493 1129 ,
2536 1064 2675 1134 quod
2712 1080 2840 1122 caro
2881 1076 2934 1125 et
2978 1071 3193 1145 sanguis
3244 1087 3348 1126 non
3405 1072 3756 1151 possidebunt

2165 1148 2206 1224 (Ι
2228 1148 2344 1206 Cor.
2376 1169 2463 1217 xv,
2496 1153 2586 1226 50)
2618 1153 2951 1231 :Rugtebam,
2974 1161 3418 1236 iuquit,agemitu
3439 1165 3607 1229 cordis
3629 1166 3749 1221 mei.

2237 1243 2322 1298 14.
2366 1240 2515 1316 [vers.
2566 1245 2677 1321 10.]
2714 1247 2778 1303 Et
2806 1249 2926 1321 quis
2955 1252 3276 1323 agnoscebat
3301 1253 3440 1310 unde
3468 1256 3750 1328 rugiebatf

2163 1330 2398 1405 Subjecit
2429 1353 2442 1388 :
2481 1334 2543 1389 Et
2568 1346 2682 1391 ante
2708 1347 2755 1392 te
2787 1348 2859 1392 est
2886 1357 3031 1397 omne
3065 1339 3368 1398 desiderium
3407 1363 3591 1421 meum.
3633 1346 3754 1405 Non

2167 1424 2308 1478 enim
2339 1436 2462 1479 ante
2496 1424 2759 1497 homines,
2792 1430 2880 1509 qui
2913 1446 3006 1486 cur
3025 1432 3206 1491 videre
3233 1450 3339 1492 non
3366 1448 3586 1511 possunt
3612 1458 3625 1494 :
3654 1440 3753 1497 sed

2161 1525 2276 1570 ante
2299 1524 2346 1571 te
2365 1528 2436 1570 est
2458 1536 2605 1573 omne
2624 1518 2925 1575 desiderium
2943 1526 3129 1577 meum.
3152 1524 3231 1580 Sit
3249 1525 3570 1593 desiderium
3600 1540 3755 1591 tuum

2160 1614 2283 1663 ante
2312 1607 2491 1675 illum;
2522 1618 2573 1665 et
2600 1611 2759 1666 Pater
2785 1611 2874 1684 qui
2903 1613 3049 1670 videt
3092 1615 3142 1671 in
3174 1618 3406 1685 occulto,
3437 1619 3627 1689 reddet
3654 1623 3752 1678 tibi

2162 1693 2386 1772 (Matth.
2412 1716 2495 1765 vt,
2525 1699 2615 1774 6).
2649 1701 2821 1775 lpsmn
2854 1706 2993 1760 enim
3020 1705 3343 1765 desiderium
3371 1719 3538 1778 tuum,
3569 1715 3750 1770 oratio

2160 1798 2248 1847 tua
2276 1802 2358 1848 est
2388 1811 2399 1846 :
2431 1804 2484 1849 et
2512 1795 2555 1850 si
2577 1798 2885 1853 continuum
2913 1797 3260 1867 desiderium,
3285 1802 3533 1860 continua
3552 1807 3750 1862 oratio.

2158 1881 2273 1940 Non
2301 1887 2444 1941 enim
2478 1886 2671 1947 frustra
2699 1890 2833 1949 dixit
2863 1891 3153 1969 Apostolus
3174 1938 3189 1963 ,
3217 1894 3343 1959 Sine
3381 1897 3755 1957 intermissione

2158 1985 2359 2031 orantes
2388 1976 2406 2047 (
2423 1976 2443 2032 l
2472 1977 2647 2034 Thess.
2680 1997 2731 2046 ν,
2764 1982 2888 2053 17).
2920 1980 3184 2055 Numquid
3212 1987 3327 2042 sine
3352 1987 3754 2046 intermissione

2157 2082 2296 2139 genu
2316 2068 2598 2136 flectimus,
2629 2088 2822 2142 corpus
2845 2078 3250 2144 prosternimus,
3275 2086 3367 2135 aut
3392 2095 3580 2136 manus
3604 2082 3754 2139 leva-

2157 2173 2298 2227 mus,
2324 2168 2381 2215 ut
2403 2159 2563 2227 dicat,
2594 2161 2721 2218 Sine
2739 2163 3110 2221 intermissione
3136 2171 3311 2225 orate?
3340 2169 3445 2225 Aut
3471 2172 3640 2227 sisic‘
3660 2172 3754 2228 di-

2156 2249 2331 2306 cimus
2368 2266 2468 2308 nos
2496 2268 2681 2323 orare,
2726 2253 2830 2311 hoc
2872 2267 3001 2328 puto
3048 2260 3164 2316 sine
3204 2260 3599 2320 intermissione
3638 2282 3750 2322 non

2156 2357 2443 2414 possumus
2470 2345 2664 2402 facere.
2695 2346 2790 2404 Est
2815 2350 2916 2405 alia
2945 2350 3171 2409 interior
3200 2353 3317 2412 sine
3344 2355 3748 2421 intermissione

2156 2437 2361 2505 oratio,
2402 2454 2521 2511 qme
2555 2448 2639 2495 est
2664 2441 3008 2518 desiderium.
3038 2444 3304 2527 Quidquid
3333 2447 3473 2505 aliud
3500 2466 3658 2523 agas,
3702 2454 3748 2508 si

2156 2528 2429 2586 desideras
2469 2531 2599 2588 illud
2642 2535 2954 2606 sabbatum,
2986 2553 3092 2593 non
3124 2539 3431 2615 intermittis
3460 2558 3639 2600 orare.
3685 2546 3747 2602 Si

2154 2633 2261 2675 non
2284 2620 2365 2676 vis
2389 2621 2742 2681 intermittere
2762 2640 2938 2694 orare,
2966 2629 3073 2684 noli
3102 2630 3452 2690 intermittere
3471 2634 3749 2692 desidera-

2154 2726 2234 2767 re.
2288 2710 2608 2770 Continuam
2649 2715 2975 2774 desiderium
3018 2730 3201 2789 tuum,
3232 2726 3481 2780 continua
3521 2742 3624 2783 vox
3653 2737 3749 2784 tua

2153 2814 2255 2859 eet.
2283 2803 2538 2875 Tacebis,
2581 2808 2624 2863 si
2664 2823 2845 2866 amare
2870 2798 3161 2870 destiteris.
3187 2816 3288 2883 Qui
3320 2821 3635 2882 tacuerunt?
3668 2822 3749 2878 De

2154 2896 2346 2967 quibus
2368 2896 2569 2954 dictum
2592 2909 2705 2956 est:
2730 2899 2983 2968 Quoniam
3009 2905 3281 2971 abundavit
3303 2909 3562 2980 iniquitas,
3586 2914 3749 2985 refri-
3796 2920 3807 2929 ’

2153 2998 2316 3059 gescet
2360 2990 2582 3047 charitas
2621 2994 2893 3049 multorum
2942 2994 3167 3069 (Matth.
3201 3014 3356 3071 xxrv,
3390 2996 3517 3073 12).
3549 3001 3747 3076 Frigus

2152 3077 2448 3145 charitatis,
2476 3081 2746 3138 silentium
2773 3086 2951 3142 cordis
2976 3096 3058 3143 est
3092 3105 3105 3142 :
3132 3088 3409 3162 ﬂagrantia
3438 3092 3742 3162 charitatis,

2151 3169 2355 3224 clamor
2383 3171 2560 3227 cordis
2588 3184 2690 3229 est.
2718 3173 2773 3231 Si
2802 3192 3017 3250 semper
3047 3184 3223 3236 niauet
3246 3181 3499 3250 charitas,
3525 3200 3746 3257 semper

2150 3259 2386 3328 clamas;
2416 3261 2460 3318 si
2484 3278 2696 3334 semper
2730 3268 2950 3333 clamas,
2990 3284 3205 3341 semper
3232 3272 3535 3342 desideras;
3568 3276 3613 3331 si
3644 3277 3744 3333 de-

2150 3350 2374 3423 sideras,
2402 3356 2638 3426 requiem
2663 3361 2983 3417 recordaris.
3015 3365 3079 3419 Et
3108 3367 3314 3438 rugitus
3339 3369 3516 3424 cordis
3541 3372 3612 3424 tui
3641 3386 3744 3427 an-

2148 3452 2204 3500 te
2232 3461 2389 3515 quem
2420 3448 2523 3517 sit,
2554 3459 2765 3521 oportet
2793 3463 2849 3508 ut
2878 3454 3163 3528 intelligas.
3192 3458 3308 3515 Jam
3337 3463 3493 3533 quale
3518 3463 3741 3520 deside-

2146 3535 2287 3591 rium
2331 3538 2519 3596 debeat
2552 3532 2672 3599 eSse
2706 3554 2832 3601 ante
2868 3547 3053 3603 oculos
3091 3548 3204 3614 Dei,
3238 3532 3537 3615 considera.
3570 3554 3743 3610 Num-

2146 3628 2272 3698 quid
2304 3640 2362 3684 ut
2399 3631 2658 3690 moriatur
2689 3635 2932 3693 inimicus
2970 3649 3186 3708 noster,
3216 3642 3359 3713 quod
3398 3645 3550 3715 quasi
3586 3644 3741 3717 juste

2145 3720 2361 3788 optant'
2392 3720 2677 3780 homines?
2713 3724 2847 3782 Nam
2877 3728 3161 3799 aliquando
3191 3724 3406 3789 oramus
3435 3736 3577 3806 quod
3624 3754 3737 3795 non

2143 3808 2420 3868 debemus.
2449 3814 2583 3871 Illud
2623 3818 2762 3887 quod
2801 3821 2950 3891 quasi
2991 3823 3137 3892 juste
3163 3832 3320 3880 orant
3355 3826 3620 3893 homines,
3652 3834 3742 3888 vi-

2143 3900 2384 3961 deamus.
2412 3905 2542 3962 Nam
2582 3920 2737 3965 orant
2769 3914 2828 3967 ut
2858 3915 3121 3987 moriatur
3150 3917 3339 3988 aliquis
3359 3962 3373 3985 ,
3418 3930 3471 3977 et
3507 3923 3570 3977 ad
3608 3924 3739 3982 illos

2142 3993 2429 4053 haereditas
2454 4000 2654 4055 veniat.
2683 4001 2788 4058 Sed
2818 4012 2872 4059 et
2914 4004 2988 4061 illi
3025 4008 3113 4081 qui
3142 4016 3296 4065 orant
3335 3998 3393 4066 ut
3432 4013 3740 4073 moriantur

2139 4084 2377 4156 inimici,
2410 4088 2627 4147 audiant
2656 4093 2936 4151 Dominum
2978 4096 3243 4155 dicentem
3270 4117 3286 4154 :
3323 4101 3477 4159 Orate
3504 4122 3594 4173 pro
3624 4107 3738 4161 ini-

2138 4180 2286 4234 micis
2318 4184 2493 4238 vestris
2521 4183 2630 4255 (Id.
2662 4202 2712 4252 ν,
2746 4188 2833 4254 44,
2859 4198 2907 4243 et
2930 4188 3057 4261 Luc.
3087 4208 3162 4260 vt,
3188 4192 3305 4265 27).
3329 4195 3444 4251 Non
3468 4213 3595 4273 ergo
3623 4199 3738 4258 hoc

2137 4272 2313 4335 orent,
2343 4281 2401 4327 ut
2428 4276 2725 4332 moriantur
2752 4276 2953 4336 inimici
2985 4299 2998 4336 :
3029 4282 3123 4339 sed
3150 4285 3253 4340 hoc
3278 4295 3451 4356 orent,
3477 4297 3537 4343 ut
3559 4294 3738 4348 corri-

2134 4371 2363 4433 gantur;
2390 4373 2445 4419 et
2469 4368 2663 4422 mortui
2694 4378 2852 4423 erunt
2877 4370 3113 4439 inimici;
3141 4374 3251 4444 jam
3284 4377 3426 4432 enim
3452 4383 3681 4451 correcti
3711 4426 3732 4453 ,

2138 4466 2248 4507 non
2277 4463 2435 4509 erunt
2463 4456 2683 4512 inimici.
2715 4456 2782 4513 Et
2805 4470 2921 4516 ante
2955 4472 3005 4518 te
3030 4481 3176 4519 omne
3201 4467 3505 4523 desiderium
3534 4487 3733 4530 meum.

2133 4542 2270 4610 Quid
2299 4546 2343 4600 si
2374 4545 2699 4604 desiderium
2739 4559 2863 4607 ante
2891 4553 3039 4609 illum
3072 4565 3190 4626 est,
3235 4568 3289 4614 et
3334 4561 3448 4634 ipse
3492 4565 3737 4633 gemitus

2133 4649 2242 4691 non
2270 4646 2352 4693 est
2386 4647 2510 4693 ante
2538 4639 2723 4696 illum?
2759 4640 2909 4698 Unde
2934 4643 3049 4700 ﬁeri
3080 4658 3274 4717 potest,
3302 4650 3518 4720 quando
3548 4650 3735 4723 ipsum

2130 4726 2454 4785 desiderium
2477 4728 2499 4764 ⁸
2518 4747 2703 4789 vocem
2726 4750 2877 4791 suam
2899 4737 3059 4793 habet
3072 4741 3326 4810 gemitum
3345 4744 3369 4798 ?
3395 4744 3519 4800 ldeo
3546 4751 3737 4819 sequi.

2130 4828 2237 4889 tur,
2266 4820 2334 4877 Et
2365 4827 2578 4894 gemitus
2620 4843 2761 4883 meus
2790 4846 2892 4884 non
2932 4840 3004 4885 est
3035 4831 3355 4891 absconditus
3392 4854 3425 4892 a
3466 4849 3531 4893 te.
3580 4843 3623 4895 Α
3673 4853 3735 4898 te

2128 4928 2237 4968 non
2289 4924 2370 4972 est
2395 4917 2757 4989 absconditus,
2787 4936 2815 4976 a
2845 4921 3027 4979 multis
3062 4935 3240 4981 autem
3268 4927 3572 4986 hominibus
3598 4933 3733 4989 abs~

2128 5008 2379 5065 conditus
2415 5019 2518 5067 est.
2549 5011 2775 5070 Videtur
2811 5016 3095 5088 aliquando
3148 5018 3365 5077 humilis
3408 5039 3596 5080 servus
3627 5026 3731 5084 Dei

2124 5096 2303 5154 dicere
2332 5116 2346 5155 :
2378 5098 2443 5177 Et
2476 5106 2689 5175 gemitus
2715 5122 2856 5160 meus
2883 5124 2983 5162 non
3017 5117 3092 5164 est
3123 5106 3444 5169 absconditus
3473 5130 3504 5167 α
3534 5125 3599 5170 te.
3628 5114 3730 5170 νὶ-

2123 5188 2282 5245 detur
2300 5191 2584 5263 aliquando
2607 5203 2660 5250 et
2695 5196 2873 5254 ridere
2900 5213 3088 5256 servus
3123 5201 3219 5257 Dei
3245 5219 3261 5256 :
3290 5202 3543 5276 numquid
3569 5204 3728 5261 desi-

2120 5280 2329 5338 derium
2370 5283 2499 5340 illud
2525 5294 2794 5343 mortuum
2830 5290 2994 5345 estin
3023 5286 3228 5348 corde?
3255 5293 3310 5349 Si
3352 5290 3530 5351 autem
3566 5294 3729 5359 inest

2121 5372 2462 5443 desiderium,
2486 5377 2625 5434 inest
2643 5390 2695 5435 et
2715 5382 2944 5452 gemitus
2971 5400 2985 5438 :
3007 5399 3115 5442 non
3140 5399 3357 5460 semper
3379 5391 3621 5461 pervenit
3648 5389 3729 5452 at!

2120 5480 2279 5524 aures
2325 5467 2622 5540 hominum,
2667 5471 2765 5529 sed
2806 5490 3075 5555 nunquam
3117 5479 3321 5537 recedit
3371 5482 3440 5539 ab
3489 5483 3724 5545 auribus

2118 5558 2235 5615 Dei.

2182 5674 2692 5736 ‘Lov.,autsidi6im

2113 5746 2238 5787 nius.
2258 5734 2365 5799 alii,
2392 5742 2483 5790 lat
2502 5740 2647 5794 sisic.

2180 5800 2200 5865 ξ
2225 5798 2391 5865 Plures
2410 5809 2539 5865 Mss,
2563 5812 2719 5857 orant.

2111 5860 2444 5980 ﬁLﬂ’elrilqwuee
2456 5860 2587 5981 313.,
2608 5867 2906 5923 desiderium
2927 5886 2980 5925 tn
3000 5886 3158 5929 soccin
3181 5891 3334 5931 suam.
3358 5884 3487 5945 Duo,
3512 5880 3717 5938 deside-

2456 5943 2563 5983 sua.

2694 5696 2766 5747 us.
2797 5690 2874 5751 μ’·
2900 5692 2953 5749 et
2973 5686 3143 5752 plures
3167 5696 3297 5765 Mss,
3323 5697 3413 5761 Aut
3440 5694 3565 5750 sicut
3584 5695 3720 5751 dici—
