4042 6526
277 440 379 498 ξοδ

350 574 435 633 15.
479 571 636 649 [κη.
690 574 803 657 11.)
848 573 946 631 Cor
985 589 1149 633 meum
1185 573 1531 628 conturbatum
1574 581 1665 629 est.
1711 570 1865 629 Unde

278 668 651 731 conturbatum
682 668 805 741 est?
835 666 900 725 Et
940 666 1157 733 deseruit
1194 683 1273 721 me
1316 664 1560 738 fortitudo
1588 680 1715 718 mea.
1748 663 1865 719 Pico

277 777 498 834 rumque
528 762 684 817 irruit
707 761 884 819 nescio
905 760 1030 837 quid
1059 746 1393 833 repentinum
1417 777 1431 827 ;
1456 759 1512 815 iit
1532 758 1867 827 coliturbatio

277 855 449 911 cordis
484 872 498 909 :
533 855 901 911 contremiscit
936 862 1073 927 terra
1094 896 1109 919 ,
1143 853 1368 907 tonitrus
1409 849 1565 906 datur
1603 850 1669 906 de
1692 849 1865 929 cmlo,

279 945 549 1003 horribilis
580 946 640 1001 tit
684 947 912 1016 impetus
938 946 1020 1002 vel
1061 945 1349 1018 strepitus,
1380 946 1466 1001 leo
1506 943 1638 1000 forte
1661 944 1869 1000 videtur

276 1037 324 1093 iu
355 1037 475 1103 via;
514 1036 575 1092 ﬁt
602 1038 938 1093 conturbatio
967 1055 980 1093 :
1013 1037 1246 1092 latrones
1272 1036 1619 1102 insidiantur;
1652 1033 1705 1089 ﬁt
1735 1049 1867 1089 con-

277 1130 509 1185 turbatio
531 1129 732 1197 cordis,
756 1138 997 1202 paretur,
1017 1129 1251 1201 undique
1273 1127 1571 1183 sollicitudo
1594 1126 1866 1182 incutitur.

275 1221 423 1279 Unde
464 1222 610 1280 hoc?
642 1222 775 1297 Quia
807 1223 1023 1279 deseruit
1060 1240 1138 1277 me
1183 1220 1425 1294 fortitudo
1456 1236 1584 1275 mea.
1632 1218 1688 1275 Si
1727 1219 1867 1274 enim

277 1324 517 1371 maneret
544 1318 632 1371 illa
661 1316 934 1384 fortitudo,
964 1316 1085 1391 quid
1114 1315 1427 1371 timeretur?
1447 1312 1709 1384 Quidquid
1734 1328 1869 1392 nun-

278 1408 533 1486 tiaretur,
570 1398 827 1486 quidquid
854 1410 1140 1474 irendcret,
1169 1407 1420 1483 quidquid
1452 1415 1685 1473 seruaret,
1715 1406 1871 1477 quid-

274 1500 393 1573 quid
425 1480 684 1573 caderet,
730 1503 982 1579 quidquid
1029 1503 1302 1573 horreret,
1337 1519 1439 1557 non
1473 1510 1715 1556 terreret.
1763 1499 1869 1556 Sed

280 1593 416 1648 unde
449 1595 543 1651 illa
580 1594 938 1664 perturbatio?
965 1592 1192 1665 Deseruit
1234 1610 1313 1648 me
1336 1592 1579 1664 fortitudo
1601 1609 1728 1646 mea.
1754 1589 1867 1667 Un-

277 1684 338 1739 dc
367 1684 613 1755 deseruit
639 1684 927 1761 fortitudo?
956 1668 1020 1741 Et
1049 1687 1213 1740 lumen
1239 1687 1499 1751 oculorum
1524 1698 1744 1738 meorum
1768 1699 1869 1738 non

278 1788 343 1831 est
390 1794 613 1832 mecum.
660 1777 951 1835 Latucrat1
994 1792 1121 1848 ergo
1163 1776 1330 1835 Adam
1371 1776 1549 1831 lumen
1590 1774 1865 1853 oculorum

277 1867 458 1938 ipsius.
491 1865 626 1922 Nam
655 1868 835 1924 lumen
875 1868 1148 1927 oculorum
1189 1866 1354 1939 ipsius
1386 1866 1495 1936 ipse
1538 1865 1677 1921 Deus
1703 1873 1817 1921 erat
1850 1883 1865 1923 :

278 1976 429 2032 quem
454 1975 578 2014 cum
612 1958 939 2023 ol'i'eudissct,
974 1958 1187 2033 l’ugitad
1220 1959 1481 2026 umbram,
1512 1966 1566 2014 et
1586 1955 1867 2013 abscondit

277 2066 333 2107 se
371 2048 514 2108 inter
538 2050 677 2123 ligna
708 2051 935 2135 paradisi
979 2048 1147 2123 (Gen.
1176 2065 1251 2117 nt,
1284 2048 1375 2122 8).
1418 2050 1650 2105 Pavebat
1679 2065 1707 2129 a
1734 2050 1867 2105 facie

278 2142 392 2211 Dei,
420 2153 477 2198 et
502 2143 751 2233 qua-sivit
775 2144 1014 2205 tunbram
1045 2143 1312 2199 arborum.
1342 2142 1456 2199 Jam
1488 2144 1624 2197 inter
1645 2142 1867 2213 arbores

276 2236 451 2293 lumen
484 2236 765 2294 oculorum
793 2254 897 2295 non
926 2237 1173 2303 habebat,
1205 2236 1270 2292 ad
1316 2236 1455 2317 quod
1483 2237 1713 2307 gaudere
1738 2252 1867 2292 con-

276 2338 542 2386 sueverat.
565 2330 621 2387 Si
643 2346 769 2417 ergo
801 2331 887 2386 ille
909 2331 973 2389 de
999 2331 1221 2402 origine,
1250 2339 1302 2386 et
1334 2346 1429 2411 nos
1455 2330 1520 2387 de
1549 2331 1862 2402 propagine;

274 2433 325 2491 et
351 2423 583 2503 redeunt
604 2422 669 2479 ad
708 2408 856 2479 illum
885 2423 1173 2503 secundum
1202 2422 1282 2478 vel
1320 2408 1662 2478 novissimum
1695 2422 1863 2478 Adam

274 2518 512 2583 membra
540 2518 657 2585 ista,
692 2518 811 2591 quia
845 2518 1163 2574 novissimus
1192 2518 1359 2573 Adam
1383 2518 1433 2574 in
1461 2518 1705 2590 Spiritum
1733 2518 1864 2574 vivi-

275 2598 524 2665 ﬁcantem
551 2609 570 2681 (
596 2607 612 2664 l
635 2606 754 2677 Cor.
783 2626 870 2679 sv,
899 2609 1000 2683 45)
1026 2628 1039 2689 ;
1071 2618 1124 2685 et
1152 2609 1383 2665 clamant
1405 2608 1473 2666 de
1499 2626 1722 2682 corpore
1750 2610 1866 2689 ejus

274 2700 325 2775 in
352 2702 449 2757 ista
475 2702 851 2779 confessione,
893 2702 957 2757 Et
986 2688 1153 2761 tamen
1195 2704 1454 2767 oculorum
1493 2720 1720 2758 ineorum
1766 2688 1864 2758 non

274 2806 342 2863 est
361 2813 561 2863 mecum
580 2813 600 2851 :
623 2796 733 2877 jam
757 2795 1038 2865 conﬁtens,
1057 2796 1165 2875 jam
1193 2795 1519 2879 redemptus,
1541 2796 1648 2865 jam
1673 2797 1723 2851 in
1746 2810 1865 2852 eor-

275 2904 400 2958 pore
442 2889 645 2955 Christi
677 2898 795 2957 est,
836 2897 889 2947 et
919 2888 1095 2944 lumen
1125 2890 1398 2947 oculorum
1432 2886 1597 2959 ipsius
1645 2904 1748 2942 non
1782 2898 1866 2944 est

272 2996 388 3047 cum
426 2980 580 3057 ipso?
620 2980 784 3055 Plane
814 2997 916 3035 non
948 2990 1030 3036 est
1058 2996 1176 3036 cum
1210 2979 1364 3055 ipso:
1412 2979 1504 3035 sed
1535 2988 1617 3035 cst
1645 2980 1861 3059 quidem

274 3084 524 3151 tanquam
560 3072 739 3139 adhuc
777 3073 1167 3143 recordantium
1207 3073 1563 3142 sabbatum',
1610 3082 1860 3147 tanquam

273 3168 607 3227 Cernentium
642 3168 694 3222 in
735 3181 862 3241 Spe;
900 3165 992 3221 sed
1034 3165 1270 3221 nondum
1310 3175 1393 3221 est
1422 3165 1549 3221 illud
1593 3152 1769 3222 lumen
1796 3165 1862 3222 de

272 3277 374 3333 quo
401 3261 621 3331 dicitur,
663 3258 937 3325 Ostendam
978 3260 1222 3333 meipsuut
1266 3258 1345 3314 illi
1384 3258 1558 3330 (Joan.
1592 3242 1699 3327 xiv,
1744 3259 1859 3330 2i).

274 3352 368 3410 Est
396 3352 658 3439 quiddam
688 3350 924 3421 luminis,
954 3351 1076 3422 quia
1106 3350 1196 3404 lilii
1246 3350 1336 3405 Dei
1368 3366 1571 3417 smnus,
1603 3360 1655 3405 et
1684 3352 1863 3422 utique

272 3441 373 3501 hoc
415 3443 470 3511 in
511 3441 614 3511 lide
645 3442 935 3511 retinemus
970 3459 984 3493 :
1017 3440 1111 3496 sed
1143 3439 1374 3509 nondum
1403 3451 1483 3496 est
1524 3440 1651 3499 illud
1683 3442 1860 3498 lmnen

272 3533 413 3605 quod
438 3518 761 3613 videbimus.
792 3532 1034 3601 Nopdum
1056 3534 1187 3591 enim
1213 3532 1452 3607 apparuit
1478 3533 1612 3603 quod
1638 3534 1819 3590 erimus
1840 3552 1860 3590 :

272 3627 456 3691 scimus
476 3626 597 3713 quia
622 3642 734 3697 cum
761 3624 1077 3697 apparuerit,
1106 3622 1293 3681 similes
1316 3625 1361 3679 ei
1388 3626 1595 3689 erimus,
1624 3628 1860 3698 quoniam

271 3717 547 3787 ridebimus
574 3734 686 3785 eum
722 3717 871 3787 sicuti
905 3726 975 3791 est
1023 3715 1085 3791 (i
1114 3716 1272 3779 Joan.
1307 3733 1384 3782 ut,
1412 3716 1447 3771 2
1471 3717 1509 3789 ).
1540 3717 1670 3773 Nam
1704 3718 1862 3773 modo

272 3810 450 3893 iumen
480 3810 603 3879 ﬁdei
626 3808 881 3893 Aetlumen
904 3809 1016 3891 spei
1038 3817 1137 3875 est.
1166 3808 1419 3877 Quamdiu
1446 3811 1577 3864 enim
1606 3827 1778 3865 sumus
1807 3811 1861 3866 in

271 3890 503 3987 corpore,
540 3890 979 3977 pcregrinamura
1007 3900 1226 3955 Domino
1249 3918 1266 3953 :
1295 3918 1383 3972 per
1409 3900 1560 3973 ﬁdem
1596 3902 1725 3955 enim
1748 3919 1860 3956 ant-

271 3992 522 4063 imlamus,
548 4010 650 4059 non
667 4010 757 4081 per
786 3993 997 4065 speciem
1019 3990 1084 4065 (11
1101 3989 1219 4047 Cor.
1261 4007 1314 4059 γ,
1342 3992 1394 4059 6,
1427 3989 1505 4065 '1).
1531 3988 1595 4044 Et
1621 3989 1863 4065 quamdiu

271 4088 407 4161 quod
424 4105 524 4153 nou
550 4086 773 4159 videmus
791 4102 1074 4165 speramus,
1104 4101 1191 4155 per
1208 4083 1497 4156 patientiam
1518 4093 1863 4157 exspectamus

270 4178 449 4249 (Rom.
480 4195 596 4255 nn,
619 4178 735 4253 25).
757 4176 927 4254 Voces
943 4162 1066 4239 sunt
1093 4193 1219 4249 ergo
1242 4176 1355 4249 ista:
1382 4162 1856 4257 peregrinantium,

270 4269 507 4351 pendunt
551 4270 605 4351 in
651 4268 819 4355 patria
862 4256 1294 4335 constitutorum.
1340 4269 1406 4323 Et
1445 4256 1589 4337 recte
1626 4269 1774 4349 dicit,
1807 4280 1862 4326 et

269 4377 397 4429 vere
425 4362 573 4433 dicit,
607 4370 662 4429 et
688 4359 734 4433 si
759 4375 863 4433 non
895 4361 965 4433 sit
992 4359 1228 4428 doiosus,
1260 4360 1521 4427 veraciter
1540 4362 1857 4433 conﬁtetur:

272 4453 333 4511 Et
361 4456 534 4521 lumen
560 4452 818 4529 oculorum
845 4470 1069 4519 meorum
1094 4469 1195 4508 non
1219 4462 1291 4508 est
1322 4469 1534 4513 mecum.
1572 4451 1698 4521 Haec
1727 4454 1863 4529 pati-

272 4554 355 4607 tur
380 4545 545 4611 homo
573 4528 737 4623 intus,
767 4545 834 4609 ibi
864 4561 1064 4615 secum,
1088 4547 1140 4601 in
1165 4546 1362 4617 seipso,
1387 4554 1441 4600 et
1460 4545 1693 4616 seipsum
1719 4542 1762 4614 ⁸,
1792 4528 1862 4603 de

270 4637 485 4700 nomine
510 4636 577 4705 ad
611 4636 879 4705 neminem
912 4646 1106 4719 praeter
1139 4650 1198 4697 se
1228 4653 1241 4691 :
1276 4635 1388 4701 bare
1418 4635 1517 4695 sibi
1550 4637 1661 4711 ipse
1703 4651 1862 4709 penu

276 4742 363 4799 tua
392 4744 513 4803 esse
541 4731 759 4807 meruit,
790 4729 1043 4809 quidquid
1069 4729 1315 4802 superius
1338 4732 1687 4799 enumeravit.

339 4823 430 4885 16.
470 4810 636 4903 tum,
670 4820 901 4909 13.13,]
946 4823 1051 4885 Sed
1100 4823 1357 4897 numquid
1406 4821 1509 4889 hoc
1556 4824 1731 4895 solum
1777 4833 1864 4885 est

270 4914 412 4985 quod
434 4915 630 4995 patitur
661 4913 860 4995 tremet
888 4914 1092 5001 i’atitttr
1129 4915 1272 4981 enim
1311 4930 1377 4985 βξ
1417 4930 1477 4983 se
1519 4915 1858 4987 intrinsecus).

271 5006 566 5079 forinsecus
603 5015 787 5083 autem
837 5022 903 5074 ει
946 5009 1025 5085 eis
1074 5007 1212 5075 inter
1254 5023 1388 5083 quos
1439 5007 1614 5069 vivit:
1661 5010 1859 5085 patitur

268 5097 407 5163 niata
434 5112 552 5179 sua,
583 5088 793 5171 cogitur
818 5098 925 5181 pati
954 5108 1009 5165 et
1046 5099 1240 5167 aliena.
1270 5097 1398 5169 inde
1434 5108 1560 5165 sunt
1600 5101 1704 5165 illae
1742 5104 1862 5169 duae

270 5204 461 5269 voces;
481 5189 555 5261 Alt
574 5189 784 5269 occultis
804 5186 928 5257 meis
958 5190 1148 5271 munda
1176 5206 1274 5273 me,
1307 5189 1542 5275 Domine,
1573 5201 1620 5251 et
1646 5193 1710 5253 ab
1736 5192 1864 5253 alic-

268 5283 343 5336 uis
393 5297 547 5355 parce
570 5298 714 5351 seruo
745 5292 833 5347 tuo
861 5280 1033 5356 (θεαί,
1068 5298 1218 5365 svnt,
1256 5283 1342 5367 i5,
1381 5282 1493 5365 14).
1523 5283 1641 5349 iam
1671 5284 1739 5351 de
1765 5299 1860 5341 oc-

266 5373 425 5437 cultis
448 5373 562 5457 §uis
584 5373 867 5455 cotiiessus
889 5382 998 5457 est,
1030 5389 1059 5428 a
1089 5374 1282 5448 quibus
1308 5390 1366 5433 se
1404 5376 1550 5448 cupit
1578 5375 1857 5445 mundari:

264 5464 415 5533 dicat
458 5475 513 5529 et
553 5465 625 5525 de
667 5464 858 5535 alienis
885 5481 915 5537 a_
944 5465 1137 5543 quibus
1182 5466 1284 5527 sibi
1328 5467 1441 5527 vult
1484 5467 1650 5541 parci.
1698 5468 1862 5531 Amici

267 5559 383 5613 mei.
404 5556 541 5641 Quid
556 5556 733 5639 dicata
752 5557 864 5639 jam
884 5558 949 5639 de
975 5548 1239 5637 inimicis?
1269 5556 1435 5625 Amici
1452 5559 1552 5643 atri
1572 5569 1618 5625 et
1638 5561 1861 5637 proximi

330 5698 349 5731 ι
374 5704 476 5749 Duo
498 5706 624 5760 κει,
645 5694 897 5748 habuerat.

330 5762 351 5792 ι
383 5768 620 5792 Taunum
643 5757 804 5792 tulhn-
824 5757 1183 5792 nonne-Amidam
1209 5754 1450 5792 enbhnlnm
1493 5763 1590 5792 “nn
1625 5758 1639 5792 ἰ

263 5762 361 5896 bu;
1493 5763 1591 5896 iii
1625 5771 1677 5896 ‘."
1706 5760 1861 5896 im“

265 5883 445 6005 “’8”?
476 5892 528 5938 ει
562 5882 790 5953 plerique
822 5889 961 5957 μεθ’
984 5882 1095 5955 sibi,
1119 5895 1300 5944 secum,
1322 5879 1373 5933 in
1409 5879 1565 5947 seipse
1598 5888 1643 5935 et
1680 5882 1745 5945 ad
1780 5896 1857 5935 ae-

1314 432 1723 509 ‘ENAtmarto
1760 448 1829 508 lN
1865 448 2190 509 PSAIMUM
2235 450 2496 511 xxxvu.

1969 570 2069 626 mei
2095 571 2357 627 adversum
2385 588 2463 627 me
2483 572 3036 646 appropinquarent“,
3060 581 3111 632 et
3132 585 3412 638 statim.
3442 582 3558 642 Hoc

1973 664 2112 733 quod
2141 663 2237 730 ait,
2266 664 2533 719 aduersum
2578 681 2658 722 me
2698 675 2958 735 steterunt,
2998 667 3255 744 intellige.
3307 674 3364 731 8i
3415 677 3560 734 enim

1974 755 2255 812 adversum
2326 772 2414 813 me
2464 766 2760 825 steterunt,
2814 759 3074 819 adversus
3120 777 3182 820 se
3230 768 3558 826 ceciderunt.

1976 849 2136 903 Amici
2161 851 2258 905 mei
2284 858 2328 905 et
2354 851 2576 921 proximi
2602 852 2701 906 mei
2729 851 2994 908 adversum
3018 870 3099 910 tite
3125 859 3564 932 appropinquare.

1973 949 2113 1004 runt,
2144 950 2189 995 et
2214 951 2472 996 steterunt.
2501 942 2618 997 1am
2648 943 3011 1015 intelligamus
3034 948 3225 1018 capitis
3250 964 3429 1017 voces,
3447 952 3559 1024 jam

1974 1031 2190 1101 incipiat
2222 1030 2533 1090 illucescere
2570 1043 2732 1104 caput
2774 1045 3013 1093 nostrum
3055 1038 3108 1094 in
3155 1042 3423 1110 passione.
3454 1046 3560 1104 Sed

1972 1130 2184 1178 rursum
2213 1136 2333 1180 eum
2361 1125 2583 1196 emperit
2613 1135 2774 1197 caput
2800 1127 2997 1197 dicere,
3027 1130 3136 1186 noli
3164 1132 3289 1189 inde
3314 1149 3553 1207 separare

1975 1228 2188 1286 corpus.
2234 1217 2289 1274 8i
2338 1226 2498 1288 caput
2546 1214 2714 1275 noluit
2758 1234 2817 1275 se
2859 1235 3166 1292 separat-ea
3194 1226 3413 1283 vocibus
3439 1246 3563 1285 coro

1972 1308 2140 1381 poris,
2170 1324 2365 1381 corpus
2393 1327 2450 1366 se
2479 1312 2675 1368 amicat
2717 1327 2974 1384 separare
2994 1330 3024 1371 a
3052 1319 3389 1388 passionibus
3413 1325 3562 1396 capi-

1975 1401 2082 1457 tis?
2109 1403 2300 1461 Patere
2332 1405 2384 1459 in
2413 1405 2663 1473 Christo;
2692 1402 2815 1478 quia
2844 1416 3092 1479 tanquam
3124 1414 3360 1482 peccavit
3391 1416 3442 1471 in
3484 1417 3564 1472 in-

1974 1493 2225 1552 ﬁrmitate
2255 1506 2342 1552 tua
2380 1490 2661 1554 Christus
2691 1499 2848 1555 Modo
2886 1501 3028 1559 enim
3073 1516 3289 1573 peccata
3330 1516 3417 1563 tua
3448 1521 3565 1563 tan-

1975 1606 2133 1661 quam
2163 1604 2229 1647 ex
2259 1604 2353 1647 ore
2381 1606 2479 1648 suo
2522 1584 2755 1662 dicebat,
2786 1602 2841 1649 et
2870 1609 2931 1650 ea
2959 1595 3170 1652 dicebat
3197 1613 3312 1655 sua.
3347 1600 3563 1658 Diceimt

1971 1683 2137 1751 enim,
2153 1683 2197 1737 A
2213 1684 2343 1755 [acie
2356 1692 2671 1757 peccatorum
2690 1701 2936 1756 nieorum,
2954 1702 3072 1758 «υἷε
3086 1704 3189 1744 non
3209 1702 3360 1747 erant
3373 1693 3558 1764 ipsius.

1971 1773 2252 1846 Quomodo
2274 1793 2401 1850 ergo
2433 1787 2649 1849 peccata
2680 1789 2858 1835 nostra
2882 1792 2975 1837 sua
2999 1796 3121 1839 esse
3150 1785 3315 1840 voluit
3344 1797 3562 1858 propter

1971 1882 2166 1940 corpus
2195 1881 2371 1935 suum,
2400 1870 2480 1926 sic
2507 1879 2561 1925 et
2599 1885 2697 1925 nos
2727 1872 3005 1941 passiones
3042 1872 3159 1943 ejus
3203 1870 3413 1933 nostras
3440 1876 3560 1937 esse

1970 1961 2195 2018 velimus
2239 1972 2457 2033 propter
2498 1972 2658 2033 caput
2706 1968 2967 2019 nostrum.
3013 1963 3129 2020 Non
3175 1967 3317 2023 enim
3368 1970 3458 2025 illo
3493 1957 3587 2028 cx.

1970 2054 2157 2111 amicis
2194 2068 2379 2126 passus
2406 2063 2488 2111 est
2514 2054 2779 2122 inimicos,
2821 2064 2874 2111 et
2916 2071 3014 2112 nos
3055 2073 3181 2114 non.
3216 2059 3326 2116 lino
3363 2069 3419 2117 et
3460 2079 3558 2122 nos

1969 2152 2036 2209 ad
2067 2154 2167 2209 hoc
2209 2168 2461 2235 paremus
2488 2154 2542 2210 in
2574 2154 2761 2211 eodem
2804 2157 3073 2213 convivari
3107 2175 3120 2211 :
3153 2158 3310 2212 talem
3338 2159 3556 2227 calicem

1971 2261 2078 2301 non
2122 2260 2457 2317 reSpuamus,
2480 2257 2540 2303 ut
2582 2248 2913 2304 celsitudinis
2953 2249 3069 2321 ejus
3111 2250 3432 2306 desiderium
3464 2262 3559 2322 per

1970 2336 2322 2393 humilitatem
2350 2339 2466 2410 ejus
2490 2338 2849 2396 inveniamus.
2882 2341 3178 2412 Respondit
3212 2332 3355 2397 enim
3395 2344 3556 2400 celsi-

1970 2428 2139 2484 tudini
2167 2428 2283 2502 ejus
2309 2428 2515 2485 hrerore
2541 2431 2863 2496 volentibus,
2904 2431 2995 2501 qui
3025 2431 3143 2503 ejus
3171 2420 3558 2490 adhuc‘lmmi-

1969 2520 2171 2577 litatem
2212 2539 2318 2578 non
2364 2523 2688 2594 cogitabant.
2724 2533 2777 2579 et
2815 2523 2889 2579 ait
2930 2525 3038 2580 illis
3073 2542 3087 2578 :
3138 2523 3356 2581 Potestis
3400 2526 3563 2583 bibere

1969 2615 2177 2670 calicem
2204 2631 2348 2684 quem
2380 2632 2470 2687 ego
2501 2615 2747 2671 bibiturus
2775 2632 2889 2670 sum
2918 2616 3131 2687 (Matth.
3155 2633 3246 2685 xx,
3264 2616 3395 2687 22)?
3419 2618 3559 2690 Ergo

1968 2715 2024 2764 et
2050 2709 2151 2763 illa:
2195 2708 2473 2781 passiones
2516 2707 2747 2769 Domini,
2781 2710 3057 2779 passiones
3084 2719 3281 2764 nostra:
3310 2719 3434 2765 sunt
3461 2728 3476 2767 :
3506 2721 3560 2767 et

1969 2800 2333 2870 unusquisque
2368 2799 2412 2855 si
2451 2798 2587 2854 bene
2612 2800 2808 2854 serviat
2833 2799 2973 2867 Deo,
3006 2800 3146 2856 bene
3169 2807 3347 2857 servet
3374 2802 3555 2872 iidem,

1968 2890 2215 2947 ex‘ntbeat
2244 2890 2383 2962 quod
2405 2890 2582 2951 debet.
2608 2899 2662 2947 et
2692 2899 2935 2946 versetur
2960 2892 3100 2947 inter
3126 2891 3550 2967 hominesjuste,

1967 2982 2090 3039 Volo
2115 2983 2298 3040 videre
2332 2983 2377 3038 si
2422 2999 2525 3039 non
2557 2984 2772 3054 patitur,
2804 2984 2965 3040 etiam
2994 2984 3135 3054 quod
3162 2983 3248 3041 hic
3271 2994 3553 3041 enumerat

1967 3075 2023 3132 in
2052 3076 2298 3146 passione
2326 3092 2419 3132 sua
2445 3075 2709 3151 Christus.

2038 3166 2126 3222 17.
2159 3164 2321 3222 Amici
2344 3168 2441 3222 mei
2468 3178 2513 3222 et
2539 3169 2757 3240 proximi
2776 3169 2874 3223 mei
2893 3168 3157 3224 aduersum
3176 3185 3257 3224 me
3268 3170 3554 3241 appropin-

1964 3269 2323 3339 quavcrunt,et
2340 3269 2611 3316 steterunt:
2629 3270 2676 3316 et
2703 3261 2920 3331 proximi
2946 3278 2978 3315 a
3006 3262 3156 3333 longe
3175 3269 3431 3316 steterunt.
3455 3260 3557 3330 Qui

1967 3352 2193 3423 proximi
2211 3353 2788 3423 appropinquaveruut,
2804 3363 2854 3408 et
2872 3352 2961 3421 qui
2982 3352 3209 3423 proximi
3224 3367 3254 3406 a
3272 3351 3428 3423 longe
3443 3360 3558 3407 ste-

1967 3443 2177 3497 terunt?
2203 3441 2436 3497 Proximi
2467 3451 2620 3497 erant
2642 3440 2975 3513 Judrei,quia
3006 3442 3218 3512 cognati
3245 3454 3396 3497 erant
3421 3461 3434 3497 :
3458 3457 3556 3513 ap-

1965 3534 2471 3606 propiuquaverunt,
2492 3542 2546 3589 et
2574 3534 2788 3604 quando
2814 3533 3214 3589 crucifixerunt.
3243 3534 3476 3589 Proximi
3502 3544 3558 3590 et

1965 3625 2208 3696 Apostoli
2230 3644 2244 3682 :
2265 3634 2318 3682 et
2340 3633 2517 3681 tamen
2554 3626 2650 3695 ipsi
2677 3641 2708 3680 a
2734 3626 2892 3695 longe
2919 3632 3194 3690 steterunt,
3228 3640 3296 3680 ne
3320 3639 3441 3680 cum
3465 3624 3557 3680 illo

1965 3727 2292 3789 paterentur.
2322 3719 2505 3775 Potest
2531 3718 2691 3773 etiam
2726 3718 2829 3773 hoc
2854 3718 2932 3772 sic
2960 3716 3214 3786 intelligi:
3247 3716 3409 3773 Amici
3435 3718 3553 3783 rapi,

1968 3808 2019 3866 id
2043 3818 2146 3878 est,
2174 3808 2264 3881 qui
2294 3824 2353 3865 se
2383 3810 2652 3865 tinxerunt
2696 3808 2898 3863 amicos
2944 3822 3111 3863 meos.
3145 3808 3360 3863 Amicos
3406 3809 3553 3877 enim

1966 3915 2027 3958 se
2053 3901 2338 3965 tinxerunt,
2382 3885 2597 3972 quando
2634 3900 2904 3955 dixerunt.
2950 3899 3155 3954 Scimus
3180 3899 3301 3970 quia
3328 3899 3382 3952 in
3421 3900 3556 3953 udi-

1966 4000 2066 4047 tate
2100 3993 2234 4046 viam
2276 3990 2373 4045 Dei
2413 3991 2562 4046 doces
2607 3989 2719 4064 (Id.
2765 3986 2917 4065 xxu,
2945 3989 3039 4059 16)
3082 4006 3096 4043 :
3147 3988 3361 4060 quando
3406 3988 3555 4045 illum

1967 4092 2173 4140 tentare
2198 4082 2499 4147 voluerunt,
2534 4090 2711 4137 utrum
2753 4080 3073 4141 solvendum
3114 4089 3262 4145 esset
3300 4082 3553 4136 tributum

1965 4175 2198 4242 Caesari,
2243 4174 2457 4246 quando
2508 4176 2629 4230 illos
2674 4175 2907 4229 convicit
2943 4187 3039 4233 ore
3095 4173 3355 4242 ipsorum.
3399 4174 3557 4229 amici

1964 4265 2135 4323 videri
2162 4266 2453 4323 volebant:
2493 4266 2589 4322 sed
2635 4280 2741 4319 non
2768 4265 2844 4319 illi
2873 4273 2989 4319 erat
3016 4266 3152 4335 opus
3193 4270 3251 4319 ut
3273 4265 3556 4335 quisquam

1965 4358 2016 4415 ei
2062 4348 2422 4414 testimonium
2473 4357 2781 4428 perhiberet
2826 4355 2893 4411 de
2950 4354 3196 4420 homine;
3250 4357 3363 4424 ipse
3412 4357 3554 4413 enim

1965 4448 2168 4506 sciebat
2194 4448 2322 4519 quid
2349 4458 2493 4503 esset
2526 4448 2576 4501 in
2610 4440 2837 4508 'ltomine
2880 4444 3059 4517 (locu.
3086 4460 3145 4510 ιι,
3172 4444 3265 4516 iii)
3290 4462 3306 4500 :
3336 4444 3475 4501 adeo
3498 4456 3560 4501 ut

1965 4555 2087 4596 cum
2114 4540 2286 4595 amica
2332 4540 2492 4595 verba
2534 4537 2828 4601 dixissent,
2876 4536 3228 4606 responderet
3270 4536 3370 4602 eis,
3420 4535 3559 4605 θεία

1965 4644 2065 4699 me,
2095 4630 2285 4702 inquit,
2319 4630 2523 4685 tentatis
2554 4629 2834 4700 hypocrita
2862 4626 3075 4700 (latth.
3098 4643 3235 4695 nn,
3257 4627 3390 4697 ιδῃ
3417 4629 3558 4700 Ergo

1970 4723 2134 4779 Amici
2162 4722 2262 4776 mei
2298 4729 2342 4777 et
2370 4721 2595 4793 proximi
2620 4720 2717 4775 mei
2757 4719 3025 4775 adrerum
3050 4735 3131 4775 me
3172 4720 3558 4793 appropinqua-

1965 4822 2162 4881 eeruut,
2181 4820 2229 4870 et
2257 4820 2533 4870 steterunt:
2555 4821 2603 4867 et
2629 4810 2847 4883 proximi
2869 4827 2901 4865 tt
2926 4812 3075 4883 longe
3094 4820 3356 4867 steterunt.
3378 4812 3561 4870 licitis

1967 4907 2093 4980 quid
2120 4907 2249 4963 dixi.
2284 4898 2568 4963 Proximos
2604 4905 2830 4976 dixiqui
2868 4906 3483 4977 appropinquarerunt’,
3509 4915 3564 4962 et
3671 4988 3677 4993 _

1970 5006 2152 5054 tamen
2196 5013 2227 5054 a
2252 4999 2412 5071 longe
2453 4992 2740 5054 steterunt.
2792 4996 3371 5069 propinquaverunt
3415 4998 3559 5055 enim

1967 5106 2211 5163 corpore,
2243 5092 2338 5148 sed
2367 5092 2524 5161 longe
2551 5097 2817 5146 steterunt
2843 5089 3027 5145 corde.
3056 5090 3157 5159 Qui
3186 5098 3294 5148 tam
3322 5091 3546 5160 propin-

1968 5185 2056 5255 qui
2093 5196 2336 5254 corpore,
2379 5196 2541 5254 quam
2577 5182 2667 5253 qui
2707 5180 2762 5237 in
2800 5186 3019 5245 enicem
3056 5180 3411 5245 levaverunt?
3455 5180 3561 5250 Qui

1967 5283 2076 5330 tam
2103 5275 2260 5345 longe
2298 5273 2481 5339 corde,
2514 5287 2675 5344 quam
2722 5272 2813 5344 qui
2854 5270 3402 5344 biaspisemaverunt?
3448 5272 3562 5329 Au-

1966 5366 2077 5422 dite
2119 5358 2275 5423 istam
2316 5364 2760 5437 longinquitatem
2803 5365 2873 5422 ab
2913 5366 3045 5423 Isaia
3076 5365 3356 5437 propheta,
3378 5363 3558 5423 videte

1966 5454 2123 5515 istam
2152 5459 2605 5530 propinquitatem
2630 5469 2686 5516 et
2708 5458 3153 5532 longinquitatem
3177 5476 3193 5514 :
3220 5456 3456 5530 Populus
3475 5458 3559 5514 Itis

1966 5549 2114 5606 labiis
2138 5565 2217 5605 me
2243 5549 2459 5606 honorat
2479 5564 2501 5606 :
2524 5563 2655 5608 ecce
2678 5551 3001 5622 propinquat
3030 5562 3297 5620 corpore:
3324 5545 3427 5603 Cor
3459 5564 3556 5603 cu-

1966 5653 2065 5702 tem
2096 5660 2272 5701 eorum
2292 5646 2439 5717 longe
2462 5653 2537 5701 est
2557 5661 2592 5700 α
2613 5659 2695 5701 nu
2717 5643 2869 5718 (isai.
2897 5658 3050 5712 xxix,
3081 5641 3192 5712 13).
3231 5640 3398 5699 Iidem
3428 5655 3556 5713 pro-

2028 5760 2047 5793 ι
2070 5764 2174 5810 mo
2195 5767 2322 5829 nos.
2345 5759 2502 5829 regis
2521 5756 3039 5829 φάαμίπὶρνρφέηιοε
3190 5756 3558 5829 Marmore!-

2143 5827 2247 5909 ραι.
2269 5817 2362 5879 se;
2528 5817 2683 5887 hostis
2699 5817 2813 5884 quia
2834 5817 3226 5934 diagrammate,
3251 5817 3371 5871 τιςὼς
3382 5817 3558 5885 appro-

2143 5888 2331 5934 .uerunt.
2356 5884 2404 5932 Al
2499 5891 2705 5934 utrooue
2728 5881 2832 5932 loco
2852 5878 2886 5930 lt
2980 5887 3034 5934 t.
3054 5880 3324 5934 ἄπει.ωο
3354 5884 3556 5934 tandem

2006 5859 3556 5947 massa'zfms'umemsmmaturam;

1969 5942 2211 6001 omittunt.
2231 5944 2383 5999 Nostis
2404 5943 2521 6011 quid
2544 5942 2654 5997 didi
2669 5942 2927 6011 proximos.
3020 5942 3028 5945 ⁷
3461 5948 3467 5959 ‘
