4042 6472
540 399 653 460 ’107

549 514 754 590 pinqui,
781 513 944 570 iidem
982 509 1256 582 longinqui
1287 526 1301 564 :
1334 507 1615 582 propinqui
1657 507 1830 574 labiis,
1857 504 2132 578 longinqui

549 607 733 665 corde.
776 606 1152 661 Verumtamen
1193 603 1315 672 quia
1377 600 1534 672 longe
1579 609 1842 655 steterunt
1886 599 2134 654 timentes

551 701 813 772 Apostoli,
840 696 1135 754 absolutius
1172 706 1229 752 et
1267 695 1475 765 planius
1499 693 1567 749 de
1595 694 1699 748 illis
1739 691 2050 760 accipimus,
2076 698 2134 745 ut

549 795 684 849 alios
711 793 1117 863 pr0pinquasse,
1142 790 1274 843 alios
1317 789 1474 857 longe
1503 786 1713 842 stetisse
1743 784 2129 854 intelligamus:

549 883 980 957 quandoquidem
1006 891 1060 937 et
1085 881 1272 936 Petrus
1296 879 1384 950 qui
1412 877 1666 932 audacius
1695 885 1909 930 secutus
1941 874 2130 939 fuerat,

550 978 624 1032 ita
663 977 838 1031 adhuc
868 975 1022 1044 longe
1061 982 1196 1038 erat,
1225 981 1282 1027 ut
1311 972 1663 1039 interrogatus
1690 978 1740 1023 et
1773 966 2130 1038 perturbatus,

551 1077 634 1123 ter
662 1077 880 1138 negaret
910 1065 1216 1130 Dominum,
1255 1079 1376 1119 cum
1419 1077 1526 1130 quo
1559 1076 1618 1116 se
1658 1061 1975 1116 moriturum
2015 1072 2135 1114 esse

551 1162 871 1232 promiserat
898 1159 1108 1231 (Matth.
1137 1173 1283 1218 χχιιι,
1309 1156 1421 1224 70).
1449 1154 1549 1224 Qui
1600 1162 1783 1224 postea
1825 1167 1890 1207 ex
1930 1151 2136 1220 longin-

551 1268 658 1322 quo
699 1260 758 1306 ut
806 1252 1134 1321 propinquus
1181 1248 1354 1311 ﬁeret,
1381 1246 1585 1302 audivit
1628 1253 1749 1314 post
1785 1243 2134 1299 resurrectio-

553 1362 698 1411 nem,
739 1344 891 1397 Amas
930 1342 1049 1396 me?
1086 1349 1140 1395 et
1183 1340 1414 1404 dicebat,
1458 1338 1584 1392 Amo
1613 1337 1634 1408 (
1664 1336 1838 1391 Joan.»
1863 1351 1975 1401 xxI,
2022 1331 2134 1406 17).

554 1438 623 1492 Ει
656 1437 881 1492 dicendo
919 1434 1329 1505 prOpiuquabat,
1362 1432 1451 1503 qui
1483 1430 1724 1502 negando
1767 1430 1922 1499 longe
1965 1427 2136 1483 factus

554 1538 689 1595 erat,
708 1529 881 1583 donec
913 1528 1048 1582 trina
1073 1542 1207 1581 voce
1232 1526 1449 1590 amoris,
1474 1525 1706 1579 solveret
1732 1524 1924 1578 trinam
1949 1537 2135 1577 vocem

554 1620 906 1691 tiegationis’.
939 1618 1005 1672 Et
1029 1619 1248 1690 proximi
1268 1619 1365 1672 mei
1385 1634 1416 1672 a
1447 1616 1593 1689 longe
1610 1625 1875 1672 steterunt.

626 1712 711 1768 18.
757 1711 823 1766 Et
848 1712 947 1764 vim
985 1710 1239 1781 faciebant
1265 1710 1352 1780 qui
1383 1708 1673 1777 quaerebant
1701 1709 1924 1762 animam
1951 1724 2133 1762 meam.

551 1805 669 1860 Jam
699 1802 1038 1858 manifestum
1082 1801 1278 1871 estqui
1319 1800 1627 1872 quaerebant
1671 1801 1902 1855 animam
1935 1799 2133 1870 ipsius:

551 1895 657 1966 qui.
685 1893 1088 1949 nouhabebant
1123 1893 1354 1947 animam
1401 1891 1539 1962 ejus,
1579 1892 1703 1962 quia
1749 1907 1853 1946 non
1901 1900 2056 1948 erant
2084 1892 2137 1946 in

537 2002 774 2057 corpore
821 1986 957 2054 ejus.
1009 1985 1107 2053 Qui
1140 1984 1449 2055 quaarebant
1501 1984 1736 2038 animam
1787 1983 1924 2054 ejus,
1981 1983 2138 2054 longe

551 2089 706 2135 erant
733 2079 799 2135 ab
836 2080 1011 2134 anima
1041 2079 1156 2149 ejus
1190 2095 1204 2133 :
1236 2077 1330 2132 sed
1377 2079 1688 2148 quaerebant
1730 2085 1788 2132 ut
1831 2077 2140 2134 occiderent

551 2189 692 2230 eam.
737 2173 1004 2241 Qumritur
1050 2175 1191 2226 enim
1237 2173 1414 2225 anima
1445 2171 1562 2241 ejus
1591 2181 1642 2226 et
1673 2171 1828 2227 bene.
1859 2171 1990 2227 Nam
2033 2172 2138 2227 alio

550 2264 670 2318 loco
696 2264 869 2332 arguit
902 2263 1158 2332 quosdam
1200 2262 1385 2316 dicens
1416 2280 1429 2316 :
1483 2260 1551 2315 Et
1583 2277 1681 2316 non
1709 2271 1780 2317 est
1805 2263 1892 2333 qui
1917 2264 2138 2330 requirat

551 2355 776 2408 animam
815 2371 976 2408 meam
1011 2353 1179 2424 (Psal.
1211 2370 1349 2416 exu,
1389 2355 1469 2426 5).
1500 2355 1690 2424 Arguit
1732 2355 1989 2424 quosdam
2029 2371 2137 2411 non

550 2454 852 2516 quaerentes
877 2446 1107 2499 animam
1135 2446 1273 2516 ejus,
1305 2455 1359 2501 et
1389 2462 1572 2502 rursus
1613 2446 1786 2514 arguit
1825 2447 1958 2500 alios
1988 2462 2136 2516 qua:-

551 2546 732 2593 rentes
753 2538 982 2591 animam
1009 2537 1289 2606 ejus.Quis
1313 2547 1394 2592 est
1413 2539 1499 2608 qui
1521 2538 1711 2608 quaerit
1745 2537 1882 2594 bene
1905 2539 2136 2593 animam

553 2629 760 2698 ipsius?
789 2629 885 2697 Qui
931 2631 1048 2698 ejus
1092 2632 1366 2700 passiones
1417 2631 1671 2685 imitatur.
1725 2631 1823 2700 Qui
1875 2639 2000 2686 sunt
2047 2632 2137 2702 qui

551 2722 858 2791 quarrebant
888 2723 1023 2776 male
1049 2723 1280 2776 animam
1311 2722 1468 2792 ejus?
1506 2722 1606 2792 Qui
1633 2723 1681 2778 ei
1710 2726 1817 2778 vim
1850 2721 2134 2792 faciebant,

551 2823 605 2870 et
629 2814 1010 2883 crueiligehant
1049 2830 1193 2868 eum.

623 2909 712 2964 19.
749 2908 1018 2980 Sequitur,
1053 2909 1151 2976 Qui
1176 2908 1464 2979 quan-ebant
1493 2909 1630 2962 mala
1658 2925 1788 2974 mea,
1826 2909 1985 2963 locuti
2021 2918 2138 2964 sunt

551 3003 840 3055 vanitatem.
885 3001 1021 3070 Quid
1051 3011 1153 3064 est,
1187 3001 1286 3067 Qui
1311 3001 1596 3065 qumrebant
1635 3003 1770 3055 mala
1791 3002 1943 3055 mea?
1977 3002 2136 3058 Multa

552 3094 883 3162 qumrebant,
929 3103 984 3149 et
1025 3108 1130 3148 non
1182 3093 1540 3147 inveniebant.
1587 3093 1748 3148 Forte
1792 3095 1893 3150 hoc
1922 3095 2133 3163 dixerit,

554 3185 874 3254 Quaerebam
915 3185 1136 3240 crimina
1183 3201 1321 3241 mea.
1367 3185 1708 3253 Quaesierunt
1750 3187 1894 3241 enim
1924 3203 2041 3255 qua:
2083 3187 2136 3242 in

556 3278 704 3333 illum
732 3277 991 3340 dicerent,
1022 3285 1076 3332 et
1104 3291 1210 3332 non
1254 3277 1595 3334 inveniebant
1627 3276 1840 3352 (Matth.
1870 3294 2014 3344 xxvr,
2044 3279 2133 3344 59,

553 3369 668 3440 60).
711 3369 1031 3438 Quaerebam
1053 3371 1195 3424 enim
1233 3370 1371 3424 mala
1401 3370 1468 3425 de
1499 3370 1659 3436 bono,
1687 3371 1998 3440 quaerebant
2021 3387 2136 3429 soe-

553 3463 665 3520 lera
692 3463 759 3518 de
787 3463 1069 3519 innocente
1095 3481 1108 3518 :
1142 3463 1356 3534 quando
1385 3463 1685 3518 invenirent
1711 3464 1764 3519 in
1806 3481 1869 3520 eo
1898 3466 1988 3536 qui
2015 3467 2134 3520 nul-

551 3557 663 3612 lum
688 3566 960 3625 peccatum
983 3557 1209 3613 habebat
1221 3558 1245 3612 τ
1259 3557 1362 3613 Sed
1381 3556 1504 3627 quia
1522 3566 1738 3627 peccata
1755 3559 2065 3628 quzerebant
2083 3560 2136 3614 in

549 3665 617 3706 eo
632 3649 719 3719 qui
743 3651 942 3704 nullum
964 3659 1238 3719 peccatum
1262 3648 1509 3710 habebat,
1529 3649 1766 3705 restabat
1796 3657 1852 3705 ut
1877 3649 2138 3718 fingerent

550 3741 690 3812 quod
715 3757 819 3795 non
840 3741 1198 3796 inveniebant.
1221 3740 1365 3805 Ideo,
1399 3739 1500 3808 Qui
1526 3741 1812 3809 qucerebant
1841 3743 1976 3794 mala
2003 3759 2132 3803 mea,

550 3832 708 3887 locuti
731 3841 847 3885 sunt
868 3833 1157 3892 vanitatem,
1193 3847 1298 3886 non
1329 3833 1627 3886 veritatem.
1657 3831 1726 3884 Et
1746 3832 1916 3886 dolum
1937 3843 2040 3887 tota
2058 3834 2140 3889 die

550 3921 923 3977 meditabantur
943 3939 962 3976 :
983 3922 1083 3977 hoc
1108 3933 1209 3988 est,
1233 3923 1496 3978 fallaciam
1519 3923 1632 3978 sine
1648 3926 1944 3980 cessatione
1970 3927 2139 3982 medi-

557 4013 824 4070 labantur.
845 4012 1021 4068 Nostis
1048 4024 1245 4082 quanta
1266 4014 1395 4069 falsa
1437 4014 1738 4070 testimonia
1766 4015 1904 4071 dicta
1931 4029 2054 4072 sunt
2082 4021 2134 4074 in

553 4105 861 4168 Dominum,
889 4115 1174 4177 antequam
1222 4114 1513 4175 pateretur.
1559 4107 1738 4163 Nostis
1765 4119 1960 4180 quanta
2004 4110 2136 4167 falsa

553 4202 858 4257 testimonia
889 4200 1028 4255 dicta
1065 4209 1205 4266 sunt,
1239 4201 1400 4256 etiam
1427 4217 1547 4256 cum
1575 4204 1978 4258 resurrexisset.
2008 4203 2138 4259 Nam

552 4293 630 4350 illi
669 4293 864 4350 milites
891 4291 1142 4348 custodes
1177 4293 1430 4363 sepulcri,
1461 4293 1528 4349 de
1566 4295 1760 4364 quibus
1787 4295 1949 4350 Isaias
1977 4297 2132 4362 dixit,

553 4382 757 4438 Ponam
793 4383 954 4440 malos
980 4401 1072 4456 pro
1097 4383 1360 4456 sepultura
1400 4386 1508 4456 ejus
1559 4383 1709 4456 (lsai.
1757 4401 1866 4449 un,
1890 4386 1945 4456 9)
1967 4386 1987 4460 (
2013 4388 2138 4443 mali

552 4476 694 4530 enim
741 4483 911 4539 erant,
953 4485 1006 4530 et
1034 4477 1312 4531 veritatem
1357 4475 1539 4531 dicere
1587 4475 1893 4543 noluerunt,
1923 4486 1978 4532 et
2017 4493 2138 4533 cor-

552 4566 694 4635 rupti
749 4565 1082 4620 mcndacium
1131 4568 1556 4636 seminaverunt)
1589 4585 1601 4622 :
1630 4568 1888 4624 attendite
1927 4571 2136 4639 qualem

555 4659 842 4712 vanitatem
885 4658 1044 4732 locuti
1070 4666 1213 4712 sunt.
1248 4659 1562 4729 Interrogati
1594 4668 1720 4714 sunt
1747 4661 1904 4715 etiam
1932 4661 2055 4731 ipsi,
2084 4673 2140 4717 et

553 4747 846 4803 dixerunt:
875 4747 999 4802 Cum
1045 4747 1400 4812 dormiremus,
1443 4760 1682 4804 venerunt
1723 4751 1961 4821 discipuli
2003 4754 2134 4824 ejus,

555 4850 602 4896 et
622 4839 936 4896 abstulerunt
965 4858 1078 4895 eum
1114 4839 1323 4914 (Matth.
1359 4857 1550 4905 xxvtn,
1583 4842 1695 4914 15).
1733 4843 1847 4899 Hoc
1885 4854 1966 4900 est
1993 4846 2135 4917 loqui

552 4935 862 4990 vanitatem.
906 4935 963 4990 Si
998 4936 1141 4991 enim
1177 4935 1536 5002 dormiebant,
1565 4935 1704 4992 unde
1730 4937 1969 4994 sciebant
1995 4939 2137 5010 quod

552 5035 758 5099 gestum
803 5027 954 5082 erat?

626 5121 714 5175 20.
758 5119 926 5195 (vers.
971 5121 1074 5184 14,
1127 5117 1260 5192 15.].
1315 5119 1456 5191 Ergo
1500 5120 1594 5187 ait,
1642 5117 1757 5191 Ego
1798 5129 1968 5176 autem
2006 5123 2138 5178 velut
2187 5185 2196 5189 _

483 5235 490 5240 -
553 5215 736 5270 surdus
779 5232 878 5268 non
905 5213 1190 5268 audiebam.
1222 5213 1323 5282 Qui
1367 5214 1435 5269 ad
1478 5229 1538 5270 ea
1581 5230 1699 5283 qua:
1737 5215 1986 5271 audiebat
2029 5233 2137 5273 non

555 5309 937 5377 respondebat,
991 5318 1245 5379 tanquam
1308 5324 1413 5364 non
1472 5308 1740 5365 audiebat.
1808 5309 1920 5380 Ego
1971 5321 2140 5366 autem

555 5403 686 5454 velut
707 5401 893 5454 surdus
918 5418 1017 5454 non
1037 5401 1307 5455 audiebam
1323 5418 1342 5456 :
1365 5411 1410 5455 et
1436 5401 1563 5455 sicut
1590 5411 1758 5456 mutus
1788 5397 1887 5458 non
1909 5405 2140 5474 aperiens

556 5509 612 5546 os
636 5508 799 5545 suum.
836 5493 900 5546 Et
925 5493 1113 5563 repetit
1144 5492 1328 5546 eadem
1358 5509 1371 5546 :
1406 5491 1473 5546 Et
1503 5497 1667 5565 factus
1693 5509 1805 5548 sum
1833 5494 1962 5548 sicut
1991 5495 2139 5550 homo

485 5608 494 5612 ν
557 5599 658 5637 non
701 5583 940 5650 audiens,
985 5594 1031 5638 et
1075 5602 1176 5638 non
1221 5584 1406 5639 habens
1449 5586 1504 5639 in
1541 5602 1629 5641 ore
1664 5602 1756 5641 suo
1795 5587 2136 5657 argutiones'.

622 5743 636 5771 ¹
663 5747 776 5788 ueto
797 5745 924 5796 Mss,
947 5737 1148 5788 timoris.

487 5853 492 5858 δ
557 5803 641 5911 ne;
661 5805 730 5924 ita
767 5801 845 5850 hic
883 5809 935 5852 et
972 5799 1086 5851 alibi
1120 5799 1298 5864 passim
1321 5807 1419 5850 am.
1475 5805 1548 5850 Er.
1571 5808 1624 5852 et
1643 5807 1749 5851 Mss.
1798 5802 2140 5868 [redargutio—

1786 389 1843 448 s.
1881 379 2248 446 AUGUSTINI
2283 381 2587 440 Episcopi
3707 393 3803 451 408

2242 501 2403 573 Quasi
2445 518 2552 560 non
2583 512 2727 560 esset
2767 502 2931 575 quod.
2959 503 3062 560 illis
3105 502 3327 572 diceret,
3354 505 3501 574 quasi
3536 521 3638 564 non
3674 518 3804 566 esset

2243 594 2383 650 unde
2409 594 2532 651 illos
2567 605 2835 666 argueret.
2866 594 3054 652 Nonne
3067 595 3179 665 jam
3205 602 3369 651 antea
3394 597 3553 652 multa
3581 598 3805 671 increpa-

2237 697 2408 755 verat,
2438 688 2604 744 multa
2637 689 2864 757 dixerat,
2895 697 2952 745 et
2990 690 3218 757 dixerat,
3259 687 3349 745 γω
3372 691 3524 758 vobis,
3554 692 3741 748 Scribat
3766 707 3807 750 et

2242 780 2515 848 Pharisaei,
2537 782 2818 853 hypocrita:
2844 782 3053 854 (Matth.
3085 799 3236 847 χχιιι,
3265 785 3374 852 13),
3398 795 3451 840 et
3473 787 3633 842 multa
3654 785 3808 841 talia?

2239 873 2443 930 Tamen
2483 875 2696 946 quando
2741 889 2928 945 passus
2967 883 3070 942 est,
3113 875 3244 931 nihil
3289 876 3476 931 horum
3515 877 3678 933 dixit:
3711 895 3792 934 nor

2239 971 2363 1040 quia
2393 983 2498 1023 non
2530 967 2761 1024 habebat
2799 968 2938 1039 quod
2981 968 3201 1036 diceret,
3241 969 3334 1024 sed
3380 970 3714 1040 exspectabat
3759 984 3797 1025 u:

2239 1060 2572 1130 complerent
2597 1059 2671 1114 illi
2696 1060 2896 1126 omnia,
2925 1068 2981 1115 et
3007 1060 3357 1130 implerentur
3383 1076 3569 1117 omnes
3593 1061 3796 1134 prophe-

2240 1152 2328 1207 tia:
2351 1152 2418 1207 de
2450 1153 2560 1217 illo,
2601 1153 2669 1208 de
2696 1167 2804 1223 quo
2829 1153 3026 1208 dictum
3067 1163 3217 1210 erat:
3250 1153 3319 1208 Et
3353 1156 3483 1209 sicut
3509 1156 3614 1210 ovis
3649 1173 3798 1212 curant

2241 1244 2476 1297 tondente
2498 1260 2553 1298 se
2575 1244 2684 1298 sine
2710 1260 2846 1310 voce,
2879 1260 2980 1298 non
3023 1245 3216 1315 aperuit
3257 1261 3312 1299 os
3338 1262 3485 1300 suum
3529 1244 3674 1318 (lsai.
3705 1263 3801 1311 un,

2243 1335 2317 1406 7).
2347 1334 2638 1407 Oportebat
2679 1353 2806 1408 ergo
2831 1347 2890 1392 ut
2925 1348 3123 1394 taceret
3150 1339 3201 1394 in
3243 1339 3510 1410 passione,
3553 1355 3652 1394 non
3690 1342 3802 1396 taci-

2242 1436 2392 1484 turus
2419 1430 2472 1484 in
2493 1430 2712 1500 judicio.
2735 1429 3058 1485 Judicandus
3087 1431 3229 1486 enim
3257 1441 3500 1494 venerat,
3525 1433 3612 1502 qui
3642 1442 3805 1502 postea

2237 1521 2571 1589 judicaturus
2616 1524 2868 1578 veniret:
2907 1533 2962 1578 et
3001 1522 3122 1578 ideo
3162 1539 3284 1578 cum
3332 1539 3520 1594 magna
3566 1533 3807 1594 potestate

2237 1611 2595 1682 judicaturus,
2625 1613 2749 1683 quia
2775 1628 2894 1668 cum
2927 1627 3116 1684 magna
3148 1613 3443 1669 humilitate
3469 1614 3742 1683 judicatus.

2311 1703 2399 1758 21.
2444 1701 2606 1776 [υεη.
2681 1701 2793 1777 16.]
2837 1703 3088 1770 Quoniam
3125 1705 3178 1758 in
3216 1714 3281 1768 te,
3323 1703 3561 1772 Domine,
3597 1706 3807 1776 sperari;

2243 1803 2297 1849 tu
2321 1795 2579 1860 exaudies,
2612 1795 2843 1863 Domine,
2873 1795 3014 1851 Deus
3049 1813 3205 1851 meus.
3237 1797 3512 1867 Tanquam
3537 1799 3580 1854 si
3606 1800 3652 1854 ei
3677 1799 3807 1854 dicc-

2241 1897 2410 1955 retur,
2440 1889 2617 1957 Quare
2642 1905 2747 1944 non
2774 1889 3027 1960 aperuisti
3058 1905 3120 1945 os
3155 1891 3344 1946 tuum?
3373 1907 3539 1962 quare
3563 1908 3662 1947 non
3690 1892 3808 1947 dixi-

2241 1982 2329 2046 sti,
2379 1981 2629 2036 Parcite?
2677 1997 2842 2051 quare
2888 1997 2992 2037 non
3035 1981 3090 2038 in
3131 1998 3293 2038 cruce
3340 1983 3578 2053 pendens
3619 1985 3809 2055 iniquos

2242 2073 2507 2142 arguisti?
2547 2073 2799 2143 Sequitur
2837 2083 2890 2128 et
2919 2073 3046 2128 dicit
3077 2092 3090 2128 :
3126 2074 3383 2142 Quoniam
3416 2076 3472 2130 in
3499 2085 3562 2140 te,
3597 2075 3808 2143 Domine,

2241 2167 2478 2238 speravi;
2514 2177 2566 2220 tu
2605 2167 2865 2231 exaudies,
2895 2165 3131 2236 Domine,
3164 2168 3304 2224 Deus
3331 2185 3494 2224 meus.
3538 2169 3728 2225 Monuit
3766 2179 3808 2225 te

2243 2258 2369 2330 quid
2402 2259 2586 2325 facias,
2601 2259 2644 2314 si
2676 2259 2814 2314 forte
2837 2261 3132 2316 occurrerit
3153 2261 3446 2316 tribulatio.
3461 2261 3663 2330 Quaeris
3683 2263 3807 2318 enim

2244 2362 2297 2408 te
2317 2353 2628 2420 defendere,
2645 2362 2699 2408 et
2725 2355 2860 2411 forte
2887 2370 3044 2410 nemo
3067 2355 3636 2425 accipitdefensionem
3663 2365 3807 2411 tuam.

2242 2443 2359 2500 Jam
2391 2453 2444 2499 tu
2485 2445 2834 2515 perturbaris,
2867 2445 3017 2513 quasi
3066 2445 3359 2516 perdideris
3401 2461 3615 2502 causam
3664 2457 3807 2512 tuam,

2245 2537 2367 2608 quia
2399 2537 2594 2592 nullius
2626 2537 2790 2592 habes
2815 2536 3176 2592 defensionem
3205 2548 3293 2592 aut
3321 2539 3700 2594 testimonium.
3727 2537 3809 2599 Cu-

2245 2628 2386 2685 stodi
2437 2628 2581 2684 intus
2633 2629 2991 2684 innocentiam
3041 2638 3206 2694 tuam,
3243 2629 3332 2684 ubi
3377 2643 3540 2685 nemo
3583 2630 3810 2700 Opprimit

2243 2736 2459 2777 causam
2490 2730 2655 2776 tuam.
2688 2720 2975 2776 Praevaluit
3021 2720 3073 2775 in
3114 2729 3168 2776 te
3211 2719 3402 2776 falsum
3447 2722 3809 2788 testimonium,

2247 2811 2344 2868 sed
2372 2811 2511 2883 apud
2534 2812 2814 2867 homines:
2849 2812 3105 2882 numquid
3134 2813 3272 2882 apud
3307 2813 3472 2868 Deum
3507 2815 3712 2880 valebit,
3735 2813 3810 2870 ubi

2243 2921 2404 2961 causa
2426 2915 2512 2960 tua
2539 2905 2762 2961 dicenda
2793 2905 2913 2960 est?
2939 2905 3164 2974 Quando
3193 2905 3332 2961 Deus
3353 2906 3521 2975 judex
3553 2908 3668 2969 erit,
3692 2906 3809 2961 alius

2245 2997 2397 3053 testis
2430 3013 2590 3068 quam
2627 2998 2954 3052 conscientia
2985 2987 3076 3052 tua
3118 3013 3223 3052 non
3255 2998 3378 3053 erit.
3413 2997 3563 3054 Inter
3599 2999 3808 3068 judicem

2240 3087 2443 3159 justum
2466 3099 2517 3144 et
2543 3088 2924 3142 conscientiam
2967 3099 3110 3144 tuam
3135 3089 3242 3143 noli
3277 3089 3465 3144 timere
3495 3091 3598 3145 nisi
3619 3104 3810 3144 causam

2245 3188 2392 3236 tuam
2426 3199 2440 3236 :
2472 3181 2515 3235 si
2544 3195 2758 3235 causam
2787 3181 2980 3235 malam
3013 3196 3116 3235 non
3145 3180 3418 3247 habueris,
3452 3183 3652 3237 nullum
3683 3197 3812 3237 acea

2244 3281 2477 3326 saturem
2521 3273 2888 3340 pertimesces,
2918 3272 3121 3326 nullum
3151 3272 3340 3328 falsum
3373 3282 3568 3329 testem
3599 3274 3809 3343 refelles,

2244 3362 2450 3417 nullum
2484 3378 2666 3417 verum
2694 3363 2954 3433 requires.
2984 3362 3065 3418 Tu
3104 3372 3304 3419 tantum
3335 3363 3534 3420 bonam
3562 3367 3812 3422 conscien~

2246 3455 2372 3508 tiam
2404 3452 2559 3520 all‘er,
2590 3461 2648 3508 ut
2682 3455 2854 3525 possis
2882 3454 3063 3510 dicere
3093 3473 3108 3510 :
3140 3454 3391 3522 Quoniam
3418 3457 3473 3512 in
3499 3467 3567 3525 te,
3598 3457 3810 3522 Domine,

2243 3545 2438 3614 speravi
2454 3561 2472 3608 ;
2501 3553 2555 3596 tu
2579 3545 2837 3612 exaudies,
2866 3543 3102 3614 Domine,
3135 3543 3271 3600 Deus
3309 3564 3470 3603 meus.

2313 3633 2404 3688 2‘2.
2435 3633 2584 3708 [uers.
2618 3634 2730 3708 17.]
2777 3635 2909 3704 Quia
2951 3635 3060 3691 dixi
3092 3653 3111 3691 :
3143 3636 3428 3707 Nequando
3471 3641 3746 3696 insultent‘
3768 3641 3812 3694 in

2242 3743 2324 3781 me
2351 3727 2542 3781 inimici
2571 3729 2696 3792 mei,
2719 3737 2764 3782 et
2793 3727 2914 3782 dum
2940 3739 3312 3784 commoventur
3345 3732 3500 3802 pedes
3529 3734 3642 3801 mei,
3666 3734 3714 3787 in
3742 3749 3811 3787 me

2243 3833 2429 3887 magna
2459 3816 2614 3872 locuti
2640 3830 2779 3873 sunt.
2815 3818 3007 3874 lterum
3038 3821 3176 3876 redit
3203 3823 3268 3876 ad
3304 3823 3665 3881 infirmitatem
3699 3840 3808 3880 cor-

2245 3909 2392 3979 poris
2417 3909 2520 3973 sui,
2552 3918 2607 3964 et
2628 3925 2814 3966 rursus
2851 3921 3011 3981 caput
3047 3913 3174 3968 illud
3207 3915 3434 3971 attendit
3458 3919 3626 3987 pedes
3651 3931 3767 3975 suos
3798 3937 3810 3973 :

2249 4015 2358 4056 nou
2389 4001 2467 4057 sic
2493 4011 2576 4056 est
2603 4001 2657 4057 in
2683 4003 2840 4067 coelo,
2871 4013 2928 4057 ut
2952 4003 3164 4060 deserat
3204 4007 3344 4077 quod
3376 4007 3540 4066 habet
3565 4011 3615 4066 in
3645 4022 3773 4066 terra
3798 4027 3810 4062 :

2248 4093 2479 4148 attendit
2509 4093 2687 4163 plane,
2719 4103 2773 4148 et
2795 4093 2938 4149 videt
2965 4109 3086 4150 nos.
3114 4096 3416 4168 Aliquando
3441 4104 3586 4156 enim
3607 4144 3621 4168 ,
3655 4111 3708 4156 ut
3742 4109 3813 4157 est

2243 4184 2345 4239 ista
2377 4185 2505 4248 vita,
2533 4193 2938 4240 commoventur
2982 4187 3144 4257 pedes
3194 4191 3381 4254 nostri,
3418 4202 3473 4247 et
3504 4193 3743 4249 labuntur
3765 4192 3812 4246 in

2243 4275 2426 4345 aliquo
2454 4284 2672 4346 peccato
2702 4294 2715 4330 :
2747 4276 2819 4332 ibi
2839 4287 3131 4348 exsurgunt
3152 4278 3343 4352 lingua:
3367 4285 3705 4354 nequissima:
3725 4285 3814 4340 ini-

2243 4366 2528 4421 micorum.
2560 4366 2694 4422 Hinc
2719 4382 2846 4438 ergo
2876 4369 3239 4441 intelligimus,
3263 4373 3423 4429 etiam
3445 4390 3567 4432 cum
3591 4378 3813 4434 tacebant

2243 4454 2369 4526 quid
2398 4455 2724 4526 quaerebant.
2747 4457 3064 4529 Loquuntur
3081 4470 3205 4517 tunc
3223 4477 3411 4535 aspere
3427 4464 3678 4533 immites,
3694 4484 3812 4538 gau.

2244 4545 2433 4601 dentes
2461 4549 2482 4578 ³
2506 4562 2564 4602 se
2591 4548 2859 4603 invenisse
2884 4551 3025 4620 quod
3051 4551 3234 4608 dolere
3256 4553 3580 4613 debuerunt.
3605 4560 3665 4614 Et
3679 4558 3812 4613 dixi:

2245 4637 2330 4692 Ne
2357 4638 2629 4709 aliquando
2660 4640 2897 4694 insultent
2925 4642 2978 4696 in
3007 4659 3087 4698 me
3113 4644 3306 4700 inimici
3339 4648 3452 4702 mei.
3489 4649 3604 4705 Dixi
3632 4651 3746 4717 hoc,
3768 4658 3814 4705 ct

2244 4737 2426 4788 tamen
2449 4731 2584 4787 forte
2610 4733 2674 4786 ad
2699 4733 3124 4790 emendationem
3153 4735 3323 4794 fecisti
3345 4755 3440 4796 eos
3463 4757 3652 4815 magna
3685 4743 3812 4813 loqui

2243 4821 2310 4877 de
2337 4838 2422 4878 me
2443 4865 2458 4888 ,
2492 4825 2613 4877 dum
2637 4836 2952 4880 moverentur
2981 4827 3131 4898 pedes
3169 4831 3287 4896 mei,
3320 4831 3373 4886 id
3399 4842 3481 4888 est
3512 4834 3639 4890 elati
3665 4845 3780 4890 sunt
3798 4877 3811 4899 ,

2244 4913 2409 4968 multa
2439 4914 2576 4969 mala
2590 4915 2858 4984 dixerunt,
2873 4933 2995 4973 cum
3012 4933 3399 4979 c0mmoverer.
3422 4924 3657 4982 Misereri
3688 4929 3815 4980 enim

2244 5005 2544 5061 debuerunt
2571 5008 2812 5075 inﬁrmis,
2847 5027 2952 5066 non
2980 5012 3269 5082 insultare;
3302 5020 3573 5088 quomodo
3602 5022 3814 5092 Aposto-

2244 5096 2327 5151 lus
2361 5096 2489 5152 dicit
2519 5115 2532 5151 :
2566 5097 2797 5165 Fratres,
2818 5101 2864 5154 si
2889 5115 3272 5175 praeoccupatus
3305 5111 3457 5177 fuerit
3483 5110 3632 5164 homo
3652 5112 3702 5164 in
3727 5110 3815 5162 uli-

2243 5203 2340 5254 quo
2367 5188 2568 5257 delicto,
2597 5206 2683 5244 vos
2703 5194 2789 5260 qui
2807 5193 3098 5262 spirituales
3124 5197 3261 5264 estis,
3284 5199 3516 5255 instruite
3535 5202 3815 5273 hujusnroa'i

2243 5280 2297 5334 in
2325 5280 2507 5350 spiritu
2537 5284 2956 5340 mansuetudinis.
3000 5284 3067 5340 Et
3102 5290 3473 5358 complectitur
3503 5308 3668 5362 quare
3702 5312 3714 5348 :
3743 5294 3789 5346 in

2246 5371 2473 5438 tendens,
2523 5371 2712 5443 inquit,
2747 5375 2982 5445 teipsum,
3012 5394 3074 5431 ne
3102 5388 3146 5433 et
3179 5389 3234 5434 tu
3259 5383 3458 5438 tenteris
3485 5383 3624 5454 (Gal.
3649 5401 3718 5442 Vl.
3752 5386 3812 5453 l).

2244 5459 2358 5515 Non
2389 5472 2542 5518 erant
2563 5465 2647 5519 isti
2677 5465 2827 5533 tales,
2860 5466 2928 5523 de
2951 5469 3141 5538 quibus
3169 5471 3328 5540 dicit,
3362 5473 3429 5528 Et
3455 5476 3575 5530 dum
3605 5494 3812 5531 commo~

2245 5563 2472 5607 verentur
2491 5554 2641 5625 pedes
2666 5557 2782 5622 mei,
2801 5557 2853 5612 in
2870 5575 2950 5613 me
2971 5575 3156 5632 magna
3183 5562 3338 5619 locuti
3363 5575 3478 5622 sunt
3507 5583 3526 5622 :
3556 5568 3650 5624 sed
3677 5575 3814 5623 erant

2309 5747 2326 5777 ί
2352 5745 2482 5809 Colb.
2514 5753 2596 5797 Ms.
2621 5756 2899 5802 constanter
2920 5751 3070 5805 habet
3089 5757 3344 5809 exsultent.

2308 5808 2627 5886 fsi‘eqaliquot
2648 5818 2752 5886 Mss.
2772 5813 3024 5886 Fdd_._vero,
3045 5817 3279 5886 Quierant
3291 5829 3402 5886 tunc
3415 5821 3591 5886 asperi,
3603 5820 3815 5882 immites,

2242 5871 2454 5929 gaudent
2477 5871 2542 5935 se,
2571 5880 2664 5923 etc.
2691 5875 2909 5928 Norinulli
2926 5871 3238 5944 Mss.,'aspcre
3259 5882 3310 5934 in
3333 5871 3487 5936 mites:
