4042 6516
265 424 362 483 409

264 544 391 600 tales
418 541 491 598 de
516 541 712 612 quibus
738 520 869 596 alibi
892 538 1040 606 dicit,
1092 535 1195 603 Qui
1232 551 1313 590 me
1340 541 1594 608 pfenttml,
1618 528 1845 587 exsulta-

263 637 379 692 bunt
401 638 446 690 si
471 644 639 689 motus
670 638 812 705 fuero
838 630 1009 704 (Psal.
1035 647 1133 696 xu,
1164 628 1242 701 5).
1702 697 1709 701 _

328 729 418 784 25.
450 727 607 801 [νεα.
646 727 738 793 18,
772 725 884 799 i9.]
918 725 1168 793 Quoniam
1195 739 1287 795 ego
1312 723 1366 776 in
1391 722 1597 793 ﬂagella
1640 728 1848 791 paratus

264 841 386 881 sum.
418 822 655 878 Omnino
698 820 996 889 magnifice,
1043 827 1289 888 tanquam
1333 816 1535 871 diceret
1587 834 1600 870 :
1638 814 1717 868 Ad
1746 813 1847 868 hoc

263 928 414 974 natus
439 932 562 973 sum
590 958 606 983 ,
649 924 709 971 ut
736 914 940 985 ﬂagella
969 913 1241 968 sufferam.
1279 910 1392 965 Non
1423 910 1565 964 enim
1594 922 1849 963 nascere-

262 1021 346 1068 tur
373 1012 391 1042 ⁸
420 1011 525 1065 nisi
554 1010 622 1065 de
659 1009 826 1063 Adam
848 1050 862 1072 ,
906 1007 991 1062 cui
1036 1004 1242 1075 ﬂagella
1271 1003 1552 1058 debentur.
1595 999 1699 1056 Sed
1741 999 1846 1053 ali-

262 1101 469 1173 quando
501 1108 814 1171 peccatores
850 1098 903 1153 in
934 1097 1033 1153 hac
1071 1097 1174 1151 vita
1206 1104 1297 1149 aut
1331 1109 1437 1150 non
1461 1135 1476 1159 ,
1529 1102 1620 1148 aut
1671 1092 1847 1147 minus

264 1195 631 1265 ﬂagellautur:
663 1192 785 1263 quia
810 1192 920 1261 jam
950 1191 1229 1260 desperata
1259 1198 1342 1245 est
1382 1187 1604 1242 intentio
1630 1200 1840 1241 eorum.

262 1290 324 1345 At
348 1302 481 1342 vero
511 1286 585 1341 illi
617 1284 808 1356 quibus
848 1292 1062 1352 paratur
1091 1283 1197 1336 vita
1227 1280 1550 1350 sempiterna
1575 1318 1591 1343 ,
1626 1290 1846 1332 necesse

261 1389 337 1434 est
366 1387 425 1433 ut
456 1378 547 1433 hic
572 1376 938 1446 ﬂagellentur;
964 1374 1086 1444 quia
1125 1388 1245 1427 vera
1288 1381 1371 1426 est
1405 1371 1496 1425 illa
1531 1368 1795 1425 sententia
1829 1384 1844 1421 :

262 1470 381 1537 Fili,
416 1488 483 1527 ne
526 1471 736 1539 deﬁcias
769 1470 824 1523 in
853 1468 1122 1539 disciplina
1154 1465 1391 1528 Domini,
1436 1478 1595 1533 neque
1622 1460 1847 1533 fatigeris

260 1582 367 1619 cum
394 1565 460 1618 ab
502 1562 594 1618 illo
632 1561 909 1633 increparis
942 1576 1131 1631 :quem
1177 1558 1311 1612 enim
1350 1556 1515 1626 diligit
1558 1553 1844 1619 Dominus,

257 1657 503 1726 corripit;
548 1655 775 1728 ﬂagellat
812 1664 978 1709 autem
1024 1669 1220 1706 omnem
1265 1652 1426 1719 ﬁlium
1476 1666 1620 1721 quent
1668 1648 1849 1718 recipit

261 1748 441 1819 (Prov.
476 1765 557 1814 ιιι,
592 1749 680 1810 ll,
716 1746 829 1817 12).
875 1746 997 1801 Ideo
1038 1759 1167 1814 ergo
1215 1758 1319 1798 non
1365 1742 1616 1796 insultent
1645 1738 1845 1795 inimici

260 1842 381 1902 mei,
414 1856 526 1896 non
558 1854 745 1909 magna
793 1839 1075 1909 loquantur
1110 1852 1123 1889 :
1155 1845 1210 1889 et
1239 1835 1282 1889 si
1317 1834 1545 1904 ﬂagellat
1572 1846 1660 1886 me
1690 1831 1848 1886 Pater

260 1949 427 1999 meus,
480 1934 536 1985 in
564 1930 774 2001 ﬂagella
806 1939 1017 1999 paratus
1043 1944 1186 1990 sum;
1225 1926 1348 1996 quia
1389 1925 1517 1979 mihi
1561 1921 1865 1995 hereditas

262 2037 609 2098 pra-paratur.
642 2025 759 2079 Non
789 2024 869 2078 vis
897 2022 1189 2093 ﬂagellum,
1224 2034 1330 2075 non
1363 2018 1454 2074 tibi
1481 2017 1639 2072 datur
1669 2016 1843 2071 haere-

262 2120 415 2177 ditas.
465 2118 656 2175 Omnis
702 2117 844 2172 enim
881 2115 1017 2170 filius
1061 2126 1283 2168 necesse
1319 2119 1403 2165 est
1442 2118 1501 2163 ut
1529 2107 1842 2178 ﬂagelletur.

264 2216 441 2287 Usque
482 2214 621 2269 adeo
664 2211 839 2267 omnis
886 2208 1203 2279 ﬂagellatur,
1235 2213 1292 2259 ut
1320 2219 1418 2259 nec
1448 2201 1521 2257 illi
1552 2198 1847 2271 pepercerit

265 2311 435 2380 (Rom.
459 2324 553 2363 vni
576 2350 591 2374 ,
624 2304 715 2379 δε)
748 2305 835 2375 qui
864 2311 1138 2374 peccatum
1178 2314 1282 2354 non
1314 2297 1497 2353 habuit
1522 2295 1569 2368 (Ι
1595 2294 1737 2349 Petr.
1764 2310 1840 2361 ιι,

262 2404 369 2473 22).
403 2402 658 2471 Quoniam
679 2415 769 2469 ego
788 2398 841 2451 in
866 2395 1071 2468 ﬂagella
1100 2402 1309 2464 paratus
1328 2408 1459 2447 sum.

330 2499 420 2553 Ἡ.
458 2495 527 2551 Et
556 2495 704 2548 dolor
732 2508 872 2546 meus
905 2500 1021 2543 ante
1046 2505 1126 2542 me
1149 2497 1221 2543 est
1246 2503 1459 2557 semper.
1491 2484 1621 2553 Quis
1646 2482 1846 2539 dolor?

263 2592 421 2650 Forte
468 2591 540 2645 de
584 2587 809 2658 ﬂagello.
842 2585 911 2640 Et
935 2599 1080 2647 vere,
1114 2582 1305 2637 fratres
1350 2581 1493 2647 mei,
1521 2594 1646 2635 vere
1671 2578 1844 2633 dicam

266 2686 436 2751 vobis,
472 2681 683 2753 ﬂagella
728 2694 824 2734 sua
850 2677 1034 2732 dolent
1060 2675 1338 2737 homines;
1382 2686 1546 2741 quare
1576 2669 1847 2739 ﬂagellan-

261 2787 346 2833 tur
365 2792 470 2831 non
498 2774 701 2829 dolent.
726 2771 841 2826 Non
861 2775 977 2824 erat
1000 2768 1100 2822 iste
1119 2767 1215 2821 sic.
1242 2764 1453 2828 Audite,
1484 2762 1677 2818 fratres
1701 2761 1839 2816 mei:

262 2870 449 2927 Nescio
498 2866 617 2937 quis
661 2865 705 2919 si
758 2863 1009 2917 damnum
1060 2859 1281 2929 patitur,
1326 2855 1610 2926 proclivior
1660 2862 1742 2908 est
1786 2862 1847 2908 ut

263 2963 421 3024 dicat,
447 2958 669 3028 indigne
694 2969 880 3025 passus
906 2968 1045 3017 sum,
1080 2965 1238 3020 quam
1270 2955 1328 3002 ut
1350 2946 1653 3002 consideret
1678 2959 1846 3014 quare

262 3066 449 3127 passus
501 3050 607 3113 sit;
651 3047 840 3102 dolens
879 3044 1129 3099 damnum
1180 3040 1455 3109 pecuniae,
1500 3051 1607 3091 non
1662 3035 1847 3090 dolens

263 3126 496 3219 iustitia.
520 3141 575 3197 Si
595 3138 847 3210 peccasti,
860 3136 1167 3191 thesaurum
1185 3140 1330 3186 tuum
1358 3130 1663 3184 interiorem
1689 3126 1843 3182 dole:

264 3216 395 3293 nihil
427 3234 594 3288 habes
620 3231 671 3285 in
702 3230 883 3293 domo,
911 3225 1004 3281 sed
1036 3224 1171 3279 forte
1197 3221 1406 3277 inanior
1430 3236 1489 3275 es
1517 3221 1539 3252 ³
1566 3216 1728 3275 corde
1755 3237 1769 3273 :
1801 3218 1847 3274 si

262 3337 437 3383 autem
475 3323 693 3393 plenum
722 3327 805 3373 est
830 3332 924 3373 cor
946 3316 1088 3371 bono
1117 3329 1236 3379 suo,
1266 3312 1375 3367 Deo
1400 3320 1519 3376 tuo;
1543 3324 1707 3380 quare
1741 3324 1847 3364 non

260 3419 395 3475 dicis
422 3435 439 3473 ;
468 3415 726 3472 Dominus
753 3410 927 3476 dedit,
966 3408 1223 3463 Dominus
1264 3405 1509 3468 abstulit;
1555 3404 1693 3459 sicut
1740 3404 1849 3459 Do-

262 3513 408 3568 mino
438 3506 660 3579 placuit,
692 3506 763 3560 ita
791 3502 985 3558 factum
1025 3508 1141 3564 est;
1174 3499 1243 3553 sit
1280 3511 1473 3551 nomen
1510 3495 1721 3551 Domini
1751 3495 1850 3551 be-

264 3604 532 3661 nedictum
587 3597 707 3671 (Job
774 3614 811 3661 ι,
851 3594 982 3664 21)?
1022 3591 1178 3649 Unde
1205 3605 1331 3661 ergo
1362 3589 1462 3643 iste
1499 3588 1753 3643 dolebat?
1781 3586 1851 3643 de

264 3696 473 3767 ﬂagello
503 3708 611 3763 quo
657 3686 1060 3761 ﬂagellabatur?
1087 3682 1261 3740 Absit.
1297 3681 1360 3736 Et
1401 3680 1549 3735 dolor
1580 3695 1740 3745 meus,
1769 3680 1849 3734 in-

264 3789 398 3860 quit,
427 3796 546 3841 ante
569 3801 649 3839 me
673 3792 745 3837 est
768 3795 981 3851 semmr.
1012 3778 1078 3833 Et
1100 3774 1252 3846 quasi
1278 3774 1601 3836 diceremus,
1621 3773 1740 3841 quis
1755 3770 1856 3825 do-

264 3880 381 3936 lor?
406 3878 549 3935 unde
577 3874 767 3931 dolor?
799 3872 1051 3940 Quoniam
1078 3869 1391 3939 iniquitatem
1418 3882 1580 3920 meam
1607 3881 1699 3936 ego
1729 3880 1852 3935 pro-

264 3976 461 4040 nuntio,
490 3981 540 4028 et
567 3984 741 4025 curam
780 3982 951 4038 geram
988 3979 1081 4035 pro
1109 3971 1312 4033 peccato
1353 3976 1485 4015 meo.
1542 3958 1682 4013 Ecce
1715 3957 1854 4013 unde

267 4066 440 4121 dolor.
471 4063 589 4119 Non
617 4062 685 4117 de
710 4058 921 4130 ﬂagello
944 4055 1136 4111 dolor:
1166 4053 1233 4108 de
1248 4052 1491 4117 vulnere,
1517 4065 1624 4105 non
1650 4049 1718 4105 de
1739 4063 1856 4105 me-

267 4159 465 4215 dicina.
519 4154 651 4210 Nam
702 4151 968 4223 ﬂagellum
1016 4147 1463 4204 medicamentum
1523 4152 1605 4199 est
1669 4152 1855 4198 contra

268 4260 509 4324 peccata.
537 4246 753 4310 Audite,
782 4243 973 4299 fratres
1004 4260 1016 4295 :
1047 4238 1321 4296 christiani
1350 4250 1565 4300 sumus;
1593 4243 1648 4290 et
1675 4243 1855 4289 tamen

268 4346 584 4415 plerumque
602 4339 647 4394 si
678 4337 817 4391 illius
835 4334 1149 4405 cujusquam
1166 4329 1442 4394 moriatur,
1461 4327 1665 4399 plangit
1684 4325 1853 4391 illum;

270 4437 317 4492 si
358 4439 561 4505 peccet,
597 4446 704 4485 non
748 4428 896 4483 illum
945 4423 1162 4495 plangit.
1195 4421 1344 4477 Tunc
1383 4419 1679 4490 plangeret,
1734 4426 1859 4471 tunc

271 4527 499 4591 doleret,
530 4538 652 4579 cum
684 4526 991 4591 peccantem
1022 4515 1258 4579 videret;
1292 4520 1418 4567 tunc
1442 4510 1656 4566 modum
1688 4509 1860 4578 impo—

273 4626 444 4684 neret,
496 4625 624 4671 tunc
671 4625 913 4668 normam
968 4605 1179 4662 vivendi
1222 4604 1471 4669 doceret,
1524 4600 1857 4670 disciplinam

272 4712 471 4767 daret:
504 4716 596 4762 aut
630 4706 677 4760 si
730 4703 884 4765 fecit,
928 4708 982 4756 et
1028 4698 1118 4754 ille
1145 4712 1250 4752 non
1288 4694 1523 4757 audivit,
1576 4700 1703 4747 tunc
1744 4699 1861 4747 erat

273 4800 634 4875 plangendus;
676 4806 802 4852 tunc
848 4792 1001 4863 pejus
1041 4797 1289 4845 mortuus
1334 4785 1609 4842 luxuriose
1633 4783 1819 4838 vivens
1842 4825 1858 4849 ,

275 4874 437 4967 quam
455 4888 732 4947 moriendo
770 4886 1032 4942 luxuriam
1073 4881 1265 4936 ﬂniens
1293 4897 1306 4933 :
1338 4886 1467 4933 tunc
1489 4892 1620 4947 ergo
1648 4874 1862 4946 quando

277 4988 379 5043 ista
410 4983 634 5039 faciebat
662 4981 716 5035 in
749 4977 910 5034 domo
945 4984 1062 5040 tua,
1107 4987 1212 5028 non
1243 4970 1418 5026 solum
1447 4976 1686 5023 mortuus
1705 4975 1821 5023 erat
1841 5007 1857 5032 ,

274 5081 370 5136 sed
401 5088 450 5134 et
481 5074 717 5149 patebat.
746 5072 877 5127 Haec
916 5066 1145 5124 dolenda
1192 5074 1334 5129 sunt,
1381 5063 1467 5117 illa
1510 5059 1861 5117 sustinenda:
1900 5124 1905 5130 _

276 5175 364 5228 illa
399 5168 639 5234 ferenda,
673 5166 771 5223 ista
798 5160 1117 5234 plangenda.
1142 5153 1450 5226 Plangenda
1470 5162 1648 5208 autem
1681 5194 1695 5215 ,
1726 5165 1864 5221 quo-

278 5262 440 5318 modo
466 5258 688 5315 audistis
713 5257 963 5327 plangere
1004 5251 1161 5306 istum
1213 5266 1228 5303 :
1273 5245 1525 5315 Quoniam
1552 5244 1866 5314 iniquitatem

278 5370 443 5408 nteam
473 5368 562 5422 ego
590 5346 883 5419 pronuntio,
921 5351 966 5397 et
988 5356 1163 5395 curam
1192 5353 1364 5410 geram
1392 5351 1484 5406 pro
1508 5342 1707 5404 peccato
1731 5346 1863 5386 meo.

280 5445 360 5502 Ne
392 5457 611 5499 securus
634 5440 729 5505 sis,
761 5452 883 5493 cum
911 5432 1188 5490 confessus
1215 5429 1379 5485 fueris
1404 5436 1675 5497 peccaturo
1693 5433 1863 5492 tuum,

284 5550 535 5608 tanquam
561 5547 777 5603 semper
803 5535 1131 5600 praeparatus
1150 5522 1219 5579 ad
1243 5518 1606 5577 confitendum
1635 5524 1688 5572 et
1712 5530 1866 5571 com-

283 5628 598 5686 mittendum
669 5629 966 5695 peccatum.
1029 5617 1119 5674 Sic
1184 5610 1466 5686 pronuntia
1530 5608 1865 5680 iniquitatem

276 5826 281 5829 μ
352 5775 1093 5836 imodecimuss.,patcrcluf-
1346 5826 1362 5836 ,
1409 5824 1424 5836 ,
1511 5830 1524 5836 _
1590 5822 1593 5825 ,

350 5846 374 5875 ⁸
400 5824 710 5905 ἧξῖὦιῖοι·
738 5824 957 5889 ιε’σόνάε
972 5869 988 5897 ,
1008 5831 1177 5897 plures
1208 5836 1312 5879 Mss.
1346 5824 1559 5885 habent,
1582 5824 1633 5873 in
1653 5824 1812 5873 anim
1828 5825 1876 5873 et

285 5904 452 5959 corde.

1307 410 1707 473 ENARRATIO
1744 405 1810 465 IN
1850 404 2000 462 PSM
2023 406 2172 465 MUM
2215 410 2477 470 XXXVII.

3439 430 3545 486 M0

1961 533 2127 595 tuam,
2151 539 2209 585 ut
2236 545 2417 587 curam
2440 548 2596 605 geras
2607 550 2705 607 pro
2724 545 2945 608 peccato
2966 547 3075 596 tuo.
3093 540 3228 610 Quid
3240 550 3340 608 est,
3355 558 3537 601 curam

1956 634 2144 691 gerere
2187 637 2282 692 pro
2331 636 2547 694 peccato
2601 628 2732 683 tuo?
2766 628 2957 685 Curam
2984 648 3169 703 gerere
3194 651 3288 705 pro
3316 637 3540 694 vulnere

1958 722 2068 769 tuo.
2097 714 2150 770 Si
2178 715 2405 786 diceres,
2434 717 2627 774 Curam
2660 737 2839 792 geram
2871 740 2963 793 pro
2988 726 3203 782 vulnere
3226 746 3380 795 meo;
3413 733 3535 799 quid

1958 808 2360 879 intelligeretur,
2392 814 2514 879 nisi,
2541 815 2687 870 Dabo
2713 832 2927 885 operam
2954 827 3013 873 ut
3039 824 3291 875 sanetur?
3318 823 3429 879 [loc
3456 836 3537 880 est

1957 903 2100 958 enim
2129 918 2309 959 curam
2340 922 2527 977 gerere
2552 925 2649 978 pro
2674 910 2887 976 delicto,
2920 926 3130 983 semper
3169 916 3297 980 niti,
3326 933 3540 988 semper

1958 997 2257 1065 intendere,
2282 1016 2494 1071 semper
2523 1004 2760 1060 studiose
2790 1014 2844 1060 et
2868 1007 3056 1062 sedulo
3094 1024 3251 1078 agere
3282 1018 3339 1064 ut
3380 1027 3538 1067 sanes

1957 1099 2255 1161 peccatum.
2306 1094 2442 1149 Ecce
2478 1095 2547 1151 de
2594 1096 2681 1152 die
2720 1098 2772 1152 in
2818 1098 2959 1154 diem
3005 1100 3209 1171 plangis
3261 1114 3536 1174 peccatum

1958 1192 2127 1249 tuum,
2158 1185 2417 1275 sedforte
2454 1186 2703 1260 lacryma:
2721 1202 2960 1257 currunt,
2993 1202 3046 1247 et
3083 1209 3269 1249 manus
3304 1207 3535 1255 cessant.

1955 1277 2112 1333 Fiant
2141 1278 2495 1352 eleemosynte
2518 1324 2533 1346 ,
2563 1282 2889 1339 redimantur
2919 1297 3130 1355 peccata
3152 1329 3167 1352 ,
3195 1289 3422 1357 gaudeat
3460 1290 3539 1343 in-

1954 1370 2139 1439 digens
2163 1370 2230 1426 de
2254 1372 2378 1426 dato
2408 1380 2520 1437 tuo,
2562 1383 2619 1428 ut
2656 1383 2710 1430 et
2756 1384 2810 1429 tu
2858 1376 3088 1446 gaudeas
3130 1379 3197 1433 dc
3248 1380 3373 1434 dato
3421 1382 3533 1435 Dei.

1956 1462 2088 1532 Eget
2120 1463 2244 1529 ille,
2278 1479 2403 1535 eges
2430 1475 2483 1519 et
2515 1474 2567 1519 tu
2599 1485 2611 1519 :
2640 1476 2761 1537 eget
2791 1468 2876 1523 ille
2907 1468 2971 1522 ad
3005 1478 3055 1523 te
3075 1510 3089 1534 ,
3123 1486 3247 1539 eges
3279 1481 3331 1525 et
3378 1482 3433 1525 tu
3468 1473 3532 1526 ad

1956 1556 2122 1612 Deum
2156 1558 2194 1610 ί.
2235 1558 2313 1612 Tu
2344 1560 2642 1615 contemnis
2685 1570 2927 1631 egentem
2983 1562 3095 1630 tui,
3150 1564 3288 1619 Deus
3337 1580 3441 1618 non
3485 1575 3535 1621 te

1953 1661 2258 1707 contemnet
2281 1662 2523 1723 egentem
2549 1654 2673 1709 sui?
2704 1656 2839 1724 Ergo
2866 1654 3084 1723 impleto
3127 1666 3179 1711 tu
3219 1659 3418 1727 egentis
3450 1658 3533 1712 in-

1953 1744 2150 1813 opiam,
2181 1753 2237 1800 ut
2265 1745 2481 1814 impleat
2513 1746 2651 1801 Deus
2680 1747 2928 1802 interiora
2953 1756 3058 1802 tua.
3090 1748 3198 1803 Hoc
3228 1759 3329 1814 est,
3349 1749 3534 1804 Curam

1952 1852 2124 1907 geram
2146 1853 2236 1905 pro
2262 1847 2465 1907 peccato
2488 1855 2618 1903 meo,
2644 1838 2829 1893 faciam
2857 1840 3034 1895 omnia
3068 1856 3416 1912 quaecumque
3458 1842 3535 1895 fa-

1953 1927 2140 1983 cienda
2181 1938 2326 1995 sunt,
2372 1930 2441 1984 ad
2470 1930 2788 1987 abolendum
2834 1941 2888 1987 et
2926 1933 3217 1989 sanandum
3258 1946 3531 2004 peccatum

1952 2034 2150 2075 meum.
2172 2020 2240 2075 Et
2265 2039 2437 2076 curam
2466 2039 2636 2094 geram
2659 2041 2751 2094 pro
2772 2033 2971 2094 peccato
3001 2041 3127 2079 meo.

2022 2113 2112 2169 25.
2144 2113 2295 2186 [vers.
2326 2113 2445 2189 20.]
2476 2114 2681 2170 Inimici
2723 2126 2889 2171 autent
2916 2118 3012 2171 mei
3039 2118 3226 2173 vivunt.
3267 2118 3411 2174 Bene
3450 2129 3533 2174 est

1951 2208 2051 2269 eis,
2078 2206 2310 2278 gaudent
2354 2208 2406 2261 in
2458 2208 2634 2263 sazculi
2686 2208 2953 2275 felicitate,
2986 2209 3072 2263 ubi
3110 2223 3209 2280 ego
3241 2209 3443 2274 laboro,
3474 2219 3529 2265 et

1951 2302 2103 2371 rugio
2131 2316 2163 2356 a
2188 2300 2386 2372 gemitu
2413 2301 2591 2355 cordis
2621 2305 2743 2356 mei.
2776 2301 3052 2369 Quomodo
3090 2303 3277 2357 vivunt
3324 2304 3524 2358 inimici

1951 2395 2115 2462 illius,
2148 2396 2271 2466 quia
2297 2395 2405 2465 jam
2434 2394 2568 2449 dixit
2610 2394 2678 2449 de
2724 2394 2848 2460 illis,
2895 2395 3140 2466 quoniam
3189 2394 3352 2450 locuti
3404 2405 3531 2451 sunt

1950 2490 2273 2546 vanitatem?
2301 2488 2437 2544 Audi
2463 2498 2514 2543 et
2543 2488 2596 2543 in
2620 2488 2727 2543 alio
2754 2490 2957 2557 psalmo
2982 2506 2995 2542 :
3027 2488 3250 2555 Quorum
3279 2489 3374 2557 ﬁlii
3400 2489 3528 2542 sicut

1950 2584 2166 2639 novellae
2193 2584 2542 2638 constabilitte.
2592 2581 2698 2637 Sed
2740 2582 2986 2651 superius
3013 2581 3217 2636 dixerat
3248 2598 3261 2634 :
3299 2579 3530 2648 Quorum

1951 2693 2007 2733 os
2036 2678 2256 2732 locutum
2285 2686 2357 2731 est
2385 2677 2674 2737 vanitatem,
2705 2675 2827 2743 ﬁlia:
2856 2689 3026 2731 eorum
3062 2675 3355 2744 compositae
3398 2675 3526 2728 sicut

1950 2770 2229 2826 similitudo
2256 2771 2459 2840 templi;
2497 2768 2704 2823 cellaria
2741 2784 2914 2822 eorum
2950 2769 3127 2838 plena,
3156 2769 3438 2822 eructantia
3465 2785 3528 2823 ea;

1952 2866 2047 2920 hoc
2078 2865 2129 2918 in
2161 2864 2286 2928 hoc;
2315 2863 2461 2917 boves
2499 2879 2672 2917 eorum
2701 2861 2892 2926 crassi;
2917 2878 3029 2917 oves
3056 2878 3231 2916 eorum
3272 2861 3520 2931 fecundat,

1951 2958 2344 3029 multiplicantes
2360 2957 2411 3010 in
2428 2956 2639 3009 exitibus
2658 2955 2761 3007 suis
2784 2970 2801 3007 :
2824 2970 2920 3007 non
2936 2962 3010 3007 est
3030 2952 3178 3005 ruina
3198 2953 3351 3021 scpis,
3370 2968 3526 3021 neque

1950 3051 2146 3109 clamor
2163 3052 2221 3105 in
2245 3050 2425 3121 plateis
2449 3064 2638 3103 eorum.
2665 3046 2856 3102 Vivunt
2874 3061 3000 3117 ergo
3026 3045 3221 3100 inimici
3239 3043 3343 3098 mei
3369 3061 3382 3100 :
3406 3042 3525 3099 hac

1951 3146 2059 3201 vita
2083 3152 2185 3212 est,
2226 3141 2362 3197 hanc
2402 3141 2636 3206 laudant,
2668 3140 2801 3194 hanc
2826 3146 3027 3203 amant,
3075 3136 3211 3192 hanc
3254 3136 3396 3191 malo
3424 3150 3525 3191 suo

1953 3238 2171 3295 habent.
2197 3236 2334 3307 Quid
2368 3236 2509 3290 enim
2540 3232 2816 3303 sequitur?
2853 3231 3068 3286 Beatum
3098 3230 3336 3285 dixerunt
3362 3245 3527 3299 popu-

1953 3330 2060 3385 lum
2083 3371 2098 3396 ,
2141 3329 2223 3383 cui
2251 3328 2359 3381 lucc
2392 3334 2527 3379 sunt.
2558 3323 2692 3391 Quid
2721 3332 2894 3377 autem
2926 3330 3011 3386 tu,
3053 3320 3143 3391 qui
3176 3334 3358 3375 curam
3386 3320 3529 3389 geris

1955 3437 2053 3492 pro
2079 3427 2297 3491 peccato
2326 3417 2450 3472 tuo?
2478 3416 2602 3487 quid
2630 3425 2700 3480 tu,
2734 3416 2820 3485 qui
2856 3415 3167 3484 pronuntias
3194 3413 3526 3482 iniquitatem

1956 3511 2136 3567 tuam?
2159 3509 2366 3574 Beatus,
2398 3508 2583 3577 inquit,
2617 3506 2827 3577 populus
2847 3507 2991 3573 cujus
3016 3512 3089 3558 est
3114 3502 3364 3557 Dominus
3389 3502 3528 3557 Deus

1954 3604 2114 3674 ipsius
2139 3600 2311 3671 (Psal.
2340 3615 2521 3666 exuit,
2554 3597 2755 3667 l2-l5).
2779 3595 2983 3650 Inimici
3005 3604 3169 3649 autem
3192 3596 3290 3649 mei
3308 3595 3478 3649 vivunt
3510 3608 3530 3649 :

1957 3706 2004 3752 et
2027 3694 2315 3765 conﬁrmati
2342 3701 2459 3746 sunt
2486 3707 2636 3759 super
2660 3706 2752 3753 me,
2780 3697 2827 3742 et
2851 3687 3170 3758 multiplicati
3199 3694 3317 3740 sunt
3338 3685 3424 3755 qui
3451 3701 3531 3739 me

1958 3789 2171 3842 oderunt
2196 3786 2387 3857 inique.
2416 3782 2549 3851 Quid
2571 3790 2671 3847 est,
2692 3779 2775 3849 qui
2802 3779 3014 3833 oderunt
3034 3777 3240 3848 inique?
3261 3777 3403 3831 Bona
3427 3774 3530 3830 sibi

1956 3882 2226 3936 volentem
2251 3875 2500 3931 oderunt.
2529 3873 2624 3942 Qui
2653 3872 2695 3926 si
2724 3871 3009 3927 redderent
3032 3870 3168 3923 mala
3196 3883 3292 3938 pro
3332 3867 3489 3922 malis
3510 3908 3527 3935 ,

1958 3975 2085 4030 boni
2112 3987 2217 4027 non
2244 3976 2424 4025 essent
2456 3970 2582 4038 :qui
2620 3966 2659 4020 si
2693 3980 2795 4020 non
2836 3964 3119 4020 redderent
3145 3962 3280 4017 bona
3311 3977 3407 4031 pro
3430 3961 3530 4016 bo-

1962 4066 2077 4131 nis,
2109 4063 2302 4135 ingrati
2339 4068 2520 4117 essent
2559 4076 2574 4115 :
2609 4057 2835 4114 reddunt
2868 4066 3043 4111 autem
3084 4055 3220 4111 mala
3255 4069 3354 4125 pro
3380 4053 3535 4108 bonis

1960 4158 2052 4230 qui
2091 4156 2318 4211 oderunt
2346 4154 2544 4224 inique.
2590 4150 2740 4206 Tales
2783 4148 2996 4205 fuerunt
3040 4146 3207 4202 Judaei
3242 4164 3256 4202 :
3289 4147 3435 4203 venit
3468 4145 3534 4199 ad

1962 4250 2085 4305 illos
2109 4244 2351 4302 Christus
2376 4259 2495 4300 cum
2541 4242 2707 4307 bonis,
2750 4240 3094 4295 reddiderunt
3139 4238 3213 4291 illi
3258 4237 3394 4291 mala
3438 4252 3536 4306 pro

1962 4339 2138 4395 bonis.
2185 4336 2381 4393 Cavete
2424 4335 2523 4389 hoc
2566 4333 2757 4388 malum
2788 4372 2803 4398 ,
2851 4329 3082 4383 fratres:
3114 4330 3222 4383 cito
3250 4327 3533 4382 subintrat.

1962 4431 2096 4499 Quia
2126 4428 2374 4491 diximus,
2406 4424 2558 4481 Tales
2602 4430 2748 4477 erant
2790 4418 2957 4476 Judzei
3005 4435 3019 4472 :
3071 4434 3138 4472 ne
3192 4407 3341 4486 putet
3374 4430 3538 4470 unus-

1963 4523 2189 4595 quisque
2236 4528 2470 4575 vestrum
2512 4517 2661 4586 longe
2703 4528 2762 4568 se
2811 4518 3111 4581 exceptum.
3165 4507 3431 4576 Corripiat
3485 4516 3537 4563 te

1963 4615 2154 4685 aliquis
2184 4613 2347 4668 frater
2376 4621 2497 4665 tuus
2517 4650 2531 4674 ,
2564 4608 2754 4663 bonum
2785 4604 2875 4659 tibi
2903 4603 3122 4667 volens;
3153 4600 3332 4657 oderis
3361 4600 3531 4666 illum,

1965 4717 2021 4766 et
2045 4706 2167 4762 talis
2194 4720 2273 4761 es.
2304 4705 2368 4759 Et
2399 4701 2569 4757 videte
2596 4714 2752 4770 quam
2791 4698 2897 4752 cito
2928 4696 3037 4761 ﬂat,
3067 4711 3224 4765 quam
3252 4693 3403 4750 facile
3436 4711 3452 4747 :
3484 4705 3538 4751 et

1966 4804 2189 4858 vitatote
2211 4802 2231 4833 ⁸
2256 4808 2362 4854 tam
2390 4810 2631 4866 magnum
2658 4792 2875 4856 malum,
2908 4799 3013 4845 tam
3059 4790 3197 4861 agile
3240 4798 3536 4859 peccatum.

2036 4896 2127 4952 26.
2160 4892 2308 4969 [vers.
2339 4890 2455 4964 21.]
2484 4886 2817 4944 Detrahebant
2845 4885 2967 4938 mihi
2990 4884 3075 4953 qui
3103 4881 3380 4937 retribuunt
3406 4884 3540 4935 mala

1970 5006 2063 5062 pro
2089 4987 2250 5051 bonis,
2277 4983 2509 5055 quoniam
2534 4987 2814 5052 persecutus
2834 4991 2944 5029 sum
2962 4974 3237 5044 justitiam.
3257 4973 3380 5029 Ideo
3404 4974 3539 5027 mala

1970 5097 2070 5154 pro
2100 5078 2273 5134 bonis.
2321 5074 2456 5142 Quid
2491 5081 2592 5136 est,
2637 5076 2922 5140 persecutus
2966 5083 3076 5120 sum
3098 5064 3397 5137 justitiam?
3427 5063 3540 5119 Non

1971 5175 2147 5232 dimisi
2180 5191 2194 5228 :
2226 5187 2292 5227 ne
2319 5171 2453 5224 forte
2476 5164 2897 5238 persecutionem
2946 5175 3161 5231 semper
3202 5160 3254 5214 in
3284 5158 3427 5213 malo
3455 5158 3540 5211 in-

1972 5268 2199 5337 telligas,
2230 5270 2511 5335 persecutus
2548 5257 2699 5325 dixit,
2732 5256 2963 5326 perfecte
3000 5264 3215 5311 secutus
3243 5268 3255 5306 :
3289 5250 3541 5318 Quoniam

1975 5365 2258 5432 persecutus
2284 5370 2396 5409 sum
2416 5352 2686 5423 justitiam.
2717 5349 2784 5404 Et
2808 5348 2929 5403 audi
2954 5355 3113 5417 caput
3150 5354 3388 5399 nostrum
3428 5343 3542 5410 eju-

1972 5451 2090 5506 lans
2117 5449 2140 5482 ³
2168 5448 2223 5503 in
2272 5445 2519 5502 passione
2562 5460 2576 5497 :
2620 5441 2688 5496 Et
2728 5439 3069 5512 proiecerunt
3116 5449 3203 5490 me
3243 5433 3493 5488 dilectum
3521 5467 3542 5498 ,

2040 5618 3072 5687 ‘Duottss.,egetilleate,egestuapeo:

2039 5693 2061 5723 ²
2083 5674 2356 5751 Ξὶἷριιιιοὲε
2378 5674 2496 5736 "Mss.
2530 5689 2586 5734 Αι
2618 5674 2760 5741 t.o'v.,'
2771 5690 2917 5744 quam
2950 5674 3094 5741 facile
3126 5674 3290 5722 currat
3328 5676 3423 5720 tam
3446 5681 3543 5720 mm

1977 5758 2268 5821 9”!""z9‘ci
2293 5818 2331 5821 __
2495 5808 2540 5821 ..
2660 5819 2669 5821 _
2706 5818 2785 5821 ,μμ
2809 5809 2900 5821 __.-
2927 5800 3129 5821 muns“:

2043 5791 2277 5864 ῖὲἇίῖὲῐ
2293 5818 2421 5869 Mss,
2436 5808 2625 5860 evidens
2653 5819 2671 5856 :
2697 5809 2904 5869 excepto
2927 5800 3214 5851 Fulieusium
3237 5794 3390 5846 veteri
3416 5791 3546 5844 codi-

1979 5893 2060 5942 ce,
2077 5877 2213 5940 cujus
2234 5887 2329 5938 0pc
2346 5865 2659 5931 reStituimus,
2679 5865 2878 5927 eiulans.
2918 5872 2923 5879 ‘
