4042 6476
240 405 350 464 ιη

243 521 327 578 vit
346 521 442 576 iste
466 519 804 591 quivoeatur
830 519 1158 577 Tranailiens
1178 533 1292 576 eos.
1321 521 1468 587 Quos
1509 520 1650 576 enim
1684 528 1830 576 tran-

240 615 425 678 silivit,
456 614 558 669 nisi
589 614 968 670 remanentes‘l

314 706 368 761 2.
408 706 588 762 Nostis
616 707 876 778 quosdam
899 705 1131 776 psalmos
1160 705 1378 762 inscribi
1403 699 1674 760 Caniicum
1705 721 1830 777 gra-

240 798 407 854 duum
435 816 449 852 :
478 808 535 854 et
579 797 652 853 ibi
687 798 898 868 quidem
931 799 982 852 in
1021 812 1190 868 grarca
1220 797 1392 867 lingua
1438 799 1566 853 satis
1611 799 1830 854 evidens

237 903 340 956 est,
370 891 500 961 quid
548 891 692 946 dicat
740 894 1039 958 aucupa».
1088 890 1403 946 Anabatbmi
1451 891 1592 944 enim
1634 891 1828 958 gradus

237 991 391 1048 sunt,
441 982 540 1038 sed
569 982 972 1038 ascendentium
996 1024 1011 1046 ,
1045 999 1148 1037 non
1177 982 1634 1038 descendentium.
1687 984 1831 1038 Lati-

235 1090 337 1132 nus
366 1076 492 1145 quia
521 1090 628 1130 non
655 1075 822 1144 potuit
843 1075 1055 1145 proprie
1076 1075 1286 1139 dicere,
1314 1074 1635 1143 generaliter
1655 1074 1787 1130 dixit
1812 1093 1826 1130 :

233 1181 287 1226 et
335 1170 596 1240 quoniam
643 1168 842 1240 gradus
893 1169 1218 1238 appellavit,
1269 1168 1570 1237 ambiguum
1618 1167 1830 1238 reliquit

232 1275 412 1318 utrum
443 1261 851 1318 ascendentium
880 1271 1092 1326 essent,
1125 1276 1191 1316 an
1235 1260 1696 1316 descendentium.
1721 1261 1827 1317 Sed

233 1357 355 1426 quia
383 1369 496 1409 non
522 1365 648 1409 sunt
677 1354 903 1424 loquelae
928 1368 1101 1423 neque
1131 1368 1430 1420 sermones,
1463 1369 1689 1424 quorum
1721 1369 1826 1408 non

232 1447 520 1501 audiantur
544 1461 706 1502 voces
733 1461 920 1502 eorum
951 1445 1123 1515 (Psal.
1152 1461 1281 1502 xvtII
1301 1487 1317 1512 ,
1345 1445 1406 1514 4)
1431 1487 1446 1510 ,
1477 1446 1694 1515 exponit
1737 1461 1824 1500 se-

231 1547 486 1608 quentem
521 1538 700 1609 lingua
749 1537 1094 1607 praecedens;
1145 1546 1198 1592 et
1242 1538 1300 1592 lit
1344 1546 1548 1592 certum
1593 1538 1646 1592 in
1682 1539 1782 1594 alia
1807 1580 1824 1606 ,

229 1630 370 1700 quod
395 1630 706 1700 ambiguum
731 1638 849 1685 erat
865 1628 918 1684 in
939 1629 1062 1684 alia.
1091 1629 1371 1697 Quomodo
1386 1645 1515 1700 ergo
1540 1629 1609 1684 ibi
1635 1645 1826 1685 ascen.

229 1721 362 1783 deus
389 1720 612 1792 quidam
637 1727 817 1782 cantat
843 1761 858 1786 ,
907 1719 986 1776 sic
1010 1730 1063 1774 et
1094 1719 1181 1774 hic
1224 1721 1550 1776 transiliens.
1599 1721 1693 1776 Est
1731 1737 1826 1775 au-

231 1822 338 1872 tem
367 1812 489 1874 hare
530 1811 776 1882 ascensio
820 1819 874 1866 et
902 1811 999 1868 ista
1042 1810 1364 1877 transilitio,
1411 1826 1517 1868 non
1557 1811 1780 1881 pedibus
1805 1855 1821 1881 ,

229 1921 337 1966 non
363 1905 524 1965 scalis
543 1943 562 1970 ,
606 1919 711 1960 non
741 1903 960 1974 pennis;
991 1912 1046 1960 et
1072 1911 1250 1960 tamen
1281 1903 1328 1960 si
1372 1903 1680 1960 interiorem
1722 1904 1821 1960 ho-

227 1999 427 2058 minem
452 1996 720 2061 attendas,
751 2006 802 2052 et
827 1996 1070 2066 pedibus,
1096 2006 1151 2052 et
1175 1996 1333 2064 scalis
1352 1998 1660 2066 ,etpennis.
1692 1997 1822 2056 Nam

225 2092 273 2146 si
295 2105 400 2158 non
424 2090 653 2161 pedibus
669 2130 687 2157 ,
701 2089 970 2160 quomodo
983 2087 1111 2146 dicit
1131 2093 1292 2145 homo
1319 2089 1558 2154 interior,
1601 2089 1720 2145 Non
1741 2108 1824 2146 ve-

227 2185 336 2238 niat
357 2184 483 2244 mihi
509 2199 598 2253 pes
622 2182 871 2253 superbia
895 2180 1064 2251 (Paul.
1097 2197 1256 2246 xxxv,
1281 2181 1367 2251 l9)
1391 2181 1414 2235 ?
1440 2181 1493 2236 Si
1518 2198 1623 2238 non
1639 2183 1816 2249 scalis,

224 2274 354 2345 quid
385 2285 515 2334 sunt
559 2287 693 2343 quas
729 2272 860 2328 vidit
905 2271 1101 2339 Jacob,
1143 2271 1232 2328 ubi
1272 2281 1426 2329 erant
1471 2274 1822 2338 ascendentes

225 2368 418 2438 Augeli
443 2377 500 2424 et
523 2365 912 2423 descendentes
968 2363 1121 2435 (Gen.
1157 2381 1362 2431 xxvtu,
1410 2365 1562 2436 li)?
1607 2366 1661 2421 Si
1712 2383 1820 2422 non

225 2460 440 2532 pennis,
457 2459 579 2530 quis
599 2466 683 2514 est
709 2457 794 2526 qui
821 2457 984 2522 dicit,
1017 2457 1140 2521 Quis
1169 2456 1310 2512 dabit
1333 2458 1456 2513 milii
1483 2475 1674 2526 pennas
1691 2460 1820 2515 sicut

222 2552 494 2616 columba,
533 2559 581 2606 et
607 2549 815 2614 volabo,
853 2558 900 2604 et
931 2549 1236 2615 requiescam
1261 2547 1432 2619 (Prol.
1462 2565 1566 2613 ιιν.
1601 2550 1678 2622 7).
1711 2551 1818 2608 Sed

221 2642 280 2709 in
311 2643 474 2698 rebus
495 2640 864 2710 corporalibus
890 2639 1035 2696 aliud
1062 2647 1188 2697 sunt
1220 2639 1416 2709 pedes,
1448 2641 1589 2696 aliud
1619 2643 1776 2698 scala:
1799 2684 1814 2707 ,

220 2733 371 2790 aliud
400 2748 611 2803 pennae.
643 2732 788 2790 intus
814 2739 992 2788 autem
1023 2739 1078 2786 et
1103 2730 1286 2798 pedes,
1316 2742 1371 2788 et
1396 2732 1576 2798 scalae,
1607 2743 1662 2790 et
1690 2749 1820 2804 pen-

218 2842 310 2888 ne
336 2825 556 2884 aﬂectus
577 2833 705 2880 sunt
723 2822 877 2884 bona:
909 2822 1195 2884 voluntatis
1223 2823 1241 2856 ¹
1277 2861 1292 2876 .
1325 2821 1420 2880 llis
1441 2824 1776 2886 ambulemus
1797 2866 1813 2892 ,

218 2917 313 2974 bis
339 2915 695 2972 ascendamus
716 2957 732 2980 ,
766 2913 849 2974 bis
876 2913 1137 2972 volemus.
1167 2914 1300 2972 Cum
1337 2930 1466 2985 ergo
1489 2915 1638 2972 audit
1664 2917 1816 2987 quis-

218 3025 330 3082 que
355 3008 742 3070 transilientem
772 3005 914 3064 hunc
936 3047 950 3070 ,
977 3014 1034 3068 et
1058 3005 1253 3062 imitari
1279 3005 1458 3076 eligit,
1483 3023 1590 3070 non
1611 3017 1817 3078 quairat

217 3101 439 3168 levitate
460 3099 702 3168 corporis
743 3096 1010 3162 transilire
1049 3094 1255 3164 fossas,
1287 3108 1378 3152 aut
1405 3098 1580 3168 aliqua
1625 3101 1814 3160 altius-

218 3192 344 3260 cnla
371 3190 669 3262 praevolare
693 3186 933 3258 saliendo
957 3203 971 3242 :
1002 3185 1095 3246 sed
1121 3186 1263 3258 quod
1289 3188 1355 3244 ad
1377 3204 1602 3258 corpora
1623 3192 1815 3252 attinet

217 3283 341 3350 dico
368 3299 384 3336 :
409 3296 533 3337 nam
557 3278 734 3338 fossas
763 3279 924 3340 etiam
957 3278 1206 3340 transilit.
1241 3278 1501 3338 Succema
1530 3281 1638 3352 igni
1664 3293 1710 3340 ει
1733 3284 1814 3352 «με

217 3378 334 3450 [asa
357 3417 374 3444 ,
423 3390 536 3448 qtttp
573 3374 636 3428 ab
672 3371 1016 3444 increpatione
1051 3372 1216 3430 vultus
1252 3373 1326 3430 tui
1369 3374 1602 3444 peribunt
1637 3374 1810 3447 (Prol.

216 3484 375 3538 axxtx
393 3507 410 3533 ,
449 3466 516 3537 l'i
537 3463 580 3538 ).
608 3463 738 3534 Qua:
777 3472 903 3532 sunt
925 3463 1068 3532 enim
1097 3479 1336 3522 succensa
1359 3464 1465 3536 igni
1493 3475 1540 3530 at
1582 3465 1767 3534 etiam
1793 3507 1812 3535 ,

215 3578 332 3634 quur
376 3559 442 3626 ab
483 3558 830 3628 increpatione
871 3557 1080 3624 Domini
1109 3557 1372 3627 peribunt,
1401 3559 1504 3618 nisi
1554 3561 1816 3629 peccata!

215 3654 487 3725 summa
520 3649 628 3721 ῑαυὶ
648 3658 793 3718 ﬁlim,
825 3664 945 3719 qua:
971 3649 1097 3714 facit
1119 3650 1257 3708 male
1283 3650 1477 3714 ardens
1505 3652 1769 3720 cupiditas
1794 3673 1808 3714 :

216 3756 273 3804 et
298 3746 491 3802 eﬁ‘ossa
513 3753 677 3813 sunt,
710 3759 830 3815 quae
859 3742 986 3810 iacit
1013 3743 1152 3800 male
1169 3743 1353 3813 iacens
1381 3744 1651 3806 timiditas.
1678 3747 1814 3806 Hinc

217 3840 365 3898 enim
417 3845 634 3909 peccata
679 3836 892 3902 omnia,
939 3845 1032 3896 ant
1075 3834 1373 3906 cupiendo,
1418 3847 1508 3902 aut
1551 3838 1810 3906 timendo.

216 3933 512 3996 Transiliat
549 3945 677 3999 ergo
715 3931 817 3986 iste
861 3929 1038 3994 omnia
1077 3929 1269 4000 quibus
1311 3931 1482 3992 teneri
1530 3943 1710 4004 poSset
1759 3933 1812 3992 in

219 4037 366 4083 terra
398 4043 414 4082 :
444 4025 615 4094 erigat
657 4022 830 4086 scalas
867 4037 1012 4088 suas,
1064 4030 1277 4082 easerat
1307 4036 1510 4091 pennas
1537 4038 1660 4082 suas
1681 4065 1696 4090 ,
1731 4024 1810 4083 vi-

217 4117 348 4175 deat
385 4125 562 4174 utrum
603 4114 884 4185 quisquam
913 4120 1166 4183 agnoscat
1206 4111 1292 4170 hic
1332 4127 1436 4170 se:
1467 4113 1575 4174 imo
1601 4129 1728 4174 vero
1757 4116 1810 4178 in

219 4209 436 4279 Domini
463 4206 631 4279 gratia
661 4204 812 4262 multi
837 4219 896 4262 se
919 4211 1244 4274 agnoscunt,
1277 4206 1366 4274 qui
1395 4205 1532 4272 forte
1572 4205 1683 4275 jam
1728 4207 1810 4264 vi-

219 4301 329 4364 lem
356 4297 618 4354 habentes
655 4294 945 4362 mundum,
977 4303 1032 4356 et
1067 4295 1247 4354 omnia
1287 4311 1406 4366 qua:
1451 4295 1717 4360 delectant
1758 4299 1810 4360 in

217 4391 428 4454 mundo
448 4431 465 4459 ,
493 4390 696 4460 eligunt
726 4399 871 4445 recte
895 4389 1098 4458 vivere,
1129 4388 1256 4450 dum
1280 4387 1366 4450 hic
1392 4389 1576 4449 vivunt
1604 4391 1656 4450 in
1683 4407 1814 4462 gau-

218 4485 328 4543 diis
354 4482 671 4556 quibusdam
716 4482 1098 4553 spiritualibus.
1132 4481 1198 4540 Et
1225 4482 1340 4540 hinc
1368 4484 1508 4540 unde
1533 4494 1690 4543 erunt
1711 4486 1812 4546 ad-

219 4578 331 4636 huc
356 4573 755 4636 ambulantibus
785 4588 948 4643 super
969 4581 1166 4634 terram
1189 4615 1205 4641 ,
1235 4575 1335 4632 nisi
1377 4590 1446 4632 ex
1475 4575 1669 4651 divinis
1696 4578 1810 4637 elo-

219 4669 396 4739 quiis,
427 4681 495 4730 οι
527 4666 691 4726 verbo
732 4666 866 4733 Dei,
897 4681 962 4725 ex
1009 4666 1260 4737 parabola
1297 4666 1472 4736 aliqua
1510 4666 1812 4739 Scriptum-

217 4780 343 4827 rltm
365 4772 602 4825 Scrutata
624 4772 681 4823 et
704 4763 1039 4834 investigata,
1069 4777 1134 4820 ex
1163 4761 1446 4818 dulcedine
1469 4763 1810 4830 inventionis,

219 4874 382 4928 quam
437 4857 708 4927 praecessit
750 4855 903 4915 labor
949 4854 1346 4925 inquisitionis?
1389 4854 1526 4914 Sunt
1569 4857 1812 4928 quaidam

219 4951 432 5010 deliciae
454 4958 651 5010 sanctas
680 4956 736 5006 ct
764 4947 918 5006 bona;
946 4947 998 5004 in
1030 4946 1201 5005 libris.
1230 4946 1414 5018 Neque
1438 4949 1581 5005 enim
1609 4958 1738 5008 sunt
1759 4950 1813 5008 in

218 5059 358 5101 auro
381 5053 438 5103 et
484 5053 742 5114 argento,
779 5042 832 5098 in
859 5040 1032 5112 epulis
1059 5048 1220 5110 atque
1248 5039 1456 5098 luxuria
1481 5083 1497 5108 ,
1529 5040 1582 5096 in
1606 5043 1814 5098 venati-

219 5136 325 5192 bus
345 5144 401 5192 et
431 5133 740 5206 piscatibus,
765 5133 821 5190 in
853 5131 976 5190 ludo
1009 5140 1065 5188 et
1087 5131 1232 5202 joco,
1262 5132 1315 5188 in
1346 5130 1813 5204 theatrieis-nugis,

216 5234 277 5286 in
303 5227 618 5290 all'ectandis
643 5235 696 5290 et
723 5223 1186 5297 apprehendendis
1209 5224 1444 5292 ruinosis
1483 5224 1813 5293 honoribus;

219 5338 400 5393 neque
451 5322 775 5382 enim-vera
823 5328 951 5379 sunt
999 5317 1188 5388 gaudia
1242 5318 1295 5379 in
1338 5316 1424 5378 his
1473 5317 1740 5384 omnibus,
1763 5328 1818 5380 et

218 5417 275 5471 in
320 5414 404 5478 bis
457 5414 604 5474 libris
639 5411 784 5472 nulla
825 5418 952 5471 sunt
992 5429 1007 5466 :
1043 5409 1151 5466 imo
1185 5423 1312 5466 vero
1356 5408 1533 5468 anima
1571 5408 1658 5464 illa
1711 5408 1814 5468 ima

219 5503 566 5571 transiliens.
612 5509 669 5564 et
721 5503 776 5558 in
822 5501 906 5560 bis
947 5499 1208 5558 delectata
1251 5497 1429 5565 dicat,
1467 5498 1590 5568 quia
1632 5513 1818 5562 verum

219 5598 354 5658 dicit
375 5604 433 5656 et
458 5609 645 5658 secura
673 5593 837 5660 dicit,
877 5591 1223 5650 Narraverunt
1244 5590 1369 5652 mihi
1392 5589 1571 5660 iniusti
1596 5589 1818 5648 delecta.

220 5692 419 5757 tiam,
438 5689 526 5748 sed
543 5705 649 5750 non
671 5687 805 5750 sicut
825 5687 907 5746 lea:
929 5693 1018 5744 tua
1036 5682 1256 5742 Domine
1281 5680 1456 5754 (Paul.
1483 5697 1671 5748 cxvnI,
1697 5680 1815 5754 85).

1306 401 1702 460 ENABRATIO
1740 401 1805 458 lN
1845 401 2168 463 PSALllIJII
2207 405 2494 466 XXXVIII.

3416 422 3518 490 414

1940 520 2128 580 Veniat
2157 523 2332 588 adhuc
2375 525 2474 584 ista
2501 525 2711 590 lditbttn
2735 569 2752 597 ,
2791 530 3056 592 transiliat
3093 548 3186 592 eos
3225 535 3316 606 qni
3365 536 3520 602 dele-

1934 623 2145 672 ctantur
2172 616 2326 683 imis;
2352 627 2408 674 et
2427 616 2721 680 delectetur
2741 621 2792 684 in
2820 621 2924 687 bis,
2948 633 3003 680 et
3025 628 3250 694 gaudeat
3275 628 3326 690 in
3354 629 3516 693 verba

1934 704 2183 773 Domini,
2214 708 2264 766 in
2295 707 2649 766 delectatione
2677 711 2806 782 legis
2837 713 3113 774 Altissimi.
3142 716 3246 774 Sed
3277 719 3400 790 quid
3431 721 3513 776 di-

1934 798 2142 864 cimus?
2185 800 2250 855 Et
2289 801 2412 858 hinc
2449 803 2850 864 transiliendum
2881 817 2963 866 eat
2991 808 3043 862 in
3071 809 3253 875 aliud?
3282 813 3365 866 An
3413 813 3518 870 huc

1936 906 2100 959 usque
2129 892 2290 960 habet
2317 909 2421 964 quo
2450 896 2712 964 transiliat
2752 898 2842 968 qui
2894 900 3158 956 transilire
3205 901 3514 962 desiderat?

1935 984 2104 1044 Voces
2132 989 2307 1056 potius
2333 989 2448 1060 ejus
2467 990 2763 1048 audiamus.
2790 992 2906 1048 iam
2930 993 3071 1050 enim
3095 994 3194 1050 iste
3213 997 3515 1054 transiliens

1932 1077 2142 1136 videtur
2167 1081 2296 1148 milii
2326 1082 2464 1152 quod
2512 1082 2784 1146 habitabat
2821 1085 2871 1139 in
2899 1085 3127 1156 eloquiis
3173 1086 3300 1155 Dei,
3346 1097 3400 1144 et
3445 1088 3516 1143 ibi

1932 1169 2116 1232 didicit
2143 1171 2255 1234 lucc
2273 1213 2287 1239 ,
2307 1189 2425 1242 qua:
2446 1171 2672 1236 audituri
2699 1190 2900 1234 sumus.

2005 1264 2056 1318 5.
2101 1260 2260 1334 [verm
2299 1264 2352 1322 2.
2379 1262 2398 1337 ]
2427 1264 2566 1328 Dixi,
2596 1266 2888 1324 Custodiam
2907 1269 3012 1324 vias
3037 1286 3193 1337 meas,
3216 1279 3270 1324 ut
3296 1287 3394 1326 non
3423 1271 3513 1326 de-

1933 1354 2157 1424 linquant
2184 1357 2236 1414 in
2274 1357 2446 1429 lingua
2476 1376 2605 1416 mea.
2651 1360 2849 1417 Credas
2878 1362 3018 1434 quod
3046 1362 3304 1434 legendo,
3345 1364 3517 1420 disse-

1933 1449 2120 1512 rendo.
2147 1450 2498 1521 pranlicando,
2533 1455 2824 1522 monendo,
2852 1456 3200 1528 objurganda,
3230 1458 3514 1519 hortando.

1931 1554 2050 1598 cum
2084 1553 2382 1598 versaretur
2407 1545 2458 1604 in
2487 1561 2648 1614 opere
2671 1589 2686 1614 ,
2716 1563 2836 1604 cum
2859 1560 3196 1606 exerceretur
3215 1551 3268 1606 in
3291 1551 3514 1607 difﬁcul-

1930 1629 2126 1686 tatibus
2151 1632 2462 1718 quibusdam
2491 1635 2737 1694 humanis
2756 1679 2769 1704 ,
2801 1638 2960 1698 homo
2983 1654 3148 1710 agens
3177 1641 3314 1702 inter
3341 1642 3516 1718 homi-

1931 1735 2056 1786 nes,
2089 1715 2455 1794 quamvisjam
2477 1727 2780 1790 transiliens
2804 1744 2896 1800 eos
2939 1732 3027 1801 qui
3056 1747 3160 1788 non
3183 1715 3515 1796 delectantur

1931 1809 2015 1866 bis
2042 1812 2183 1884 (quia
2213 1815 2426 1872 dilﬁcile
2450 1826 2534 1873 est
2563 1828 2618 1874 ut
2642 1820 2866 1892 quisque
2898 1822 3072 1896 lingua
3105 1841 3208 1879 non
3228 1824 3432 1882 labatur
3459 1836 3513 1882 el

1929 1915 2145 1976 peccet,
2177 1915 2231 1962 et
2259 1908 2344 1978 qui
2386 1909 2560 1981 lingua
2589 1927 2688 1968 non
2717 1914 2968 1982 peccavit,
3016 1923 3072 1982 ut
3098 1915 3350 1985 scriptum
3394 1926 3510 1986 est,

1929 1995 2009 2050 hic
2031 2001 2278 2069 perfectus
2304 2009 2375 2055 est
2403 2003 2476 2058 vir
2503 2001 2703 2074 [Jacobi
2727 2019 2818 2068 III,
2847 2003 2946 2077 Ἡ),
2971 2005 3144 2080 aliqua
3174 2005 3312 2061 forte
3343 2009 3513 2077 paeni-

1927 2090 2084 2145 tenda
2116 2091 2353 2158 dixerat,
2379 2103 2433 2150 et
2462 2094 2603 2162 lapsa
2636 2105 2787 2156 erant
2814 2095 2880 2158 ab
2906 2111 2999 2152 ore
3026 2114 3144 2170 qua:
3172 2099 3331 2157 vellet
3360 2115 3512 2154 revo-

1926 2197 2084 2252 care,
2115 2200 2212 2240 nec
2239 2197 2438 2255 posset.
2460 2186 2577 2242 Non
2599 2188 2740 2244 enim
2764 2188 2939 2262 lingua
2964 2189 3157 2252 frustra
3187 2192 3239 2246 in
3269 2192 3374 2246 udo
3403 2201 3506 2259 est,

1927 2275 2029 2346 nisi
2059 2276 2175 2346 quia
2209 2277 2364 2338 facile
2394 2278 2605 2342 labitur.
2633 2279 2829 2338 Videas
2855 2297 2982 2353 ergo
3020 2299 3176 2354 quam
3208 2293 3348 2339 esset
3368 2284 3510 2340 difﬁ-

1924 2369 2060 2435 cile,
2095 2378 2150 2426 ut
2179 2373 2547 2438 necessitatem
2589 2373 2842 2444 loquendi
2883 2375 3102 2432 haberet
3133 2376 3294 2446 homo
3316 2417 3330 2443 ,
3376 2379 3511 2434 etin

1923 2463 2191 2534 loquendo
2214 2480 2316 2522 non
2344 2466 2543 2538 aliquid
2569 2466 2804 2535 diceret,
2835 2469 2975 2540 quod
3001 2485 3060 2524 se
3085 2469 3282 2539 dixisse
3311 2473 3510 2539 nollet;

1922 2565 1977 2612 et
2004 2558 2160 2612 taedio
2186 2558 2407 2618 allectus
2435 2575 2500 2616 ex
2529 2559 2612 2616 bis
2639 2563 2871 2630 peccatis
2889 2603 2904 2627 ,
2934 2562 3183 2632 qumsivit
3207 2565 3407 2621 evitare
3436 2575 3515 2620 ta-

1924 2647 2013 2704 lia.
2044 2649 2245 2704 Patitur
2276 2650 2412 2710 hanc
2438 2651 2803 2714 difﬁcultatem
2826 2654 3148 2710 transiliens.
3179 2654 3294 2712 Non
3320 2671 3407 2714 me
3424 2656 3512 2726 ju-

1922 2740 2099 2804 dicet,
2133 2741 2221 2812 qui
2252 2742 2484 2798 nondum
2525 2752 2602 2798 est
2635 2744 2974 2800 transiliens:
3004 2743 3297 2812 transiliat,
3328 2756 3382 2804 et
3409 2761 3508 2802 ex-

1922 2833 2156 2903 periatur
2177 2832 2314 2902 quod
2341 2833 2529 2905 loquor
2553 2849 2568 2899 ;
2593 2842 2718 2890 tunc
2741 2835 2882 2900 enim
2907 2836 3012 2898 erit
3032 2845 3088 2892 et
3110 2838 3262 2898 testis
3286 2846 3342 2902 et
3367 2837 3506 2894 ﬁlius

1920 2924 2178 2987 veritatis.
2209 2923 2339 2981 Cum
2363 2940 2489 2996 ergo
2514 2924 2628 2981 haec
2649 2926 2695 2982 ei
2721 2927 3088 2997 contigissent,
3119 2936 3377 2998 statuerat
3397 2944 3505 2988 non

1920 3017 2099 3090 loqui,
2132 3031 2199 3086 ne
2223 3017 2419 3088 aliquid
2443 3017 2646 3076 diceret
2673 3017 2814 3092 quod
2846 3019 3076 3082 locutum
3103 3033 3162 3076 se
3191 3034 3311 3078 esse
3339 3020 3510 3091 potni-

1920 3117 2076 3177 teret.
2110 3108 2220 3166 Hoc
2267 3108 2503 3166 iudicant
2545 3108 2712 3185 prima
2743 3109 2902 3170 verba
2940 3109 3088 3180 ejus,
3119 3108 3276 3180 Dixi,
3323 3111 3506 3166 Custo-

1919 3200 2056 3270 diam
2083 3201 2186 3260 vias
2213 3217 2349 3257 meas
2374 3241 2387 3266 ,
2418 3209 2470 3260 ut
2499 3217 2600 3256 non
2629 3199 2916 3272 delinquant
2953 3201 3006 3256 in
3035 3202 3212 3274 lingua
3244 3218 3374 3258 mea.
3401 3203 3507 3258 Cu-

1918 3292 2058 3366 stodi
2107 3308 2232 3370 ergo
2263 3292 2374 3348 vias
2405 3301 2553 3360 tuas,
2597 3305 2631 3346 ο
2660 3291 2904 3358 lditbun,
2953 3299 3007 3364 et
3066 3294 3172 3360 noli
3201 3293 3508 3366 delinquere

1918 3385 1974 3443 in
2000 3386 2177 3455 lingua
2202 3396 2288 3440 tua
2321 3403 2332 3438 :
2369 3383 2638 3460 perpende
2662 3383 2805 3454 quod
2831 3383 3071 3444 dicturus
3096 3401 3154 3444 es
3179 3426 3194 3450 ,
3219 3388 3462 3460 stamina
3485 3429 3503 3456 ,

1917 3477 2137 3548 consule
2158 3476 2463 3540 interiorem
2486 3475 2782 3544 veritatem,
2807 3482 2861 3538 et
2885 3474 2962 3530 sic
2984 3474 3161 3545 profer
3180 3476 3245 3544 ad
3273 3478 3506 3532 exterio-

1917 3583 2031 3640 rem
2058 3567 2379 3624 auditorem.
2407 3566 2615 3634 Quaeris
2637 3565 2737 3622 ista
2765 3565 2782 3598 ί
2805 3565 3116 3638 plerumque
3143 3567 3194 3622 in
3218 3569 3499 3638 perturba-

1920 3658 2062 3720 tione
2101 3673 2316 3728 rerum,
2359 3657 2410 3716 in
2452 3657 2800 3732 occupatione
2835 3657 3170 3726 animorum,
3221 3657 3345 3728 dum
3391 3658 3505 3728 ipsa

1919 3749 2198 3814 inﬁrmitas
2227 3749 2418 3806 animae
2438 3791 2454 3816 ,
2505 3764 2664 3819 quam
2692 3758 2942 3822 ag‘gravat
2985 3763 3180 3820 corpus
3210 3749 3350 3822 quod
3380 3765 3504 3824 cor-

1918 3841 2211 3912 rumpitur,
2244 3849 2299 3894 et
2327 3839 2514 3896 audire
2540 3839 2656 3904 vult
2685 3851 2740 3904 et
2763 3839 2970 3906 dicere,
2999 3838 3183 3909 audire
3210 3840 3385 3914 intus,
3417 3839 3501 3896 di-

1917 3950 2040 3992 cere
2069 3933 2199 3994 fot‘is
2218 3975 2232 3998 ,
2261 3933 2546 4004 aliquando
2579 3933 2882 4003 perturbata
2908 3932 3084 3996 studio
3113 3932 3324 3998 dicendi
3353 3973 3366 4004 ,
3407 3933 3505 3990 de-

1917 4023 2028 4084 ﬁcit
2058 4024 2424 4098 indiligentia”
2451 4024 2772 4096 agnoscendi
2805 4042 2819 4080 :
2853 4033 2905 4080 et
2947 4023 2999 4088 iu
3028 4022 3110 4086 his
3136 4022 3264 4077 dicit
3307 4022 3507 4092 aliquid

1917 4119 2058 4194 quod
2103 4118 2241 4176 forte
2271 4134 2375 4184 non
2416 4127 2558 4176 esset
2595 4117 2902 4186 dicendum.
2953 4117 3146 4176 Contra
3177 4115 3292 4170 lucc
3331 4130 3510 4178 remes

1918 4211 2061 4272 diunI
2093 4211 2285 4268 melius
2315 4220 2395 4268 εει
2422 4210 2714 4272 silentium.
2740 4208 2856 4266 Stat
2881 4207 3025 4272 enim
3067 4216 3348 4278 peccator,
3377 4221 3507 4278 pro-

1917 4305 2033 4375 pria
2058 4302 2284 4380 quadam
2308 4309 2431 4356 nota
2461 4311 2729 4372 peccator,
2759 4301 3022 4374 superbus
3045 4300 3322 4374 quiquam
3349 4310 3402 4354 et
3427 4299 3508 4354 in-

1915 4395 2101 4460 vidus;
2132 4392 2277 4460 audit
2311 4393 2615 4470 loquentem
2650 4391 3043 4454 transilientem
3065 4429 3079 4454 ,
3109 4398 3286 4458 captat
3318 4389 3503 4456 verba,

1917 4487 2168 4570 preponit
2193 4486 2445 4558 laqueos;
2473 4481 2688 4538 difﬁcile
2709 4490 2791 4538 est
2821 4492 2878 4537 ut
2907 4496 3013 4542 non
3047 4481 3280 4540 inveniat
3308 4480 3506 4550 aliquid

1917 4595 2022 4644 non
2043 4579 2110 4634 ita
2132 4576 2354 4644 dictum,
2385 4584 2442 4634 ut
2465 4573 2571 4630 dici
2598 4573 2872 4638 debuisset
2901 4591 2914 4626 :
2945 4586 3043 4636 nec
3065 4571 3330 4634 audiendo
3358 4571 3508 4642 igno-

1918 4672 2050 4744 scit,
2083 4669 2178 4734 sed
2205 4667 2560 4727 Calumniator
2589 4666 2898 4732 invidendo.
2931 4663 3126 4722 Contra
3158 4665 3257 4722 bos
3285 4665 3384 4720 iste
3413 4665 3510 4720 ldi-

1918 4747 2050 4832 thun
2094 4761 2399 4836 transiliens
2423 4775 2517 4816 eos
2537 4759 2695 4822 silere
2725 4759 3026 4830 delegerat;
3059 4756 3200 4826 unde
3227 4756 3298 4811 ita
3323 4766 3512 4812 cauta-

1918 4857 1995 4928 vit
2028 4853 2208 4922 :Dixi,
2238 4851 2532 4910 Custodiam
2571 4851 2676 4914 vias
2715 4867 2881 4918 meas,
2919 4857 3100 4904 utnon
3131 4846 3420 4919 delinquant
3447 4847 3499 4902 in

1920 4951 2096 5030 lingua
2111 4963 2241 5008 mea.
2266 4943 2530 5016 Quamdiu
2547 4944 2727 5018 capior
2741 4956 2770 5000 a
2791 4940 3156 5010 calumniosis,
3188 4948 3280 4994 aut
3299 4947 3506 5009 captor,

1921 5044 2047 5116 etsi
2077 5058 2182 5102 non
2210 5041 2427 5111 capior,
2460 5037 2754 5108 Custodiam
2789 5036 2894 5094 vias
2921 5050 3089 5106 ineas,
3135 5041 3316 5089 utnon
3349 5031 3512 5086 deliu-

1920 5155 2073 5214 qnam
2111 5137 2166 5193 in
2193 5136 2371 5210 lingua
2395 5149 2525 5202 mea.
2552 5128 2806 5204 Quamvis
2835 5127 3176 5194 transilierim
3205 5124 3513 5182 delectatio-

1922 5247 2020 5294 nes
2046 5239 2284 5290 terrenas
2306 5268 2322 5294 ,
2353 5225 2596 5303 quamvis
2620 5237 2727 5282 non
2757 5236 2844 5280 me
2882 5220 3097 5290 capiant
3139 5215 3511 5288 temporalium

1922 5340 2102 5394 rerum
2125 5321 2336 5392 rotatici
2367 5318 2588 5384 aﬁ‘ectus
2609 5358 2626 5384 ,
2655 5315 2898 5388 quamvis
2913 5313 3022 5386 jam
3053 5312 3170 5367 haec
3201 5311 3302 5366 ima
3329 5305 3510 5377 despi-

1923 5418 2094 5488 ciam,
2123 5422 2178 5484 et
2196 5412 2266 5470 ad
2296 5411 2518 5470 meliora
2557 5424 2908 5480 consurgam;
2941 5408 2994 5464 in
3023 5406 3150 5476 ipsis
3192 5395 3366 5474 tamen
3395 5414 3513 5454 me-

1924 5509 2145 5588 lioribus
2191 5503 2388 5578 sufﬁcit
2430 5503 2562 5575 mibi
2601 5503 2886 5580 delectatio
2923 5497 3281 5572 intelligentia:
3327 5509 3508 5562 coram

1989 5643 2010 5676 ί
2033 5641 2107 5692 sic
2141 5638 2255 5690 Edd.
2294 5644 2350 5689 At
2367 5649 2539 5688 omnes
2568 5643 2695 5695 Mss...
2717 5631 2831 5695 Quis
2849 5633 2942 5684 ista
2969 5629 3134 5695 :‘forte
3155 5640 3260 5690 pro,
3278 5624 3514 5695 Quamvis

1922 5687 2265 5765 ωτῖωῖξᾶὶ
2277 5687 2524 5752 referatur
2551 5698 2611 5749 ad
2634 5687 2751 5748 illud
2767 5730 2784 5756 ,
2805 5691 3098 5765 committet:
3120 5687 3388 5765 remedium
3409 5702 3513 5765 ine-

1927 5749 2036 5825 Εἱιῖ
2065 5749 2564 5817 ἐῶζίιῖξιηθω
2590 5749 2860 5823 perpaucis,
2897 5754 2986 5818 Qui
3017 5753 3106 5806 ista
3130 5749 3375 5810 conservat
3409 5749 3510 5816 ple:

284 5843 306 5880 ι
332 5849 399 5892 tta
423 5855 470 5892 In
488 5843 716 5894 undecim
735 5846 842 5892 ιιι.
862 5845 913 5891 tn
933 5839 1049 5891 ΕΜ.
1066 5843 1250 5899 autem,
1272 5835 1472 5900 egestus
1487 5840 1596 5885 sunt
1615 5838 1661 5886 et
1684 5832 1819 5888 bona
1925 5842 2145 5900 rumque,
2171 5836 2267 5900 etc.

216 5904 500 5957 voluntates.

1999 5895 2022 5927 ⁸
2037 5879 2389 5954 Septemdecim
2412 5893 2539 5950 Msa,
2561 5879 2844 5947 indigentia.
