  <div class='ocr_page' id='page_1' title='image "/cluster/home/n/w/nwhite01/storage/ocr_20150623/36/hvd.32044015471469/213.png"; bbox 0 0 4042 6482; ppageno 0'>
   <div class='ocr_carea' id='block_1_1' title="bbox 535 420 640 480">
    <p class='ocr_par' dir='ltr' id='par_1_1' title="bbox 535 420 640 480">
     <span class='ocr_line' id='line_1_1' title="bbox 535 420 640 480; baseline -0.01 0"><span class='ocrx_word' id='word_1_1' title='bbox 535 420 640 480; x_wconf 66' lang='grc'><strong>115</strong></span> 
     </span>
    </p>
   </div>
   <div class='ocr_carea' id='block_1_2' title="bbox 535 519 2115 606">
    <p class='ocr_par' dir='ltr' id='par_1_2' title="bbox 535 519 2115 606">
     <span class='ocr_line' id='line_1_2' title="bbox 535 519 2115 606; baseline -0.011 -14"><span class='ocrx_word' id='word_1_2' title='bbox 535 538 644 592; x_wconf 92' lang='lat' dir='ltr'><strong>Deo</strong></span> <span class='ocrx_word' id='word_1_3' title='bbox 677 553 691 591; x_wconf 90' lang='lat'><strong>:</strong></span> <span class='ocrx_word' id='word_1_4' title='bbox 719 532 844 606; x_wconf 91' lang='lat' dir='ltr'><strong>quid</strong></span> <span class='ocrx_word' id='word_1_5' title='bbox 873 531 1004 588; x_wconf 86' lang='lat' dir='ltr'><strong>mihi</strong></span> <span class='ocrx_word' id='word_1_6' title='bbox 1041 544 1176 601; x_wconf 89' lang='lat' dir='ltr'><strong>opus</strong></span> <span class='ocrx_word' id='word_1_7' title='bbox 1199 535 1282 587; x_wconf 91' lang='lat' dir='ltr'><strong>est</strong></span> <span class='ocrx_word' id='word_1_8' title='bbox 1307 526 1567 600; x_wconf 89' lang='lat' dir='ltr'><strong>captanda</strong></span> <span class='ocrx_word' id='word_1_9' title='bbox 1593 523 1761 596; x_wconf 99' lang='lat' dir='ltr'><strong>loqui,</strong></span> <span class='ocrx_word' id='word_1_10' title='bbox 1791 529 1846 578; x_wconf 90' lang='lat' dir='ltr'><strong>et</strong></span> <span class='ocrx_word' id='word_1_11' title='bbox 1867 519 1998 576; x_wconf 84' lang='lat' dir='ltr'><strong>dare</strong></span> <span class='ocrx_word' id='word_1_12' title='bbox 2021 519 2115 574; x_wconf 80' lang='lat' dir='ltr'><strong>ad-</strong></span> 
     </span>
    </p>
   </div>
   <div class='ocr_carea' id='block_1_3' title="bbox 533 618 2116 695">
    <p class='ocr_par' dir='ltr' id='par_1_3' title="bbox 533 618 2116 695">
     <span class='ocr_line' id='line_1_3' title="bbox 533 618 2116 695; baseline -0.009 -9"><span class='ocrx_word' id='word_1_13' title='bbox 533 631 667 686; x_wconf 91' lang='lat' dir='ltr'><strong>itum</strong></span> <span class='ocrx_word' id='word_1_14' title='bbox 689 625 1170 683; x_wconf 86' lang='lat' dir='ltr'><strong>calumniantibus?</strong></span> <span class='ocrx_word' id='word_1_15' title='bbox 1199 624 1323 680; x_wconf 69' lang='lat' dir='ltr'><strong>Dixi</strong></span> <span class='ocrx_word' id='word_1_16' title='bbox 1350 619 1804 695; x_wconf 81' lang='lat' dir='ltr'><strong>ergo,Custodiam</strong></span> <span class='ocrx_word' id='word_1_17' title='bbox 1834 618 1939 672; x_wconf 87' lang='lat' dir='ltr'><strong>vias</strong></span> <span class='ocrx_word' id='word_1_18' title='bbox 1963 632 2116 683; x_wconf 89' lang='lat' dir='ltr'><strong>meas,</strong></span> 
     </span>
    </p>
   </div>
   <div class='ocr_carea' id='block_1_4' title="bbox 534 716 2120 794">
    <p class='ocr_par' dir='ltr' id='par_1_4' title="bbox 534 716 2120 794">
     <span class='ocr_line' id='line_1_4' title="bbox 534 716 2120 794; baseline -0.01 -13"><span class='ocrx_word' id='word_1_19' title='bbox 534 736 588 782; x_wconf 88' lang='lat' dir='ltr'><strong>ut</strong></span> <span class='ocrx_word' id='word_1_20' title='bbox 609 743 710 780; x_wconf 87' lang='lat' dir='ltr'><strong>non</strong></span> <span class='ocrx_word' id='word_1_21' title='bbox 735 721 1034 794; x_wconf 55' lang='lat' dir='ltr'><strong>delinquam&#39;</strong></span> <span class='ocrx_word' id='word_1_22' title='bbox 1056 722 1108 775; x_wconf 88' lang='lat' dir='ltr'><strong>in</strong></span> <span class='ocrx_word' id='word_1_23' title='bbox 1145 721 1321 792; x_wconf 87' lang='lat' dir='ltr'><strong>lingua</strong></span> <span class='ocrx_word' id='word_1_24' title='bbox 1346 737 1476 774; x_wconf 90' lang='lat' dir='ltr'><strong>mea.</strong></span> <span class='ocrx_word' id='word_1_25' title='bbox 1507 717 1667 773; x_wconf 88' lang='lat' dir='ltr'><strong>Posui</strong></span> <span class='ocrx_word' id='word_1_26' title='bbox 1705 716 1782 771; x_wconf 77' lang='lat' dir='ltr'><strong>ori</strong></span> <span class='ocrx_word' id='word_1_27' title='bbox 1807 731 1915 770; x_wconf 88' lang='lat' dir='ltr'><strong>meo</strong></span> <span class='ocrx_word' id='word_1_28' title='bbox 1950 721 2120 768; x_wconf 87' lang='lat' dir='ltr'><strong>custo-</strong></span> 
     </span>
    </p>
   </div>
   <div class='ocr_carea' id='block_1_5' title="bbox 534 809 2119 886">
    <p class='ocr_par' dir='ltr' id='par_1_5' title="bbox 534 809 2119 886">
     <span class='ocr_line' id='line_1_5' title="bbox 534 809 2119 886; baseline -0.008 -13"><span class='ocrx_word' id='word_1_29' title='bbox 534 820 691 873; x_wconf 87' lang='lat' dir='ltr'><strong>diam.</strong></span> <span class='ocrx_word' id='word_1_30' title='bbox 728 817 838 871; x_wconf 88' lang='lat' dir='ltr'><strong>Hoc</strong></span> <span class='ocrx_word' id='word_1_31' title='bbox 867 814 1080 886; x_wconf 87' lang='lat' dir='ltr'><strong>quare?</strong></span> <span class='ocrx_word' id='word_1_32' title='bbox 1123 813 1348 882; x_wconf 75' lang='lat' dir='ltr'><strong>Propter</strong></span> <span class='ocrx_word' id='word_1_33' title='bbox 1379 813 1522 882; x_wconf 91' lang='lat' dir='ltr'><strong>pios,</strong></span> <span class='ocrx_word' id='word_1_34' title='bbox 1567 821 1786 882; x_wconf 88' lang='lat' dir='ltr'><strong>propter</strong></span> <span class='ocrx_word' id='word_1_35' title='bbox 1821 809 2119 874; x_wconf 84' lang='lat' dir='ltr'><strong>studiosos,</strong></span> 
     </span>
    </p>
   </div>
   <div class='ocr_carea' id='block_1_6' title="bbox 538 901 2124 980">
    <p class='ocr_par' dir='ltr' id='par_1_6' title="bbox 538 901 2124 980">
     <span class='ocr_line' id='line_1_6' title="bbox 538 901 2124 980; baseline -0.007 -16"><span class='ocrx_word' id='word_1_36' title='bbox 538 919 754 980; x_wconf 75' lang='lat' dir='ltr'><strong>promer</strong></span> <span class='ocrx_word' id='word_1_37' title='bbox 781 908 963 962; x_wconf 87' lang='lat' dir='ltr'><strong>fideles</strong></span> <span class='ocrx_word' id='word_1_38' title='bbox 993 914 1047 961; x_wconf 91' lang='lat' dir='ltr'><strong>et</strong></span> <span class='ocrx_word' id='word_1_39' title='bbox 1074 905 1331 960; x_wconf 86' lang='lat' dir='ltr'><strong>sanctos?</strong></span> <span class='ocrx_word' id='word_1_40' title='bbox 1363 905 1533 959; x_wconf 85' lang='lat' dir='ltr'><strong>Absit.</strong></span> <span class='ocrx_word' id='word_1_41' title='bbox 1567 903 1646 958; x_wconf 92' lang='lat' dir='ltr'><strong>llli</strong></span> <span class='ocrx_word' id='word_1_42' title='bbox 1671 903 1749 957; x_wconf 91' lang='lat' dir='ltr'><strong>sic</strong></span> <span class='ocrx_word' id='word_1_43' title='bbox 1777 901 2032 966; x_wconf 89' lang='lat' dir='ltr'><strong>audiunt,</strong></span> <span class='ocrx_word' id='word_1_44' title='bbox 2067 907 2124 954; x_wconf 90' lang='lat' dir='ltr'><strong>ut</strong></span> 
     </span>
    </p>
   </div>
   <div class='ocr_carea' id='block_1_7' title="bbox 535 994 2124 1075">
    <p class='ocr_par' dir='ltr' id='par_1_7' title="bbox 535 994 2124 1075">
     <span class='ocr_line' id='line_1_7' title="bbox 535 994 2124 1075; baseline -0.003 -24"><span class='ocrx_word' id='word_1_45' title='bbox 535 1002 675 1075; x_wconf 81' lang='lat' dir='ltr'><strong>quod</strong></span> <span class='ocrx_word' id='word_1_46' title='bbox 709 1001 932 1071; x_wconf 87' lang='lat' dir='ltr'><strong>probant</strong></span> <span class='ocrx_word' id='word_1_47' title='bbox 961 1000 1214 1056; x_wconf 91' lang='lat' dir='ltr'><strong>laudent:</strong></span> <span class='ocrx_word' id='word_1_48' title='bbox 1263 998 1402 1070; x_wconf 90' lang='lat' dir='ltr'><strong>quod</strong></span> <span class='ocrx_word' id='word_1_49' title='bbox 1427 1007 1602 1052; x_wconf 92' lang='lat' dir='ltr'><strong>autem</strong></span> <span class='ocrx_word' id='word_1_50' title='bbox 1645 995 1947 1066; x_wconf 81' lang='lat' dir='ltr'><strong>improbant</strong></span> <span class='ocrx_word' id='word_1_51' title='bbox 1986 994 2124 1048; x_wconf 92' lang='lat' dir='ltr'><strong>inter</strong></span> 
     </span>
    </p>
   </div>
   <div class='ocr_carea' id='block_1_8' title="bbox 537 1088 2123 1164">
    <p class='ocr_par' dir='ltr' id='par_1_8' title="bbox 537 1088 2123 1164">
     <span class='ocr_line' id='line_1_8' title="bbox 537 1088 2123 1164; baseline -0.006 -14"><span class='ocrx_word' id='word_1_52' title='bbox 537 1098 699 1150; x_wconf 82' lang='lat' dir='ltr'><strong>multa</strong></span> <span class='ocrx_word' id='word_1_53' title='bbox 733 1094 868 1150; x_wconf 86' lang='lat' dir='ltr'><strong>forte</strong></span> <span class='ocrx_word' id='word_1_54' title='bbox 893 1109 1015 1164; x_wconf 68' lang='lat' dir='ltr'><strong>qua:</strong></span> <span class='ocrx_word' id='word_1_55' title='bbox 1058 1093 1303 1154; x_wconf 87' lang='lat' dir='ltr'><strong>laudant.</strong></span> <span class='ocrx_word' id='word_1_56' title='bbox 1344 1092 1553 1146; x_wconf 85' lang='lat' dir='ltr'><strong>veniam</strong></span> <span class='ocrx_word' id='word_1_57' title='bbox 1597 1089 1724 1144; x_wconf 90' lang='lat' dir='ltr'><strong>dent</strong></span> <span class='ocrx_word' id='word_1_58' title='bbox 1761 1088 1938 1159; x_wconf 89' lang='lat' dir='ltr'><strong>potius</strong></span> <span class='ocrx_word' id='word_1_59' title='bbox 1967 1101 2123 1157; x_wconf 90' lang='lat' dir='ltr'><strong>quam</strong></span> 
     </span>
    </p>
   </div>
   <div class='ocr_carea' id='block_1_9' title="bbox 534 1181 2124 1257">
    <p class='ocr_par' dir='ltr' id='par_1_9' title="bbox 534 1181 2124 1257">
     <span class='ocr_line' id='line_1_9' title="bbox 534 1181 2124 1257; baseline -0.003 -16"><span class='ocrx_word' id='word_1_60' title='bbox 534 1189 860 1243; x_wconf 73' lang='lat' dir='ltr'><strong>calumniam</strong></span> <span class='ocrx_word' id='word_1_61' title='bbox 907 1196 1113 1257; x_wconf 90' lang='lat' dir='ltr'><strong>parent.</strong></span> <span class='ocrx_word' id='word_1_62' title='bbox 1157 1187 1383 1256; x_wconf 86' lang='lat' dir='ltr'><strong>Pr0pter</strong></span> <span class='ocrx_word' id='word_1_63' title='bbox 1419 1199 1552 1255; x_wconf 90' lang='lat' dir='ltr'><strong>quos</strong></span> <span class='ocrx_word' id='word_1_64' title='bbox 1595 1199 1722 1254; x_wconf 77' lang='lat' dir='ltr'><strong>ergo</strong></span> <span class='ocrx_word' id='word_1_65' title='bbox 1747 1183 1829 1238; x_wconf 86' lang='lat' dir='ltr'><strong>vis</strong></span> <span class='ocrx_word' id='word_1_66' title='bbox 1855 1181 2124 1238; x_wconf 90' lang='lat' dir='ltr'><strong>custodire</strong></span> 
     </span>
    </p>
   </div>
   <div class='ocr_carea' id='block_1_10' title="bbox 538 1276 2124 1349">
    <p class='ocr_par' dir='ltr' id='par_1_10' title="bbox 538 1276 2124 1349">
     <span class='ocr_line' id='line_1_10' title="bbox 538 1276 2124 1349; baseline 0 -17"><span class='ocrx_word' id='word_1_67' title='bbox 538 1283 648 1332; x_wconf 58' lang='lat' dir='ltr'><strong>vias</strong></span> <span class='ocrx_word' id='word_1_68' title='bbox 679 1289 797 1335; x_wconf 88' lang='lat' dir='ltr'><strong>tuas</strong></span> <span class='ocrx_word' id='word_1_69' title='bbox 822 1323 835 1345; x_wconf 93' lang='lat'><strong>,</strong></span> <span class='ocrx_word' id='word_1_70' title='bbox 885 1289 942 1334; x_wconf 91' lang='lat' dir='ltr'><strong>ut</strong></span> <span class='ocrx_word' id='word_1_71' title='bbox 986 1295 1092 1333; x_wconf 89' lang='lat' dir='ltr'><strong>non</strong></span> <span class='ocrx_word' id='word_1_72' title='bbox 1137 1279 1414 1349; x_wconf 89' lang='lat' dir='ltr'><strong>delinquas</strong></span> <span class='ocrx_word' id='word_1_73' title='bbox 1444 1277 1494 1332; x_wconf 93' lang='lat' dir='ltr'><strong>in</strong></span> <span class='ocrx_word' id='word_1_74' title='bbox 1527 1278 1702 1347; x_wconf 83' lang='lat' dir='ltr'><strong>lingua</strong></span> <span class='ocrx_word' id='word_1_75' title='bbox 1737 1285 1855 1343; x_wconf 91' lang='lat' dir='ltr'><strong>tua,</strong></span> <span class='ocrx_word' id='word_1_76' title='bbox 1888 1285 1941 1331; x_wconf 91' lang='lat' dir='ltr'><strong>et</strong></span> <span class='ocrx_word' id='word_1_77' title='bbox 1970 1276 2124 1346; x_wconf 90' lang='lat' dir='ltr'><strong>ponis</strong></span> 
     </span>
    </p>
   </div>
   <div class='ocr_carea' id='block_1_11' title="bbox 537 1369 2126 1428">
    <p class='ocr_par' dir='ltr' id='par_1_11' title="bbox 537 1369 2126 1428">
     <span class='ocr_line' id='line_1_11' title="bbox 537 1369 2126 1428; baseline -0.003 -2"><span class='ocrx_word' id='word_1_78' title='bbox 537 1374 614 1426; x_wconf 88' lang='lat' dir='ltr'><strong>ori</strong></span> <span class='ocrx_word' id='word_1_79' title='bbox 641 1381 729 1426; x_wconf 91' lang='lat' dir='ltr'><strong>tuo</strong></span> <span class='ocrx_word' id='word_1_80' title='bbox 759 1371 1100 1428; x_wconf 89' lang='lat' dir='ltr'><strong>custodiam?</strong></span> <span class='ocrx_word' id='word_1_81' title='bbox 1125 1371 1262 1427; x_wconf 84' lang='lat' dir='ltr'><strong>Audi</strong></span> <span class='ocrx_word' id='word_1_82' title='bbox 1297 1389 1309 1424; x_wconf 91' lang='lat'><strong>:</strong></span> <span class='ocrx_word' id='word_1_83' title='bbox 1343 1370 1477 1425; x_wconf 88' lang='lat' dir='ltr'><strong>Dum</strong></span> <span class='ocrx_word' id='word_1_84' title='bbox 1500 1370 1726 1424; x_wconf 90' lang='lat' dir='ltr'><strong>consistit</strong></span> <span class='ocrx_word' id='word_1_85' title='bbox 1759 1369 2024 1424; x_wconf 86' lang='lat' dir='ltr'><strong>adversum</strong></span> <span class='ocrx_word' id='word_1_86' title='bbox 2047 1385 2126 1423; x_wconf 90' lang='lat' dir='ltr'><strong>me</strong></span> 
     </span>
    </p>
   </div>
   <div class='ocr_carea' id='block_1_12' title="bbox 538 1461 2126 1535">
    <p class='ocr_par' dir='ltr' id='par_1_12' title="bbox 538 1461 2126 1535">
     <span class='ocr_line' id='line_1_12' title="bbox 538 1461 2126 1535; baseline -0.003 -17"><span class='ocrx_word' id='word_1_87' title='bbox 538 1475 789 1535; x_wconf 81' lang='lat' dir='ltr'><strong>peccator.</strong></span> <span class='ocrx_word' id='word_1_88' title='bbox 821 1464 936 1519; x_wconf 86' lang='lat' dir='ltr'><strong>Non</strong></span> <span class='ocrx_word' id='word_1_89' title='bbox 962 1464 1204 1520; x_wconf 88' lang='lat' dir='ltr'><strong>consistit</strong></span> <span class='ocrx_word' id='word_1_90' title='bbox 1252 1463 1319 1519; x_wconf 91' lang='lat' dir='ltr'><strong>ad</strong></span> <span class='ocrx_word' id='word_1_91' title='bbox 1351 1479 1456 1528; x_wconf 86' lang='lat' dir='ltr'><strong>me,</strong></span> <span class='ocrx_word' id='word_1_92' title='bbox 1490 1462 1585 1519; x_wconf 92' lang='lat' dir='ltr'><strong>sed</strong></span> <span class='ocrx_word' id='word_1_93' title='bbox 1609 1463 1836 1516; x_wconf 79' lang='lat' dir='ltr'><strong>consistit</strong></span> <span class='ocrx_word' id='word_1_94' title='bbox 1860 1461 2126 1516; x_wconf 88' lang='lat' dir='ltr'><strong>adversum</strong></span> 
     </span>
    </p>
   </div>
   <div class='ocr_carea' id='block_1_13' title="bbox 537 1551 2124 1626">
    <p class='ocr_par' dir='ltr' id='par_1_13' title="bbox 537 1551 2124 1626">
     <span class='ocr_line' id='line_1_13' title="bbox 537 1551 2124 1626; baseline -0.001 -16"><span class='ocrx_word' id='word_1_95' title='bbox 537 1575 631 1610; x_wconf 80' lang='lat' dir='ltr'><strong>me.</strong></span> <span class='ocrx_word' id='word_1_96' title='bbox 659 1558 794 1622; x_wconf 86' lang='lat' dir='ltr'><strong>Quid</strong></span> <span class='ocrx_word' id='word_1_97' title='bbox 825 1557 1065 1612; x_wconf 88' lang='lat' dir='ltr'><strong>dicturus</strong></span> <span class='ocrx_word' id='word_1_98' title='bbox 1092 1567 1360 1626; x_wconf 90' lang='lat' dir='ltr'><strong>postremo</strong></span> <span class='ocrx_word' id='word_1_99' title='bbox 1380 1598 1394 1622; x_wconf 95' lang='lat'><strong>,</strong></span> <span class='ocrx_word' id='word_1_100' title='bbox 1427 1555 1567 1611; x_wconf 92' lang='lat' dir='ltr'><strong>unde</strong></span> <span class='ocrx_word' id='word_1_101' title='bbox 1596 1555 1916 1609; x_wconf 88' lang='lat' dir='ltr'><strong>satisfaciam</strong></span> <span class='ocrx_word' id='word_1_102' title='bbox 1939 1554 1964 1605; x_wconf 83' lang='lat'><strong>?</strong></span> <span class='ocrx_word' id='word_1_103' title='bbox 1991 1551 2124 1608; x_wconf 86' lang='lat' dir='ltr'><strong>Car-</strong></span> 
     </span>
    </p>
   </div>
   <div class='ocr_carea' id='block_1_14' title="bbox 538 1647 2121 1719">
    <p class='ocr_par' dir='ltr' id='par_1_14' title="bbox 538 1647 2121 1719">
     <span class='ocr_line' id='line_1_14' title="bbox 538 1647 2121 1719; baseline 0 -17"><span class='ocrx_word' id='word_1_104' title='bbox 538 1650 639 1703; x_wconf 88' lang='lat' dir='ltr'><strong>nali</strong></span> <span class='ocrx_word' id='word_1_105' title='bbox 664 1650 730 1704; x_wconf 87' lang='lat' dir='ltr'><strong>dc</strong></span> <span class='ocrx_word' id='word_1_106' title='bbox 758 1649 1122 1719; x_wconf 89' lang='lat' dir='ltr'><strong>spiritualibus</strong></span> <span class='ocrx_word' id='word_1_107' title='bbox 1151 1650 1339 1719; x_wconf 91' lang='lat' dir='ltr'><strong>loquor</strong></span> <span class='ocrx_word' id='word_1_108' title='bbox 1362 1691 1376 1714; x_wconf 91' lang='lat'><strong>,</strong></span> <span class='ocrx_word' id='word_1_109' title='bbox 1409 1649 1537 1704; x_wconf 89' lang='lat' dir='ltr'><strong>foris</strong></span> <span class='ocrx_word' id='word_1_110' title='bbox 1564 1649 1760 1704; x_wconf 83' lang='lat' dir='ltr'><strong>videnti</strong></span> <span class='ocrx_word' id='word_1_111' title='bbox 1789 1656 1842 1704; x_wconf 90' lang='lat' dir='ltr'><strong>et</strong></span> <span class='ocrx_word' id='word_1_112' title='bbox 1869 1647 2121 1714; x_wconf 87' lang='lat' dir='ltr'><strong>audienti,</strong></span> 
     </span>
    </p>
   </div>
   <div class='ocr_carea' id='block_1_15' title="bbox 537 1742 2126 1812">
    <p class='ocr_par' dir='ltr' id='par_1_15' title="bbox 537 1742 2126 1812">
     <span class='ocr_line' id='line_1_15' title="bbox 537 1742 2126 1812; baseline 0 -16"><span class='ocrx_word' id='word_1_113' title='bbox 537 1743 679 1797; x_wconf 89' lang='lat' dir='ltr'><strong>intus</strong></span> <span class='ocrx_word' id='word_1_114' title='bbox 704 1743 868 1799; x_wconf 89' lang='lat' dir='ltr'><strong>surdo</strong></span> <span class='ocrx_word' id='word_1_115' title='bbox 889 1751 942 1798; x_wconf 91' lang='lat' dir='ltr'><strong>et</strong></span> <span class='ocrx_word' id='word_1_116' title='bbox 967 1758 1130 1798; x_wconf 67' lang='lat' dir='ltr'><strong>caeco.</strong></span> <span class='ocrx_word' id='word_1_117' title='bbox 1161 1743 1418 1798; x_wconf 84' lang='lat' dir='ltr'><strong>Animalis</strong></span> <span class='ocrx_word' id='word_1_118' title='bbox 1462 1743 1604 1798; x_wconf 89' lang='lat' dir='ltr'><strong>enim</strong></span> <span class='ocrx_word' id='word_1_119' title='bbox 1631 1743 1792 1796; x_wconf 90' lang='lat' dir='ltr'><strong>homo</strong></span> <span class='ocrx_word' id='word_1_120' title='bbox 1818 1757 1921 1796; x_wconf 91' lang='lat' dir='ltr'><strong>non</strong></span> <span class='ocrx_word' id='word_1_121' title='bbox 1951 1742 2126 1812; x_wconf 86' lang='lat' dir='ltr'><strong>perci-</strong></span> 
     </span>
    </p>
   </div>
   <div class='ocr_carea' id='block_1_16' title="bbox 539 1832 2125 1906">
    <p class='ocr_par' dir='ltr' id='par_1_16' title="bbox 539 1832 2125 1906">
     <span class='ocr_line' id='line_1_16' title="bbox 539 1832 2125 1906; baseline -0.001 -16"><span class='ocrx_word' id='word_1_122' title='bbox 539 1838 611 1904; x_wconf 78' lang='lat' dir='ltr'><strong>pit</strong></span> <span class='ocrx_word' id='word_1_123' title='bbox 642 1852 760 1906; x_wconf 65' lang='lat' dir='ltr'><strong>quae</strong></span> <span class='ocrx_word' id='word_1_124' title='bbox 799 1844 922 1889; x_wconf 92' lang='lat' dir='ltr'><strong>sunt</strong></span> <span class='ocrx_word' id='word_1_125' title='bbox 949 1835 1178 1904; x_wconf 89' lang='lat' dir='ltr'><strong>Spiritus</strong></span> <span class='ocrx_word' id='word_1_126' title='bbox 1207 1835 1301 1890; x_wconf 89' lang='lat' dir='ltr'><strong>Dei</strong></span> <span class='ocrx_word' id='word_1_127' title='bbox 1345 1834 1396 1903; x_wconf 83' lang='grc' dir='ltr'>(Ι</span> <span class='ocrx_word' id='word_1_128' title='bbox 1439 1832 1556 1890; x_wconf 84' lang='lat' dir='ltr'><strong>Cor.</strong></span> <span class='ocrx_word' id='word_1_129' title='bbox 1586 1849 1644 1899; x_wconf 87' lang='lat' dir='ltr'><strong>ll,</strong></span> <span class='ocrx_word' id='word_1_130' title='bbox 1670 1833 1778 1904; x_wconf 71' lang='grc'><strong>14).</strong></span> <span class='ocrx_word' id='word_1_131' title='bbox 1808 1833 1919 1889; x_wconf 86' lang='lat' dir='ltr'><strong>Nisi</strong></span> <span class='ocrx_word' id='word_1_132' title='bbox 1948 1843 2125 1888; x_wconf 91' lang='lat' dir='ltr'><strong>autem</strong></span> 
     </span>
    </p>
   </div>
   <div class='ocr_carea' id='block_1_17' title="bbox 536 1926 2128 1998">
    <p class='ocr_par' dir='ltr' id='par_1_17' title="bbox 536 1926 2128 1998">
     <span class='ocr_line' id='line_1_17' title="bbox 536 1926 2128 1998; baseline 0.001 -18"><span class='ocrx_word' id='word_1_133' title='bbox 536 1929 780 1983; x_wconf 85' lang='lat' dir='ltr'><strong>animalis</strong></span> <span class='ocrx_word' id='word_1_134' title='bbox 807 1928 1167 1994; x_wconf 84' lang='lat' dir='ltr'><strong>inveniretur,</strong></span> <span class='ocrx_word' id='word_1_135' title='bbox 1207 1926 1420 1998; x_wconf 86' lang='lat' dir='ltr'><strong>quando</strong></span> <span class='ocrx_word' id='word_1_136' title='bbox 1449 1926 1906 1982; x_wconf 87' lang='lat' dir='ltr'><strong>calumniaretur?</strong></span> <span class='ocrx_word' id='word_1_137' title='bbox 1935 1927 2128 1982; x_wconf 86' lang='lat' dir='ltr'><strong>Beatus</strong></span> 
     </span>
    </p>
   </div>
   <div class='ocr_carea' id='block_1_18' title="bbox 536 2017 2125 2092">
    <p class='ocr_par' dir='ltr' id='par_1_18' title="bbox 536 2017 2125 2092">
     <span class='ocr_line' id='line_1_18' title="bbox 536 2017 2125 2092; baseline 0 -20"><span class='ocrx_word' id='word_1_138' title='bbox 536 2018 626 2088; x_wconf 89' lang='lat' dir='ltr'><strong>qui</strong></span> <span class='ocrx_word' id='word_1_139' title='bbox 671 2027 850 2072; x_wconf 88' lang='lat' dir='ltr'><strong>narrat</strong></span> <span class='ocrx_word' id='word_1_140' title='bbox 877 2019 1096 2074; x_wconf 85' lang='lat' dir='ltr'><strong>verbum</strong></span> <span class='ocrx_word' id='word_1_141' title='bbox 1125 2019 1242 2073; x_wconf 88' lang='lat' dir='ltr'><strong>auri</strong></span> <span class='ocrx_word' id='word_1_142' title='bbox 1269 2019 1505 2073; x_wconf 85' lang='lat' dir='ltr'><strong>audienti</strong></span> <span class='ocrx_word' id='word_1_143' title='bbox 1549 2017 1751 2092; x_wconf 85' lang='lat' dir='ltr'><strong>(Eccli.</strong></span> <span class='ocrx_word' id='word_1_144' title='bbox 1798 2033 1916 2072; x_wconf 82' lang='lat' dir='ltr'><strong>xxv</strong></span> <span class='ocrx_word' id='word_1_145' title='bbox 1938 2061 1953 2084; x_wconf 91' lang='lat'><strong>,</strong></span> <span class='ocrx_word' id='word_1_146' title='bbox 1985 2017 2087 2089; x_wconf 72' lang='lat'><strong>12)</strong></span> <span class='ocrx_word' id='word_1_147' title='bbox 2109 2061 2125 2084; x_wconf 94' lang='lat'><strong>,</strong></span> 
     </span>
    </p>
   </div>
   <div class='ocr_carea' id='block_1_19' title="bbox 539 2110 2126 2179">
    <p class='ocr_par' dir='ltr' id='par_1_19' title="bbox 539 2110 2126 2179">
     <span class='ocr_line' id='line_1_19' title="bbox 539 2110 2126 2179; baseline 0.001 -15"><span class='ocrx_word' id='word_1_148' title='bbox 539 2126 643 2164; x_wconf 83' lang='lat' dir='ltr'><strong>non</strong></span> <span class='ocrx_word' id='word_1_149' title='bbox 673 2110 789 2164; x_wconf 86' lang='lat' dir='ltr'><strong>auri</strong></span> <span class='ocrx_word' id='word_1_150' title='bbox 818 2111 1112 2179; x_wconf 83' lang='lat' dir='ltr'><strong>peccatoris</strong></span> <span class='ocrx_word' id='word_1_151' title='bbox 1132 2112 1355 2166; x_wconf 89' lang='lat' dir='ltr'><strong>astantis</strong></span> <span class='ocrx_word' id='word_1_152' title='bbox 1381 2111 1662 2166; x_wconf 86' lang='lat' dir='ltr'><strong>adversum</strong></span> <span class='ocrx_word' id='word_1_153' title='bbox 1693 2127 1770 2166; x_wconf 91' lang='lat' dir='ltr'><strong>se.</strong></span> <span class='ocrx_word' id='word_1_154' title='bbox 1800 2111 1954 2166; x_wconf 83' lang='lat' dir='ltr'><strong>Tales</strong></span> <span class='ocrx_word' id='word_1_155' title='bbox 1983 2111 2126 2166; x_wconf 93' lang='lat' dir='ltr'><strong>enim</strong></span> 
     </span>
    </p>
   </div>
   <div class='ocr_carea' id='block_1_20' title="bbox 538 2201 2129 2273">
    <p class='ocr_par' dir='ltr' id='par_1_20' title="bbox 538 2201 2129 2273">
     <span class='ocr_line' id='line_1_20' title="bbox 538 2201 2129 2273; baseline 0.001 -17"><span class='ocrx_word' id='word_1_156' title='bbox 538 2202 688 2256; x_wconf 88' lang='lat' dir='ltr'><strong>multi</strong></span> <span class='ocrx_word' id='word_1_157' title='bbox 716 2203 1132 2257; x_wconf 86' lang='lat' dir='ltr'><strong>circumstabant</strong></span> <span class='ocrx_word' id='word_1_158' title='bbox 1156 2211 1212 2256; x_wconf 92' lang='lat' dir='ltr'><strong>et</strong></span> <span class='ocrx_word' id='word_1_159' title='bbox 1233 2201 1767 2267; x_wconf 84' lang='lat' dir='ltr'><strong>circumfremebant,</strong></span> <span class='ocrx_word' id='word_1_160' title='bbox 1797 2202 2011 2273; x_wconf 90' lang='lat' dir='ltr'><strong>quando</strong></span> <span class='ocrx_word' id='word_1_161' title='bbox 2039 2203 2129 2258; x_wconf 88' lang='lat' dir='ltr'><strong>ille</strong></span> 
     </span>
    </p>
   </div>
   <div class='ocr_carea' id='block_1_21' title="bbox 539 2293 2130 2364">
    <p class='ocr_par' dir='ltr' id='par_1_21' title="bbox 539 2293 2130 2364">
     <span class='ocr_line' id='line_1_21' title="bbox 539 2293 2130 2364; baseline 0.003 -18"><span class='ocrx_word' id='word_1_162' title='bbox 539 2294 684 2348; x_wconf 86' lang='lat' dir='ltr'><strong>velut</strong></span> <span class='ocrx_word' id='word_1_163' title='bbox 709 2294 822 2348; x_wconf 81' lang='lat' dir='ltr'><strong>ovis</strong></span> <span class='ocrx_word' id='word_1_164' title='bbox 849 2293 914 2348; x_wconf 91' lang='lat' dir='ltr'><strong>ad</strong></span> <span class='ocrx_word' id='word_1_165' title='bbox 945 2293 1325 2349; x_wconf 86' lang='lat' dir='ltr'><strong>iunuolandum</strong></span> <span class='ocrx_word' id='word_1_166' title='bbox 1352 2295 1543 2348; x_wconf 90' lang='lat' dir='ltr'><strong>ductus</strong></span> <span class='ocrx_word' id='word_1_167' title='bbox 1564 2304 1644 2348; x_wconf 90' lang='lat' dir='ltr'><strong>est</strong></span> <span class='ocrx_word' id='word_1_168' title='bbox 1670 2335 1684 2358; x_wconf 91' lang='lat'><strong>,</strong></span> <span class='ocrx_word' id='word_1_169' title='bbox 1715 2302 1769 2350; x_wconf 90' lang='lat' dir='ltr'><strong>et</strong></span> <span class='ocrx_word' id='word_1_170' title='bbox 1795 2295 1932 2349; x_wconf 92' lang='lat' dir='ltr'><strong>sicut</strong></span> <span class='ocrx_word' id='word_1_171' title='bbox 1962 2310 2130 2364; x_wconf 81' lang='lat' dir='ltr'><strong>agnus</strong></span> 
     </span>
    </p>
   </div>
   <div class='ocr_carea' id='block_1_22' title="bbox 540 2384 2128 2454">
    <p class='ocr_par' dir='ltr' id='par_1_22' title="bbox 540 2384 2128 2454">
     <span class='ocr_line' id='line_1_22' title="bbox 540 2384 2128 2454; baseline 0.001 -13"><span class='ocrx_word' id='word_1_172' title='bbox 540 2401 720 2441; x_wconf 88' lang='lat' dir='ltr'><strong>coram</strong></span> <span class='ocrx_word' id='word_1_173' title='bbox 752 2384 1004 2439; x_wconf 84' lang='lat' dir='ltr'><strong>tondente</strong></span> <span class='ocrx_word' id='word_1_174' title='bbox 1034 2386 1150 2441; x_wconf 91' lang='lat' dir='ltr'><strong>sine</strong></span> <span class='ocrx_word' id='word_1_175' title='bbox 1178 2399 1342 2451; x_wconf 85' lang='lat' dir='ltr'><strong>voce,</strong></span> <span class='ocrx_word' id='word_1_176' title='bbox 1375 2386 1453 2439; x_wconf 91' lang='lat' dir='ltr'><strong>sic</strong></span> <span class='ocrx_word' id='word_1_177' title='bbox 1495 2400 1601 2439; x_wconf 92' lang='lat' dir='ltr'><strong>non</strong></span> <span class='ocrx_word' id='word_1_178' title='bbox 1638 2389 1848 2454; x_wconf 90' lang='lat' dir='ltr'><strong>aperuit</strong></span> <span class='ocrx_word' id='word_1_179' title='bbox 1877 2402 1938 2441; x_wconf 93' lang='lat' dir='ltr'><strong>os</strong></span> <span class='ocrx_word' id='word_1_180' title='bbox 1973 2403 2128 2442; x_wconf 88' lang='lat' dir='ltr'><strong>suum</strong></span> 
     </span>
    </p>
   </div>
   <div class='ocr_carea' id='block_1_23' title="bbox 539 2473 2125 2547">
    <p class='ocr_par' dir='ltr' id='par_1_23' title="bbox 539 2473 2125 2547">
     <span class='ocr_line' id='line_1_23' title="bbox 539 2473 2125 2547; baseline 0.003 -19"><span class='ocrx_word' id='word_1_181' title='bbox 539 2473 708 2547; x_wconf 88' lang='lat' dir='ltr'><strong>(Isai.</strong></span> <span class='ocrx_word' id='word_1_182' title='bbox 751 2491 838 2530; x_wconf 85' lang='lat' dir='ltr'><strong>Ltll</strong></span> <span class='ocrx_word' id='word_1_183' title='bbox 858 2517 872 2540; x_wconf 95' lang='lat'><strong>,</strong></span> <span class='ocrx_word' id='word_1_184' title='bbox 919 2475 1013 2546; x_wconf 88' lang='lat'><strong>7).</strong></span> <span class='ocrx_word' id='word_1_185' title='bbox 1053 2475 1191 2544; x_wconf 87' lang='lat' dir='ltr'><strong>Quid</strong></span> <span class='ocrx_word' id='word_1_186' title='bbox 1219 2477 1360 2530; x_wconf 92' lang='lat' dir='ltr'><strong>enim</strong></span> <span class='ocrx_word' id='word_1_187' title='bbox 1393 2476 1538 2532; x_wconf 90' lang='lat' dir='ltr'><strong>dicas</strong></span> <span class='ocrx_word' id='word_1_188' title='bbox 1569 2477 1791 2547; x_wconf 86' lang='lat' dir='ltr'><strong>turgidis</strong></span> <span class='ocrx_word' id='word_1_189' title='bbox 1814 2519 1828 2544; x_wconf 95' lang='lat'><strong>,</strong></span> <span class='ocrx_word' id='word_1_190' title='bbox 1858 2479 2083 2533; x_wconf 89' lang='lat' dir='ltr'><strong>turbidis</strong></span> <span class='ocrx_word' id='word_1_191' title='bbox 2111 2521 2125 2544; x_wconf 93' lang='lat'><strong>,</strong></span> 
     </span>
    </p>
   </div>
   <div class='ocr_carea' id='block_1_24' title="bbox 539 2566 2127 2638">
    <p class='ocr_par' dir='ltr' id='par_1_24' title="bbox 539 2566 2127 2638">
     <span class='ocr_line' id='line_1_24' title="bbox 539 2566 2127 2638; baseline 0.001 -14"><span class='ocrx_word' id='word_1_192' title='bbox 539 2566 905 2633; x_wconf 88' lang='lat' dir='ltr'><strong>calumniosis,</strong></span> <span class='ocrx_word' id='word_1_193' title='bbox 932 2567 1195 2638; x_wconf 80' lang='lat' dir='ltr'><strong>litigiosis,</strong></span> <span class='ocrx_word' id='word_1_194' title='bbox 1225 2567 1506 2624; x_wconf 86' lang='lat' dir='ltr'><strong>verbosis?</strong></span> <span class='ocrx_word' id='word_1_195' title='bbox 1529 2568 1666 2636; x_wconf 86' lang='lat' dir='ltr'><strong>Quid</strong></span> <span class='ocrx_word' id='word_1_196' title='bbox 1702 2569 1848 2624; x_wconf 86' lang='lat' dir='ltr'><strong>dicas</strong></span> <span class='ocrx_word' id='word_1_197' title='bbox 1887 2581 2127 2626; x_wconf 87' lang='lat' dir='ltr'><strong>sanctum</strong></span> 
     </span>
    </p>
   </div>
   <div class='ocr_carea' id='block_1_25' title="bbox 538 2657 2128 2732">
    <p class='ocr_par' dir='ltr' id='par_1_25' title="bbox 538 2657 2128 2732">
     <span class='ocr_line' id='line_1_25' title="bbox 538 2657 2128 2732; baseline 0.001 -17"><span class='ocrx_word' id='word_1_198' title='bbox 538 2668 591 2715; x_wconf 91' lang='lat' dir='ltr'><strong>et</strong></span> <span class='ocrx_word' id='word_1_199' title='bbox 631 2659 810 2729; x_wconf 89' lang='lat' dir='ltr'><strong>pium,</strong></span> <span class='ocrx_word' id='word_1_200' title='bbox 858 2668 912 2714; x_wconf 92' lang='lat' dir='ltr'><strong>et</strong></span> <span class='ocrx_word' id='word_1_201' title='bbox 947 2657 1015 2714; x_wconf 88' lang='lat' dir='ltr'><strong>de</strong></span> <span class='ocrx_word' id='word_1_202' title='bbox 1043 2659 1298 2729; x_wconf 81' lang='lat' dir='ltr'><strong>religione</strong></span> <span class='ocrx_word' id='word_1_203' title='bbox 1346 2659 1653 2716; x_wconf 87' lang='lat' dir='ltr'><strong>transiliens</strong></span> <span class='ocrx_word' id='word_1_204' title='bbox 1700 2675 1792 2715; x_wconf 93' lang='lat' dir='ltr'><strong>eos</strong></span> <span class='ocrx_word' id='word_1_205' title='bbox 1820 2662 1837 2692; x_wconf 77' lang='grc' dir='ltr'>ί</span> <span class='ocrx_word' id='word_1_206' title='bbox 1873 2679 1885 2715; x_wconf 92' lang='lat'>:</span> <span class='ocrx_word' id='word_1_207' title='bbox 1916 2663 2128 2732; x_wconf 87' lang='lat' dir='ltr'><strong>quando</strong></span> 
     </span>
    </p>
   </div>
   <div class='ocr_carea' id='block_1_26' title="bbox 539 2750 2132 2821">
    <p class='ocr_par' dir='ltr' id='par_1_26' title="bbox 539 2750 2132 2821">
     <span class='ocr_line' id='line_1_26' title="bbox 539 2750 2132 2821; baseline 0.003 -16"><span class='ocrx_word' id='word_1_208' title='bbox 539 2751 668 2820; x_wconf 92' lang='lat' dir='ltr'><strong>ipsis</strong></span> <span class='ocrx_word' id='word_1_209' title='bbox 699 2750 928 2806; x_wconf 87' lang='lat' dir='ltr'><strong>libenter</strong></span> <span class='ocrx_word' id='word_1_210' title='bbox 954 2751 1292 2806; x_wconf 90' lang='lat' dir='ltr'><strong>audientibus</strong></span> <span class='ocrx_word' id='word_1_211' title='bbox 1311 2791 1324 2811; x_wconf 85' lang='lat'><strong>,</strong></span> <span class='ocrx_word' id='word_1_212' title='bbox 1353 2751 1563 2808; x_wconf 89' lang='lat' dir='ltr'><strong>discere</strong></span> <span class='ocrx_word' id='word_1_213' title='bbox 1589 2753 1924 2821; x_wconf 89' lang='lat' dir='ltr'><strong>cupientibus</strong></span> <span class='ocrx_word' id='word_1_214' title='bbox 1944 2796 1958 2820; x_wconf 96' lang='lat'><strong>,</strong></span> <span class='ocrx_word' id='word_1_215' title='bbox 1991 2755 2132 2809; x_wconf 90' lang='lat' dir='ltr'><strong>veri-</strong></span> 
     </span>
    </p>
   </div>
   <div class='ocr_carea' id='block_1_27' title="bbox 541 2841 2129 2913">
    <p class='ocr_par' dir='ltr' id='par_1_27' title="bbox 541 2841 2129 2913">
     <span class='ocr_line' id='line_1_27' title="bbox 541 2841 2129 2913; baseline 0.003 -15"><span class='ocrx_word' id='word_1_216' title='bbox 541 2843 663 2898; x_wconf 90' lang='lat' dir='ltr'><strong>tatis</strong></span> <span class='ocrx_word' id='word_1_217' title='bbox 687 2843 807 2898; x_wconf 90' lang='lat' dir='ltr'><strong>cibo</strong></span> <span class='ocrx_word' id='word_1_218' title='bbox 835 2841 1163 2898; x_wconf 91' lang='lat' dir='ltr'><strong>inhiantibus</strong></span> <span class='ocrx_word' id='word_1_219' title='bbox 1183 2885 1196 2907; x_wconf 90' lang='lat'><strong>,</strong></span> <span class='ocrx_word' id='word_1_220' title='bbox 1226 2842 1380 2898; x_wconf 87' lang='lat' dir='ltr'><strong>avide</strong></span> <span class='ocrx_word' id='word_1_221' title='bbox 1404 2845 1787 2913; x_wconf 89' lang='lat' dir='ltr'><strong>accipientibus</strong></span> <span class='ocrx_word' id='word_1_222' title='bbox 1807 2888 1821 2912; x_wconf 95' lang='lat'><strong>,</strong></span> <span class='ocrx_word' id='word_1_223' title='bbox 1855 2857 1908 2902; x_wconf 91' lang='lat' dir='ltr'><strong>et</strong></span> <span class='ocrx_word' id='word_1_224' title='bbox 1950 2848 2129 2903; x_wconf 88' lang='lat' dir='ltr'><strong>Domi-</strong></span> 
     </span>
    </p>
   </div>
   <div class='ocr_carea' id='block_1_28' title="bbox 540 2935 2130 3011">
    <p class='ocr_par' dir='ltr' id='par_1_28' title="bbox 540 2935 2130 3011">
     <span class='ocr_line' id='line_1_28' title="bbox 540 2935 2130 3011; baseline 0.003 -20"><span class='ocrx_word' id='word_1_225' title='bbox 540 2951 642 2991; x_wconf 91' lang='lat' dir='ltr'><strong>nus</strong></span> <span class='ocrx_word' id='word_1_226' title='bbox 663 2937 738 2991; x_wconf 87' lang='lat' dir='ltr'><strong>ait</strong></span> <span class='ocrx_word' id='word_1_227' title='bbox 767 2954 780 2991; x_wconf 93' lang='lat'><strong>:</strong></span> <span class='ocrx_word' id='word_1_228' title='bbox 808 2936 987 2990; x_wconf 80' lang='lat' dir='ltr'><strong>Adhuc</strong></span> <span class='ocrx_word' id='word_1_229' title='bbox 1008 2935 1168 2989; x_wconf 88' lang='lat' dir='ltr'><strong>multa</strong></span> <span class='ocrx_word' id='word_1_230' title='bbox 1192 2937 1349 2990; x_wconf 80' lang='lat' dir='ltr'><strong>habeo</strong></span> <span class='ocrx_word' id='word_1_231' title='bbox 1371 2936 1508 2990; x_wconf 84' lang='lat' dir='ltr'><strong>vobis</strong></span> <span class='ocrx_word' id='word_1_232' title='bbox 1528 2937 1721 3002; x_wconf 85' lang='lat' dir='ltr'><strong>dicere,</strong></span> <span class='ocrx_word' id='word_1_233' title='bbox 1745 2937 1834 2992; x_wconf 89' lang='lat' dir='ltr'><strong>sed</strong></span> <span class='ocrx_word' id='word_1_234' title='bbox 1862 2955 1962 2993; x_wconf 90' lang='lat' dir='ltr'><strong>non</strong></span> <span class='ocrx_word' id='word_1_235' title='bbox 1990 2951 2130 3011; x_wconf 84' lang='lat' dir='ltr'><strong>pote-</strong></span> 
     </span>
    </p>
   </div>
   <div class='ocr_carea' id='block_1_29' title="bbox 539 3031 2125 3107">
    <p class='ocr_par' dir='ltr' id='par_1_29' title="bbox 539 3031 2125 3107">
     <span class='ocr_line' id='line_1_29' title="bbox 539 3031 2125 3107; baseline 0.004 -21"><span class='ocrx_word' id='word_1_236' title='bbox 539 3033 630 3086; x_wconf 85' lang='lat' dir='ltr'><strong>stis</strong></span> <span class='ocrx_word' id='word_1_237' title='bbox 659 3031 751 3086; x_wconf 88' lang='lat' dir='ltr'><strong>illa</strong></span> <span class='ocrx_word' id='word_1_238' title='bbox 778 3041 979 3102; x_wconf 88' lang='lat' dir='ltr'><strong>portare</strong></span> <span class='ocrx_word' id='word_1_239' title='bbox 1007 3032 1157 3087; x_wconf 88' lang='lat' dir='ltr'><strong>modo</strong></span> <span class='ocrx_word' id='word_1_240' title='bbox 1179 3031 1202 3104; x_wconf 90' lang='lat'><strong>(</strong></span> <span class='ocrx_word' id='word_1_241' title='bbox 1214 3033 1370 3087; x_wconf 79' lang='lat' dir='ltr'><strong>Joan.</strong></span> <span class='ocrx_word' id='word_1_242' title='bbox 1393 3049 1478 3087; x_wconf 78' lang='lat' dir='ltr'><strong>xvr</strong></span> <span class='ocrx_word' id='word_1_243' title='bbox 1500 3075 1515 3098; x_wconf 93' lang='lat'><strong>,</strong></span> <span class='ocrx_word' id='word_1_244' title='bbox 1547 3033 1642 3107; x_wconf 73' lang='lat'><strong>12)</strong></span> <span class='ocrx_word' id='word_1_245' title='bbox 1669 3037 1693 3090; x_wconf 86' lang='lat'><strong>?</strong></span> <span class='ocrx_word' id='word_1_246' title='bbox 1719 3035 1784 3090; x_wconf 87' lang='lat' dir='ltr'><strong>Et</strong></span> <span class='ocrx_word' id='word_1_247' title='bbox 1814 3037 2125 3106; x_wconf 78' lang='lat' dir='ltr'><strong>Apostolus,</strong></span> 
     </span>
    </p>
   </div>
   <div class='ocr_carea' id='block_1_30' title="bbox 542 3122 2128 3198">
    <p class='ocr_par' dir='ltr' id='par_1_30' title="bbox 542 3122 2128 3198">
     <span class='ocr_line' id='line_1_30' title="bbox 542 3122 2128 3198; baseline 0.004 -22"><span class='ocrx_word' id='word_1_248' title='bbox 542 3122 664 3177; x_wconf 89' lang='lat' dir='ltr'><strong>Non</strong></span> <span class='ocrx_word' id='word_1_249' title='bbox 687 3125 828 3192; x_wconf 86' lang='lat' dir='ltr'><strong>potui</strong></span> <span class='ocrx_word' id='word_1_250' title='bbox 853 3125 988 3179; x_wconf 86' lang='lat' dir='ltr'><strong>vobis</strong></span> <span class='ocrx_word' id='word_1_251' title='bbox 1011 3127 1148 3196; x_wconf 89' lang='lat' dir='ltr'><strong>loqui</strong></span> <span class='ocrx_word' id='word_1_252' title='bbox 1170 3127 1314 3196; x_wconf 87' lang='lat' dir='ltr'><strong>quasi</strong></span> <span class='ocrx_word' id='word_1_253' title='bbox 1333 3126 1709 3195; x_wconf 84' lang='lat' dir='ltr'><strong>spiritualibus,</strong></span> <span class='ocrx_word' id='word_1_254' title='bbox 1733 3129 1822 3183; x_wconf 88' lang='lat' dir='ltr'><strong>sed</strong></span> <span class='ocrx_word' id='word_1_255' title='bbox 1841 3131 1986 3198; x_wconf 87' lang='lat' dir='ltr'><strong>quasi</strong></span> <span class='ocrx_word' id='word_1_256' title='bbox 2011 3147 2128 3184; x_wconf 90' lang='lat' dir='ltr'><strong>car-</strong></span> 
     </span>
    </p>
   </div>
   <div class='ocr_carea' id='block_1_31' title="bbox 541 3215 2129 3287">
    <p class='ocr_par' dir='ltr' id='par_1_31' title="bbox 541 3215 2129 3287">
     <span class='ocr_line' id='line_1_31' title="bbox 541 3215 2129 3287; baseline 0.006 -18"><span class='ocrx_word' id='word_1_257' title='bbox 541 3215 741 3270; x_wconf 87' lang='lat' dir='ltr'><strong>nalibus</strong></span> <span class='ocrx_word' id='word_1_258' title='bbox 773 3234 791 3270; x_wconf 91' lang='lat'><strong><em>:</em></strong></span> <span class='ocrx_word' id='word_1_259' title='bbox 819 3231 924 3270; x_wconf 88' lang='lat' dir='ltr'><strong>non</strong></span> <span class='ocrx_word' id='word_1_260' title='bbox 950 3225 1124 3271; x_wconf 85' lang='lat' dir='ltr'><strong>tamen</strong></span> <span class='ocrx_word' id='word_1_261' title='bbox 1152 3217 1529 3287; x_wconf 90' lang='lat' dir='ltr'><strong>desperandis,</strong></span> <span class='ocrx_word' id='word_1_262' title='bbox 1560 3219 1653 3273; x_wconf 91' lang='lat' dir='ltr'><strong>sed</strong></span> <span class='ocrx_word' id='word_1_263' title='bbox 1683 3220 1998 3276; x_wconf 89' lang='lat' dir='ltr'><strong>nutriendis.</strong></span> <span class='ocrx_word' id='word_1_264' title='bbox 2028 3221 2129 3278; x_wconf 90' lang='lat' dir='ltr'><strong>Se-</strong></span> 
     </span>
    </p>
   </div>
   <div class='ocr_carea' id='block_1_32' title="bbox 539 3309 2131 3382">
    <p class='ocr_par' dir='ltr' id='par_1_32' title="bbox 539 3309 2131 3382">
     <span class='ocr_line' id='line_1_32' title="bbox 539 3309 2131 3382; baseline 0.004 -19"><span class='ocrx_word' id='word_1_265' title='bbox 539 3310 721 3382; x_wconf 85' lang='lat' dir='ltr'><strong>quitur</strong></span> <span class='ocrx_word' id='word_1_266' title='bbox 755 3310 896 3365; x_wconf 92' lang='lat' dir='ltr'><strong>cnim</strong></span> <span class='ocrx_word' id='word_1_267' title='bbox 922 3352 938 3377; x_wconf 93' lang='lat'><strong>,</strong></span> <span class='ocrx_word' id='word_1_268' title='bbox 991 3309 1253 3379; x_wconf 83' lang='lat' dir='ltr'><strong>Tanquam</strong></span> <span class='ocrx_word' id='word_1_269' title='bbox 1293 3311 1518 3381; x_wconf 87' lang='lat' dir='ltr'><strong>parvulis</strong></span> <span class='ocrx_word' id='word_1_270' title='bbox 1547 3312 1600 3365; x_wconf 89' lang='lat' dir='ltr'><strong>in</strong></span> <span class='ocrx_word' id='word_1_271' title='bbox 1629 3311 1827 3366; x_wconf 81' lang='lat' dir='ltr'><strong>Christo</strong></span> <span class='ocrx_word' id='word_1_272' title='bbox 1866 3313 1946 3367; x_wconf 86' lang='lat' dir='ltr'><strong>lac</strong></span> <span class='ocrx_word' id='word_1_273' title='bbox 1993 3315 2131 3370; x_wconf 79' lang='lat' dir='ltr'><strong>vobis</strong></span> 
     </span>
    </p>
   </div>
   <div class='ocr_carea' id='block_1_33' title="bbox 542 3400 2129 3478">
    <p class='ocr_par' dir='ltr' id='par_1_33' title="bbox 542 3400 2129 3478">
     <span class='ocr_line' id='line_1_33' title="bbox 542 3400 2129 3478; baseline 0.004 -24"><span class='ocrx_word' id='word_1_274' title='bbox 542 3409 717 3472; x_wconf 86' lang='lat' dir='ltr'><strong>potum</strong></span> <span class='ocrx_word' id='word_1_275' title='bbox 742 3400 859 3455; x_wconf 87' lang='lat' dir='ltr'><strong>dedi</strong></span> <span class='ocrx_word' id='word_1_276' title='bbox 881 3442 896 3468; x_wconf 96' lang='lat'><strong>,</strong></span> <span class='ocrx_word' id='word_1_277' title='bbox 926 3417 1026 3456; x_wconf 89' lang='lat' dir='ltr'><strong>non</strong></span> <span class='ocrx_word' id='word_1_278' title='bbox 1053 3417 1255 3466; x_wconf 85' lang='lat' dir='ltr'><strong>escam;</strong></span> <span class='ocrx_word' id='word_1_279' title='bbox 1286 3401 1510 3458; x_wconf 88' lang='lat' dir='ltr'><strong>nondum</strong></span> <span class='ocrx_word' id='word_1_280' title='bbox 1535 3403 1668 3458; x_wconf 88' lang='lat' dir='ltr'><strong>enim</strong></span> <span class='ocrx_word' id='word_1_281' title='bbox 1694 3405 1950 3475; x_wconf 78' lang='lat' dir='ltr'><strong>poteratis.</strong></span> <span class='ocrx_word' id='word_1_282' title='bbox 1985 3404 2129 3478; x_wconf 79' lang='lat' dir='ltr'><strong>Ergo</strong></span> 
     </span>
    </p>
   </div>
   <div class='ocr_carea' id='block_1_34' title="bbox 540 3492 2128 3571">
    <p class='ocr_par' dir='ltr' id='par_1_34' title="bbox 540 3492 2128 3571">
     <span class='ocr_line' id='line_1_34' title="bbox 540 3492 2128 3571; baseline 0.004 -23"><span class='ocrx_word' id='word_1_283' title='bbox 540 3493 628 3549; x_wconf 91' lang='lat' dir='ltr'><strong>vel</strong></span> <span class='ocrx_word' id='word_1_284' title='bbox 653 3507 794 3549; x_wconf 92' lang='lat' dir='ltr'><strong>nunc</strong></span> <span class='ocrx_word' id='word_1_285' title='bbox 817 3492 922 3559; x_wconf 87' lang='lat' dir='ltr'><strong>die,</strong></span> <span class='ocrx_word' id='word_1_286' title='bbox 953 3493 1060 3550; x_wconf 90' lang='lat' dir='ltr'><strong>Sed</strong></span> <span class='ocrx_word' id='word_1_287' title='bbox 1085 3511 1242 3562; x_wconf 87' lang='lat' dir='ltr'><strong>neque</strong></span> <span class='ocrx_word' id='word_1_288' title='bbox 1267 3495 1434 3550; x_wconf 87' lang='lat' dir='ltr'><strong>adhuc</strong></span> <span class='ocrx_word' id='word_1_289' title='bbox 1469 3498 1673 3569; x_wconf 84' lang='lat' dir='ltr'><strong>quidem</strong></span> <span class='ocrx_word' id='word_1_290' title='bbox 1697 3498 1902 3565; x_wconf 85' lang='lat' dir='ltr'><strong>potestis</strong></span> <span class='ocrx_word' id='word_1_291' title='bbox 1922 3497 1943 3571; x_wconf 92' lang='lat'><strong>(</strong></span> <span class='ocrx_word' id='word_1_292' title='bbox 1959 3498 1980 3554; x_wconf 89' lang='lat' dir='ltr'><strong>l</strong></span> <span class='ocrx_word' id='word_1_293' title='bbox 2009 3497 2128 3554; x_wconf 83' lang='lat' dir='ltr'><strong>Cor.</strong></span> 
     </span>
    </p>
   </div>
   <div class='ocr_carea' id='block_1_35' title="bbox 539 3584 2124 3661">
    <p class='ocr_par' dir='ltr' id='par_1_35' title="bbox 539 3584 2124 3661">
     <span class='ocr_line' id='line_1_35' title="bbox 539 3584 2124 3661; baseline 0.004 -22"><span class='ocrx_word' id='word_1_294' title='bbox 539 3599 596 3639; x_wconf 89' lang='lat' dir='ltr'><strong>nt</strong></span> <span class='ocrx_word' id='word_1_295' title='bbox 623 3626 639 3652; x_wconf 91' lang='lat'><strong>,</strong></span> <span class='ocrx_word' id='word_1_296' title='bbox 671 3584 724 3650; x_wconf 86' lang='grc'><strong>1,</strong></span> <span class='ocrx_word' id='word_1_297' title='bbox 749 3584 784 3639; x_wconf 75' lang='grc'><strong>9.</strong></span> <span class='ocrx_word' id='word_1_298' title='bbox 804 3585 842 3654; x_wconf 92' lang='grc'><strong>).</strong></span> <span class='ocrx_word' id='word_1_299' title='bbox 872 3585 989 3639; x_wconf 88' lang='lat' dir='ltr'><strong>Noli</strong></span> <span class='ocrx_word' id='word_1_300' title='bbox 1019 3601 1147 3656; x_wconf 82' lang='lat' dir='ltr'><strong>ergo</strong></span> <span class='ocrx_word' id='word_1_301' title='bbox 1169 3585 1422 3642; x_wconf 88' lang='lat' dir='ltr'><strong>festinare</strong></span> <span class='ocrx_word' id='word_1_302' title='bbox 1446 3587 1632 3643; x_wconf 87' lang='lat' dir='ltr'><strong>audire</strong></span> <span class='ocrx_word' id='word_1_303' title='bbox 1651 3588 1794 3659; x_wconf 88' lang='lat' dir='ltr'><strong>quod</strong></span> <span class='ocrx_word' id='word_1_304' title='bbox 1821 3605 1926 3643; x_wconf 93' lang='lat' dir='ltr'><strong>non</strong></span> <span class='ocrx_word' id='word_1_305' title='bbox 1957 3591 2124 3661; x_wconf 90' lang='lat' dir='ltr'><strong>capis,</strong></span> 
     </span>
    </p>
   </div>
   <div class='ocr_carea' id='block_1_36' title="bbox 541 3675 2129 3749">
    <p class='ocr_par' dir='ltr' id='par_1_36' title="bbox 541 3675 2129 3749">
     <span class='ocr_line' id='line_1_36' title="bbox 541 3675 2129 3749; baseline 0.004 -19"><span class='ocrx_word' id='word_1_306' title='bbox 541 3675 637 3730; x_wconf 88' lang='lat' dir='ltr'><strong>sed</strong></span> <span class='ocrx_word' id='word_1_307' title='bbox 666 3691 851 3732; x_wconf 87' lang='lat' dir='ltr'><strong>cresce</strong></span> <span class='ocrx_word' id='word_1_308' title='bbox 884 3686 941 3731; x_wconf 84' lang='grc' dir='ltr'><strong>ιιι</strong></span> <span class='ocrx_word' id='word_1_309' title='bbox 967 3677 1165 3746; x_wconf 88' lang='lat' dir='ltr'><strong>capias.</strong></span> <span class='ocrx_word' id='word_1_310' title='bbox 1213 3676 1300 3733; x_wconf 88' lang='lat' dir='ltr'><strong>Sic</strong></span> <span class='ocrx_word' id='word_1_311' title='bbox 1347 3678 1622 3746; x_wconf 89' lang='lat' dir='ltr'><strong>parvulum</strong></span> <span class='ocrx_word' id='word_1_312' title='bbox 1668 3680 2022 3749; x_wconf 88' lang='lat' dir='ltr'><strong>alloquimur,</strong></span> <span class='ocrx_word' id='word_1_313' title='bbox 2074 3682 2129 3737; x_wconf 92' lang='lat' dir='ltr'><strong>in</strong></span> 
     </span>
    </p>
   </div>
   <div class='ocr_carea' id='block_1_37' title="bbox 541 3768 2130 3842">
    <p class='ocr_par' dir='ltr' id='par_1_37' title="bbox 541 3768 2130 3842">
     <span class='ocr_line' id='line_1_37' title="bbox 541 3768 2130 3842; baseline 0.006 -19"><span class='ocrx_word' id='word_1_314' title='bbox 541 3768 661 3824; x_wconf 85' lang='lat' dir='ltr'><strong>sinu</strong></span> <span class='ocrx_word' id='word_1_315' title='bbox 708 3771 893 3824; x_wconf 89' lang='lat' dir='ltr'><strong>matris</strong></span> <span class='ocrx_word' id='word_1_316' title='bbox 942 3769 1198 3825; x_wconf 81' lang='lat' dir='ltr'><strong>Ecclesiae</strong></span> <span class='ocrx_word' id='word_1_317' title='bbox 1247 3771 1336 3840; x_wconf 92' lang='lat' dir='ltr'><strong>pio</strong></span> <span class='ocrx_word' id='word_1_318' title='bbox 1375 3771 1511 3826; x_wconf 91' lang='lat' dir='ltr'><strong>laete</strong></span> <span class='ocrx_word' id='word_1_319' title='bbox 1538 3772 1912 3842; x_wconf 90' lang='lat' dir='ltr'><strong>nutriendum,</strong></span> <span class='ocrx_word' id='word_1_320' title='bbox 1964 3787 2018 3830; x_wconf 88' lang='lat' dir='ltr'><strong>et</strong></span> <span class='ocrx_word' id='word_1_321' title='bbox 2061 3776 2130 3832; x_wconf 90' lang='lat' dir='ltr'><strong>ad</strong></span> 
     </span>
    </p>
   </div>
   <div class='ocr_carea' id='block_1_38' title="bbox 541 3861 2130 3937">
    <p class='ocr_par' dir='ltr' id='par_1_38' title="bbox 541 3861 2130 3937">
     <span class='ocr_line' id='line_1_38' title="bbox 541 3861 2130 3937; baseline 0.006 -22"><span class='ocrx_word' id='word_1_322' title='bbox 541 3875 720 3916; x_wconf 89' lang='lat' dir='ltr'><strong>escam</strong></span> <span class='ocrx_word' id='word_1_323' title='bbox 757 3876 956 3916; x_wconf 61' lang='lat' dir='ltr'><strong>mensas</strong></span> <span class='ocrx_word' id='word_1_324' title='bbox 1003 3861 1282 3918; x_wconf 68' lang='lat' dir='ltr'><strong>dominica:</strong></span> <span class='ocrx_word' id='word_1_325' title='bbox 1321 3863 1570 3918; x_wconf 90' lang='lat' dir='ltr'><strong>idoneum</strong></span> <span class='ocrx_word' id='word_1_326' title='bbox 1623 3864 1941 3921; x_wconf 89' lang='lat' dir='ltr'><strong>faciendum.</strong></span> <span class='ocrx_word' id='word_1_327' title='bbox 1991 3869 2130 3937; x_wconf 88' lang='lat' dir='ltr'><strong>Quid</strong></span> 
     </span>
    </p>
   </div>
   <div class='ocr_carea' id='block_1_39' title="bbox 540 3951 2125 4030">
    <p class='ocr_par' dir='ltr' id='par_1_39' title="bbox 540 3951 2125 4030">
     <span class='ocr_line' id='line_1_39' title="bbox 540 3951 2125 4030; baseline 0.006 -24"><span class='ocrx_word' id='word_1_328' title='bbox 540 3961 722 4007; x_wconf 87' lang='lat' dir='ltr'><strong>autem</strong></span> <span class='ocrx_word' id='word_1_329' title='bbox 745 3951 831 4006; x_wconf 87' lang='lat' dir='ltr'><strong>vel</strong></span> <span class='ocrx_word' id='word_1_330' title='bbox 861 3952 968 4006; x_wconf 90' lang='lat' dir='ltr'><strong>tale</strong></span> <span class='ocrx_word' id='word_1_331' title='bbox 993 3951 1165 4008; x_wconf 89' lang='lat' dir='ltr'><strong>dicam</strong></span> <span class='ocrx_word' id='word_1_332' title='bbox 1193 3954 1460 4024; x_wconf 90' lang='lat' dir='ltr'><strong>peccatori</strong></span> <span class='ocrx_word' id='word_1_333' title='bbox 1497 3956 1692 4011; x_wconf 90' lang='lat' dir='ltr'><strong>astanti</strong></span> <span class='ocrx_word' id='word_1_334' title='bbox 1718 3956 1974 4015; x_wconf 89' lang='lat' dir='ltr'><strong>adversus</strong></span> <span class='ocrx_word' id='word_1_335' title='bbox 2004 3975 2090 4016; x_wconf 91' lang='lat' dir='ltr'><strong>me</strong></span> <span class='ocrx_word' id='word_1_336' title='bbox 2110 4004 2125 4030; x_wconf 94' lang='lat'><strong>,</strong></span> 
     </span>
    </p>
   </div>
   <div class='ocr_carea' id='block_1_40' title="bbox 541 4043 2125 4121">
    <p class='ocr_par' dir='ltr' id='par_1_40' title="bbox 541 4043 2125 4121">
     <span class='ocr_line' id='line_1_40' title="bbox 541 4043 2125 4121; baseline 0.004 -21"><span class='ocrx_word' id='word_1_337' title='bbox 541 4043 790 4101; x_wconf 90' lang='lat' dir='ltr'><strong>idoneum</strong></span> <span class='ocrx_word' id='word_1_338' title='bbox 817 4059 876 4100; x_wconf 91' lang='lat' dir='ltr'><strong>se</strong></span> <span class='ocrx_word' id='word_1_339' title='bbox 901 4044 1105 4114; x_wconf 89' lang='lat' dir='ltr'><strong>putanti</strong></span> <span class='ocrx_word' id='word_1_340' title='bbox 1130 4054 1220 4099; x_wconf 91' lang='lat' dir='ltr'><strong>aut</strong></span> <span class='ocrx_word' id='word_1_341' title='bbox 1244 4045 1482 4115; x_wconf 79' lang='lat' dir='ltr'><strong>fingenti,</strong></span> <span class='ocrx_word' id='word_1_342' title='bbox 1514 4047 1581 4101; x_wconf 91' lang='lat' dir='ltr'><strong>ad</strong></span> <span class='ocrx_word' id='word_1_343' title='bbox 1605 4062 1667 4102; x_wconf 89' lang='lat' dir='ltr'><strong>ea</strong></span> <span class='ocrx_word' id='word_1_344' title='bbox 1688 4063 1807 4118; x_wconf 62' lang='lat' dir='ltr'><strong>quae</strong></span> <span class='ocrx_word' id='word_1_345' title='bbox 1828 4064 1934 4104; x_wconf 92' lang='lat' dir='ltr'><strong>non</strong></span> <span class='ocrx_word' id='word_1_346' title='bbox 1955 4052 2125 4121; x_wconf 92' lang='lat' dir='ltr'><strong>capit;</strong></span> 
     </span>
    </p>
   </div>
   <div class='ocr_carea' id='block_1_41' title="bbox 540 4136 2127 4212">
    <p class='ocr_par' dir='ltr' id='par_1_41' title="bbox 540 4136 2127 4212">
     <span class='ocr_line' id='line_1_41' title="bbox 540 4136 2127 4212; baseline 0.003 -19"><span class='ocrx_word' id='word_1_347' title='bbox 540 4148 600 4193; x_wconf 91' lang='lat' dir='ltr'><strong>ut</strong></span> <span class='ocrx_word' id='word_1_348' title='bbox 626 4151 748 4192; x_wconf 89' lang='lat' dir='ltr'><strong>cum</strong></span> <span class='ocrx_word' id='word_1_349' title='bbox 771 4136 820 4192; x_wconf 93' lang='lat' dir='ltr'><strong>ei</strong></span> <span class='ocrx_word' id='word_1_350' title='bbox 851 4136 1056 4201; x_wconf 81' lang='lat' dir='ltr'><strong>dixero,</strong></span> <span class='ocrx_word' id='word_1_351' title='bbox 1080 4145 1135 4192; x_wconf 92' lang='lat' dir='ltr'><strong>et</strong></span> <span class='ocrx_word' id='word_1_352' title='bbox 1157 4136 1243 4192; x_wconf 88' lang='lat' dir='ltr'><strong>ille</strong></span> <span class='ocrx_word' id='word_1_353' title='bbox 1269 4152 1372 4192; x_wconf 89' lang='lat' dir='ltr'><strong>non</strong></span> <span class='ocrx_word' id='word_1_354' title='bbox 1403 4139 1624 4208; x_wconf 90' lang='lat' dir='ltr'><strong>ceperit,</strong></span> <span class='ocrx_word' id='word_1_355' title='bbox 1643 4154 1746 4196; x_wconf 94' lang='lat' dir='ltr'><strong>non</strong></span> <span class='ocrx_word' id='word_1_356' title='bbox 1771 4156 1830 4196; x_wconf 91' lang='lat' dir='ltr'><strong>se</strong></span> <span class='ocrx_word' id='word_1_357' title='bbox 1851 4149 2000 4212; x_wconf 91' lang='lat' dir='ltr'><strong>putet</strong></span> <span class='ocrx_word' id='word_1_358' title='bbox 2022 4159 2127 4198; x_wconf 91' lang='lat' dir='ltr'><strong>non</strong></span> 
     </span>
    </p>
   </div>
   <div class='ocr_carea' id='block_1_42' title="bbox 539 4228 2132 4303">
    <p class='ocr_par' dir='ltr' id='par_1_42' title="bbox 539 4228 2132 4303">
     <span class='ocr_line' id='line_1_42' title="bbox 539 4228 2132 4303; baseline 0.003 -18"><span class='ocrx_word' id='word_1_359' title='bbox 539 4229 766 4298; x_wconf 89' lang='lat' dir='ltr'><strong>cepisse,</strong></span> <span class='ocrx_word' id='word_1_360' title='bbox 785 4228 880 4284; x_wconf 90' lang='lat' dir='ltr'><strong>sed</strong></span> <span class='ocrx_word' id='word_1_361' title='bbox 901 4244 987 4284; x_wconf 90' lang='lat' dir='ltr'><strong>me</strong></span> <span class='ocrx_word' id='word_1_362' title='bbox 1007 4229 1268 4284; x_wconf 88' lang='lat' dir='ltr'><strong>defecisse</strong></span> <span class='ocrx_word' id='word_1_363' title='bbox 1287 4228 1310 4281; x_wconf 82' lang='lat' dir='ltr'><strong>‘l</strong></span> <span class='ocrx_word' id='word_1_364' title='bbox 1327 4229 1465 4300; x_wconf 82' lang='lat' dir='ltr'><strong>Ergo</strong></span> <span class='ocrx_word' id='word_1_365' title='bbox 1483 4240 1701 4300; x_wconf 88' lang='lat' dir='ltr'><strong>propter</strong></span> <span class='ocrx_word' id='word_1_366' title='bbox 1726 4230 1867 4286; x_wconf 89' lang='lat' dir='ltr'><strong>hunc</strong></span> <span class='ocrx_word' id='word_1_367' title='bbox 1893 4243 2132 4303; x_wconf 89' lang='lat' dir='ltr'><strong>peccato-</strong></span> 
     </span>
    </p>
   </div>
   <div class='ocr_carea' id='block_1_43' title="bbox 539 4322 2127 4392">
    <p class='ocr_par' dir='ltr' id='par_1_43' title="bbox 539 4322 2127 4392">
     <span class='ocr_line' id='line_1_43' title="bbox 539 4322 2127 4392; baseline 0.003 -15"><span class='ocrx_word' id='word_1_368' title='bbox 539 4337 654 4379; x_wconf 90' lang='lat' dir='ltr'><strong>rem</strong></span> <span class='ocrx_word' id='word_1_369' title='bbox 685 4331 948 4379; x_wconf 89' lang='lat' dir='ltr'><strong>astantem</strong></span> <span class='ocrx_word' id='word_1_370' title='bbox 975 4322 1230 4378; x_wconf 89' lang='lat' dir='ltr'><strong>adversus</strong></span> <span class='ocrx_word' id='word_1_371' title='bbox 1258 4337 1373 4387; x_wconf 91' lang='lat' dir='ltr'><strong>me,</strong></span> <span class='ocrx_word' id='word_1_372' title='bbox 1403 4323 1548 4392; x_wconf 85' lang='lat' dir='ltr'><strong>posui</strong></span> <span class='ocrx_word' id='word_1_373' title='bbox 1571 4324 1647 4377; x_wconf 88' lang='lat' dir='ltr'><strong>ori</strong></span> <span class='ocrx_word' id='word_1_374' title='bbox 1673 4341 1782 4379; x_wconf 91' lang='lat' dir='ltr'><strong>meo</strong></span> <span class='ocrx_word' id='word_1_375' title='bbox 1825 4326 2127 4382; x_wconf 80' lang='lat' dir='ltr'><strong>custodiam.</strong></span> 
     </span>
    </p>
   </div>
   <div class='ocr_carea' id='block_1_44' title="bbox 609 4413 2130 4489">
    <p class='ocr_par' dir='ltr' id='par_1_44' title="bbox 609 4413 2130 4489">
     <span class='ocr_line' id='line_1_44' title="bbox 609 4413 2130 4489; baseline 0.003 -19"><span class='ocrx_word' id='word_1_376' title='bbox 609 4416 665 4471; x_wconf 79' lang='grc'><strong>4.</strong></span> <span class='ocrx_word' id='word_1_377' title='bbox 695 4413 844 4489; x_wconf 87' lang='lat' dir='ltr'><strong>[vers.</strong></span> <span class='ocrx_word' id='word_1_378' title='bbox 874 4413 954 4489; x_wconf 81' lang='grc'><strong>5.]</strong></span> <span class='ocrx_word' id='word_1_379' title='bbox 983 4415 1049 4470; x_wconf 89' lang='lat' dir='ltr'><strong>Et</strong></span> <span class='ocrx_word' id='word_1_380' title='bbox 1075 4415 1202 4485; x_wconf 90' lang='lat' dir='ltr'><strong>quid</strong></span> <span class='ocrx_word' id='word_1_381' title='bbox 1231 4423 1473 4471; x_wconf 89' lang='lat' dir='ltr'><strong>secutum</strong></span> <span class='ocrx_word' id='word_1_382' title='bbox 1498 4416 1623 4473; x_wconf 88' lang='lat' dir='ltr'><strong>est?</strong></span> <span class='ocrx_word' id='word_1_383' title='bbox 1655 4415 1932 4484; x_wconf 85' lang='lat' dir='ltr'><strong>Obsurdui,</strong></span> <span class='ocrx_word' id='word_1_384' title='bbox 1963 4429 2011 4474; x_wconf 91' lang='lat' dir='ltr'><strong>et</strong></span> <span class='ocrx_word' id='word_1_385' title='bbox 2032 4420 2130 4475; x_wconf 89' lang='lat' dir='ltr'><strong>hu-</strong></span> 
     </span>
    </p>
   </div>
   <div class='ocr_carea' id='block_1_45' title="bbox 539 4507 2128 4572">
    <p class='ocr_par' dir='ltr' id='par_1_45' title="bbox 539 4507 2128 4572">
     <span class='ocr_line' id='line_1_45' title="bbox 539 4507 2128 4572; baseline 0.004 -11"><span class='ocrx_word' id='word_1_386' title='bbox 539 4509 762 4562; x_wconf 89' lang='lat' dir='ltr'><strong>miliatus</strong></span> <span class='ocrx_word' id='word_1_387' title='bbox 786 4525 917 4572; x_wconf 88' lang='lat' dir='ltr'><strong>sum,</strong></span> <span class='ocrx_word' id='word_1_388' title='bbox 941 4517 985 4561; x_wconf 88' lang='lat' dir='ltr'><strong>et</strong></span> <span class='ocrx_word' id='word_1_389' title='bbox 1004 4508 1123 4562; x_wconf 86' lang='lat' dir='ltr'><strong>silui</strong></span> <span class='ocrx_word' id='word_1_390' title='bbox 1138 4525 1168 4560; x_wconf 90' lang='lat' dir='ltr'><strong>a</strong></span> <span class='ocrx_word' id='word_1_391' title='bbox 1184 4507 1345 4562; x_wconf 88' lang='lat' dir='ltr'><strong>bonis.</strong></span> <span class='ocrx_word' id='word_1_392' title='bbox 1377 4507 1580 4562; x_wconf 87' lang='lat' dir='ltr'><strong>Patitur</strong></span> <span class='ocrx_word' id='word_1_393' title='bbox 1603 4509 1744 4564; x_wconf 90' lang='lat' dir='ltr'><strong>enim</strong></span> <span class='ocrx_word' id='word_1_394' title='bbox 1762 4509 2128 4567; x_wconf 86' lang='lat' dir='ltr'><strong>difﬁcultatem</strong></span> 
     </span>
    </p>
   </div>
   <div class='ocr_carea' id='block_1_46' title="bbox 541 4598 2126 4670">
    <p class='ocr_par' dir='ltr' id='par_1_46' title="bbox 541 4598 2126 4670">
     <span class='ocr_line' id='line_1_46' title="bbox 541 4598 2126 4670; baseline 0.003 -17"><span class='ocrx_word' id='word_1_395' title='bbox 541 4600 641 4654; x_wconf 90' lang='lat' dir='ltr'><strong>iste</strong></span> <span class='ocrx_word' id='word_1_396' title='bbox 664 4599 968 4654; x_wconf 89' lang='lat' dir='ltr'><strong>transiliens</strong></span> <span class='ocrx_word' id='word_1_397' title='bbox 990 4599 1040 4652; x_wconf 92' lang='lat' dir='ltr'><strong>in</strong></span> <span class='ocrx_word' id='word_1_398' title='bbox 1071 4598 1298 4668; x_wconf 90' lang='lat' dir='ltr'><strong>quodam</strong></span> <span class='ocrx_word' id='word_1_399' title='bbox 1325 4599 1513 4668; x_wconf 79' lang='lat' dir='ltr'><strong>gradu,</strong></span> <span class='ocrx_word' id='word_1_400' title='bbox 1543 4614 1651 4670; x_wconf 91' lang='lat' dir='ltr'><strong>quo</strong></span> <span class='ocrx_word' id='word_1_401' title='bbox 1669 4599 1780 4668; x_wconf 89' lang='lat' dir='ltr'><strong>jam</strong></span> <span class='ocrx_word' id='word_1_402' title='bbox 1813 4603 2126 4669; x_wconf 90' lang='lat' dir='ltr'><strong>transilivit;</strong></span> 
     </span>
    </p>
   </div>
   <div class='ocr_carea' id='block_1_47' title="bbox 541 4690 2128 4762">
    <p class='ocr_par' dir='ltr' id='par_1_47' title="bbox 541 4690 2128 4762">
     <span class='ocr_line' id='line_1_47' title="bbox 541 4690 2128 4762; baseline 0.003 -15"><span class='ocrx_word' id='word_1_403' title='bbox 541 4702 597 4747; x_wconf 88' lang='lat' dir='ltr'><strong>et</strong></span> <span class='ocrx_word' id='word_1_404' title='bbox 629 4693 818 4762; x_wconf 74' lang='lat' dir='ltr'><strong>qumrit</strong></span> <span class='ocrx_word' id='word_1_405' title='bbox 847 4699 903 4745; x_wconf 92' lang='lat' dir='ltr'><strong>et</strong></span> <span class='ocrx_word' id='word_1_406' title='bbox 931 4691 1052 4745; x_wconf 90' lang='lat' dir='ltr'><strong>inde</strong></span> <span class='ocrx_word' id='word_1_407' title='bbox 1095 4690 1379 4756; x_wconf 87' lang='lat' dir='ltr'><strong>transilire,</strong></span> <span class='ocrx_word' id='word_1_408' title='bbox 1407 4691 1472 4745; x_wconf 91' lang='lat' dir='ltr'><strong>ad</strong></span> <span class='ocrx_word' id='word_1_409' title='bbox 1500 4693 1767 4748; x_wconf 89' lang='lat' dir='ltr'><strong>vitandam</strong></span> <span class='ocrx_word' id='word_1_410' title='bbox 1815 4693 1954 4750; x_wconf 88' lang='lat' dir='ltr'><strong>hanc</strong></span> <span class='ocrx_word' id='word_1_411' title='bbox 1983 4696 2128 4751; x_wconf 85' lang='lat' dir='ltr'><strong>diffi-</strong></span> 
     </span>
    </p>
   </div>
   <div class='ocr_carea' id='block_1_48' title="bbox 542 4780 2132 4854">
    <p class='ocr_par' dir='ltr' id='par_1_48' title="bbox 542 4780 2132 4854">
     <span class='ocr_line' id='line_1_48' title="bbox 542 4780 2132 4854; baseline 0.004 -17"><span class='ocrx_word' id='word_1_412' title='bbox 542 4783 817 4839; x_wconf 87' lang='lat' dir='ltr'><strong>cultatem.</strong></span> <span class='ocrx_word' id='word_1_413' title='bbox 863 4781 1091 4836; x_wconf 87' lang='lat' dir='ltr'><strong>Peccare</strong></span> <span class='ocrx_word' id='word_1_414' title='bbox 1122 4780 1425 4834; x_wconf 89' lang='lat' dir='ltr'><strong>metuebam</strong></span> <span class='ocrx_word' id='word_1_415' title='bbox 1449 4782 1492 4844; x_wconf 77' lang='lat'><strong>&#39;,</strong></span> <span class='ocrx_word' id='word_1_416' title='bbox 1534 4791 1592 4836; x_wconf 93' lang='lat' dir='ltr'><strong>ut</strong></span> <span class='ocrx_word' id='word_1_417' title='bbox 1623 4798 1728 4838; x_wconf 93' lang='lat' dir='ltr'><strong>non</strong></span> <span class='ocrx_word' id='word_1_418' title='bbox 1768 4785 2040 4854; x_wconf 88' lang='lat' dir='ltr'><strong>loquerer,</strong></span> <span class='ocrx_word' id='word_1_419' title='bbox 2074 4797 2132 4844; x_wconf 91' lang='lat' dir='ltr'><strong>ut</strong></span> 
     </span>
    </p>
   </div>
   <div class='ocr_carea' id='block_1_49' title="bbox 543 4872 2130 4944">
    <p class='ocr_par' dir='ltr' id='par_1_49' title="bbox 543 4872 2130 4944">
     <span class='ocr_line' id='line_1_49' title="bbox 543 4872 2130 4944; baseline 0.005 -17"><span class='ocrx_word' id='word_1_420' title='bbox 543 4874 812 4928; x_wconf 89' lang='lat' dir='ltr'><strong>silentium</strong></span> <span class='ocrx_word' id='word_1_421' title='bbox 835 4874 964 4928; x_wconf 91' lang='lat' dir='ltr'><strong>mihi</strong></span> <span class='ocrx_word' id='word_1_422' title='bbox 992 4875 1320 4944; x_wconf 90' lang='lat' dir='ltr'><strong>imponerem</strong></span> <span class='ocrx_word' id='word_1_423' title='bbox 1346 4890 1359 4937; x_wconf 91' lang='lat'><strong>;</strong></span> <span class='ocrx_word' id='word_1_424' title='bbox 1389 4872 1490 4928; x_wconf 87' lang='lat' dir='ltr'><strong>hoc</strong></span> <span class='ocrx_word' id='word_1_425' title='bbox 1507 4875 1649 4928; x_wconf 88' lang='lat' dir='ltr'><strong>enim</strong></span> <span class='ocrx_word' id='word_1_426' title='bbox 1668 4875 1928 4942; x_wconf 84' lang='lat' dir='ltr'><strong>dixeram,</strong></span> <span class='ocrx_word' id='word_1_427' title='bbox 1949 4876 2130 4935; x_wconf 84' lang='lat' dir='ltr'><strong>Custo-</strong></span> 
     </span>
    </p>
   </div>
   <div class='ocr_carea' id='block_1_50' title="bbox 543 4965 2132 5037">
    <p class='ocr_par' dir='ltr' id='par_1_50' title="bbox 543 4965 2132 5037">
     <span class='ocr_line' id='line_1_50' title="bbox 543 4965 2132 5037; baseline 0.005 -18"><span class='ocrx_word' id='word_1_428' title='bbox 543 4967 680 5019; x_wconf 83' lang='lat' dir='ltr'><strong>diam</strong></span> <span class='ocrx_word' id='word_1_429' title='bbox 708 4966 815 5019; x_wconf 88' lang='lat' dir='ltr'><strong>vias</strong></span> <span class='ocrx_word' id='word_1_430' title='bbox 857 4981 1014 5030; x_wconf 90' lang='lat' dir='ltr'><strong>meas,</strong></span> <span class='ocrx_word' id='word_1_431' title='bbox 1044 4974 1100 5018; x_wconf 90' lang='lat' dir='ltr'><strong>ut</strong></span> <span class='ocrx_word' id='word_1_432' title='bbox 1137 4981 1237 5018; x_wconf 88' lang='lat' dir='ltr'><strong>non</strong></span> <span class='ocrx_word' id='word_1_433' title='bbox 1267 4965 1558 5036; x_wconf 88' lang='lat' dir='ltr'><strong>delinquam</strong></span> <span class='ocrx_word' id='word_1_434' title='bbox 1601 4967 1652 5019; x_wconf 90' lang='lat' dir='ltr'><strong>in</strong></span> <span class='ocrx_word' id='word_1_435' title='bbox 1681 4967 1857 5037; x_wconf 83' lang='lat' dir='ltr'><strong>lingua</strong></span> <span class='ocrx_word' id='word_1_436' title='bbox 1895 4985 2006 5024; x_wconf 89' lang='lat' dir='ltr'><strong>mea</strong></span> <span class='ocrx_word' id='word_1_437' title='bbox 2033 4986 2051 5024; x_wconf 91' lang='lat'><strong><em>:</em></strong></span> <span class='ocrx_word' id='word_1_438' title='bbox 2076 4979 2132 5027; x_wconf 88' lang='lat' dir='ltr'><strong>et</strong></span> 
     </span>
    </p>
   </div>
   <div class='ocr_carea' id='block_1_51' title="bbox 541 5055 2132 5127">
    <p class='ocr_par' dir='ltr' id='par_1_51' title="bbox 541 5055 2132 5127">
     <span class='ocr_line' id='line_1_51' title="bbox 541 5055 2132 5127; baseline 0.003 -14"><span class='ocrx_word' id='word_1_439' title='bbox 541 5059 667 5113; x_wconf 87' lang='lat' dir='ltr'><strong>dum</strong></span> <span class='ocrx_word' id='word_1_440' title='bbox 716 5059 877 5113; x_wconf 92' lang='lat' dir='ltr'><strong>timeo</strong></span> <span class='ocrx_word' id='word_1_441' title='bbox 917 5057 1057 5127; x_wconf 89' lang='lat' dir='ltr'><strong>loqui</strong></span> <span class='ocrx_word' id='word_1_442' title='bbox 1105 5072 1171 5112; x_wconf 93' lang='lat' dir='ltr'><strong>ne</strong></span> <span class='ocrx_word' id='word_1_443' title='bbox 1200 5071 1436 5126; x_wconf 91' lang='lat' dir='ltr'><strong>peccem,</strong></span> <span class='ocrx_word' id='word_1_444' title='bbox 1472 5055 1728 5111; x_wconf 86' lang='lat' dir='ltr'><strong>Obsurdui</strong></span> <span class='ocrx_word' id='word_1_445' title='bbox 1769 5068 1816 5112; x_wconf 89' lang='lat' dir='ltr'><strong>et</strong></span> <span class='ocrx_word' id='word_1_446' title='bbox 1841 5059 2132 5118; x_wconf 80' lang='lat' dir='ltr'><strong>humiliatus</strong></span> 
     </span>
    </p>
   </div>
   <div class='ocr_carea' id='block_1_52' title="bbox 541 5148 2128 5225">
    <p class='ocr_par' dir='ltr' id='par_1_52' title="bbox 541 5148 2128 5225">
     <span class='ocr_line' id='line_1_52' title="bbox 541 5148 2128 5225; baseline 0.004 -21"><span class='ocrx_word' id='word_1_447' title='bbox 541 5167 671 5214; x_wconf 82' lang='lat' dir='ltr'><strong>sum,</strong></span> <span class='ocrx_word' id='word_1_448' title='bbox 687 5158 732 5204; x_wconf 89' lang='lat' dir='ltr'><strong>et</strong></span> <span class='ocrx_word' id='word_1_449' title='bbox 751 5149 871 5203; x_wconf 80' lang='lat' dir='ltr'><strong>silui</strong></span> <span class='ocrx_word' id='word_1_450' title='bbox 896 5166 927 5203; x_wconf 93' lang='lat' dir='ltr'><strong>a</strong></span> <span class='ocrx_word' id='word_1_451' title='bbox 942 5149 1103 5203; x_wconf 88' lang='lat' dir='ltr'><strong>bonis.</strong></span> <span class='ocrx_word' id='word_1_452' title='bbox 1130 5148 1264 5203; x_wconf 89' lang='lat' dir='ltr'><strong>Dum</strong></span> <span class='ocrx_word' id='word_1_453' title='bbox 1286 5149 1442 5204; x_wconf 86' lang='lat' dir='ltr'><strong>nimis</strong></span> <span class='ocrx_word' id='word_1_454' title='bbox 1464 5149 1650 5216; x_wconf 86' lang='lat' dir='ltr'><strong>timeo,</strong></span> <span class='ocrx_word' id='word_1_455' title='bbox 1664 5165 1734 5206; x_wconf 90' lang='lat' dir='ltr'><strong>ne</strong></span> <span class='ocrx_word' id='word_1_456' title='bbox 1751 5149 1937 5222; x_wconf 89' lang='lat' dir='ltr'><strong>loquar</strong></span> <span class='ocrx_word' id='word_1_457' title='bbox 1952 5155 2128 5225; x_wconf 89' lang='lat' dir='ltr'><strong>aliqua</strong></span> 
     </span>
    </p>
   </div>
   <div class='ocr_carea' id='block_1_53' title="bbox 543 5227 2130 5312">
    <p class='ocr_par' dir='ltr' id='par_1_53' title="bbox 543 5227 2130 5312">
     <span class='ocr_line' id='line_1_53' title="bbox 543 5227 2130 5312; baseline 0.004 -16"><span class='ocrx_word' id='word_1_458' title='bbox 543 5244 702 5311; x_wconf 89' lang='lat' dir='ltr'><strong>mala,</strong></span> <span class='ocrx_word' id='word_1_459' title='bbox 757 5242 898 5297; x_wconf 89' lang='lat' dir='ltr'><strong>tacui</strong></span> <span class='ocrx_word' id='word_1_460' title='bbox 940 5227 1118 5296; x_wconf 84' lang='lat' dir='ltr'><strong>omnia</strong></span> <span class='ocrx_word' id='word_1_461' title='bbox 1171 5239 1308 5295; x_wconf 89' lang='lat' dir='ltr'><strong>bona</strong></span> <span class='ocrx_word' id='word_1_462' title='bbox 1351 5260 1364 5296; x_wconf 93' lang='lat'>:</span> <span class='ocrx_word' id='word_1_463' title='bbox 1415 5241 1698 5312; x_wconf 84' lang='lat' dir='ltr'><strong>Obsurdui,</strong></span> <span class='ocrx_word' id='word_1_464' title='bbox 1747 5253 1794 5298; x_wconf 89' lang='lat' dir='ltr'><strong>et</strong></span> <span class='ocrx_word' id='word_1_465' title='bbox 1837 5245 2130 5302; x_wconf 82' lang='lat' dir='ltr'><strong>humiliatus</strong></span> 
     </span>
    </p>
   </div>
   <div class='ocr_carea' id='block_1_54' title="bbox 540 5333 2129 5405">
    <p class='ocr_par' dir='ltr' id='par_1_54' title="bbox 540 5333 2129 5405">
     <span class='ocr_line' id='line_1_54' title="bbox 540 5333 2129 5405; baseline 0.004 -13"><span class='ocrx_word' id='word_1_466' title='bbox 540 5353 672 5404; x_wconf 88' lang='lat' dir='ltr'><strong>sum,</strong></span> <span class='ocrx_word' id='word_1_467' title='bbox 696 5345 743 5391; x_wconf 89' lang='lat' dir='ltr'><strong>et</strong></span> <span class='ocrx_word' id='word_1_468' title='bbox 771 5335 890 5390; x_wconf 84' lang='lat' dir='ltr'><strong>silui</strong></span> <span class='ocrx_word' id='word_1_469' title='bbox 926 5351 958 5389; x_wconf 94' lang='lat' dir='ltr'><strong>a</strong></span> <span class='ocrx_word' id='word_1_470' title='bbox 986 5335 1146 5389; x_wconf 82' lang='lat' dir='ltr'><strong>bonis.</strong></span> <span class='ocrx_word' id='word_1_471' title='bbox 1194 5333 1340 5390; x_wconf 87' lang='lat' dir='ltr'><strong>Unde</strong></span> <span class='ocrx_word' id='word_1_472' title='bbox 1366 5338 1508 5392; x_wconf 91' lang='lat' dir='ltr'><strong>enim</strong></span> <span class='ocrx_word' id='word_1_473' title='bbox 1549 5337 1792 5394; x_wconf 88' lang='lat' dir='ltr'><strong>dicebam</strong></span> <span class='ocrx_word' id='word_1_474' title='bbox 1835 5337 1994 5405; x_wconf 92' lang='lat' dir='ltr'><strong>bona,</strong></span> <span class='ocrx_word' id='word_1_475' title='bbox 2028 5343 2129 5398; x_wconf 92' lang='lat' dir='ltr'><strong>nisi</strong></span> 
     </span>
    </p>
   </div>
   <div class='ocr_carea' id='block_1_55' title="bbox 541 5419 2130 5503">
    <p class='ocr_par' dir='ltr' id='par_1_55' title="bbox 541 5419 2130 5503">
     <span class='ocr_line' id='line_1_55' title="bbox 541 5419 2130 5503; baseline 0.003 -19"><span class='ocrx_word' id='word_1_476' title='bbox 541 5434 661 5503; x_wconf 89' lang='lat' dir='ltr'><strong>quia</strong></span> <span class='ocrx_word' id='word_1_477' title='bbox 701 5428 1024 5486; x_wconf 85' lang='lat' dir='ltr'><strong>audiebam?</strong></span> <span class='ocrx_word' id='word_1_478' title='bbox 1056 5429 1273 5484; x_wconf 86' lang='lat' dir='ltr'><strong>Auditui</strong></span> <span class='ocrx_word' id='word_1_479' title='bbox 1300 5430 1441 5485; x_wconf 92' lang='lat' dir='ltr'><strong>enim</strong></span> <span class='ocrx_word' id='word_1_480' title='bbox 1470 5446 1592 5486; x_wconf 92' lang='lat' dir='ltr'><strong>meo</strong></span> <span class='ocrx_word' id='word_1_481' title='bbox 1620 5431 1774 5486; x_wconf 85' lang='lat' dir='ltr'><strong>dabis</strong></span> <span class='ocrx_word' id='word_1_482' title='bbox 1813 5419 2130 5489; x_wconf 80' lang='lat' dir='ltr'><strong>exSultatio-</strong></span> 
     </span>
    </p>
   </div>
   <div class='ocr_carea' id='block_1_56' title="bbox 542 5522 2123 5598">
    <p class='ocr_par' dir='ltr' id='par_1_56' title="bbox 542 5522 2123 5598">
     <span class='ocr_line' id='line_1_56' title="bbox 542 5522 2123 5598; baseline 0.003 -17"><span class='ocrx_word' id='word_1_483' title='bbox 542 5542 663 5582; x_wconf 90' lang='lat' dir='ltr'><strong>nem</strong></span> <span class='ocrx_word' id='word_1_484' title='bbox 688 5535 743 5583; x_wconf 91' lang='lat' dir='ltr'><strong>et</strong></span> <span class='ocrx_word' id='word_1_485' title='bbox 766 5525 1001 5583; x_wconf 72' lang='lat' dir='ltr'><strong>laetitiam</strong></span> <span class='ocrx_word' id='word_1_486' title='bbox 1034 5522 1205 5598; x_wconf 87' lang='lat' dir='ltr'><strong>(Psal.</strong></span> <span class='ocrx_word' id='word_1_487' title='bbox 1235 5540 1287 5592; x_wconf 81' lang='grc' dir='ltr'>ι,</span> <span class='ocrx_word' id='word_1_488' title='bbox 1317 5523 1431 5595; x_wconf 90' lang='grc'><strong>10).</strong></span> <span class='ocrx_word' id='word_1_489' title='bbox 1462 5525 1532 5580; x_wconf 83' lang='grc' dir='ltr'>Ει</span> <span class='ocrx_word' id='word_1_490' title='bbox 1555 5526 1756 5582; x_wconf 88' lang='lat' dir='ltr'><strong>amicus</strong></span> <span class='ocrx_word' id='word_1_491' title='bbox 1787 5529 1968 5598; x_wconf 90' lang='lat' dir='ltr'><strong>sponsi</strong></span> <span class='ocrx_word' id='word_1_492' title='bbox 1999 5537 2123 5598; x_wconf 87' lang='lat' dir='ltr'><strong>stat,</strong></span> 
     </span>
    </p>
   </div>
   <div class='ocr_carea' id='block_1_57' title="bbox 605 5691 2131 5765">
    <p class='ocr_par' dir='ltr' id='par_1_57' title="bbox 605 5691 2131 5765">
     <span class='ocr_line' id='line_1_57' title="bbox 605 5691 2131 5765; baseline 0.001 -22"><span class='ocrx_word' id='word_1_493' title='bbox 605 5695 622 5727; x_wconf 80' lang='grc'><strong><em>²</em></strong></span> <span class='ocrx_word' id='word_1_494' title='bbox 646 5700 742 5765; x_wconf 60' lang='lat' dir='ltr'><strong>tua,</strong></span> <span class='ocrx_word' id='word_1_495' title='bbox 764 5692 886 5765; x_wconf 83' lang='lat' dir='ltr'><strong>Quid</strong></span> <span class='ocrx_word' id='word_1_496' title='bbox 911 5693 1047 5765; x_wconf 72' lang='lat' dir='ltr'><strong>dicas</strong></span> <span class='ocrx_word' id='word_1_497' title='bbox 1068 5696 1235 5765; x_wconf 54' lang='lat' dir='ltr'><strong>qu</strong></span> <span class='ocrx_word' id='word_1_498' title='bbox 1253 5695 1299 5742; x_wconf 90' lang='lat' dir='ltr'><strong>et</strong></span> <span class='ocrx_word' id='word_1_499' title='bbox 1319 5691 1406 5765; x_wconf 74' lang='lat' dir='ltr'><strong>pio</strong></span> <span class='ocrx_word' id='word_1_500' title='bbox 1418 5697 1465 5742; x_wconf 91' lang='lat' dir='ltr'><strong>et</strong></span> <span class='ocrx_word' id='word_1_501' title='bbox 1497 5694 1558 5765; x_wconf 85' lang='lat' dir='ltr'><strong>de</strong></span> <span class='ocrx_word' id='word_1_502' title='bbox 1593 5691 1821 5765; x_wconf 73' lang='lat' dir='ltr'><strong>religione</strong></span> <span class='ocrx_word' id='word_1_503' title='bbox 1843 5694 2131 5765; x_wconf 48' lang='lat' dir='ltr'><strong>trmylimti</strong></span> 
     </span>
    </p>
   </div>
   <div class='ocr_carea' id='block_1_58' title="bbox 539 5754 2131 5828">
    <p class='ocr_par' dir='ltr' id='par_1_58' title="bbox 539 5754 2131 5828">
     <span class='ocr_line' id='line_1_58' title="bbox 539 5754 2131 5828; baseline 0.004 -23"><span class='ocrx_word' id='word_1_504' title='bbox 539 5768 634 5828; x_wconf 81' lang='lat' dir='ltr'><strong>eos.</strong></span> <span class='ocrx_word' id='word_1_505' title='bbox 655 5763 776 5828; x_wconf 62' lang='lat' dir='ltr'><strong>Tres</strong></span> <span class='ocrx_word' id='word_1_506' title='bbox 812 5764 938 5816; x_wconf 60' lang='lat' dir='ltr'><strong>uss,</strong></span> <span class='ocrx_word' id='word_1_507' title='bbox 960 5754 1081 5817; x_wconf 82' lang='lat' dir='ltr'><strong>Quid</strong></span> <span class='ocrx_word' id='word_1_508' title='bbox 1106 5754 1237 5805; x_wconf 85' lang='lat' dir='ltr'><strong>dicat</strong></span> <span class='ocrx_word' id='word_1_509' title='bbox 1272 5754 1466 5806; x_wconf 83' lang='lat' dir='ltr'><strong>sanctus</strong></span> <span class='ocrx_word' id='word_1_510' title='bbox 1488 5762 1531 5806; x_wconf 86' lang='lat' dir='ltr'><strong>et</strong></span> <span class='ocrx_word' id='word_1_511' title='bbox 1565 5754 1751 5819; x_wconf 69' lang='lat' dir='ltr'><strong>pius&#39;et</strong></span> <span class='ocrx_word' id='word_1_512' title='bbox 1787 5758 1850 5808; x_wconf 90' lang='lat' dir='ltr'><strong>de</strong></span> <span class='ocrx_word' id='word_1_513' title='bbox 1886 5756 2131 5824; x_wconf 79' lang='lat' dir='ltr'><strong>religionis</strong></span> 
     </span>
    </p>
   </div>
   <div class='ocr_carea' id='block_1_59' title="bbox 538 5817 1568 5943">
    <p class='ocr_par' dir='ltr' id='par_1_59' title="bbox 538 5817 1568 5943">
     <span class='ocr_line' id='line_1_59' title="bbox 538 5817 1568 5872; baseline -0.006 0"><span class='ocrx_word' id='word_1_514' title='bbox 538 5817 811 5872; x_wconf 83' lang='lat' dir='ltr'><strong>transiliens</strong></span> <span class='ocrx_word' id='word_1_515' title='bbox 830 5831 926 5868; x_wconf 89' lang='lat' dir='ltr'><strong>eos.</strong></span> <span class='ocrx_word' id='word_1_516' title='bbox 1566 5817 1568 5819; x_wconf 82' lang='grc'><em>’</em></span> 
     </span>
     <span class='ocr_line' id='line_1_60' title="bbox 601 5877 1568 5943; baseline 0 -13"><span class='ocrx_word' id='word_1_517' title='bbox 601 5881 627 5914; x_wconf 74' lang='grc'>⁸</span> <span class='ocrx_word' id='word_1_518' title='bbox 639 5877 808 5931; x_wconf 80' lang='lat' dir='ltr'><strong>Plures</strong></span> <span class='ocrx_word' id='word_1_519' title='bbox 819 5886 946 5942; x_wconf 62' lang='lat' dir='ltr'><strong>Mss,</strong></span> <span class='ocrx_word' id='word_1_520' title='bbox 968 5885 1265 5943; x_wconf 83' lang='lat' dir='ltr'><strong>peccatorem</strong></span> <span class='ocrx_word' id='word_1_521' title='bbox 1287 5877 1568 5932; x_wconf 84' lang='lat' dir='ltr'><strong>metuebam.</strong></span> 
     </span>
    </p>
   </div>
   <div class='ocr_carea' id='block_1_60' title="bbox 1775 391 2577 462">
    <p class='ocr_par' dir='ltr' id='par_1_60' title="bbox 1775 391 2577 462">
     <span class='ocr_line' id='line_1_61' title="bbox 1775 391 2577 462; baseline -0.007 -1"><span class='ocrx_word' id='word_1_522' title='bbox 1775 401 1837 462; x_wconf 77' lang='lat'><strong>3.</strong></span> <span class='ocrx_word' id='word_1_523' title='bbox 1873 391 2238 458; x_wconf 74' lang='lat' dir='ltr'><strong>AUGUSTINI</strong></span> <span class='ocrx_word' id='word_1_524' title='bbox 2273 395 2577 456; x_wconf 83' lang='lat' dir='ltr'><strong>EPISCOPI</strong></span> 
     </span>
    </p>
   </div>
   <div class='ocr_carea' id='block_1_61' title="bbox 3718 401 3823 461">
    <p class='ocr_par' dir='ltr' id='par_1_61' title="bbox 3718 401 3823 461">
     <span class='ocr_line' id='line_1_62' title="bbox 3718 401 3823 461; baseline 0.01 -2"><span class='ocrx_word' id='word_1_525' title='bbox 3718 401 3823 461; x_wconf 73' lang='grc'><strong>416</strong></span> 
     </span>
    </p>
   </div>
   <div class='ocr_carea' id='block_1_62' title="bbox 2228 514 3822 590">
    <p class='ocr_par' dir='ltr' id='par_1_62' title="bbox 2228 514 3822 590">
     <span class='ocr_line' id='line_1_63' title="bbox 2228 514 3822 590; baseline 0.005 -20"><span class='ocrx_word' id='word_1_526' title='bbox 2228 523 2283 570; x_wconf 85' lang='lat' dir='ltr'><strong>et</strong></span> <span class='ocrx_word' id='word_1_527' title='bbox 2311 514 2460 570; x_wconf 87' lang='lat' dir='ltr'><strong>audit</strong></span> <span class='ocrx_word' id='word_1_528' title='bbox 2495 529 2643 582; x_wconf 90' lang='lat' dir='ltr'><strong>eum,</strong></span> <span class='ocrx_word' id='word_1_529' title='bbox 2691 525 2747 572; x_wconf 91' lang='lat' dir='ltr'><strong>et</strong></span> <span class='ocrx_word' id='word_1_530' title='bbox 2768 514 2965 587; x_wconf 78' lang='lat' dir='ltr'><strong>gaudio</strong></span> <span class='ocrx_word' id='word_1_531' title='bbox 3006 515 3200 587; x_wconf 81' lang='lat' dir='ltr'><strong>gaudet</strong></span> <span class='ocrx_word' id='word_1_532' title='bbox 3232 527 3451 590; x_wconf 85' lang='lat' dir='ltr'><strong>propter</strong></span> <span class='ocrx_word' id='word_1_533' title='bbox 3474 534 3682 586; x_wconf 82' lang='lat' dir='ltr'><strong>vocem,</strong></span> <span class='ocrx_word' id='word_1_534' title='bbox 3716 537 3822 578; x_wconf 88' lang='lat' dir='ltr'><strong>non</strong></span> 
     </span>
    </p>
   </div>
   <div class='ocr_carea' id='block_1_63' title="bbox 2227 606 3822 678">
    <p class='ocr_par' dir='ltr' id='par_1_63' title="bbox 2227 606 3822 678">
     <span class='ocr_line' id='line_1_64' title="bbox 2227 606 3822 678; baseline 0.003 -15"><span class='ocrx_word' id='word_1_535' title='bbox 2227 623 2399 674; x_wconf 85' lang='lat' dir='ltr'><strong>suam,</strong></span> <span class='ocrx_word' id='word_1_536' title='bbox 2427 606 2522 664; x_wconf 88' lang='lat' dir='ltr'><strong>sed</strong></span> <span class='ocrx_word' id='word_1_537' title='bbox 2549 608 2730 678; x_wconf 81' lang='lat' dir='ltr'><strong>sponsi</strong></span> <span class='ocrx_word' id='word_1_538' title='bbox 2751 607 2930 678; x_wconf 82' lang='lat' dir='ltr'><strong>(Joan.</strong></span> <span class='ocrx_word' id='word_1_539' title='bbox 2973 624 3050 673; x_wconf 83' lang='lat' dir='ltr'><strong>tu,</strong></span> <span class='ocrx_word' id='word_1_540' title='bbox 3077 608 3193 678; x_wconf 76' lang='lat'><strong>29).</strong></span> <span class='ocrx_word' id='word_1_541' title='bbox 3242 608 3314 666; x_wconf 89' lang='lat' dir='ltr'><strong>Ut</strong></span> <span class='ocrx_word' id='word_1_542' title='bbox 3337 626 3458 666; x_wconf 84' lang='lat' dir='ltr'><strong>vera</strong></span> <span class='ocrx_word' id='word_1_543' title='bbox 3485 611 3649 678; x_wconf 87' lang='lat' dir='ltr'><strong>dicat,</strong></span> <span class='ocrx_word' id='word_1_544' title='bbox 3675 613 3822 668; x_wconf 86' lang='lat' dir='ltr'><strong>audit</strong></span> 
     </span>
    </p>
   </div>
   <div class='ocr_carea' id='block_1_64' title="bbox 2227 693 3824 771">
    <p class='ocr_par' dir='ltr' id='par_1_64' title="bbox 2227 693 3824 771">
     <span class='ocr_line' id='line_1_65' title="bbox 2227 693 3824 771; baseline 0.003 -16"><span class='ocrx_word' id='word_1_545' title='bbox 2227 717 2346 771; x_wconf 71' lang='lat' dir='ltr'><strong>qua:</strong></span> <span class='ocrx_word' id='word_1_546' title='bbox 2371 693 2550 755; x_wconf 57' lang='lat' dir='ltr'><strong>dicat.&quot;</strong></span> <span class='ocrx_word' id='word_1_547' title='bbox 2567 700 2696 755; x_wconf 85' lang='lat' dir='ltr'><strong>Nam</strong></span> <span class='ocrx_word' id='word_1_548' title='bbox 2726 702 2815 770; x_wconf 90' lang='lat' dir='ltr'><strong>qui</strong></span> <span class='ocrx_word' id='word_1_549' title='bbox 2855 700 3089 771; x_wconf 90' lang='lat' dir='ltr'><strong>loquitur</strong></span> <span class='ocrx_word' id='word_1_550' title='bbox 3113 702 3470 770; x_wconf 86' lang='lat' dir='ltr'><strong>mendacium,</strong></span> <span class='ocrx_word' id='word_1_551' title='bbox 3501 704 3570 759; x_wconf 91' lang='lat' dir='ltr'><strong>de</strong></span> <span class='ocrx_word' id='word_1_552' title='bbox 3609 720 3712 760; x_wconf 88' lang='lat' dir='ltr'><strong>suo</strong></span> <span class='ocrx_word' id='word_1_553' title='bbox 3748 705 3824 760; x_wconf 83' lang='lat' dir='ltr'><strong>lo-</strong></span> 
     </span>
    </p>
   </div>
   <div class='ocr_carea' id='block_1_65' title="bbox 2227 791 3823 865">
    <p class='ocr_par' dir='ltr' id='par_1_65' title="bbox 2227 791 3823 865">
     <span class='ocr_line' id='line_1_66' title="bbox 2227 791 3823 865; baseline 0.004 -19"><span class='ocrx_word' id='word_1_554' title='bbox 2227 793 2405 863; x_wconf 91' lang='lat' dir='ltr'><strong>quitur</strong></span> <span class='ocrx_word' id='word_1_555' title='bbox 2433 791 2543 865; x_wconf 89' lang='lat' dir='ltr'><strong>(Id.</strong></span> <span class='ocrx_word' id='word_1_556' title='bbox 2572 808 2682 857; x_wconf 86' lang='lat' dir='ltr'><strong>vttt,</strong></span> <span class='ocrx_word' id='word_1_557' title='bbox 2705 792 2820 863; x_wconf 73' lang='grc'><strong>44).</strong></span> <span class='ocrx_word' id='word_1_558' title='bbox 2849 793 3110 860; x_wconf 89' lang='lat' dir='ltr'><strong>Quiddam</strong></span> <span class='ocrx_word' id='word_1_559' title='bbox 3133 809 3261 864; x_wconf 74' lang='lat' dir='ltr'><strong>ergo</strong></span> <span class='ocrx_word' id='word_1_560' title='bbox 3282 794 3431 852; x_wconf 87' lang='lat' dir='ltr'><strong>triste</strong></span> <span class='ocrx_word' id='word_1_561' title='bbox 3457 805 3513 852; x_wconf 89' lang='lat' dir='ltr'><strong>et</strong></span> <span class='ocrx_word' id='word_1_562' title='bbox 3537 797 3823 853; x_wconf 82' lang='lat' dir='ltr'><strong>molestum</strong></span> 
     </span>
    </p>
   </div>
   <div class='ocr_carea' id='block_1_66' title="bbox 2227 886 3825 960">
    <p class='ocr_par' dir='ltr' id='par_1_66' title="bbox 2227 886 3825 960">
     <span class='ocr_line' id='line_1_67' title="bbox 2227 886 3825 960; baseline 0.002 -18"><span class='ocrx_word' id='word_1_563' title='bbox 2227 902 2418 958; x_wconf 88' lang='lat' dir='ltr'><strong>passus</strong></span> <span class='ocrx_word' id='word_1_564' title='bbox 2443 895 2526 942; x_wconf 88' lang='lat' dir='ltr'><strong>est</strong></span> <span class='ocrx_word' id='word_1_565' title='bbox 2551 887 2679 952; x_wconf 88' lang='lat' dir='ltr'><strong>iste;</strong></span> <span class='ocrx_word' id='word_1_566' title='bbox 2705 896 2758 941; x_wconf 92' lang='lat' dir='ltr'><strong>et</strong></span> <span class='ocrx_word' id='word_1_567' title='bbox 2783 886 2883 942; x_wconf 89' lang='lat' dir='ltr'><strong>hac</strong></span> <span class='ocrx_word' id='word_1_568' title='bbox 2908 902 3001 942; x_wconf 91' lang='lat' dir='ltr'><strong>sua</strong></span> <span class='ocrx_word' id='word_1_569' title='bbox 3023 886 3363 943; x_wconf 89' lang='lat' dir='ltr'><strong>confessione</strong></span> <span class='ocrx_word' id='word_1_570' title='bbox 3388 888 3441 943; x_wconf 92' lang='lat' dir='ltr'><strong>id</strong></span> <span class='ocrx_word' id='word_1_571' title='bbox 3467 889 3610 960; x_wconf 92' lang='lat' dir='ltr'><strong>quod</strong></span> <span class='ocrx_word' id='word_1_572' title='bbox 3635 905 3825 959; x_wconf 86' lang='lat' dir='ltr'><strong>passus</strong></span> 
     </span>
    </p>
   </div>
   <div class='ocr_carea' id='block_1_67' title="bbox 2228 977 3822 1045">
    <p class='ocr_par' dir='ltr' id='par_1_67' title="bbox 2228 977 3822 1045">
     <span class='ocr_line' id='line_1_68' title="bbox 2228 977 3822 1045; baseline 0.001 -10"><span class='ocrx_word' id='word_1_573' title='bbox 2228 988 2330 1044; x_wconf 89' lang='lat' dir='ltr'><strong>est,</strong></span> <span class='ocrx_word' id='word_1_574' title='bbox 2363 977 2656 1034; x_wconf 88' lang='lat' dir='ltr'><strong>cavendum</strong></span> <span class='ocrx_word' id='word_1_575' title='bbox 2698 978 2989 1045; x_wconf 91' lang='lat' dir='ltr'><strong>admonet,</strong></span> <span class='ocrx_word' id='word_1_576' title='bbox 3023 994 3128 1034; x_wconf 92' lang='lat' dir='ltr'><strong>non</strong></span> <span class='ocrx_word' id='word_1_577' title='bbox 3183 980 3516 1036; x_wconf 89' lang='lat' dir='ltr'><strong>imitandum.</strong></span> <span class='ocrx_word' id='word_1_578' title='bbox 3561 981 3822 1038; x_wconf 90' lang='lat' dir='ltr'><strong>Timendc</strong></span> 
     </span>
    </p>
   </div>
   <div class='ocr_carea' id='block_1_68' title="bbox 2227 1071 3818 1142">
    <p class='ocr_par' dir='ltr' id='par_1_68' title="bbox 2227 1071 3818 1142">
     <span class='ocr_line' id='line_1_69' title="bbox 2227 1071 3818 1142; baseline 0.003 -17"><span class='ocrx_word' id='word_1_579' title='bbox 2227 1071 2370 1126; x_wconf 88' lang='lat' dir='ltr'><strong>enim</strong></span> <span class='ocrx_word' id='word_1_580' title='bbox 2398 1071 2576 1135; x_wconf 87' lang='lat' dir='ltr'><strong>nimis,</strong></span> <span class='ocrx_word' id='word_1_581' title='bbox 2611 1079 2668 1125; x_wconf 93' lang='lat' dir='ltr'><strong>ut</strong></span> <span class='ocrx_word' id='word_1_582' title='bbox 2690 1071 2821 1136; x_wconf 83' lang='lat' dir='ltr'><strong>dixi,</strong></span> <span class='ocrx_word' id='word_1_583' title='bbox 2855 1087 2922 1125; x_wconf 91' lang='lat' dir='ltr'><strong>ne</strong></span> <span class='ocrx_word' id='word_1_584' title='bbox 2947 1071 3150 1132; x_wconf 88' lang='lat' dir='ltr'><strong>diceret</strong></span> <span class='ocrx_word' id='word_1_585' title='bbox 3174 1072 3352 1142; x_wconf 89' lang='lat' dir='ltr'><strong>aliqua</strong></span> <span class='ocrx_word' id='word_1_586' title='bbox 3383 1089 3487 1127; x_wconf 94' lang='lat' dir='ltr'><strong>non</strong></span> <span class='ocrx_word' id='word_1_587' title='bbox 3517 1073 3683 1139; x_wconf 88' lang='lat' dir='ltr'><strong>bona,</strong></span> <span class='ocrx_word' id='word_1_588' title='bbox 3715 1085 3818 1130; x_wconf 84' lang='lat' dir='ltr'><strong>sta-</strong></span> 
     </span>
    </p>
   </div>
   <div class='ocr_carea' id='block_1_69' title="bbox 2231 1163 3822 1237">
    <p class='ocr_par' dir='ltr' id='par_1_69' title="bbox 2231 1163 3822 1237">
     <span class='ocr_line' id='line_1_70' title="bbox 2231 1163 3822 1237; baseline 0.003 -19"><span class='ocrx_word' id='word_1_589' title='bbox 2231 1164 2333 1218; x_wconf 90' lang='lat' dir='ltr'><strong>tuit</strong></span> <span class='ocrx_word' id='word_1_590' title='bbox 2365 1164 2465 1218; x_wconf 87' lang='lat' dir='ltr'><strong>sibi</strong></span> <span class='ocrx_word' id='word_1_591' title='bbox 2498 1164 2640 1218; x_wconf 90' lang='lat' dir='ltr'><strong>nulla</strong></span> <span class='ocrx_word' id='word_1_592' title='bbox 2679 1163 2860 1220; x_wconf 89' lang='lat' dir='ltr'><strong>dicere</strong></span> <span class='ocrx_word' id='word_1_593' title='bbox 2901 1165 2986 1220; x_wconf 83' lang='lat' dir='ltr'><strong>vel</strong></span> <span class='ocrx_word' id='word_1_594' title='bbox 3031 1166 3169 1220; x_wconf 90' lang='lat' dir='ltr'><strong>bona</strong></span> <span class='ocrx_word' id='word_1_595' title='bbox 3200 1183 3213 1219; x_wconf 92' lang='lat'>:</span> <span class='ocrx_word' id='word_1_596' title='bbox 3239 1175 3294 1220; x_wconf 87' lang='lat' dir='ltr'><strong>et</strong></span> <span class='ocrx_word' id='word_1_597' title='bbox 3337 1167 3590 1237; x_wconf 89' lang='lat' dir='ltr'><strong>quoniam</strong></span> <span class='ocrx_word' id='word_1_598' title='bbox 3637 1169 3822 1222; x_wconf 84' lang='lat' dir='ltr'><strong>statuit</strong></span> 
     </span>
    </p>
   </div>
   <div class='ocr_carea' id='block_1_70' title="bbox 2231 1255 3827 1324">
    <p class='ocr_par' dir='ltr' id='par_1_70' title="bbox 2231 1255 3827 1324">
     <span class='ocr_line' id='line_1_71' title="bbox 2231 1255 3827 1324; baseline 0.004 -16"><span class='ocrx_word' id='word_1_599' title='bbox 2231 1260 2428 1319; x_wconf 90' lang='lat' dir='ltr'><strong>tacere,</strong></span> <span class='ocrx_word' id='word_1_600' title='bbox 2461 1255 2625 1324; x_wconf 71' lang='lat' dir='ltr'><strong>cmpit</strong></span> <span class='ocrx_word' id='word_1_601' title='bbox 2671 1269 2777 1309; x_wconf 92' lang='lat' dir='ltr'><strong>non</strong></span> <span class='ocrx_word' id='word_1_602' title='bbox 2819 1255 3026 1311; x_wconf 88' lang='lat' dir='ltr'><strong>audire.</strong></span> <span class='ocrx_word' id='word_1_603' title='bbox 3073 1256 3194 1313; x_wconf 88' lang='lat' dir='ltr'><strong>Stas</strong></span> <span class='ocrx_word' id='word_1_604' title='bbox 3231 1258 3375 1313; x_wconf 91' lang='lat' dir='ltr'><strong>enim</strong></span> <span class='ocrx_word' id='word_1_605' title='bbox 3421 1258 3466 1313; x_wconf 90' lang='lat' dir='ltr'><strong>si</strong></span> <span class='ocrx_word' id='word_1_606' title='bbox 3512 1260 3827 1315; x_wconf 82' lang='lat' dir='ltr'><strong>transiliens</strong></span> 
     </span>
    </p>
   </div>
   <div class='ocr_carea' id='block_1_71' title="bbox 2231 1347 3824 1420">
    <p class='ocr_par' dir='ltr' id='par_1_71' title="bbox 2231 1347 3824 1420">
     <span class='ocr_line' id='line_1_72' title="bbox 2231 1347 3824 1420; baseline 0.004 -18"><span class='ocrx_word' id='word_1_607' title='bbox 2231 1361 2310 1412; x_wconf 86' lang='lat' dir='ltr'><strong>es,</strong></span> <span class='ocrx_word' id='word_1_608' title='bbox 2353 1356 2634 1416; x_wconf 84' lang='lat' dir='ltr'><strong>exspectas</strong></span> <span class='ocrx_word' id='word_1_609' title='bbox 2661 1363 2691 1402; x_wconf 92' lang='lat' dir='ltr'><strong>a</strong></span> <span class='ocrx_word' id='word_1_610' title='bbox 2723 1347 2832 1403; x_wconf 89' lang='lat' dir='ltr'><strong>Deo</strong></span> <span class='ocrx_word' id='word_1_611' title='bbox 2875 1348 3062 1404; x_wconf 88' lang='lat' dir='ltr'><strong>audire</strong></span> <span class='ocrx_word' id='word_1_612' title='bbox 3107 1350 3231 1420; x_wconf 89' lang='lat' dir='ltr'><strong>quid</strong></span> <span class='ocrx_word' id='word_1_613' title='bbox 3274 1350 3423 1407; x_wconf 88' lang='lat' dir='ltr'><strong>dicas</strong></span> <span class='ocrx_word' id='word_1_614' title='bbox 3468 1351 3824 1408; x_wconf 85' lang='lat' dir='ltr'><strong>hominibus:</strong></span> 
     </span>
    </p>
   </div>
   <div class='ocr_carea' id='block_1_72' title="bbox 2231 1437 3826 1517">
    <p class='ocr_par' dir='ltr' id='par_1_72' title="bbox 2231 1437 3826 1517">
     <span class='ocr_line' id='line_1_73' title="bbox 2231 1437 3826 1517; baseline 0.006 -25"><span class='ocrx_word' id='word_1_615' title='bbox 2231 1437 2370 1494; x_wconf 89' lang='lat' dir='ltr'><strong>inter</strong></span> <span class='ocrx_word' id='word_1_616' title='bbox 2396 1438 2614 1494; x_wconf 90' lang='lat' dir='ltr'><strong>divitem</strong></span> <span class='ocrx_word' id='word_1_617' title='bbox 2644 1440 2834 1507; x_wconf 89' lang='lat' dir='ltr'><strong>Deum,</strong></span> <span class='ocrx_word' id='word_1_618' title='bbox 2861 1451 2915 1496; x_wconf 94' lang='lat' dir='ltr'><strong>et</strong></span> <span class='ocrx_word' id='word_1_619' title='bbox 2945 1442 3156 1512; x_wconf 84' lang='lat' dir='ltr'><strong>inepem</strong></span> <span class='ocrx_word' id='word_1_620' title='bbox 3197 1453 3530 1514; x_wconf 67' lang='lat' dir='ltr'><strong>qumrentem</strong></span> <span class='ocrx_word' id='word_1_621' title='bbox 3573 1447 3702 1517; x_wconf 90' lang='lat' dir='ltr'><strong>quid</strong></span> <span class='ocrx_word' id='word_1_622' title='bbox 3729 1462 3826 1502; x_wconf 87' lang='lat' dir='ltr'><strong>au-</strong></span> 
     </span>
    </p>
   </div>
   <div class='ocr_carea' id='block_1_73' title="bbox 2231 1528 3822 1606">
    <p class='ocr_par' dir='ltr' id='par_1_73' title="bbox 2231 1528 3822 1606">
     <span class='ocr_line' id='line_1_74' title="bbox 2231 1528 3822 1606; baseline 0.006 -21"><span class='ocrx_word' id='word_1_623' title='bbox 2231 1528 2362 1596; x_wconf 88' lang='lat' dir='ltr'><strong>diat,</strong></span> <span class='ocrx_word' id='word_1_624' title='bbox 2392 1529 2700 1586; x_wconf 89' lang='lat' dir='ltr'><strong>intercurris</strong></span> <span class='ocrx_word' id='word_1_625' title='bbox 2727 1533 3057 1600; x_wconf 87' lang='lat' dir='ltr'><strong>transiliens,</strong></span> <span class='ocrx_word' id='word_1_626' title='bbox 3079 1535 3168 1604; x_wconf 89' lang='lat' dir='ltr'><strong>qui</strong></span> <span class='ocrx_word' id='word_1_627' title='bbox 3191 1535 3365 1605; x_wconf 87' lang='lat' dir='ltr'><strong>possis</strong></span> <span class='ocrx_word' id='word_1_628' title='bbox 3391 1544 3447 1592; x_wconf 92' lang='lat' dir='ltr'><strong>ct</strong></span> <span class='ocrx_word' id='word_1_629' title='bbox 3469 1537 3592 1594; x_wconf 92' lang='lat' dir='ltr'><strong>hinc</strong></span> <span class='ocrx_word' id='word_1_630' title='bbox 3615 1539 3822 1606; x_wconf 88' lang='lat' dir='ltr'><strong>audire,</strong></span> 
     </span>
    </p>
   </div>
   <div class='ocr_carea' id='block_1_74' title="bbox 2231 1622 3826 1697">
    <p class='ocr_par' dir='ltr' id='par_1_74' title="bbox 2231 1622 3826 1697">
     <span class='ocr_line' id='line_1_75' title="bbox 2231 1622 3826 1697; baseline 0.006 -19"><span class='ocrx_word' id='word_1_631' title='bbox 2231 1631 2288 1678; x_wconf 89' lang='lat' dir='ltr'><strong>et</strong></span> <span class='ocrx_word' id='word_1_632' title='bbox 2305 1622 2404 1678; x_wconf 88' lang='lat' dir='ltr'><strong>hac</strong></span> <span class='ocrx_word' id='word_1_633' title='bbox 2427 1622 2606 1680; x_wconf 86' lang='lat' dir='ltr'><strong>dicere</strong></span> <span class='ocrx_word' id='word_1_634' title='bbox 2631 1642 2643 1680; x_wconf 92' lang='lat'><strong>:</strong></span> <span class='ocrx_word' id='word_1_635' title='bbox 2668 1625 2712 1679; x_wconf 90' lang='lat' dir='ltr'><strong>si</strong></span> <span class='ocrx_word' id='word_1_636' title='bbox 2738 1625 2891 1697; x_wconf 80' lang='lat' dir='ltr'><strong>eligis</strong></span> <span class='ocrx_word' id='word_1_637' title='bbox 2914 1627 3012 1682; x_wconf 89' lang='lat' dir='ltr'><strong>hac</strong></span> <span class='ocrx_word' id='word_1_638' title='bbox 3037 1642 3141 1682; x_wconf 94' lang='lat' dir='ltr'><strong>non</strong></span> <span class='ocrx_word' id='word_1_639' title='bbox 3171 1627 3372 1696; x_wconf 88' lang='lat' dir='ltr'><strong>dicere,</strong></span> <span class='ocrx_word' id='word_1_640' title='bbox 3396 1644 3500 1684; x_wconf 93' lang='lat' dir='ltr'><strong>non</strong></span> <span class='ocrx_word' id='word_1_641' title='bbox 3525 1633 3826 1687; x_wconf 87' lang='lat' dir='ltr'><strong>mereberis</strong></span> 
     </span>
    </p>
   </div>
   <div class='ocr_carea' id='block_1_75' title="bbox 2232 1716 3828 1793">
    <p class='ocr_par' dir='ltr' id='par_1_75' title="bbox 2232 1716 3828 1793">
     <span class='ocr_line' id='line_1_76' title="bbox 2232 1716 3828 1793; baseline 0.008 -22"><span class='ocrx_word' id='word_1_642' title='bbox 2232 1716 2358 1772; x_wconf 88' lang='lat' dir='ltr'><strong>hinc</strong></span> <span class='ocrx_word' id='word_1_643' title='bbox 2396 1717 2582 1774; x_wconf 90' lang='lat' dir='ltr'><strong>audire</strong></span> <span class='ocrx_word' id='word_1_644' title='bbox 2623 1737 2637 1772; x_wconf 92' lang='lat'>:</span> <span class='ocrx_word' id='word_1_645' title='bbox 2685 1722 2986 1776; x_wconf 89' lang='lat' dir='ltr'><strong>contemnis</strong></span> <span class='ocrx_word' id='word_1_646' title='bbox 3037 1736 3322 1793; x_wconf 88' lang='lat' dir='ltr'><strong>pauperem</strong></span> <span class='ocrx_word' id='word_1_647' title='bbox 3347 1766 3363 1792; x_wconf 90' lang='lat'><strong>,</strong></span> <span class='ocrx_word' id='word_1_648' title='bbox 3408 1728 3828 1784; x_wconf 87' lang='lat' dir='ltr'><strong>contemnerisa</strong></span> 
     </span>
    </p>
   </div>
   <div class='ocr_carea' id='block_1_76' title="bbox 2232 1806 3830 1886">
    <p class='ocr_par' dir='ltr' id='par_1_76' title="bbox 2232 1806 3830 1886">
     <span class='ocr_line' id='line_1_77' title="bbox 2232 1806 3830 1886; baseline 0.008 -22"><span class='ocrx_word' id='word_1_649' title='bbox 2232 1806 2414 1864; x_wconf 88' lang='lat' dir='ltr'><strong>divite.</strong></span> <span class='ocrx_word' id='word_1_650' title='bbox 2464 1807 2674 1866; x_wconf 92' lang='lat' dir='ltr'><strong>Oblitus</strong></span> <span class='ocrx_word' id='word_1_651' title='bbox 2715 1827 2774 1867; x_wconf 90' lang='lat' dir='ltr'><strong>es</strong></span> <span class='ocrx_word' id='word_1_652' title='bbox 2819 1827 3032 1868; x_wconf 75' lang='lat' dir='ltr'><strong>servum</strong></span> <span class='ocrx_word' id='word_1_653' title='bbox 3063 1821 3117 1869; x_wconf 92' lang='lat' dir='ltr'><strong>te</strong></span> <span class='ocrx_word' id='word_1_654' title='bbox 3155 1829 3295 1882; x_wconf 89' lang='lat' dir='ltr'><strong>esse,</strong></span> <span class='ocrx_word' id='word_1_655' title='bbox 3347 1830 3503 1886; x_wconf 89' lang='lat' dir='ltr'><strong>quem</strong></span> <span class='ocrx_word' id='word_1_656' title='bbox 3549 1820 3830 1876; x_wconf 89' lang='lat' dir='ltr'><strong>constituit</strong></span> 
     </span>
    </p>
   </div>
   <div class='ocr_carea' id='block_1_77' title="bbox 2234 1900 3827 1972">
    <p class='ocr_par' dir='ltr' id='par_1_77' title="bbox 2234 1900 3827 1972">
     <span class='ocr_line' id='line_1_78' title="bbox 2234 1900 3827 1972; baseline 0.01 -18"><span class='ocrx_word' id='word_1_657' title='bbox 2234 1900 2486 1956; x_wconf 80' lang='lat' dir='ltr'><strong>Dominus</strong></span> <span class='ocrx_word' id='word_1_658' title='bbox 2515 1916 2676 1972; x_wconf 88' lang='lat' dir='ltr'><strong>super</strong></span> <span class='ocrx_word' id='word_1_659' title='bbox 2713 1903 2967 1958; x_wconf 88' lang='lat' dir='ltr'><strong>familiam</strong></span> <span class='ocrx_word' id='word_1_660' title='bbox 2993 1921 3142 1960; x_wconf 88' lang='lat' dir='ltr'><strong>suam</strong></span> <span class='ocrx_word' id='word_1_661' title='bbox 3168 1906 3299 1962; x_wconf 87' lang='lat' dir='ltr'><strong>dare</strong></span> <span class='ocrx_word' id='word_1_662' title='bbox 3322 1911 3596 1965; x_wconf 84' lang='lat' dir='ltr'><strong>conservis</strong></span> <span class='ocrx_word' id='word_1_663' title='bbox 3624 1913 3827 1970; x_wconf 82' lang='lat' dir='ltr'><strong>cibaria</strong></span> 
     </span>
    </p>
   </div>
   <div class='ocr_carea' id='block_1_78' title="bbox 2233 1990 3827 2074">
    <p class='ocr_par' dir='ltr' id='par_1_78' title="bbox 2233 1990 3827 2074">
     <span class='ocr_line' id='line_1_79' title="bbox 2233 1990 3827 2074; baseline 0.011 -31"><span class='ocrx_word' id='word_1_664' title='bbox 2233 1990 2448 2060; x_wconf 70' lang='lat' dir='ltr'><strong>(Matth.</strong></span> <span class='ocrx_word' id='word_1_665' title='bbox 2482 2008 2631 2059; x_wconf 82' lang='lat' dir='ltr'><strong>xxw,</strong></span> <span class='ocrx_word' id='word_1_666' title='bbox 2655 1993 2744 2065; x_wconf 76' lang='grc'><strong>45)</strong></span> <span class='ocrx_word' id='word_1_667' title='bbox 2767 1994 2791 2048; x_wconf 87' lang='lat'><strong>?</strong></span> <span class='ocrx_word' id='word_1_668' title='bbox 2815 1994 2952 2062; x_wconf 91' lang='lat' dir='ltr'><strong>Quid</strong></span> <span class='ocrx_word' id='word_1_669' title='bbox 2978 2011 3106 2066; x_wconf 76' lang='lat' dir='ltr'><strong>ergo</strong></span> <span class='ocrx_word' id='word_1_670' title='bbox 3135 1999 3331 2067; x_wconf 69' lang='lat' dir='ltr'><strong>qumris</strong></span> <span class='ocrx_word' id='word_1_671' title='bbox 3368 2001 3632 2070; x_wconf 86' lang='lat' dir='ltr'><strong>accipere,</strong></span> <span class='ocrx_word' id='word_1_672' title='bbox 3677 2004 3827 2074; x_wconf 90' lang='lat' dir='ltr'><strong>quod</strong></span> 
     </span>
    </p>
   </div>
   <div class='ocr_carea' id='block_1_79' title="bbox 2232 2084 3825 2167">
    <p class='ocr_par' dir='ltr' id='par_1_79' title="bbox 2232 2084 3825 2167">
     <span class='ocr_line' id='line_1_80' title="bbox 2232 2084 3825 2167; baseline 0.011 -31"><span class='ocrx_word' id='word_1_673' title='bbox 2232 2084 2383 2154; x_wconf 77' lang='lat' dir='ltr'><strong>piger</strong></span> <span class='ocrx_word' id='word_1_674' title='bbox 2407 2099 2465 2140; x_wconf 89' lang='lat' dir='ltr'><strong>es</strong></span> <span class='ocrx_word' id='word_1_675' title='bbox 2493 2087 2758 2156; x_wconf 77' lang='lat' dir='ltr'><strong>erogare?</strong></span> <span class='ocrx_word' id='word_1_676' title='bbox 2780 2087 2967 2142; x_wconf 85' lang='lat' dir='ltr'><strong>Merito</strong></span> <span class='ocrx_word' id='word_1_677' title='bbox 2995 2103 3122 2158; x_wconf 78' lang='lat' dir='ltr'><strong>ergo</strong></span> <span class='ocrx_word' id='word_1_678' title='bbox 3147 2092 3396 2160; x_wconf 89' lang='lat' dir='ltr'><strong>quoniam</strong></span> <span class='ocrx_word' id='word_1_679' title='bbox 3428 2095 3568 2163; x_wconf 88' lang='lat' dir='ltr'><strong>quod</strong></span> <span class='ocrx_word' id='word_1_680' title='bbox 3593 2110 3825 2167; x_wconf 83' lang='lat' dir='ltr'><strong>accepe-</strong></span> 
     </span>
    </p>
   </div>
   <div class='ocr_carea' id='block_1_80' title="bbox 2232 2177 3828 2258">
    <p class='ocr_par' dir='ltr' id='par_1_80' title="bbox 2232 2177 3828 2258">
     <span class='ocr_line' id='line_1_81' title="bbox 2232 2177 3828 2258; baseline 0.009 -25"><span class='ocrx_word' id='word_1_681' title='bbox 2232 2191 2322 2233; x_wconf 85' lang='lat' dir='ltr'><strong>ras</strong></span> <span class='ocrx_word' id='word_1_682' title='bbox 2360 2177 2538 2234; x_wconf 88' lang='lat' dir='ltr'><strong>dicere</strong></span> <span class='ocrx_word' id='word_1_683' title='bbox 2565 2181 2800 2244; x_wconf 89' lang='lat' dir='ltr'><strong>noluisti,</strong></span> <span class='ocrx_word' id='word_1_684' title='bbox 2831 2181 3106 2251; x_wconf 89' lang='lat' dir='ltr'><strong>impediris</strong></span> <span class='ocrx_word' id='word_1_685' title='bbox 3138 2199 3205 2239; x_wconf 92' lang='lat' dir='ltr'><strong>ne</strong></span> <span class='ocrx_word' id='word_1_686' title='bbox 3247 2186 3478 2255; x_wconf 85' lang='lat' dir='ltr'><strong>accipias</strong></span> <span class='ocrx_word' id='word_1_687' title='bbox 3507 2189 3650 2258; x_wconf 91' lang='lat' dir='ltr'><strong>quod</strong></span> <span class='ocrx_word' id='word_1_688' title='bbox 3677 2193 3828 2247; x_wconf 87' lang='lat' dir='ltr'><strong>acci-</strong></span> 
     </span>
    </p>
   </div>
   <div class='ocr_carea' id='block_1_81' title="bbox 2233 2270 3826 2348">
    <p class='ocr_par' dir='ltr' id='par_1_81' title="bbox 2233 2270 3826 2348">
     <span class='ocr_line' id='line_1_82' title="bbox 2233 2270 3826 2348; baseline 0.011 -27"><span class='ocrx_word' id='word_1_689' title='bbox 2233 2282 2361 2338; x_wconf 88' lang='lat' dir='ltr'><strong>pere</strong></span> <span class='ocrx_word' id='word_1_690' title='bbox 2381 2270 2651 2339; x_wconf 88' lang='lat' dir='ltr'><strong>cupiebas.</strong></span> <span class='ocrx_word' id='word_1_691' title='bbox 2682 2272 2894 2342; x_wconf 81' lang='lat' dir='ltr'><strong>Aliquid</strong></span> <span class='ocrx_word' id='word_1_692' title='bbox 2915 2273 3057 2328; x_wconf 90' lang='lat' dir='ltr'><strong>enim</strong></span> <span class='ocrx_word' id='word_1_693' title='bbox 3081 2275 3317 2342; x_wconf 84' lang='lat' dir='ltr'><strong>volebas,</strong></span> <span class='ocrx_word' id='word_1_694' title='bbox 3346 2278 3541 2348; x_wconf 91' lang='lat' dir='ltr'><strong>aliquid</strong></span> <span class='ocrx_word' id='word_1_695' title='bbox 3565 2280 3826 2338; x_wconf 88' lang='lat' dir='ltr'><strong>habebas:</strong></span> 
     </span>
    </p>
   </div>
   <div class='ocr_carea' id='block_1_82' title="bbox 2233 2358 3822 2437">
    <p class='ocr_par' dir='ltr' id='par_1_82' title="bbox 2233 2358 3822 2437">
     <span class='ocr_line' id='line_1_83' title="bbox 2233 2358 3822 2437; baseline 0.009 -23"><span class='ocrx_word' id='word_1_696' title='bbox 2233 2358 2298 2414; x_wconf 90' lang='lat' dir='ltr'><strong>da</strong></span> <span class='ocrx_word' id='word_1_697' title='bbox 2325 2360 2467 2430; x_wconf 90' lang='lat' dir='ltr'><strong>quod</strong></span> <span class='ocrx_word' id='word_1_698' title='bbox 2489 2361 2674 2429; x_wconf 90' lang='lat' dir='ltr'><strong>babes,</strong></span> <span class='ocrx_word' id='word_1_699' title='bbox 2706 2371 2760 2417; x_wconf 92' lang='lat' dir='ltr'><strong>ut</strong></span> <span class='ocrx_word' id='word_1_700' title='bbox 2786 2364 3042 2418; x_wconf 87' lang='lat' dir='ltr'><strong>merearis</strong></span> <span class='ocrx_word' id='word_1_701' title='bbox 3065 2367 3310 2435; x_wconf 85' lang='lat' dir='ltr'><strong>accipere</strong></span> <span class='ocrx_word' id='word_1_702' title='bbox 3331 2369 3471 2437; x_wconf 86' lang='lat' dir='ltr'><strong>quod</strong></span> <span class='ocrx_word' id='word_1_703' title='bbox 3500 2388 3604 2426; x_wconf 92' lang='lat' dir='ltr'><strong>non</strong></span> <span class='ocrx_word' id='word_1_704' title='bbox 3631 2372 3822 2428; x_wconf 89' lang='lat' dir='ltr'><strong>habes.</strong></span> 
     </span>
    </p>
   </div>
   <div class='ocr_carea' id='block_1_83' title="bbox 2176 2452 3831 2529">
    <p class='ocr_par' dir='ltr' id='par_1_83' title="bbox 2176 2452 3831 2529">
     <span class='ocr_line' id='line_1_84' title="bbox 2176 2452 3831 2529; baseline 0.009 -22"><span class='ocrx_word' id='word_1_705' title='bbox 2176 2482 2182 2488; x_wconf 90' lang='lat'><strong><em>-</em></strong></span> <span class='ocrx_word' id='word_1_706' title='bbox 2234 2452 2376 2524; x_wconf 80' lang='lat' dir='ltr'><strong>Ergo</strong></span> <span class='ocrx_word' id='word_1_707' title='bbox 2400 2468 2522 2508; x_wconf 92' lang='lat' dir='ltr'><strong>cum</strong></span> <span class='ocrx_word' id='word_1_708' title='bbox 2552 2456 2704 2526; x_wconf 88' lang='lat' dir='ltr'><strong>quasi</strong></span> <span class='ocrx_word' id='word_1_709' title='bbox 2735 2458 3030 2526; x_wconf 78' lang='lat' dir='ltr'><strong>posnissem</strong></span> <span class='ocrx_word' id='word_1_710' title='bbox 3058 2459 3138 2514; x_wconf 92' lang='lat' dir='ltr'><strong>ori</strong></span> <span class='ocrx_word' id='word_1_711' title='bbox 3169 2475 3291 2514; x_wconf 89' lang='lat' dir='ltr'><strong>meo</strong></span> <span class='ocrx_word' id='word_1_712' title='bbox 3319 2464 3637 2529; x_wconf 88' lang='lat' dir='ltr'><strong>custodiam,</strong></span> <span class='ocrx_word' id='word_1_713' title='bbox 3666 2468 3831 2522; x_wconf 80' lang='lat' dir='ltr'><strong>mihi-</strong></span> 
     </span>
    </p>
   </div>
   <div class='ocr_carea' id='block_1_84' title="bbox 2234 2545 3829 2628">
    <p class='ocr_par' dir='ltr' id='par_1_84' title="bbox 2234 2545 3829 2628">
     <span class='ocr_line' id='line_1_85' title="bbox 2234 2545 3829 2628; baseline 0.011 -31"><span class='ocrx_word' id='word_1_714' title='bbox 2234 2559 2337 2614; x_wconf 90' lang='lat' dir='ltr'><strong>que</strong></span> <span class='ocrx_word' id='word_1_715' title='bbox 2367 2545 2674 2602; x_wconf 85' lang='lat' dir='ltr'><strong>indixissem</strong></span> <span class='ocrx_word' id='word_1_716' title='bbox 2701 2549 2992 2614; x_wconf 91' lang='lat' dir='ltr'><strong>silentium,</strong></span> <span class='ocrx_word' id='word_1_717' title='bbox 3019 2551 3140 2621; x_wconf 86' lang='lat' dir='ltr'><strong>quia</strong></span> <span class='ocrx_word' id='word_1_718' title='bbox 3166 2552 3409 2608; x_wconf 88' lang='lat' dir='ltr'><strong>videbam</strong></span> <span class='ocrx_word' id='word_1_719' title='bbox 3456 2556 3651 2627; x_wconf 89' lang='lat' dir='ltr'><strong>ubique</strong></span> <span class='ocrx_word' id='word_1_720' title='bbox 3679 2562 3829 2628; x_wconf 81' lang='lat' dir='ltr'><strong>peri-</strong></span> 
     </span>
    </p>
   </div>
   <div class='ocr_carea' id='block_1_85' title="bbox 2233 2638 3831 2721">
    <p class='ocr_par' dir='ltr' id='par_1_85' title="bbox 2233 2638 3831 2721">
     <span class='ocr_line' id='line_1_86' title="bbox 2233 2638 3831 2721; baseline 0.009 -28"><span class='ocrx_word' id='word_1_721' title='bbox 2233 2638 2474 2694; x_wconf 89' lang='lat' dir='ltr'><strong>culosum</strong></span> <span class='ocrx_word' id='word_1_722' title='bbox 2514 2639 2824 2710; x_wconf 88' lang='lat' dir='ltr'><strong>eloquium;</strong></span> <span class='ocrx_word' id='word_1_723' title='bbox 2857 2641 3055 2698; x_wconf 87' lang='lat' dir='ltr'><strong>factum</strong></span> <span class='ocrx_word' id='word_1_724' title='bbox 3099 2653 3200 2708; x_wconf 89' lang='lat' dir='ltr'><strong>est,</strong></span> <span class='ocrx_word' id='word_1_725' title='bbox 3235 2645 3424 2715; x_wconf 87' lang='lat' dir='ltr'><strong>inquit,</strong></span> <span class='ocrx_word' id='word_1_726' title='bbox 3477 2648 3528 2703; x_wconf 92' lang='lat' dir='ltr'><strong>in</strong></span> <span class='ocrx_word' id='word_1_727' title='bbox 3570 2665 3658 2706; x_wconf 91' lang='lat' dir='ltr'><strong>me</strong></span> <span class='ocrx_word' id='word_1_728' title='bbox 3684 2652 3831 2721; x_wconf 87' lang='lat' dir='ltr'><strong>quod</strong></span> 
     </span>
    </p>
   </div>
   <div class='ocr_carea' id='block_1_86' title="bbox 2234 2729 3831 2800">
    <p class='ocr_par' dir='ltr' id='par_1_86' title="bbox 2234 2729 3831 2800">
     <span class='ocr_line' id='line_1_87' title="bbox 2234 2729 3831 2800; baseline 0.011 -17"><span class='ocrx_word' id='word_1_729' title='bbox 2234 2729 2479 2784; x_wconf 88' lang='lat' dir='ltr'><strong>nolebam</strong></span> <span class='ocrx_word' id='word_1_730' title='bbox 2505 2747 2519 2795; x_wconf 90' lang='lat'><strong>;</strong></span> <span class='ocrx_word' id='word_1_731' title='bbox 2557 2731 2812 2786; x_wconf 85' lang='lat' dir='ltr'><strong>Obsurdui</strong></span> <span class='ocrx_word' id='word_1_732' title='bbox 2830 2774 2842 2795; x_wconf 89' lang='lat'><strong>,</strong></span> <span class='ocrx_word' id='word_1_733' title='bbox 2873 2735 3242 2790; x_wconf 83' lang='lat' dir='ltr'><strong>eLhumiliatus</strong></span> <span class='ocrx_word' id='word_1_734' title='bbox 3276 2745 3399 2792; x_wconf 86' lang='lat' dir='ltr'><strong>sum</strong></span> <span class='ocrx_word' id='word_1_735' title='bbox 3428 2755 3447 2794; x_wconf 89' lang='lat'><strong><em>:</em></strong></span> <span class='ocrx_word' id='word_1_736' title='bbox 3475 2755 3578 2797; x_wconf 91' lang='lat' dir='ltr'><strong>non</strong></span> <span class='ocrx_word' id='word_1_737' title='bbox 3610 2759 3698 2798; x_wconf 91' lang='lat' dir='ltr'><strong>me</strong></span> <span class='ocrx_word' id='word_1_738' title='bbox 3729 2744 3831 2800; x_wconf 88' lang='lat' dir='ltr'><strong>hu-</strong></span> 
     </span>
    </p>
   </div>
   <div class='ocr_carea' id='block_1_87' title="bbox 2234 2822 3832 2894">
    <p class='ocr_par' dir='ltr' id='par_1_87' title="bbox 2234 2822 3832 2894">
     <span class='ocr_line' id='line_1_88' title="bbox 2234 2822 3832 2894; baseline 0.01 -19"><span class='ocrx_word' id='word_1_739' title='bbox 2234 2822 2475 2889; x_wconf 84' lang='lat' dir='ltr'><strong>tuiliavi;</strong></span> <span class='ocrx_word' id='word_1_740' title='bbox 2517 2823 2635 2891; x_wconf 86' lang='lat' dir='ltr'><strong>sed,</strong></span> <span class='ocrx_word' id='word_1_741' title='bbox 2666 2826 2960 2880; x_wconf 87' lang='lat' dir='ltr'><strong>humiliatus</strong></span> <span class='ocrx_word' id='word_1_742' title='bbox 2982 2843 3116 2883; x_wconf 87' lang='lat' dir='ltr'><strong>sum.</strong></span> <span class='ocrx_word' id='word_1_743' title='bbox 3155 2826 3431 2894; x_wconf 85' lang='lat' dir='ltr'><strong>Obsurdui,</strong></span> <span class='ocrx_word' id='word_1_744' title='bbox 3459 2841 3506 2884; x_wconf 85' lang='lat' dir='ltr'><strong>et</strong></span> <span class='ocrx_word' id='word_1_745' title='bbox 3532 2833 3832 2893; x_wconf 82' lang='lat' dir='ltr'><strong>humiliatus</strong></span> 
     </span>
    </p>
   </div>
   <div class='ocr_carea' id='block_1_88' title="bbox 2234 2918 3832 2993">
    <p class='ocr_par' dir='ltr' id='par_1_88' title="bbox 2234 2918 3832 2993">
     <span class='ocr_line' id='line_1_89' title="bbox 2234 2918 3832 2993; baseline 0.011 -24"><span class='ocrx_word' id='word_1_746' title='bbox 2234 2933 2364 2982; x_wconf 88' lang='lat' dir='ltr'><strong>sum,</strong></span> <span class='ocrx_word' id='word_1_747' title='bbox 2393 2925 2440 2972; x_wconf 86' lang='lat' dir='ltr'><strong>et</strong></span> <span class='ocrx_word' id='word_1_748' title='bbox 2463 2918 2582 2972; x_wconf 86' lang='lat' dir='ltr'><strong>silui</strong></span> <span class='ocrx_word' id='word_1_749' title='bbox 2609 2935 2643 2973; x_wconf 89' lang='lat' dir='ltr'><strong>a</strong></span> <span class='ocrx_word' id='word_1_750' title='bbox 2679 2921 2839 2975; x_wconf 87' lang='lat' dir='ltr'><strong>bonis.</strong></span> <span class='ocrx_word' id='word_1_751' title='bbox 2871 2920 3020 2992; x_wconf 68' lang='grc' dir='ltr'><strong>(Σωρί</strong></span> <span class='ocrx_word' id='word_1_752' title='bbox 3051 2937 3157 2977; x_wconf 93' lang='lat' dir='ltr'><strong>non</strong></span> <span class='ocrx_word' id='word_1_753' title='bbox 3189 2923 3371 2981; x_wconf 91' lang='lat' dir='ltr'><strong>dicere</strong></span> <span class='ocrx_word' id='word_1_754' title='bbox 3411 2927 3567 2993; x_wconf 91' lang='lat' dir='ltr'><strong>bona,</strong></span> <span class='ocrx_word' id='word_1_755' title='bbox 3601 2944 3726 2984; x_wconf 93' lang='lat' dir='ltr'><strong>cum</strong></span> <span class='ocrx_word' id='word_1_756' title='bbox 3761 2931 3832 2986; x_wconf 85' lang='lat' dir='ltr'><strong>ti-</strong></span> 
     </span>
    </p>
   </div>
   <div class='ocr_carea' id='block_1_89' title="bbox 2234 3009 3830 3086">
    <p class='ocr_par' dir='ltr' id='par_1_89' title="bbox 2234 3009 3830 3086">
     <span class='ocr_line' id='line_1_90' title="bbox 2234 3009 3830 3086; baseline 0.01 -23"><span class='ocrx_word' id='word_1_757' title='bbox 2234 3023 2358 3064; x_wconf 86' lang='lat' dir='ltr'><strong>meo</strong></span> <span class='ocrx_word' id='word_1_758' title='bbox 2384 3026 2448 3064; x_wconf 87' lang='lat' dir='ltr'><strong>ne</strong></span> <span class='ocrx_word' id='word_1_759' title='bbox 2476 3009 2650 3065; x_wconf 86' lang='lat' dir='ltr'><strong>dieam</strong></span> <span class='ocrx_word' id='word_1_760' title='bbox 2689 3013 2863 3083; x_wconf 90' lang='lat' dir='ltr'><strong>aliqua</strong></span> <span class='ocrx_word' id='word_1_761' title='bbox 2903 3017 3042 3069; x_wconf 88' lang='lat' dir='ltr'><strong>mala</strong></span> <span class='ocrx_word' id='word_1_762' title='bbox 3071 3033 3084 3070; x_wconf 89' lang='lat'><strong>:</strong></span> <span class='ocrx_word' id='word_1_763' title='bbox 3116 3024 3171 3070; x_wconf 90' lang='lat' dir='ltr'><strong>et</strong></span> <span class='ocrx_word' id='word_1_764' title='bbox 3199 3018 3517 3086; x_wconf 83' lang='lat' dir='ltr'><strong>reprehendi</strong></span> <span class='ocrx_word' id='word_1_765' title='bbox 3543 3024 3830 3080; x_wconf 88' lang='lat' dir='ltr'><strong>consilium</strong></span> 
     </span>
    </p>
   </div>
   <div class='ocr_carea' id='block_1_90' title="bbox 2234 3104 3834 3173">
    <p class='ocr_par' dir='ltr' id='par_1_90' title="bbox 2234 3104 3834 3173">
     <span class='ocr_line' id='line_1_91' title="bbox 2234 3104 3834 3173; baseline 0.009 -16"><span class='ocrx_word' id='word_1_766' title='bbox 2234 3117 2434 3158; x_wconf 87' lang='lat' dir='ltr'><strong>meum.</strong></span> <span class='ocrx_word' id='word_1_767' title='bbox 2481 3104 2617 3160; x_wconf 88' lang='lat' dir='ltr'><strong>Silui</strong></span> <span class='ocrx_word' id='word_1_768' title='bbox 2652 3107 2792 3160; x_wconf 90' lang='lat' dir='ltr'><strong>enim</strong></span> <span class='ocrx_word' id='word_1_769' title='bbox 2821 3124 2854 3160; x_wconf 91' lang='lat' dir='ltr'><strong>a</strong></span> <span class='ocrx_word' id='word_1_770' title='bbox 2877 3108 3037 3162; x_wconf 86' lang='lat' dir='ltr'><strong>bonis.</strong></span> <span class='ocrx_word' id='word_1_771' title='bbox 3070 3107 3138 3162; x_wconf 87' lang='lat' dir='ltr'><strong>Et</strong></span> <span class='ocrx_word' id='word_1_772' title='bbox 3181 3110 3328 3165; x_wconf 87' lang='lat' dir='ltr'><strong>dolor</strong></span> <span class='ocrx_word' id='word_1_773' title='bbox 3371 3129 3510 3167; x_wconf 87' lang='lat' dir='ltr'><strong>meus</strong></span> <span class='ocrx_word' id='word_1_774' title='bbox 3555 3127 3834 3173; x_wconf 84' lang='lat' dir='ltr'><strong>renovatus</strong></span> 
     </span>
    </p>
   </div>
   <div class='ocr_carea' id='block_1_91' title="bbox 2235 3194 3835 3270">
    <p class='ocr_par' dir='ltr' id='par_1_91' title="bbox 2235 3194 3835 3270">
     <span class='ocr_line' id='line_1_92' title="bbox 2235 3194 3835 3270; baseline 0.011 -23"><span class='ocrx_word' id='word_1_775' title='bbox 2235 3202 2328 3247; x_wconf 80' lang='lat' dir='ltr'><strong>est.</strong></span> <span class='ocrx_word' id='word_1_776' title='bbox 2359 3194 2615 3264; x_wconf 23' lang='lat' dir='ltr'><strong>A‘dolore</strong></span> <span class='ocrx_word' id='word_1_777' title='bbox 2641 3197 2840 3268; x_wconf 88' lang='lat' dir='ltr'><strong>quippe</strong></span> <span class='ocrx_word' id='word_1_778' title='bbox 2877 3199 3128 3268; x_wconf 89' lang='lat' dir='ltr'><strong>quodam,</strong></span> <span class='ocrx_word' id='word_1_779' title='bbox 3159 3217 3318 3270; x_wconf 90' lang='lat' dir='ltr'><strong>quem</strong></span> <span class='ocrx_word' id='word_1_780' title='bbox 3361 3205 3490 3259; x_wconf 91' lang='lat' dir='ltr'><strong>mihi</strong></span> <span class='ocrx_word' id='word_1_781' title='bbox 3521 3205 3835 3265; x_wconf 73' lang='lat' dir='ltr'><strong>indixerant</strong></span> 
     </span>
    </p>
   </div>
   <div class='ocr_carea' id='block_1_92' title="bbox 2232 3286 3833 3373">
    <p class='ocr_par' dir='ltr' id='par_1_92' title="bbox 2232 3286 3833 3373">
     <span class='ocr_line' id='line_1_93' title="bbox 2232 3286 3833 3373; baseline 0.013 -33"><span class='ocrx_word' id='word_1_782' title='bbox 2232 3286 2644 3345; x_wconf 88' lang='lat' dir='ltr'><strong>calumniatores</strong></span> <span class='ocrx_word' id='word_1_783' title='bbox 2687 3298 2742 3344; x_wconf 92' lang='lat' dir='ltr'><strong>et</strong></span> <span class='ocrx_word' id='word_1_784' title='bbox 2785 3291 3223 3361; x_wconf 88' lang='lat' dir='ltr'><strong>reprehensores,</strong></span> <span class='ocrx_word' id='word_1_785' title='bbox 3257 3303 3506 3364; x_wconf 89' lang='lat' dir='ltr'><strong>tanquam</strong></span> <span class='ocrx_word' id='word_1_786' title='bbox 3538 3300 3833 3373; x_wconf 86' lang='lat' dir='ltr'><strong>requieve-</strong></span> 
     </span>
    </p>
   </div>
   <div class='ocr_carea' id='block_1_93' title="bbox 2234 3377 3833 3461">
    <p class='ocr_par' dir='ltr' id='par_1_93' title="bbox 2234 3377 3833 3461">
     <span class='ocr_line' id='line_1_94' title="bbox 2234 3377 3833 3461; baseline 0.01 -26"><span class='ocrx_word' id='word_1_787' title='bbox 2234 3391 2348 3435; x_wconf 86' lang='lat' dir='ltr'><strong>ram</strong></span> <span class='ocrx_word' id='word_1_788' title='bbox 2375 3377 2426 3434; x_wconf 91' lang='lat' dir='ltr'><strong>in</strong></span> <span class='ocrx_word' id='word_1_789' title='bbox 2455 3379 2688 3450; x_wconf 89' lang='lat' dir='ltr'><strong>silentio,</strong></span> <span class='ocrx_word' id='word_1_790' title='bbox 2713 3391 2768 3439; x_wconf 88' lang='lat' dir='ltr'><strong>et</strong></span> <span class='ocrx_word' id='word_1_791' title='bbox 2788 3392 3091 3442; x_wconf 87' lang='lat' dir='ltr'><strong>cessaverat</strong></span> <span class='ocrx_word' id='word_1_792' title='bbox 3108 3384 3262 3443; x_wconf 89' lang='lat' dir='ltr'><strong>dolor</strong></span> <span class='ocrx_word' id='word_1_793' title='bbox 3288 3386 3376 3445; x_wconf 89' lang='lat' dir='ltr'><strong>ille</strong></span> <span class='ocrx_word' id='word_1_794' title='bbox 3398 3388 3490 3461; x_wconf 89' lang='lat' dir='ltr'><strong>qui</strong></span> <span class='ocrx_word' id='word_1_795' title='bbox 3511 3389 3680 3449; x_wconf 88' lang='lat' dir='ltr'><strong>factus</strong></span> <span class='ocrx_word' id='word_1_796' title='bbox 3709 3405 3833 3452; x_wconf 86' lang='lat' dir='ltr'><strong>erat</strong></span> 
     </span>
    </p>
   </div>
   <div class='ocr_carea' id='block_1_94' title="bbox 2234 3473 3834 3550">
    <p class='ocr_par' dir='ltr' id='par_1_94' title="bbox 2234 3473 3834 3550">
     <span class='ocr_line' id='line_1_95' title="bbox 2234 3473 3834 3550; baseline 0.01 -22"><span class='ocrx_word' id='word_1_797' title='bbox 2234 3487 2266 3528; x_wconf 86' lang='lat' dir='ltr'><strong>a</strong></span> <span class='ocrx_word' id='word_1_798' title='bbox 2291 3473 2736 3531; x_wconf 86' lang='lat' dir='ltr'><strong>calumniantibus</strong></span> <span class='ocrx_word' id='word_1_799' title='bbox 2774 3495 2788 3530; x_wconf 91' lang='lat'><strong>:</strong></span> <span class='ocrx_word' id='word_1_800' title='bbox 2830 3477 2925 3533; x_wconf 88' lang='lat' dir='ltr'><strong>sed</strong></span> <span class='ocrx_word' id='word_1_801' title='bbox 2970 3479 3059 3534; x_wconf 91' lang='lat' dir='ltr'><strong>ubi</strong></span> <span class='ocrx_word' id='word_1_802' title='bbox 3102 3480 3224 3534; x_wconf 89' lang='lat' dir='ltr'><strong>silui</strong></span> <span class='ocrx_word' id='word_1_803' title='bbox 3255 3497 3285 3535; x_wconf 92' lang='lat' dir='ltr'><strong>a</strong></span> <span class='ocrx_word' id='word_1_804' title='bbox 3314 3481 3488 3550; x_wconf 90' lang='lat' dir='ltr'><strong>bonis,</strong></span> <span class='ocrx_word' id='word_1_805' title='bbox 3535 3497 3834 3545; x_wconf 86' lang='lat' dir='ltr'><strong>renovatus</strong></span> 
     </span>
    </p>
   </div>
   <div class='ocr_carea' id='block_1_95' title="bbox 2234 3565 3835 3648">
    <p class='ocr_par' dir='ltr' id='par_1_95' title="bbox 2234 3565 3835 3648">
     <span class='ocr_line' id='line_1_96' title="bbox 2234 3565 3835 3648; baseline 0.009 -28"><span class='ocrx_word' id='word_1_806' title='bbox 2234 3573 2318 3620; x_wconf 88' lang='lat' dir='ltr'><strong>est</strong></span> <span class='ocrx_word' id='word_1_807' title='bbox 2345 3565 2502 3621; x_wconf 89' lang='lat' dir='ltr'><strong>dolor</strong></span> <span class='ocrx_word' id='word_1_808' title='bbox 2538 3582 2710 3622; x_wconf 86' lang='lat' dir='ltr'><strong>meus.</strong></span> <span class='ocrx_word' id='word_1_809' title='bbox 2743 3567 2891 3638; x_wconf 69' lang='lat' dir='ltr'><strong>Coepi</strong></span> <span class='ocrx_word' id='word_1_810' title='bbox 2941 3570 3063 3639; x_wconf 90' lang='lat' dir='ltr'><strong>plus</strong></span> <span class='ocrx_word' id='word_1_811' title='bbox 3087 3570 3271 3627; x_wconf 91' lang='lat' dir='ltr'><strong>dolere</strong></span> <span class='ocrx_word' id='word_1_812' title='bbox 3312 3574 3540 3631; x_wconf 87' lang='lat' dir='ltr'><strong>tacuisse</strong></span> <span class='ocrx_word' id='word_1_813' title='bbox 3580 3591 3668 3632; x_wconf 92' lang='lat' dir='ltr'><strong>me</strong></span> <span class='ocrx_word' id='word_1_814' title='bbox 3709 3593 3835 3648; x_wconf 65' lang='lat' dir='ltr'><strong>qua:</strong></span> 
     </span>
    </p>
   </div>
   <div class='ocr_carea' id='block_1_96' title="bbox 2234 3654 3834 3738">
    <p class='ocr_par' dir='ltr' id='par_1_96' title="bbox 2234 3654 3834 3738">
     <span class='ocr_line' id='line_1_97' title="bbox 2234 3654 3834 3738; baseline 0.01 -27"><span class='ocrx_word' id='word_1_815' title='bbox 2234 3654 2414 3712; x_wconf 89' lang='lat' dir='ltr'><strong>dicere</strong></span> <span class='ocrx_word' id='word_1_816' title='bbox 2441 3656 2714 3725; x_wconf 89' lang='lat' dir='ltr'><strong>deberem,</strong></span> <span class='ocrx_word' id='word_1_817' title='bbox 2759 3675 2917 3730; x_wconf 91' lang='lat' dir='ltr'><strong>quam</strong></span> <span class='ocrx_word' id='word_1_818' title='bbox 2958 3661 3237 3717; x_wconf 87' lang='lat' dir='ltr'><strong>dolueram</strong></span> <span class='ocrx_word' id='word_1_819' title='bbox 3267 3663 3469 3722; x_wconf 81' lang='lat' dir='ltr'><strong>dixisse</strong></span> <span class='ocrx_word' id='word_1_820' title='bbox 3496 3682 3616 3738; x_wconf 67' lang='lat' dir='ltr'><strong>quas</strong></span> <span class='ocrx_word' id='word_1_821' title='bbox 3644 3667 3834 3727; x_wconf 83' lang='lat' dir='ltr'><strong>dicere</strong></span> 
     </span>
    </p>
   </div>
   <div class='ocr_carea' id='block_1_97' title="bbox 2234 3747 3414 3810">
    <p class='ocr_par' dir='ltr' id='par_1_97' title="bbox 2234 3747 3414 3810">
     <span class='ocr_line' id='line_1_98' title="bbox 2234 3747 3414 3810; baseline 0.008 -8"><span class='ocrx_word' id='word_1_822' title='bbox 2234 3761 2340 3802; x_wconf 92' lang='lat' dir='ltr'><strong>non</strong></span> <span class='ocrx_word' id='word_1_823' title='bbox 2369 3747 2639 3804; x_wconf 90' lang='lat' dir='ltr'><strong>deberem.</strong></span> <span class='ocrx_word' id='word_1_824' title='bbox 2671 3749 2959 3806; x_wconf 84' lang='lat' dir='ltr'><strong>Renovatus</strong></span> <span class='ocrx_word' id='word_1_825' title='bbox 2982 3762 3054 3806; x_wconf 88' lang='lat' dir='ltr'><strong>est</strong></span> <span class='ocrx_word' id='word_1_826' title='bbox 3079 3753 3228 3808; x_wconf 89' lang='lat' dir='ltr'><strong>dolor</strong></span> <span class='ocrx_word' id='word_1_827' title='bbox 3256 3772 3414 3810; x_wconf 86' lang='lat' dir='ltr'><strong>meus.</strong></span> 
     </span>
    </p>
   </div>
   <div class='ocr_carea' id='block_1_98' title="bbox 2305 3837 3835 3915">
    <p class='ocr_par' dir='ltr' id='par_1_98' title="bbox 2305 3837 3835 3915">
     <span class='ocr_line' id='line_1_99' title="bbox 2305 3837 3835 3915; baseline 0.01 -21"><span class='ocrx_word' id='word_1_828' title='bbox 2305 3839 2358 3894; x_wconf 85' lang='lat'><strong>5.</strong></span> <span class='ocrx_word' id='word_1_829' title='bbox 2391 3837 2540 3912; x_wconf 84' lang='lat' dir='ltr'><strong>[vers.</strong></span> <span class='ocrx_word' id='word_1_830' title='bbox 2571 3842 2626 3907; x_wconf 82' lang='grc'><strong>4,</strong></span> <span class='ocrx_word' id='word_1_831' title='bbox 2657 3841 2735 3914; x_wconf 85' lang='lat'><strong>5.]</strong></span> <span class='ocrx_word' id='word_1_832' title='bbox 2767 3841 2842 3915; x_wconf 90' lang='lat' dir='ltr'><strong>(a)</strong></span> <span class='ocrx_word' id='word_1_833' title='bbox 2875 3841 2943 3896; x_wconf 85' lang='lat' dir='ltr'><strong>Et</strong></span> <span class='ocrx_word' id='word_1_834' title='bbox 2966 3844 3021 3898; x_wconf 90' lang='lat' dir='ltr'><strong>in</strong></span> <span class='ocrx_word' id='word_1_835' title='bbox 3048 3846 3375 3903; x_wconf 80' lang='lat' dir='ltr'><strong>meditatione</strong></span> <span class='ocrx_word' id='word_1_836' title='bbox 3400 3866 3511 3904; x_wconf 82' lang='lat' dir='ltr'><strong>mea</strong></span> <span class='ocrx_word' id='word_1_837' title='bbox 3539 3853 3835 3910; x_wconf 72' lang='lat' dir='ltr'><strong>exardesce&#39;t</strong></span> 
     </span>
    </p>
   </div>
   <div class='ocr_carea' id='block_1_99' title="bbox 2233 3932 3835 4006">
    <p class='ocr_par' dir='ltr' id='par_1_99' title="bbox 2233 3932 3835 4006">
     <span class='ocr_line' id='line_1_100' title="bbox 2233 3932 3835 4006; baseline 0.009 -20"><span class='ocrx_word' id='word_1_838' title='bbox 2233 3932 2384 4004; x_wconf 80' lang='lat' dir='ltr'><strong>ignis.</strong></span> <span class='ocrx_word' id='word_1_839' title='bbox 2413 3933 2588 4004; x_wconf 67' lang='lat' dir='ltr'><strong>Coepit</strong></span> <span class='ocrx_word' id='word_1_840' title='bbox 2613 3949 2734 3990; x_wconf 89' lang='lat' dir='ltr'><strong>esse</strong></span> <span class='ocrx_word' id='word_1_841' title='bbox 2759 3935 3050 4006; x_wconf 89' lang='lat' dir='ltr'><strong>inquietum</strong></span> <span class='ocrx_word' id='word_1_842' title='bbox 3079 3951 3173 3993; x_wconf 87' lang='lat' dir='ltr'><strong>cor</strong></span> <span class='ocrx_word' id='word_1_843' title='bbox 3211 3954 3410 3995; x_wconf 89' lang='lat' dir='ltr'><strong>meum.</strong></span> <span class='ocrx_word' id='word_1_844' title='bbox 3441 3940 3700 3998; x_wconf 82' lang='lat' dir='ltr'><strong>Videbam</strong></span> <span class='ocrx_word' id='word_1_845' title='bbox 3746 3945 3835 4000; x_wconf 84' lang='lat' dir='ltr'><strong>in-</strong></span> 
     </span>
    </p>
   </div>
   <div class='ocr_carea' id='block_1_100' title="bbox 2235 4028 3836 4109">
    <p class='ocr_par' dir='ltr' id='par_1_100' title="bbox 2235 4028 3836 4109">
     <span class='ocr_line' id='line_1_101' title="bbox 2235 4028 3836 4109; baseline 0.009 -28"><span class='ocrx_word' id='word_1_846' title='bbox 2235 4035 2500 4096; x_wconf 88' lang='lat' dir='ltr'><strong>sensatos,</strong></span> <span class='ocrx_word' id='word_1_847' title='bbox 2525 4036 2581 4084; x_wconf 93' lang='lat' dir='ltr'><strong>et</strong></span> <span class='ocrx_word' id='word_1_848' title='bbox 2620 4028 2956 4084; x_wconf 89' lang='lat' dir='ltr'><strong>tabescebam</strong></span> <span class='ocrx_word' id='word_1_849' title='bbox 2989 4028 3162 4103; x_wconf 86' lang='lat' dir='ltr'><strong>(Psal.</strong></span> <span class='ocrx_word' id='word_1_850' title='bbox 3203 4040 3388 4100; x_wconf 85' lang='lat' dir='ltr'><strong>cxvm,</strong></span> <span class='ocrx_word' id='word_1_851' title='bbox 3426 4034 3573 4109; x_wconf 71' lang='lat'><strong>158),</strong></span> <span class='ocrx_word' id='word_1_852' title='bbox 3603 4053 3711 4093; x_wconf 92' lang='lat' dir='ltr'><strong>non</strong></span> <span class='ocrx_word' id='word_1_853' title='bbox 3746 4055 3836 4095; x_wconf 89' lang='lat' dir='ltr'><strong>ar-</strong></span> 
     </span>
    </p>
   </div>
   <div class='ocr_carea' id='block_1_101' title="bbox 2234 4117 3838 4189">
    <p class='ocr_par' dir='ltr' id='par_1_101' title="bbox 2234 4117 3838 4189">
     <span class='ocr_line' id='line_1_102' title="bbox 2234 4117 3838 4189; baseline 0.01 -18"><span class='ocrx_word' id='word_1_854' title='bbox 2234 4117 2458 4189; x_wconf 75' lang='lat' dir='ltr'><strong>guebam</strong></span> <span class='ocrx_word' id='word_1_855' title='bbox 2486 4135 2500 4172; x_wconf 92' lang='lat'><strong>:</strong></span> <span class='ocrx_word' id='word_1_856' title='bbox 2529 4127 2585 4174; x_wconf 91' lang='lat' dir='ltr'><strong>et</strong></span> <span class='ocrx_word' id='word_1_857' title='bbox 2611 4134 2698 4174; x_wconf 91' lang='lat' dir='ltr'><strong>me</strong></span> <span class='ocrx_word' id='word_1_858' title='bbox 2725 4119 2802 4174; x_wconf 92' lang='lat' dir='ltr'><strong>sic</strong></span> <span class='ocrx_word' id='word_1_859' title='bbox 2845 4128 3108 4177; x_wconf 86' lang='lat' dir='ltr'><strong>tacentem</strong></span> <span class='ocrx_word' id='word_1_860' title='bbox 3140 4123 3286 4178; x_wconf 79' lang='lat' dir='ltr'><strong>zelus</strong></span> <span class='ocrx_word' id='word_1_861' title='bbox 3313 4125 3506 4182; x_wconf 89' lang='lat' dir='ltr'><strong>domus</strong></span> <span class='ocrx_word' id='word_1_862' title='bbox 3551 4137 3654 4184; x_wconf 72' lang='lat' dir='ltr'><strong>tua:</strong></span> <span class='ocrx_word' id='word_1_863' title='bbox 3679 4144 3838 4186; x_wconf 87' lang='lat' dir='ltr'><strong>com-</strong></span> 
     </span>
    </p>
   </div>
   <div class='ocr_carea' id='block_1_102' title="bbox 2235 4211 3836 4285">
    <p class='ocr_par' dir='ltr' id='par_1_102' title="bbox 2235 4211 3836 4285">
     <span class='ocr_line' id='line_1_103' title="bbox 2235 4211 3836 4285; baseline 0.007 -17"><span class='ocrx_word' id='word_1_864' title='bbox 2235 4212 2426 4268; x_wconf 87' lang='lat' dir='ltr'><strong>edebat</strong></span> <span class='ocrx_word' id='word_1_865' title='bbox 2445 4211 2613 4284; x_wconf 87' lang='lat' dir='ltr'><strong>(Psal.</strong></span> <span class='ocrx_word' id='word_1_866' title='bbox 2642 4229 2822 4280; x_wconf 79' lang='lat' dir='ltr'><strong>vaut,</strong></span> <span class='ocrx_word' id='word_1_867' title='bbox 2853 4213 2966 4284; x_wconf 88' lang='grc'><strong>10).</strong></span> <span class='ocrx_word' id='word_1_868' title='bbox 3012 4214 3248 4285; x_wconf 78' lang='lat' dir='ltr'><strong>Respexi</strong></span> <span class='ocrx_word' id='word_1_869' title='bbox 3273 4219 3417 4274; x_wconf 91' lang='lat' dir='ltr'><strong>enim</strong></span> <span class='ocrx_word' id='word_1_870' title='bbox 3447 4220 3513 4275; x_wconf 89' lang='lat' dir='ltr'><strong>ad</strong></span> <span class='ocrx_word' id='word_1_871' title='bbox 3539 4221 3836 4280; x_wconf 89' lang='lat' dir='ltr'><strong>Dominum</strong></span> 
     </span>
    </p>
   </div>
   <div class='ocr_carea' id='block_1_103' title="bbox 2235 4303 3837 4385">
    <p class='ocr_par' dir='ltr' id='par_1_103' title="bbox 2235 4303 3837 4385">
     <span class='ocr_line' id='line_1_104' title="bbox 2235 4303 3837 4385; baseline 0.008 -27"><span class='ocrx_word' id='word_1_872' title='bbox 2235 4318 2412 4358; x_wconf 89' lang='lat' dir='ltr'><strong>meum</strong></span> <span class='ocrx_word' id='word_1_873' title='bbox 2439 4303 2700 4359; x_wconf 90' lang='lat' dir='ltr'><strong>dicentem</strong></span> <span class='ocrx_word' id='word_1_874' title='bbox 2732 4323 2744 4359; x_wconf 91' lang='lat'><strong>:</strong></span> <span class='ocrx_word' id='word_1_875' title='bbox 2775 4305 2929 4360; x_wconf 82' lang='lat' dir='ltr'><strong>Serve</strong></span> <span class='ocrx_word' id='word_1_876' title='bbox 2957 4321 3172 4379; x_wconf 85' lang='lat' dir='ltr'><strong>nequam</strong></span> <span class='ocrx_word' id='word_1_877' title='bbox 3199 4317 3246 4362; x_wconf 89' lang='lat' dir='ltr'><strong>et</strong></span> <span class='ocrx_word' id='word_1_878' title='bbox 3283 4311 3443 4381; x_wconf 85' lang='lat' dir='ltr'><strong>piger,</strong></span> <span class='ocrx_word' id='word_1_879' title='bbox 3477 4311 3627 4368; x_wconf 87' lang='lat' dir='ltr'><strong>dares</strong></span> <span class='ocrx_word' id='word_1_880' title='bbox 3665 4332 3837 4385; x_wconf 83' lang='lat' dir='ltr'><strong>pecu-</strong></span> 
     </span>
    </p>
   </div>
   <div class='ocr_carea' id='block_1_104' title="bbox 2235 4395 3838 4470">
    <p class='ocr_par' dir='ltr' id='par_1_104' title="bbox 2235 4395 3838 4470">
     <span class='ocr_line' id='line_1_105' title="bbox 2235 4395 3838 4470; baseline 0.01 -23"><span class='ocrx_word' id='word_1_881' title='bbox 2235 4395 2373 4448; x_wconf 87' lang='lat' dir='ltr'><strong>niam</strong></span> <span class='ocrx_word' id='word_1_882' title='bbox 2396 4399 2559 4449; x_wconf 85' lang='lat' dir='ltr'><strong>meain</strong></span> <span class='ocrx_word' id='word_1_883' title='bbox 2583 4397 2958 4464; x_wconf 88' lang='lat' dir='ltr'><strong>nummulariis,</strong></span> <span class='ocrx_word' id='word_1_884' title='bbox 2981 4408 3027 4453; x_wconf 88' lang='lat' dir='ltr'><strong>et</strong></span> <span class='ocrx_word' id='word_1_885' title='bbox 3047 4414 3138 4470; x_wconf 85' lang='lat' dir='ltr'><strong>ego</strong></span> <span class='ocrx_word' id='word_1_886' title='bbox 3161 4401 3364 4455; x_wconf 85' lang='lat' dir='ltr'><strong>veniens</strong></span> <span class='ocrx_word' id='word_1_887' title='bbox 3383 4419 3500 4457; x_wconf 84' lang='lat' dir='ltr'><strong>cum</strong></span> <span class='ocrx_word' id='word_1_888' title='bbox 3523 4406 3694 4460; x_wconf 81' lang='lat' dir='ltr'><strong>usuris</strong></span> <span class='ocrx_word' id='word_1_889' title='bbox 3747 4425 3838 4464; x_wconf 79' lang='lat' dir='ltr'><strong>ea:-</strong></span> 
     </span>
    </p>
   </div>
   <div class='ocr_carea' id='block_1_105' title="bbox 2234 4486 3838 4565">
    <p class='ocr_par' dir='ltr' id='par_1_105' title="bbox 2234 4486 3838 4565">
     <span class='ocr_line' id='line_1_106' title="bbox 2234 4486 3838 4565; baseline 0.008 -24"><span class='ocrx_word' id='word_1_890' title='bbox 2234 4487 2440 4558; x_wconf 86' lang='lat' dir='ltr'><strong>igerem.</strong></span> <span class='ocrx_word' id='word_1_891' title='bbox 2470 4486 2538 4541; x_wconf 90' lang='lat' dir='ltr'><strong>Et</strong></span> <span class='ocrx_word' id='word_1_892' title='bbox 2561 4487 2699 4557; x_wconf 87' lang='lat' dir='ltr'><strong>quod</strong></span> <span class='ocrx_word' id='word_1_893' title='bbox 2729 4487 2987 4558; x_wconf 90' lang='lat' dir='ltr'><strong>sequitur,</strong></span> <span class='ocrx_word' id='word_1_894' title='bbox 3005 4499 3212 4544; x_wconf 89' lang='lat' dir='ltr'><strong>avertat</strong></span> <span class='ocrx_word' id='word_1_895' title='bbox 3232 4491 3372 4548; x_wconf 88' lang='lat' dir='ltr'><strong>Deus</strong></span> <span class='ocrx_word' id='word_1_896' title='bbox 3390 4508 3420 4548; x_wconf 88' lang='lat' dir='ltr'><strong>a</strong></span> <span class='ocrx_word' id='word_1_897' title='bbox 3445 4494 3838 4565; x_wconf 86' lang='lat' dir='ltr'><strong>dispensatori-</strong></span> 
     </span>
    </p>
   </div>
   <div class='ocr_carea' id='block_1_106' title="bbox 2235 4576 3838 4658">
    <p class='ocr_par' dir='ltr' id='par_1_106' title="bbox 2235 4576 3838 4658">
     <span class='ocr_line' id='line_1_107' title="bbox 2235 4576 3838 4658; baseline 0.007 -25"><span class='ocrx_word' id='word_1_898' title='bbox 2235 4577 2337 4633; x_wconf 90' lang='lat' dir='ltr'><strong>bus</strong></span> <span class='ocrx_word' id='word_1_899' title='bbox 2377 4578 2487 4632; x_wconf 91' lang='lat' dir='ltr'><strong>suis</strong></span> <span class='ocrx_word' id='word_1_900' title='bbox 2527 4595 2540 4632; x_wconf 91' lang='lat'>:</span> <span class='ocrx_word' id='word_1_901' title='bbox 2583 4576 2895 4649; x_wconf 88' lang='lat' dir='ltr'><strong>Projiciatur</strong></span> <span class='ocrx_word' id='word_1_902' title='bbox 2940 4581 2995 4634; x_wconf 89' lang='lat' dir='ltr'><strong>in</strong></span> <span class='ocrx_word' id='word_1_903' title='bbox 3051 4582 3276 4637; x_wconf 83' lang='lat' dir='ltr'><strong>tenebras</strong></span> <span class='ocrx_word' id='word_1_904' title='bbox 3328 4587 3598 4641; x_wconf 71' lang='lat' dir='ltr'><strong>exteriores</strong></span> <span class='ocrx_word' id='word_1_905' title='bbox 3653 4588 3838 4658; x_wconf 79' lang='lat' dir='ltr'><strong>ligatis</strong></span> 
     </span>
    </p>
   </div>
   <div class='ocr_carea' id='block_1_107' title="bbox 2236 4669 3838 4748">
    <p class='ocr_par' dir='ltr' id='par_1_107' title="bbox 2236 4669 3838 4748">
     <span class='ocr_line' id='line_1_108' title="bbox 2236 4669 3838 4748; baseline 0.009 -25"><span class='ocrx_word' id='word_1_906' title='bbox 2236 4669 2483 4724; x_wconf 89' lang='lat' dir='ltr'><strong>manibus</strong></span> <span class='ocrx_word' id='word_1_907' title='bbox 2509 4678 2565 4725; x_wconf 92' lang='lat' dir='ltr'><strong>et</strong></span> <span class='ocrx_word' id='word_1_908' title='bbox 2590 4669 2832 4739; x_wconf 91' lang='lat' dir='ltr'><strong>pedibus,</strong></span> <span class='ocrx_word' id='word_1_909' title='bbox 2863 4686 3069 4737; x_wconf 84' lang='lat' dir='ltr'><strong>servus,</strong></span> <span class='ocrx_word' id='word_1_910' title='bbox 3103 4689 3208 4728; x_wconf 93' lang='lat' dir='ltr'><strong>non</strong></span> <span class='ocrx_word' id='word_1_911' title='bbox 3236 4689 3457 4731; x_wconf 86' lang='lat' dir='ltr'><strong>eversor</strong></span> <span class='ocrx_word' id='word_1_912' title='bbox 3482 4677 3550 4732; x_wconf 85' lang='lat' dir='ltr'><strong>ad</strong></span> <span class='ocrx_word' id='word_1_913' title='bbox 3590 4681 3838 4748; x_wconf 87' lang='lat' dir='ltr'><strong>perden-</strong></span> 
     </span>
    </p>
   </div>
   <div class='ocr_carea' id='block_1_108' title="bbox 2235 4761 3836 4845">
    <p class='ocr_par' dir='ltr' id='par_1_108' title="bbox 2235 4761 3836 4845">
     <span class='ocr_line' id='line_1_109' title="bbox 2235 4761 3836 4845; baseline 0.007 -28"><span class='ocrx_word' id='word_1_914' title='bbox 2235 4761 2384 4825; x_wconf 90' lang='lat' dir='ltr'><strong>dum,</strong></span> <span class='ocrx_word' id='word_1_915' title='bbox 2407 4761 2499 4816; x_wconf 88' lang='lat' dir='ltr'><strong>sed</strong></span> <span class='ocrx_word' id='word_1_916' title='bbox 2523 4763 2671 4832; x_wconf 76' lang='lat' dir='ltr'><strong>piger</strong></span> <span class='ocrx_word' id='word_1_917' title='bbox 2686 4761 2751 4815; x_wconf 87' lang='lat' dir='ltr'><strong>ad</strong></span> <span class='ocrx_word' id='word_1_918' title='bbox 2768 4763 3093 4833; x_wconf 78' lang='lat' dir='ltr'><strong>erogandum</strong></span> <span class='ocrx_word' id='word_1_919' title='bbox 3115 4765 3323 4837; x_wconf 80' lang='lat' dir='ltr'><strong>(Matth.</strong></span> <span class='ocrx_word' id='word_1_920' title='bbox 3344 4783 3470 4834; x_wconf 83' lang='lat' dir='ltr'><strong>xxv,</strong></span> <span class='ocrx_word' id='word_1_921' title='bbox 3486 4767 3682 4836; x_wconf 74' lang='lat'><strong>26,27,</strong></span> <span class='ocrx_word' id='word_1_922' title='bbox 3709 4773 3836 4845; x_wconf 81' lang='grc'><strong>50).</strong></span> 
     </span>
    </p>
   </div>
   <div class='ocr_carea' id='block_1_109' title="bbox 2236 4855 3841 4934">
    <p class='ocr_par' dir='ltr' id='par_1_109' title="bbox 2236 4855 3841 4934">
     <span class='ocr_line' id='line_1_110' title="bbox 2236 4855 3841 4934; baseline 0.009 -27"><span class='ocrx_word' id='word_1_923' title='bbox 2236 4855 2374 4924; x_wconf 86' lang='lat' dir='ltr'><strong>Quid</strong></span> <span class='ocrx_word' id='word_1_924' title='bbox 2399 4864 2711 4924; x_wconf 89' lang='lat' dir='ltr'><strong>exspectare</strong></span> <span class='ocrx_word' id='word_1_925' title='bbox 2733 4855 2951 4922; x_wconf 89' lang='lat' dir='ltr'><strong>debent,</strong></span> <span class='ocrx_word' id='word_1_926' title='bbox 2980 4858 3210 4928; x_wconf 89' lang='lat' dir='ltr'><strong>quicum</strong></span> <span class='ocrx_word' id='word_1_927' title='bbox 3237 4860 3446 4916; x_wconf 83' lang='lat' dir='ltr'><strong>luxuria</strong></span> <span class='ocrx_word' id='word_1_928' title='bbox 3475 4877 3841 4934; x_wconf 77' lang='lat' dir='ltr'><strong>consumpse-</strong></span> 
     </span>
    </p>
   </div>
   <div class='ocr_carea' id='block_1_110' title="bbox 2236 4947 3834 5020">
    <p class='ocr_par' dir='ltr' id='par_1_110' title="bbox 2236 4947 3834 5020">
     <span class='ocr_line' id='line_1_111' title="bbox 2236 4947 3834 5020; baseline 0.008 -18"><span class='ocrx_word' id='word_1_929' title='bbox 2236 4955 2382 5012; x_wconf 89' lang='lat' dir='ltr'><strong>runt,</strong></span> <span class='ocrx_word' id='word_1_930' title='bbox 2406 4947 2451 5001; x_wconf 92' lang='lat' dir='ltr'><strong>si</strong></span> <span class='ocrx_word' id='word_1_931' title='bbox 2477 4947 2796 5002; x_wconf 87' lang='lat' dir='ltr'><strong>damnantur</strong></span> <span class='ocrx_word' id='word_1_932' title='bbox 2819 4949 2907 5018; x_wconf 94' lang='lat' dir='ltr'><strong>qui</strong></span> <span class='ocrx_word' id='word_1_933' title='bbox 2937 4963 3059 5004; x_wconf 90' lang='lat' dir='ltr'><strong>cum</strong></span> <span class='ocrx_word' id='word_1_934' title='bbox 3087 4951 3295 5020; x_wconf 76' lang='lat' dir='ltr'><strong>pigritia</strong></span> <span class='ocrx_word' id='word_1_935' title='bbox 3335 4955 3727 5010; x_wconf 84' lang='lat' dir='ltr'><strong>servaverunt?</strong></span> <span class='ocrx_word' id='word_1_936' title='bbox 3760 4957 3834 5014; x_wconf 83' lang='lat' dir='ltr'><strong>In</strong></span> 
     </span>
    </p>
   </div>
   <div class='ocr_carea' id='block_1_111' title="bbox 2236 5037 3846 5114">
    <p class='ocr_par' dir='ltr' id='par_1_111' title="bbox 2236 5037 3846 5114">
     <span class='ocr_line' id='line_1_112' title="bbox 2236 5037 3846 5114; baseline 0.01 -25"><span class='ocrx_word' id='word_1_937' title='bbox 2236 5037 2558 5091; x_wconf 87' lang='lat' dir='ltr'><strong>meditatione</strong></span> <span class='ocrx_word' id='word_1_938' title='bbox 2586 5054 2698 5091; x_wconf 89' lang='lat' dir='ltr'><strong>mea</strong></span> <span class='ocrx_word' id='word_1_939' title='bbox 2737 5039 3029 5093; x_wconf 70' lang='lat' dir='ltr'><strong>exardescet</strong></span> <span class='ocrx_word' id='word_1_940' title='bbox 3070 5041 3222 5112; x_wconf 85' lang='lat' dir='ltr'><strong>ignis.</strong></span> <span class='ocrx_word' id='word_1_941' title='bbox 3267 5041 3337 5096; x_wconf 86' lang='lat' dir='ltr'><strong>Et</strong></span> <span class='ocrx_word' id='word_1_942' title='bbox 3375 5045 3580 5114; x_wconf 89' lang='lat' dir='ltr'><strong>positus</strong></span> <span class='ocrx_word' id='word_1_943' title='bbox 3625 5045 3680 5100; x_wconf 89' lang='lat' dir='ltr'><strong>in</strong></span> <span class='ocrx_word' id='word_1_944' title='bbox 3732 5047 3846 5106; x_wconf 87' lang='lat' dir='ltr'><strong>hac</strong></span> 
     </span>
    </p>
   </div>
   <div class='ocr_carea' id='block_1_112' title="bbox 2237 5129 3842 5208">
    <p class='ocr_par' dir='ltr' id='par_1_112' title="bbox 2237 5129 3842 5208">
     <span class='ocr_line' id='line_1_113' title="bbox 2237 5129 3842 5208; baseline 0.008 -24"><span class='ocrx_word' id='word_1_945' title='bbox 2237 5129 2578 5185; x_wconf 84' lang='lat' dir='ltr'><strong>ﬂuctuatione</strong></span> <span class='ocrx_word' id='word_1_946' title='bbox 2620 5129 2827 5186; x_wconf 90' lang='lat' dir='ltr'><strong>dicendi</strong></span> <span class='ocrx_word' id='word_1_947' title='bbox 2871 5140 2924 5187; x_wconf 91' lang='lat' dir='ltr'><strong>et</strong></span> <span class='ocrx_word' id='word_1_948' title='bbox 2953 5133 3183 5199; x_wconf 90' lang='lat' dir='ltr'><strong>tacendi,</strong></span> <span class='ocrx_word' id='word_1_949' title='bbox 3233 5135 3374 5190; x_wconf 87' lang='lat' dir='ltr'><strong>inter</strong></span> <span class='ocrx_word' id='word_1_950' title='bbox 3414 5152 3511 5194; x_wconf 86' lang='lat' dir='ltr'><strong>eos</strong></span> <span class='ocrx_word' id='word_1_951' title='bbox 3537 5140 3631 5208; x_wconf 91' lang='lat' dir='ltr'><strong>qui</strong></span> <span class='ocrx_word' id='word_1_952' title='bbox 3673 5143 3842 5198; x_wconf 82' lang='lat' dir='ltr'><strong>calu-</strong></span> 
     </span>
    </p>
   </div>
   <div class='ocr_carea' id='block_1_113' title="bbox 2236 5229 3847 5302">
    <p class='ocr_par' dir='ltr' id='par_1_113' title="bbox 2236 5229 3847 5302">
     <span class='ocr_line' id='line_1_114' title="bbox 2236 5229 3847 5302; baseline 0.006 -17"><span class='ocrx_word' id='word_1_953' title='bbox 2236 5229 2427 5285; x_wconf 88' lang='lat' dir='ltr'><strong>mniari</strong></span> <span class='ocrx_word' id='word_1_954' title='bbox 2471 5229 2638 5299; x_wconf 85' lang='lat' dir='ltr'><strong>parati</strong></span> <span class='ocrx_word' id='word_1_955' title='bbox 2664 5238 2808 5297; x_wconf 89' lang='lat' dir='ltr'><strong>sunt,</strong></span> <span class='ocrx_word' id='word_1_956' title='bbox 2840 5238 2895 5285; x_wconf 90' lang='lat' dir='ltr'><strong>et</strong></span> <span class='ocrx_word' id='word_1_957' title='bbox 2918 5245 3013 5287; x_wconf 90' lang='lat' dir='ltr'><strong>eos</strong></span> <span class='ocrx_word' id='word_1_958' title='bbox 3037 5233 3128 5302; x_wconf 90' lang='lat' dir='ltr'><strong>qui</strong></span> <span class='ocrx_word' id='word_1_959' title='bbox 3153 5232 3402 5289; x_wconf 75' lang='lat' dir='ltr'><strong>affectant</strong></span> <span class='ocrx_word' id='word_1_960' title='bbox 3443 5235 3654 5301; x_wconf 89' lang='lat' dir='ltr'><strong>instrui,</strong></span> <span class='ocrx_word' id='word_1_961' title='bbox 3685 5235 3847 5294; x_wconf 86' lang='lat' dir='ltr'><strong>inter</strong></span> 
     </span>
    </p>
   </div>
   <div class='ocr_carea' id='block_1_114' title="bbox 2237 5321 3844 5400">
    <p class='ocr_par' dir='ltr' id='par_1_114' title="bbox 2237 5321 3844 5400">
     <span class='ocr_line' id='line_1_115' title="bbox 2237 5321 3844 5400; baseline 0.005 -24"><span class='ocrx_word' id='word_1_962' title='bbox 2237 5321 2570 5377; x_wconf 86' lang='lat' dir='ltr'><strong>abundantes</strong></span> <span class='ocrx_word' id='word_1_963' title='bbox 2619 5329 2673 5376; x_wconf 88' lang='lat' dir='ltr'><strong>et</strong></span> <span class='ocrx_word' id='word_1_964' title='bbox 2729 5321 2934 5391; x_wconf 88' lang='lat' dir='ltr'><strong>in0pes,</strong></span> <span class='ocrx_word' id='word_1_965' title='bbox 2991 5322 3162 5378; x_wconf 85' lang='lat' dir='ltr'><strong>factus</strong></span> <span class='ocrx_word' id='word_1_966' title='bbox 3208 5325 3553 5394; x_wconf 88' lang='lat' dir='ltr'><strong>opprobrium</strong></span> <span class='ocrx_word' id='word_1_967' title='bbox 3609 5327 3694 5382; x_wconf 88' lang='lat' dir='ltr'><strong>his</strong></span> <span class='ocrx_word' id='word_1_968' title='bbox 3741 5332 3844 5400; x_wconf 88' lang='lat' dir='ltr'><strong>qui</strong></span> 
     </span>
    </p>
   </div>
   <div class='ocr_carea' id='block_1_115' title="bbox 2237 5411 3843 5488">
    <p class='ocr_par' dir='ltr' id='par_1_115' title="bbox 2237 5411 3843 5488">
     <span class='ocr_line' id='line_1_116' title="bbox 2237 5411 3843 5488; baseline 0.006 -21"><span class='ocrx_word' id='word_1_969' title='bbox 2237 5412 2595 5479; x_wconf 86' lang='lat' dir='ltr'><strong>abundabant,</strong></span> <span class='ocrx_word' id='word_1_970' title='bbox 2613 5420 2668 5466; x_wconf 93' lang='lat' dir='ltr'><strong>et</strong></span> <span class='ocrx_word' id='word_1_971' title='bbox 2687 5411 2960 5481; x_wconf 86' lang='lat' dir='ltr'><strong>despcctio</strong></span> <span class='ocrx_word' id='word_1_972' title='bbox 2976 5413 3406 5486; x_wconf 87' lang='lat' dir='ltr'><strong>superbis(Psal.</strong></span> <span class='ocrx_word' id='word_1_973' title='bbox 3434 5431 3598 5484; x_wconf 80' lang='lat' dir='ltr'><strong>cxxtt,</strong></span> <span class='ocrx_word' id='word_1_974' title='bbox 3627 5418 3707 5488; x_wconf 64' lang='grc' dir='ltr'><strong>Δ),</strong></span> <span class='ocrx_word' id='word_1_975' title='bbox 3744 5436 3843 5476; x_wconf 82' lang='lat' dir='ltr'><strong>re-</strong></span> 
     </span>
    </p>
   </div>
   <div class='ocr_carea' id='block_1_116' title="bbox 2237 5502 3836 5579">
    <p class='ocr_par' dir='ltr' id='par_1_116' title="bbox 2237 5502 3836 5579">
     <span class='ocr_line' id='line_1_117' title="bbox 2237 5502 3836 5579; baseline 0.007 -20"><span class='ocrx_word' id='word_1_976' title='bbox 2237 5503 2469 5573; x_wconf 89' lang='lat' dir='ltr'><strong>spiciens</strong></span> <span class='ocrx_word' id='word_1_977' title='bbox 2509 5517 2602 5557; x_wconf 89' lang='lat' dir='ltr'><strong>eos</strong></span> <span class='ocrx_word' id='word_1_978' title='bbox 2631 5502 2817 5558; x_wconf 88' lang='lat' dir='ltr'><strong>beatos</strong></span> <span class='ocrx_word' id='word_1_979' title='bbox 2843 5505 2932 5574; x_wconf 89' lang='lat' dir='ltr'><strong>qui</strong></span> <span class='ocrx_word' id='word_1_980' title='bbox 2977 5507 3217 5562; x_wconf 80' lang='lat' dir='ltr'><strong>esuriant</strong></span> <span class='ocrx_word' id='word_1_981' title='bbox 3241 5517 3294 5564; x_wconf 90' lang='lat' dir='ltr'><strong>et</strong></span> <span class='ocrx_word' id='word_1_982' title='bbox 3341 5509 3531 5564; x_wconf 89' lang='lat' dir='ltr'><strong>sitiunt</strong></span> <span class='ocrx_word' id='word_1_983' title='bbox 3554 5510 3836 5579; x_wconf 86' lang='lat' dir='ltr'><strong>justitiam</strong></span> 
     </span>
    </p>
   </div>
   <div class='ocr_carea' id='block_1_117' title="bbox 2237 5593 3842 5670">
    <p class='ocr_par' dir='ltr' id='par_1_117' title="bbox 2237 5593 3842 5670">
     <span class='ocr_line' id='line_1_118' title="bbox 2237 5593 3842 5670; baseline 0.008 -23"><span class='ocrx_word' id='word_1_984' title='bbox 2237 5593 2448 5668; x_wconf 80' lang='lat' dir='ltr'><strong>(Matth.</strong></span> <span class='ocrx_word' id='word_1_985' title='bbox 2481 5609 2538 5660; x_wconf 89' lang='lat' dir='ltr'><strong>v,</strong></span> <span class='ocrx_word' id='word_1_986' title='bbox 2568 5593 2663 5665; x_wconf 86' lang='lat'><strong>6);</strong></span> <span class='ocrx_word' id='word_1_987' title='bbox 2696 5594 2944 5652; x_wconf 87' lang='lat' dir='ltr'><strong>laborans</strong></span> <span class='ocrx_word' id='word_1_988' title='bbox 2969 5597 3021 5652; x_wconf 93' lang='lat' dir='ltr'><strong>in</strong></span> <span class='ocrx_word' id='word_1_989' title='bbox 3062 5607 3306 5670; x_wconf 88' lang='lat' dir='ltr'><strong>utroque,</strong></span> <span class='ocrx_word' id='word_1_990' title='bbox 3337 5597 3567 5657; x_wconf 78' lang='lat' dir='ltr'><strong>afflictus</strong></span> <span class='ocrx_word' id='word_1_991' title='bbox 3595 5603 3648 5658; x_wconf 92' lang='lat' dir='ltr'><strong>in</strong></span> <span class='ocrx_word' id='word_1_992' title='bbox 3677 5615 3842 5662; x_wconf 80' lang='lat' dir='ltr'><strong>utro-</strong></span> 
     </span>
    </p>
   </div>
   <div class='ocr_carea' id='block_1_118' title="bbox 2235 5687 3840 5771">
    <p class='ocr_par' dir='ltr' id='par_1_118' title="bbox 2235 5687 3840 5771">
     <span class='ocr_line' id='line_1_119' title="bbox 2235 5687 3840 5771; baseline 0.011 -30"><span class='ocrx_word' id='word_1_993' title='bbox 2235 5703 2372 5760; x_wconf 89' lang='lat' dir='ltr'><strong>que;</strong></span> <span class='ocrx_word' id='word_1_994' title='bbox 2401 5687 2706 5759; x_wconf 88' lang='lat' dir='ltr'><strong>periclitans</strong></span> <span class='ocrx_word' id='word_1_995' title='bbox 2735 5705 2803 5746; x_wconf 92' lang='lat' dir='ltr'><strong>ne</strong></span> <span class='ocrx_word' id='word_1_996' title='bbox 2831 5691 3072 5762; x_wconf 86' lang='lat' dir='ltr'><strong>projiciat</strong></span> <span class='ocrx_word' id='word_1_997' title='bbox 3109 5694 3424 5765; x_wconf 78' lang='lat' dir='ltr'><strong>margaritas</strong></span> <span class='ocrx_word' id='word_1_998' title='bbox 3453 5705 3578 5752; x_wconf 90' lang='lat' dir='ltr'><strong>ante</strong></span> <span class='ocrx_word' id='word_1_999' title='bbox 3602 5711 3840 5771; x_wconf 83' lang='lat' dir='ltr'><strong>porcos,</strong></span> 
     </span>
    </p>
   </div>
   <div class='ocr_carea' id='block_1_119' title="bbox 2299 5819 3840 5891">
    <p class='ocr_par' dir='ltr' id='par_1_119' title="bbox 2299 5819 3840 5891">
     <span class='ocr_line' id='line_1_120' title="bbox 2299 5819 3840 5891; baseline 0.012 -23"><span class='ocrx_word' id='word_1_1000' title='bbox 2299 5821 2374 5885; x_wconf 90' lang='lat' dir='ltr'><strong>(a)</strong></span> <span class='ocrx_word' id='word_1_1001' title='bbox 2399 5819 2598 5891; x_wconf 78' lang='lat' dir='ltr'><strong>silentio</strong></span> <span class='ocrx_word' id='word_1_1002' title='bbox 2639 5825 2858 5886; x_wconf 80' lang='lat' dir='ltr'><strong>praeterit</strong></span> <span class='ocrx_word' id='word_1_1003' title='bbox 2896 5825 3047 5878; x_wconf 84' lang='lat' dir='ltr'><strong>verba</strong></span> <span class='ocrx_word' id='word_1_1004' title='bbox 3091 5824 3174 5878; x_wconf 83' lang='lat' dir='ltr'><strong>illa</strong></span> <span class='ocrx_word' id='word_1_1005' title='bbox 3207 5839 3340 5880; x_wconf 79' lang='lat' dir='ltr'><strong>vers.</strong></span> <span class='ocrx_word' id='word_1_1006' title='bbox 3384 5827 3433 5891; x_wconf 86' lang='grc'><strong>4,</strong></span> <span class='ocrx_word' id='word_1_1007' title='bbox 3468 5827 3719 5883; x_wconf 83' lang='lat' dir='ltr'><strong>concaluit</strong></span> <span class='ocrx_word' id='word_1_1008' title='bbox 3742 5844 3840 5886; x_wconf 82' lang='lat' dir='ltr'><strong>cor</strong></span> 
     </span>
    </p>
   </div>
   <div class='ocr_carea' id='block_1_120' title="bbox 2235 5888 2658 5936">
    <p class='ocr_par' dir='ltr' id='par_1_120' title="bbox 2235 5888 2658 5936">
     <span class='ocr_line' id='line_1_121' title="bbox 2235 5888 2658 5936; baseline -0.005 0"><span class='ocrx_word' id='word_1_1009' title='bbox 2235 5897 2396 5936; x_wconf 78' lang='lat' dir='ltr'><strong>meum</strong></span> <span class='ocrx_word' id='word_1_1010' title='bbox 2415 5888 2545 5936; x_wconf 78' lang='lat' dir='ltr'><strong>intra</strong></span> <span class='ocrx_word' id='word_1_1011' title='bbox 2565 5896 2658 5936; x_wconf 84' lang='lat' dir='ltr'><strong>me.</strong></span> 
     </span>
    </p>
   </div>
  </div>
