4042 6476
252 412 356 470 417

254 539 562 610 periclitans
604 555 674 596 ne
718 555 826 597 non
865 547 1049 611 eroget
1071 538 1269 595 cibaria
1311 537 1631 594 conservis:
1663 535 1718 590 in
1744 533 1847 588 hoc

251 641 382 689 aestu
409 633 664 702 quaesivit
687 633 848 690 alium
879 632 1153 689 meliorem
1181 632 1354 686 locum
1391 630 1462 685 ab
1501 629 1601 683 hac
1628 627 1847 696 dispen-

247 723 476 789 satione,
519 724 574 779 in
614 739 718 796 qua
757 724 836 780 sic
862 723 1071 779 laborat
1111 723 1272 778 homo
1297 731 1350 778 et
1393 721 1760 792 periclitatur;
1792 724 1848 774 et

247 814 523 884 suspirans
551 815 602 869 in
621 816 783 870 ﬁnem
811 814 1118 886 quemdam,
1142 814 1232 869 ubi
1262 814 1361 868 ista
1390 829 1496 868 non
1518 820 1634 867 erat
1659 826 1840 881 passm

246 921 356 969 rus,
376 906 429 959 in
448 905 622 971 illum,
644 905 877 977 inquam,
899 903 1060 960 ﬁnem
1086 920 1193 976 quo
1213 904 1452 959 dicturus
1463 913 1543 959 est
1566 904 1706 959 bono
1722 916 1846 958 ero-

244 997 411 1068 gatori
442 995 723 1063 Dominus,
757 995 908 1051 Intra
947 997 1002 1051 in
1026 996 1269 1068 gaudium
1299 993 1506 1050 Domini
1529 996 1604 1049 tui
1630 993 1841 1068 (Matth.

246 1104 370 1153 xxv,
407 1087 508 1159 21)
541 1105 560 1142 :
587 1087 811 1144 Locutus
849 1105 981 1154 sum,
1015 1088 1204 1159 inquit,
1233 1089 1285 1142 in
1314 1088 1490 1159 lingua
1523 1104 1654 1143 mea.
1700 1087 1845 1142 Inter

243 1190 427 1241 :rstus,
462 1182 604 1236 inter
631 1180 862 1250 pericula
892 1179 1027 1247 haec,
1061 1181 1200 1235 inter
1225 1179 1590 1243 difﬁcultates,
1619 1181 1741 1250 quia
1769 1179 1842 1234 ita

243 1272 478 1326 delectat
534 1271 620 1326 lex
652 1271 882 1338 Domini,
913 1282 971 1327 ut
997 1282 1172 1328 tamen
1206 1280 1422 1342 propter
1460 1271 1842 1327 abundantiam

242 1362 624 1417 scandalorum
646 1362 955 1433 refrigescat
989 1363 1222 1419 charitas
1245 1363 1531 1418 multorum
1559 1361 1668 1436 (ld.
1690 1379 1837 1430 xxiv,

246 1453 539 1524 I2):inter
582 1454 680 1508 hos
721 1469 850 1526 ergo
891 1463 1075 1522 aestus,
1117 1453 1340 1510 Locutus
1386 1472 1518 1522 sum,
1558 1455 1746 1527 inquit.
1786 1457 1842 1511 in

243 1545 421 1616 lingua
447 1562 580 1600 mea.
603 1545 740 1602 Cui?
765 1545 882 1601 Non
911 1546 1140 1602 auditori
1163 1563 1320 1617 quem
1339 1549 1463 1602 volo
1485 1548 1719 1612 erudire,
1743 1547 1839 1604 sed

240 1636 543 1692 exauditori
572 1652 602 1690 a
631 1652 739 1707 quo
767 1638 888 1692 volo
919 1637 1140 1692 erudiri.
1171 1637 1392 1692 Locutus
1437 1655 1550 1692 sum
1573 1639 1628 1693 in
1665 1640 1839 1710 lingua

239 1744 372 1795 mea,
404 1727 478 1781 illi
511 1743 540 1782 a
571 1743 678 1798 quo
713 1728 855 1784 intus
879 1729 1059 1797 audio,
1101 1729 1145 1786 si
1182 1731 1326 1802 quod
1368 1731 1587 1796 bonum,
1621 1731 1663 1786 si
1695 1731 1838 1802 quod

237 1836 425 1875 verum
455 1821 637 1874 audio.
665 1821 800 1889 Quid
823 1823 1036 1878 loculus
1074 1823 1177 1879 es?
1227 1822 1442 1892 Notum,
1476 1825 1664 1896 inquit,
1711 1826 1836 1880 mihi

239 1913 344 1984 fac,
365 1912 608 1980 Domine,
632 1914 783 1982 ﬁnem
804 1930 987 1968 meum.
1011 1913 1291 1970 Transilivi
1318 1916 1460 1970 enim
1490 1915 1756 1986 quzedam,
1781 1925 1836 1973 et

237 2006 357 2060 veni
388 2005 454 2058 ad
495 2005 780 2074 qumdam;
829 2014 884 2060 et
907 2021 969 2061 ea
1011 2007 1063 2060 in
1107 2023 1226 2078 qua:
1268 2008 1412 2075 veni,
1456 2009 1678 2064 meliora
1709 2018 1836 2066 sunt

238 2098 318 2151 eis
345 2113 373 2150 a
406 2097 600 2167 quibus
629 2098 892 2154 transilivi
920 2117 934 2154 :
957 2098 1054 2155 sed
1080 2110 1245 2156 restat
1269 2101 1441 2156 adhuc
1467 2101 1608 2171 quod
1642 2103 1836 2158 transi-

235 2189 472 2243 liendum
494 2189 586 2244 sit.
617 2187 736 2244 Non
762 2189 904 2244 enim
926 2189 1014 2245 hic
1031 2192 1447 2254 remanebimus,
1466 2193 1557 2247 ubi
1579 2194 1832 2249 tentatio-

234 2299 368 2347 nes,
419 2283 510 2338 ubi
552 2281 824 2350 scandala,
875 2284 963 2340 ubi
1011 2285 1285 2340 auditores
1333 2295 1387 2340 et
1417 2285 1833 2342 calumniatores

233 2376 487 2446 patimur.
516 2372 704 2428 Finem
729 2367 895 2428 meum
917 2385 1089 2429 notum
1113 2376 1237 2430 mihi
1267 2380 1350 2447 [ac
1367 2392 1383 2429 :
1403 2375 1563 2432 ﬁnem
1590 2377 1680 2447 qui
1702 2376 1833 2432 mihi

233 2465 410 2532 deest,
437 2479 543 2519 non
574 2479 794 2520 cursum
823 2465 914 2535 qui
945 2465 1075 2520 mihi
1101 2465 1272 2522 adest.

306 2559 360 2614 6.
403 2557 590 2613 Finem
637 2559 784 2613 illum
828 2558 988 2626 dicit,
1042 2575 1201 2630 quem
1246 2574 1472 2616 currens
1524 2559 1833 2616 intuebatur

233 2651 544 2721 Apostolus,
567 2658 624 2706 et
651 2651 717 2705 de
741 2667 834 2706 sua
865 2650 1267 2721 imperfectione
1286 2652 1661 2719 conﬁtebatur,
1685 2653 1830 2708 aliud

231 2745 292 2800 in
310 2759 366 2799 se
389 2743 624 2810 intuens,
650 2743 792 2798 aliud
819 2743 944 2798 alibi
967 2759 1232 2814 quarens.
1261 2744 1349 2798 Ait
1374 2744 1540 2809 enim,
1572 2743 1692 2799 Non
1713 2747 1833 2815 quia

222 2837 339 2909 jam
385 2838 698 2908 acceperim,
738 2846 825 2891 aut
855 2837 969 2908 jam
1023 2839 1272 2907 perfectus
1313 2841 1444 2904 sim,
1487 2839 1689 2907 fratres,
1739 2856 1831 2910 ego

229 2928 480 2998 nteipsum
499 2944 603 2982 non
631 2928 850 2983 arbitror
869 2930 1282 2999 apprehendisse.
1315 2929 1381 2984 Et
1408 2944 1476 2984 ne
1504 2929 1734 2995 diceres,
1763 2931 1826 2986 Si

231 3034 341 3078 non
367 3020 718 3091 apprehendit
762 3022 1068 3092 Apostolus,
1101 3037 1201 3093 ego
1234 3022 1561 3092 apprehendi
1581 3025 1603 3076 ?
1629 3023 1675 3078 si
1706 3039 1830 3094 per-

230 3113 406 3169 fectus
447 3129 552 3169 non
599 3121 683 3168 est
711 3114 1023 3184 Apostolus,
1054 3130 1156 3186 ego
1206 3115 1474 3187 perfectus
1516 3117 1676 3172 smn?
1708 3118 1831 3175 vide

230 3206 357 3278 quid
381 3215 523 3276 agat,
557 3205 776 3262 attende
799 3206 925 3276 quid
955 3206 1114 3263 dicat.
1147 3207 1284 3274 Quid
1310 3223 1438 3280 ergo
1469 3210 1581 3280 agis
1614 3209 1655 3274 ¹,
1685 3211 1830 3280 Apo-

231 3300 374 3355 stole
391 3299 417 3351 ?
445 3299 692 3353 Nondum
718 3285 1135 3370 apprehendisti,
1168 3299 1402 3355 nondum
1433 3301 1704 3372 perfectus
1730 3301 1830 3356 es?

229 3392 370 3460 Quid
389 3392 546 3463 agis?
568 3391 636 3446 ad
662 3407 819 3463 quam
845 3392 1110 3448 actionem
1135 3407 1219 3447 me
1247 3392 1520 3447 hortaris?
1545 3393 1669 3462 quid
1694 3394 1825 3448 mihi

229 3485 548 3542 imitandum
597 3484 1036 3555 sequendumque
1082 3485 1374 3556 proponis?
1408 3484 1578 3540 Unum
1617 3495 1826 3554 autent,

231 3577 426 3646 inquit,
457 3591 573 3648 qua:
610 3586 744 3630 retro
770 3584 887 3630 sunt
913 3574 1115 3643 oblitus,
1145 3577 1198 3629 in
1219 3592 1278 3630 ea
1311 3591 1424 3646 qua:
1448 3586 1566 3631 ante
1601 3587 1717 3632 sunt
1743 3594 1830 3633 ea:-

230 3679 420 3735 teutus,
467 3669 749 3724 secundum
796 3669 1120 3723 intentionem
1169 3678 1350 3738 sequor
1375 3668 1444 3722 ad
1488 3670 1709 3739 palmam
1737 3687 1828 3725 su-

232 3778 407 3834 perate
443 3761 718 3816 vocationis
757 3759 853 3814 Dei
879 3761 931 3814 in
957 3759 1156 3815 Christo
1180 3758 1306 3814 Jesu
1334 3758 1592 3832 (Philipp.
1620 3777 1696 3825 ιιι,
1730 3761 1829 3817 12-

234 3851 717 3926 M):secundu:n
782 3851 1164 3916 intentionem,
1229 3850 1468 3906 nondum
1535 3851 1828 3908 secundum

232 3944 638 4014 perventionem
659 3982 675 4008 ,
715 3941 948 3995 nondum
996 3940 1288 3996 secundum
1319 3941 1825 4012 apprehensionem.

231 4034 352 4090 Non
378 4035 686 4090 relabamur
709 4033 851 4090 unde
867 4034 978 4104 jam
1007 4033 1403 4100 lransilivimus,
1431 4050 1530 4092 nec
1551 4052 1830 4092 remanea-

231 4141 358 4182 mus
387 4127 441 4180 in
469 4125 578 4181 illis
606 4125 659 4180 in
685 4141 805 4195 quae
830 4124 938 4195 jam
962 4125 1224 4180 venimus.
1251 4124 1565 4193 Curramus,
1586 4128 1829 4184 intenda-

232 4233 380 4285 mus,
411 4217 465 4272 in
496 4217 578 4272 via
603 4231 789 4272 sumus
821 4234 833 4270 :
865 4231 964 4272 nec
1004 4225 1110 4271 tam
1142 4217 1216 4271 sis
1253 4231 1476 4274 securus
1511 4233 1577 4274 ex
1605 4220 1687 4275 eis
1710 4235 1828 4290 quae

234 4309 498 4376 transisti,
539 4323 696 4379 quam
747 4307 1006 4363 sollicitus
1057 4321 1153 4377 pro
1190 4308 1270 4363 eis
1313 4308 1380 4364 ad
1425 4325 1544 4380 quae
1590 4310 1829 4367 nondum

233 4401 548 4473 pervenisti.
574 4400 702 4468 Quae
739 4411 894 4465 retro,
937 4400 1126 4470 inquit,
1157 4399 1361 4469 oblitus,
1398 4401 1450 4455 in
1478 4417 1540 4455 ea
1575 4418 1689 4471 qua:
1715 4411 1831 4457 ante

232 4505 353 4551 sunt
381 4504 629 4559 extentus,
656 4493 934 4549 secundum
956 4494 1282 4548 intentionem
1307 4510 1487 4565 sequor
1509 4495 1578 4548 ad
1604 4495 1828 4566 palmam

234 4603 474 4659 superna
508 4586 781 4641 vocationis
808 4584 904 4640 Dei
928 4586 984 4640 in
1012 4583 1212 4640 Christo
1245 4584 1393 4641 Iesu.
1440 4585 1559 4656 Ipse
1581 4595 1664 4642 est
1686 4587 1826 4642 enim

237 4679 383 4734 ﬁnis.
430 4677 604 4735 Unum
652 4688 868 4746 autem,
918 4677 1022 4733 hoc
1073 4687 1158 4733 est
1209 4678 1336 4733 illud
1380 4694 1542 4734 unum
1573 4696 1585 4732 :
1616 4678 1832 4736 Domine

237 4774 449 4830 ostende
475 4774 617 4829 nobis
647 4772 879 4840 Patrem,
907 4781 953 4827 et
989 4773 1168 4842 sufficit
1197 4772 1340 4828 nobis
1369 4771 1550 4843 (Joan.
1596 4789 1704 4840 xlv,
1750 4774 1827 4846 9).

235 4867 418 4924 Unum
444 4874 644 4930 autem,
687 4879 808 4936 qua:
850 4871 905 4918 et
943 4879 1048 4918 una
1091 4863 1284 4920 dicitur
1327 4863 1382 4919 in
1428 4865 1532 4920 alio
1577 4865 1827 4936 psalmo:

241 4959 416 5016 Unam
444 4960 611 5031 petiia
629 4957 875 5023 Domino,
907 4956 1037 5011 hanc
1075 4957 1349 5030 requiram.
1381 4955 1510 5022 Quae
1530 4967 1665 5012 retro
1706 4958 1833 5013 obli-

237 5062 341 5118 tus,
366 5051 423 5104 in
443 5067 502 5105 ea
521 5065 633 5121 qua!
651 5058 771 5103 ante
791 5057 909 5104 sunt
927 5057 1174 5115 extentus,
1201 5047 1369 5103 Unam
1388 5050 1508 5122 petii
1529 5065 1562 5103 a
1588 5049 1830 5117 Domino,

237 5145 372 5198 hanc
398 5142 669 5215 requiram,
689 5149 749 5195 ut
771 5139 1044 5195 iultabitem
1062 5141 1116 5194 in
1141 5140 1291 5195 domo
1316 5139 1524 5195 Domini
1550 5157 1640 5212 per
1663 5158 1833 5197 omnes

237 5237 348 5292 dies
366 5236 481 5291 vita:
503 5251 646 5291 mea.
671 5234 898 5304 Propter
923 5232 1088 5301 quid?
1119 5231 1186 5289 Ut
1211 5233 1520 5304 contempler
1543 5234 1835 5290 delectatio-

236 5327 590 5385 nemDomini
631 5325 806 5402 (Psal.
849 5341 992 5391 xxv1,
1042 5326 1124 5397 4).
1176 5325 1249 5380 Ibi
1292 5327 1434 5381 enim
1482 5325 1723 5396 gaudebo
1765 5326 1834 5382 de

237 5422 415 5489 socio,
444 5436 549 5476 non
581 5419 781 5475 timebo
819 5417 887 5473 de
920 5417 1228 5472 adversario
1261 5435 1273 5472 :
1305 5417 1378 5472 ibi
1407 5416 1549 5473 enim
1588 5427 1833 5473 contem-

237 5516 422 5585 plator
438 5527 648 5569 mecum
679 5511 782 5566 erit
803 5511 1026 5578 amicus,
1049 5525 1159 5565 non
1183 5509 1537 5566 calumniator
1557 5510 1829 5566 inimicus.

236 5608 358 5663 lloc
383 5603 707 5662 desideravit
732 5604 834 5659 iste
864 5603 1095 5670 Idithun,
1130 5613 1311 5660 notum
1334 5603 1445 5659 ﬁeri
1477 5604 1575 5660 sibi
1598 5619 1717 5659 cum
1749 5605 1835 5660 hic

235 5707 407 5766 esset,
439 5706 496 5752 ut
520 5698 682 5754 sciret
706 5695 831 5767 quid
863 5695 961 5750 sibi
992 5695 1244 5760 deesset;
1274 5703 1329 5752 et
1366 5711 1470 5750 non
1502 5705 1608 5751 tam
1635 5697 1834 5767 gaude-

235 5801 324 5850 ret
344 5791 417 5847 de
437 5789 522 5846 his
544 5789 613 5845 ad
637 5803 758 5860 quae
788 5798 1122 5860 pervenerat,
1146 5803 1305 5860 quam
1332 5788 1661 5846 desideraret
1680 5805 1741 5845 ea
1764 5790 1831 5846 ad

314 5907 333 5941 ι
350 5905 430 5958 sic
440 5910 546 5956 Ius.
561 5910 615 5954 At
629 5900 740 5953 edd.
762 5900 843 5951 hic
853 5908 905 5950 et
925 5903 1144 5966 proximo
1160 5901 1285 5964 loco,
1301 5917 1386 5968 pro
1406 5915 1528 5968 agss,
1541 5902 1725 5952 habent
1739 5915 1830 5954 (ns.
1879 5934 1884 5937 -

1285 405 1681 466 ENARRA’I‘IO
1716 404 1785 464 IN
1821 405 2145 466 PSALMUM
2184 407 2469 466 XXXVIII.

3432 417 3540 476 418

1952 546 2072 601 quae
2100 533 2332 588 nondum
2366 541 2718 603 pervenerat;
2747 539 2802 588 et
2827 531 3141 604 quibusdam
3167 533 3276 605 jam
3305 538 3536 591 transili-

1954 627 2042 692 tis,
2073 641 2177 682 non
2203 637 2507 683 remaneret
2535 628 2587 682 in
2615 627 2719 692 via,
2761 627 2857 682 sed
2883 627 3148 684 desiderio
3175 641 3453 700 raperetur
3477 632 3533 687 in

1952 733 2221 790 superna;
2253 735 2420 790 usque
2464 735 2570 792 quo
2615 719 2703 776 ille
2750 719 2841 791 qui
2886 719 3126 790 quaedam
3175 722 3536 791 transilierat,

1951 814 2130 869 omnia
2157 814 2468 882 transiliret,
2492 823 2548 870 et
2570 813 2639 868 ab
2662 812 2980 868 irroratione
3003 812 3230 884 quadam
3259 823 3535 885 guttarum

1951 905 2336 962 dominicarum
2383 906 2450 962 de
2500 907 2895 976 Scripturarum
2954 907 3096 962 nube
3157 908 3526 976 venientium,

1951 999 2158 1054 veniret
2177 1001 2314 1055 sicut
2340 1014 2530 1056 cervus
2556 1001 2621 1056 ad
2650 999 2852 1055 fontem
2884 999 3005 1055 vitae
3030 998 3207 1072 (Psal.
3233 1016 3340 1067 xu,
3364 1001 3444 1073 2),
3486 1012 3542 1058 et

1950 1091 2004 1148 in
2033 1093 2124 1148 illo
2148 1093 2349 1149 lumine
2377 1094 2583 1149 videret
2609 1093 2787 1149 lumen
2805 1091 2974 1164 (Psal.
3007 1109 3171 1159 xxxv,
3196 1092 3308 1166 10),
3334 1103 3388 1149 et
3413 1096 3538 1150 abs-

1949 1185 2270 1241 conderetur
2315 1186 2366 1240 in
2411 1186 2556 1240 vultu
2599 1185 2692 1240 Dei
2729 1200 2758 1239 a
2805 1185 3215 1241 conturbatione
3253 1185 3530 1242 hominum

1949 1276 2124 1348 (Psal.
2153 1293 2281 1344 xxx,
2324 1277 2420 1350 21)
2450 1295 2463 1332 :
2488 1278 2577 1333 ubi
2620 1277 2839 1344 diceret,
2889 1278 3033 1333 Bene
3075 1286 3177 1343 est,
3224 1278 3359 1334 ultra
3406 1277 3534 1334 nihil

1947 1369 2090 1434 volo,
2131 1383 2318 1424 omnes
2367 1368 2453 1424 hic
2480 1365 2621 1433 amo,
2669 1368 2935 1424 neminem
2981 1367 3068 1424 hic
3113 1369 3293 1423 timeo.
3327 1369 3533 1424 Bonum

1946 1459 2291 1529 desiderium,
2321 1469 2560 1516 sanctum
2586 1459 2930 1515 desiderium.
2961 1460 3062 1528 Qui
3098 1460 3210 1530 jam
3239 1460 3342 1515 hoc
3368 1459 3536 1516 hahe-

1948 1554 2035 1621 tis,
2067 1553 2395 1624 congaudete
2425 1554 2576 1610 nobis
2599 1570 2614 1620 ;
2639 1562 2695 1610 et
2721 1561 2870 1609 orate
2898 1562 2956 1608 ut
2999 1562 3404 1624 perseveranter
3436 1553 3537 1608 har

1944 1646 2189 1716 beamus,
2223 1663 2288 1704 ne
2331 1648 2472 1704 inter
2497 1647 2745 1703 scandala
2785 1646 3116 1703 deficiamus.
3161 1646 3296 1702 Nam
3338 1655 3393 1702 et
3434 1661 3535 1702 nos

1944 1753 2044 1810 pro
2105 1740 2256 1796 vobis
2305 1739 2408 1796 hoc
2457 1740 2598 1795 idem
2657 1755 2930 1810 rogamus.
2982 1739 3098 1795 Non
3148 1740 3290 1795 enim
3329 1750 3384 1796 et
3436 1755 3535 1796 nos

1941 1831 2087 1903 digni
2125 1833 2212 1904 qui
2260 1849 2357 1904 pro
2395 1833 2546 1892 vobis
2587 1847 2823 1899 oremus,
2871 1841 2924 1888 et
2954 1848 3053 1888 vos
3082 1833 3283 1904 indigni
3309 1836 3397 1904 qui
3435 1848 3535 1904 pro

1941 1924 2094 1980 nobis
2114 1926 2299 1981 oretis.
2331 1925 2678 1981 Auditoribus
2701 1927 2814 1980 suis
2837 1923 3032 1996 quibus
3061 1925 3385 1994 praedicabat
3413 1941 3533 1980 vcr-

1941 2016 2068 2072 bum
2101 2017 2215 2085 Dei,
2263 2034 2322 2073 se
2349 2019 2758 2074 commendabat
2782 2018 3071 2088 Apostolus
3097 2017 3315 2088 (Coloss.
3345 2033 3419 2085 tv,
3448 2017 3530 2089 5).

1939 2108 2102 2164 Orate
2127 2124 2253 2179 ergo
2283 2125 2380 2178 pro
2409 2109 2584 2178 nobis,
2632 2109 2843 2175 fratres,
2874 2118 2933 2164 ut
2973 2119 3028 2164 et
3076 2109 3218 2180 quod
3244 2109 3530 2166 videndum

1939 2211 2022 2258 est
2052 2203 2186 2258 bene
2215 2202 2514 2269 videamus,
2544 2211 2599 2257 et
2623 2202 2764 2273 quod
2797 2201 3080 2257 dicendum
3111 2210 3194 2256 est
3225 2203 3360 2257 bene
3386 2203 3534 2257 dica-

1939 2310 2077 2350 mus.
2115 2293 2376 2350 Caeterum
2407 2295 2507 2349 hoc
2533 2293 2878 2361 desiderium,
2924 2294 3067 2359 novi,
3111 2294 3162 2348 in
3191 2293 3376 2364 paucis
3405 2303 3488 2348 est
3514 2310 3529 2348 :

1937 2402 2038 2442 nec
2067 2401 2152 2442 me
2180 2386 2382 2456 optime
2408 2387 2729 2456 intelligunt,
2772 2385 2872 2439 nisi
2917 2386 3005 2455 qui
3035 2385 3366 2455 gustaverint
3389 2385 3532 2441 unde

1937 2477 2145 2550 loquor.
2177 2477 2469 2548 Loquimur
2494 2490 2671 2533 tamen
2703 2475 2970 2537 erunibus.
2999 2486 3053 2530 et
3076 2475 3396 2531 habentibus
3427 2476 3531 2531 tale

1936 2571 2283 2636 desiderium,
2331 2581 2385 2626 et
2426 2570 2661 2625 nondum
2712 2567 3028 2624 habentibus
3059 2586 3072 2621 :
3108 2567 3441 2632 habentibus,
3475 2577 3533 2624 ut

1937 2664 2216 2718 nobiscum
2239 2663 2290 2716 in
2321 2662 2411 2717 illa
2437 2662 2749 2732 suspirent;
2784 2677 2888 2715 non
2915 2659 3257 2726 habentibus,
3283 2669 3342 2714 ut
3371 2661 3532 2730 pigri-

1937 2755 2062 2809 tiam
2103 2754 2394 2819 excutiant,
2425 2752 2533 2807 ima
2578 2751 2902 2818 transiliant,
2935 2751 3000 2805 ad
3030 2751 3366 2806 dulcedinem
3398 2751 3529 2821 legis

1935 2846 2217 2901 dominica:
2243 2847 2476 2912 veniant,
2511 2861 2618 2899 non
2649 2845 2701 2899 in
2728 2842 3174 2899 delectationibus
3226 2843 3525 2911 iniquorum

1935 2948 2266 2995 remaneant.
2314 2938 2544 2993 Narrant
2583 2938 2728 2994 enim
2782 2937 2946 2992 multa
2990 2935 3163 3002 multi,
3210 2947 3264 2991 et
3311 2935 3530 2990 laudant

1935 3033 2099 3086 multa
2129 3031 2300 3098 multi,
2351 3031 2527 3102 iniqua
2575 3031 2760 3102 iniqui.
2791 3030 2857 3085 Et
2903 3044 3086 3085 revera
3129 3037 3184 3084 et
3213 3027 3298 3082 illa
3343 3028 3523 3099 iniqua

1937 3123 2134 3179 habent
2159 3124 2588 3188 delectationem,
2613 3123 2707 3179 sed
2737 3139 2841 3178 non
2872 3123 3011 3178 sicut
3037 3123 3122 3177 lex
3153 3130 3263 3192 tua,
3298 3121 3523 3177 Domine

1939 3216 2108 3290 (Psal.
2137 3232 2296 3272 cxvtn
2315 3259 2327 3283 ,
2375 3216 2487 3287 85).
2519 3217 2709 3272 Dicant
2733 3230 2862 3286 ergo
2886 3216 3160 3270 nobiscum
3191 3215 3280 3284 qui
3304 3213 3529 3270 credunt

1936 3309 2049 3364 hzec
2073 3308 2252 3366 dicere
2295 3319 2347 3363 et
2396 3323 2512 3364 nos.
2559 3308 2834 3379 Negotium
2887 3308 3028 3362 enim
3078 3309 3178 3363 hoc
3223 3309 3365 3362 intus
3403 3316 3524 3373 est,

1933 3402 2094 3456 nullis
2121 3402 2294 3456 verbis
2324 3401 2530 3456 ostendi
2564 3410 2757 3471 potest.
2787 3399 2893 3455 Sed
2919 3401 3008 3470 qui
3039 3399 3140 3455 hoc
3181 3402 3310 3471 agit,
3342 3400 3527 3456 credat

1934 3505 2054 3550 esse
2083 3503 2137 3549 et
2163 3495 2214 3548 in
2261 3493 2367 3548 alio
2397 3512 2410 3547 :
2440 3510 2544 3549 non
2586 3494 2758 3548 solum
2785 3508 2842 3547 se
2886 3501 3034 3563 putet
3074 3493 3345 3563 accepisse
3383 3494 3524 3564 quod

1935 3588 2032 3644 Dei
2063 3596 2164 3644 est.
2198 3588 2346 3642 Dicat
2372 3602 2499 3659 ergo
2541 3587 2593 3641 in
2625 3587 2709 3642 his
2749 3585 2980 3654 Idithun,
3025 3586 3226 3642 Notum
3249 3591 3332 3660 [ac
3376 3587 3522 3654 mihi,

1931 3679 2170 3746 Domine,
2195 3681 2347 3749 ﬁnem
2366 3696 2550 3733 meum.

2005 3773 2057 3827 7.
2103 3771 2173 3826 Et
2202 3789 2462 3827 numerum
2487 3773 2681 3827 dierum
2724 3788 2948 3828 meorum
2994 3772 3082 3844 qui
3109 3781 3200 3828 est.
3232 3771 3523 3828 Numermn

1932 3865 2138 3920 dierum
2169 3881 2352 3937 quaero
2372 3869 2583 3937 quiest.
2609 3866 2698 3922 Sic
2723 3880 2936 3937 possum
2965 3866 3145 3922 dicere
3163 3909 3178 3932 ,
3202 3867 3280 3921 sic
3307 3881 3522 3937 possum

1932 3957 2229 4029 intelligere
2255 3975 2532 4014 numerum
2563 3960 2679 4015 sine
2709 3975 2934 4016 numero
2954 4002 2969 4026 ,
3003 3959 3274 4030 quomodo
3305 3967 3527 4030 possunt

1931 4051 2035 4107 dici
2063 4053 2187 4107 anni
2209 4053 2326 4108 sine
2354 4053 2528 4108 annis.
2563 4052 2660 4108 Ubi
2685 4054 2826 4108 enim
2849 4053 2971 4107 anni
2998 4093 3013 4120 ,
3044 4053 3227 4124 utique
3251 4052 3401 4123 quasi
3427 4067 3525 4107 nu-

1930 4162 2152 4212 merus;
2184 4147 2278 4202 sed
2309 4156 2481 4201 tamen
2507 4189 2521 4213 ,
2552 4146 2630 4200 Tu
2659 4145 2798 4201 idem
2828 4146 2941 4216 ipse
2965 4161 3024 4200 es
3045 4186 3064 4214 ,
3089 4155 3144 4200 et
3167 4145 3292 4199 anni
3319 4145 3390 4198 tui
3417 4159 3524 4199 non

1930 4241 2176 4297 deﬁcient
2207 4239 2378 4309 (Psal.
2423 4253 2508 4303 οι,
2554 4238 2670 4311 28).
2714 4238 3005 4293 Nnmerum
3047 4238 3253 4294 dierum
3283 4251 3523 4293 meorum

1931 4334 2061 4389 mihi
2091 4342 2274 4388 notum
2296 4331 2397 4396 fac,
2421 4330 2514 4388 sed
2535 4320 2623 4401 qui
2655 4341 2754 4386 est.
2782 4331 2920 4398 Quid
2947 4331 3118 4400 ergo?
3143 4330 3246 4385 Iste
3267 4346 3524 4387 numerus

1932 4425 1985 4480 in
2007 4439 2112 4496 quo
2133 4433 2186 4478 tu
2208 4439 2289 4491 es,
2321 4439 2425 4478 non
2451 4424 2571 4478 est?
2598 4423 2759 4478 Plane
2778 4463 2794 4488 ,
2827 4423 2871 4476 si
2897 4421 3168 4476 attendam
3194 4422 3330 4477 bene
3354 4464 3368 4487 ,
3414 4438 3522 4477 non

1932 4529 2016 4576 est
2047 4538 2060 4573 :
2087 4519 2132 4574 si
2158 4519 2408 4584 haeream,
2435 4517 2584 4589 quasi
2613 4527 2729 4583 est;
2761 4517 2804 4571 si
2834 4513 3123 4571 transiliam
3150 4558 3164 4582 ,
3197 4532 3302 4572 non
3329 4525 3448 4571 est:
3476 4515 3524 4572 si

1932 4613 2000 4669 ab
2029 4613 2144 4667 istis
2184 4627 2270 4666 me
2301 4607 2577 4668 excutiens
2604 4625 2830 4681 superna
2859 4609 3190 4680 contempler
3209 4651 3222 4675 ,
3269 4609 3316 4664 si
3353 4618 3526 4665 trans-

1933 4706 2112 4762 euntia
2143 4705 2482 4761 manentibus
2509 4718 2836 4774 comparem,
2864 4702 3019 4758 video
3046 4701 3171 4773 quid
3196 4717 3384 4758 verum
3415 4701 3522 4758 sit:

1934 4799 2060 4871 quid
2087 4807 2261 4854 autem
2304 4798 2472 4868 magis
2510 4797 2752 4851 videatur
2789 4811 2945 4858 esse,
2978 4809 3137 4864 quam
3183 4794 3295 4849 sit?
3346 4793 3528 4849 Dictu—

1934 4907 2097 4948 rusne
2117 4905 2233 4946 sum
2257 4905 2378 4945 esse
2403 4889 2533 4944 istos
2563 4887 2678 4943 dies
2705 4901 2852 4940 meos
2881 4886 2938 4939 ‘1'
2961 4884 3070 4940 Hos
3092 4927 3109 4954 ,
3131 4884 3346 4955 inquam
3367 4924 3383 4951 ,
3412 4883 3528 4939 dies

1935 4999 2055 5040 esse
2081 4983 2318 5039 dicturus
2341 4998 2480 5047 sum;
2509 4992 2561 5036 et
2586 4989 2693 5035 tam
2726 4994 2970 5050 magnqu
3001 4979 3103 5034 hoc
3130 4978 3372 5046 verbum,
3399 4976 3530 5033 huic

1936 5079 2114 5133 cursui
2161 5092 2339 5132 rerum
2385 5075 2673 5130 labentium
2707 5082 2906 5128 temere
2932 5072 3110 5127 dabo?
3141 5071 3368 5142 lta‘ergo
3415 5071 3528 5141 ipse

1935 5168 2189 5225 deﬁciens
2217 5181 2352 5238 pene
2372 5181 2478 5222 non
2507 5181 2623 5220 sum
2648 5206 2663 5232 ,
2693 5174 2751 5220 ut
2786 5165 3042 5220 exciderit
3077 5164 3209 5220 mihi
3237 5162 3329 5235 qui
3353 5161 3486 5216 dixit
3511 5203 3528 5228 ,

1936 5258 2053 5332 Ego
2076 5274 2195 5315 sum
2225 5258 2315 5329 qui
2343 5273 2458 5312 sum
2483 5256 2674 5330 (Exod.
2706 5273 2781 5323 ιιι,
2807 5256 2918 5328 14).
2951 5257 3044 5312 Est
3063 5272 3190 5327 ergo
3212 5255 3404 5326 aliquis
3428 5270 3530 5308 nus

1936 5369 2117 5412 merus
2140 5352 2384 5408 dierum?
2413 5352 2550 5407 Vere
2575 5361 2657 5407 est
2680 5395 2694 5420 ,
2727 5361 2779 5407 et
2805 5352 2921 5408 sine
2953 5353 3058 5407 ﬁne
3085 5360 3188 5407 est.
3221 5349 3278 5406 In
3309 5348 3395 5404 his
3439 5363 3532 5402 au-

1939 5459 2045 5504 tem
2075 5447 2263 5503 diebus
2291 5445 2462 5503 dicam
2488 5447 2684 5516 aliquid
2711 5461 2864 5512 esse,
2906 5448 2949 5501 si
2990 5455 3144 5502 teneo
3183 5444 3251 5499 de
3295 5458 3402 5515 quo
3443 5441 3530 5497 die

1937 5557 2026 5597 me
2055 5541 2352 5610 interrogas
2384 5547 2555 5594 utrum
2577 5540 2682 5596 sit:
2711 5547 2769 5593 ut
2796 5539 2876 5593 vel
2906 5539 3200 5606 interroges
3240 5549 3327 5589 me
3347 5574 3364 5600 ,
3407 5541 3531 5588 tene

1939 5634 2081 5691 unde
2110 5650 2196 5691 me
2223 5636 2538 5705 interrogas.
2568 5633 2741 5688 Tenes
2783 5631 2923 5686 diem
2969 5629 3166 5684 istum?
3205 5628 3262 5683 Si
3313 5627 3530 5682 tenuisti

2005 5775 2022 5806 ⁸
2047 5774 2122 5824 sic
2141 5772 2368 5838 plerique
2392 5780 2496 5838 Mss.
2527 5778 2584 5820 At
2605 5777 2736 5838 tam,
2760 5780 2905 5838 quam.
2925 5765 2970 5838 si
3008 5763 3304 5816 dicturussit
3329 5769 3375 5814 te
3396 5777 3528 5838 men:

1940 5849 2050 5888 sum
2082 5827 2184 5888 esse
2212 5827 2327 5886 istos
2365 5834 2470 5886 dies
2503 5834 2671 5884 meos?
2694 5827 2788 5889 eis,
2811 5830 3028 5894 videatur
3052 5841 3144 5878 non
3167 5841 3288 5891 esse,
3311 5840 3454 5894 quant
3491 5827 3532 5882 si

1941 5900 2161 5957 (ﬂaturus
2188 5899 2280 5952 sim
2302 5913 2403 5950 esse
2417 5897 2528 5949 istos
2547 5895 2651 5946 dies
2671 5906 2800 5944 meos
2818 5893 2845 5946 Υ
