4042 6480
519 426 625 487 ηδ

524 557 670 599 neas.
695 536 875 610 ipsum
905 532 1064 592 hodie
1093 551 1106 589 :
1136 548 1200 591 ex
1243 546 1350 603 quo
1373 529 1520 600 loqui
1553 525 1812 597 coepimus
1851 536 2019 593 usque
2043 516 2112 572 ad

523 637 624 692 hoc
651 642 998 695 momentum,
1028 627 1196 684 sentis
1235 624 1360 696 quia
1409 621 1705 679 senuimus.
1743 616 1926 687 Neque
1967 612 2111 671 enim

521 729 702 786 cernis
729 734 786 784 et
830 725 1157 780 incrementa
1201 716 1518 789 capillorum
1564 723 1815 776 tuorum;
1869 715 1924 765 et
1972 719 2114 762 nunc

522 837 644 878 cum
670 828 800 884 stas,
831 831 951 873 cum
982 815 1069 870 hic
1095 829 1176 881 es,
1203 825 1324 867 cum
1343 809 1457 880 agis
1475 805 1696 876 aliquid,
1713 818 1834 859 cum
1854 797 2110 871 loqueris,

523 915 577 972 in
603 925 655 970 te
684 920 931 969 crescunt
952 907 1125 979 capilli
1156 904 1228 961 tui
1253 922 1267 959 :
1299 917 1471 974 neque
1500 901 1643 956 enim
1672 904 1895 968 repente
1922 905 2113 949 creve-

524 1019 670 1074 runt,
700 1015 757 1061 ut
783 1016 1050 1061 tonsorem
1078 1011 1366 1072 quaireres.
1395 995 1582 1066 Agitur
1608 1004 1736 1060 ergo
1770 997 1900 1044 tetas
1933 995 2112 1041 trans-

525 1102 728 1164 volans,
763 1106 818 1153 et
862 1097 916 1151 in
943 1090 1380 1162 iutelligcntibus,
1422 1094 1476 1142 et
1512 1100 1616 1139 non
1661 1079 2035 1142 sentientibus,
2059 1082 2116 1131 et

526 1194 579 1247 in
611 1191 753 1248 aliud
784 1189 922 1245 male
951 1183 1243 1256 occupatis.
1276 1179 1496 1237 Transis
1537 1185 1617 1242 tu,
1644 1183 1702 1231 et
1724 1186 1908 1230 servas
1934 1179 2113 1225 trans-

529 1285 675 1340 eunti
707 1285 814 1338 tilio
843 1291 953 1337 tuo.
982 1279 1164 1335 Primo
1209 1275 1312 1330 hoc
1339 1289 1370 1328 a
1406 1281 1458 1327 te
1478 1284 1681 1341 qumro,
1708 1266 1827 1322 Scis
1846 1279 1968 1320 eum
1992 1275 2116 1332 pos-

530 1391 800 1432 sessurum
833 1373 920 1428 cui
956 1367 1175 1427 servas?
1200 1375 1293 1421 aut
1326 1365 1372 1420 si
1418 1361 1653 1418 nondum
1698 1367 1854 1414 natus
1881 1364 1984 1421 est,
2011 1350 2118 1408 scis

531 1467 900 1524 nasciturum?
927 1464 1121 1521 Servas
1150 1460 1291 1526 filiis,
1321 1458 1580 1512 incertum
1609 1461 1692 1508 est
1718 1466 1784 1505 an
1808 1446 2018 1510 futuris,
2048 1458 2116 1498 an

533 1558 861 1634 possessuris
890 1572 904 1609 :
933 1569 1034 1610 nec
1063 1549 1277 1621 reponis
1308 1546 1614 1602 thesaurum
1653 1540 1741 1596 ubi
1781 1533 2118 1608 reponendus

533 1662 634 1711 est.
665 1651 781 1707 Non
814 1647 955 1704 enim
986 1643 1239 1700 Dominus
1266 1647 1389 1694 tuus
1414 1649 1572 1692 servo
1593 1647 1692 1688 suo
1715 1629 1817 1687 tale
1837 1625 2120 1684 consilium

533 1747 706 1810 daret,
738 1751 799 1798 ut
829 1738 1094 1811 peculium
1121 1749 1272 1789 suum
1304 1729 1570 1801 perderet.
1597 1724 1906 1781 Peculiosus
1934 1733 2121 1774 servus

534 1854 595 1895 es
644 1833 917 1906 cujusdam
968 1827 1142 1898 magni
1183 1822 1348 1896 patris
1389 1819 1634 1875 familias.
1677 1812 1830 1884 Quod
1872 1823 2020 1866 amas
2066 1815 2123 1864 et

534 1928 675 2001 quod
708 1898 888 1980 'habes
937 1921 1052 1991 ipse
1101 1917 1196 1972 tibi
1235 1912 1400 1978 dedit,
1445 1920 1502 1968 et
1542 1924 1648 1964 non
1678 1905 1791 1962 vult
1819 1913 1878 1959 ut
1926 1898 2122 1972 perdas

536 1992 677 2091 quod
707 2017 798 2072 tibi
833 2013 1000 2078 dedit,
1043 2009 1133 2080 qui
1175 2015 1230 2063 et
1271 2005 1508 2075 seipsum
1552 2001 1645 2056 tibi
1683 1997 1849 2054 dabit.
1885 1992 1993 2050 Sed
2026 2005 2126 2046 nec

537 2087 661 2177 hoc,
689 2109 926 2178 inquam,
958 2101 1098 2174 quod
1125 2099 1217 2155 tibi
1239 2097 1305 2152 ad
1335 2106 1545 2166 tempus
1570 2090 1734 2158 dedit,
1761 2087 1874 2143 vult
1913 2093 1971 2140 ut
2001 2099 2126 2155 per-

540 2204 655 2258 das.
700 2199 921 2255 Multum
949 2202 1052 2258 est,
1095 2191 1373 2251 exuberat,
1405 2181 1804 2255 supergreditur
1838 2178 1980 2232 vires
2026 2188 2128 2228 ne-

541 2293 803 2351 cessitatis
834 2302 956 2348 tua},
976 2287 1084 2355 jam
1114 2289 1261 2338 certe
1291 2275 1616 2348 superﬂuum
1658 2274 1942 2343 deputatur
1973 2285 1986 2321 :
2029 2280 2128 2321 nec

543 2385 646 2440 hoc
673 2383 794 2436 volo
825 2388 882 2434 ut
910 2375 1120 2448 perdas,
1151 2373 1225 2427 ait
1254 2370 1511 2425 Dominus
1540 2376 1683 2420 tuus.
1715 2363 1782 2418 Et
1809 2359 1935 2431 quid
1964 2355 2126 2413 facio?

542 2480 729 2547 Migra,
758 2473 846 2530 ubi
875 2467 1098 2542 posuisti
1137 2480 1243 2521 non
1274 2473 1358 2518 est
1387 2469 1532 2516 tutus
1561 2459 1577 2490 ί
1604 2458 1775 2513 locus.
1821 2453 1979 2509 Certe
2009 2465 2127 2506 ser-

543 2569 658 2624 vire
684 2540 724 2600 ’7
757 2565 838 2618 vis
878 2540 1113 2614 avaritia:
1154 2573 1169 2609 :
1210 2553 1334 2608 vide
1375 2565 1444 2606 ne
1481 2548 1618 2604 forte
1652 2555 1716 2618 et,
1752 2544 1852 2614 ipsi
1891 2540 2129 2596 avaritiae

544 2665 800 2729 congruat
825 2649 1105 2710 consilium
1129 2661 1325 2701 meum.
1360 2641 1568 2696 [labere
1593 2638 1734 2694 enim
1765 2634 1846 2689 vis
1868 2631 2008 2704 quod
2031 2631 2129 2686 ha-

544 2726 738 2814 bes,‘et
765 2763 869 2802 non
901 2743 1125 2813 perdere
1158 2757 1172 2794 :
1216 2734 1442 2792 ostendo
1479 2731 1575 2787 tibi
1601 2731 1776 2786 locum
1819 2726 1908 2781 ubi
1936 2738 2126 2796 ponas.

541 2847 620 2903 Ne
651 2840 976 2899 thesaurizes
1001 2838 1052 2891 in
1084 2843 1255 2900 terra,
1284 2828 1528 2884 nesciens
1547 2825 1630 2880 cui
1650 2833 1944 2892 congreges
1968 2832 2051 2884 ea,
2075 2822 2130 2872 et

541 2946 728 3009 postea
768 2924 1216 3002 quemadmodum
1259 2925 1674 2986 consumpturus
1720 2914 1790 2968 sit
1837 2909 1929 2981 qui
1955 2906 2129 2979 possi-

543 2999 711 3092 debit,
735 2999 824 3095 qui
851 3018 1070 3076 tenebit.
1097 3014 1261 3070 Forte
1290 3010 1432 3066 enim
1457 3019 1740 3079 possessus
1765 3001 2058 3074 possidebit
2082 2999 2128 3068 ³,

543 3117 757 3190 etquod
778 3132 806 3169 a
850 3123 903 3169 te
945 3108 1163 3165 habebit
1190 3121 1294 3160 non
1327 3100 1545 3158 tenebit.
1577 3097 1738 3153 Forte
1773 3111 1894 3150 cum
1921 3095 1972 3150 ei
2017 3109 2132 3149 ser-

541 3185 657 3277 vas,
686 3218 968 3277 antequam
991 3202 1082 3256 ille
1107 3197 1284 3253 veniat
1310 3203 1364 3249 tu
1387 3191 1599 3263 perdes.
1630 3185 1981 3245 Sollicitudini
2025 3194 2130 3240 tua:

543 3276 844 3360 consilium
867 3295 972 3351 do:
1005 3287 1368 3346 Thesaurizate
1409 3282 1550 3338 vobis
1590 3280 1876 3334 thesaurum
1912 3277 1966 3331 in
2007 3276 2131 3331 εωιο

547 3394 758 3470 (Matth.
784 3407 856 3458 vr,
881 3389 997 3459 20).
1022 3385 1121 3441 Hic
1149 3384 1202 3438 in
1231 3391 1372 3436 terra
1397 3378 1442 3435 si
1467 3376 1631 3432 velles
1655 3387 1875 3430 servare
1895 3370 2127 3438 divitias,

543 3501 815 3562 quaereres
841 3485 1092 3539 horreum
1133 3494 1147 3531 :
1189 3475 1328 3531 forte
1371 3486 1477 3527 non
1525 3468 1775 3524 crederes
1813 3465 1995 3520 domui
2027 3474 2130 3519 tua:

542 3557 758 3654 propter
782 3573 1105 3632 domesticos
1131 3577 1250 3623 tuos
1277 3583 1289 3620 :
1321 3561 1729 3620 commendares
1753 3557 1820 3614 ad
1844 3557 2019 3612 vicum
2044 3571 2130 3611 ar-

541 3649 838 3747 gentarium
868 3667 891 3700 δ
915 3685 927 3721 :
957 3663 1189 3720 difficilis
1215 3666 1297 3716 est
1331 3657 1471 3712 enim
1499 3655 1572 3709 ibi
1598 3667 1774 3718 casus,
1809 3649 1893 3705 fur
1919 3664 2027 3705 non
2056 3649 2132 3704 fa-

542 3739 643 3820 cile
664 3759 888 3821 accedit,
915 3756 1052 3810 bene
1082 3751 1259 3808 omnia
1286 3754 1587 3803 servantur.
1624 3743 1803 3812 Quare
1844 3741 1944 3795 ista
1981 3739 2130 3811 cogi-

544 3865 645 3917 tas,
674 3851 774 3906 nisi
801 3847 920 3918 quia
963 3859 1066 3899 non
1109 3841 1275 3895 habes
1298 3837 1491 3893 melius
1533 3834 1622 3914 ubi
1671 3831 1890 3887 serves?
1919 3829 2055 3900 Quid
2084 3829 2131 3886 si

544 3945 681 4000 dabo
709 3938 936 3994 melius?
965 3936 1143 3988 Dicam
1171 3931 1284 3996 tibi,
1323 3927 1443 3983 Noli
1479 3922 1857 3980 commendare
1882 3921 2007 3976 huic
2033 3913 2133 3974 mi-

548 4049 648 4090 nus
675 4031 886 4092 idoneo,
921 4025 1014 4082 sed
1046 4032 1128 4079 est
1153 4020 1367 4092 quidam
1399 4017 1644 4082 idoneus,
1674 4014 1750 4069 illi
1779 4011 2128 4068 commenda:

546 4127 707 4183 habet
734 4135 922 4190 magna
951 4117 1167 4180 horrea,
1201 4111 1288 4167 ubi
1318 4109 1492 4181 perire
1520 4123 1625 4162 non
1657 4103 1862 4176 possint
1889 4102 2129 4168 divitiae;

549 4229 774 4289 magnus
815 4226 978 4282 super
1003 4219 1193 4262 omnes
1220 4203 1410 4258 divites
1439 4200 1586 4254 dives
1613 4207 1713 4252 est.
1745 4195 1862 4250 Jam
1892 4194 2025 4249 forte
2054 4192 2136 4248 di-

547 4281 727 4367 cturus
753 4321 834 4371 es,
867 4281 1169 4370 Et-quando
1198 4292 1369 4348 audeo
1408 4289 1500 4345 tali
1537 4286 1947 4344 commendare?
1995 4281 2132 4352 Quid

548 4406 590 4460 si
623 4405 736 4474 ipse
769 4409 820 4454 te
863 4389 1138 4450 hortatur?
1169 4389 1413 4458 Agnosce
1451 4383 1623 4447 illum,
1646 4395 1752 4434 non
1786 4379 1957 4433 solum
1984 4386 2135 4448 pater

550 4467 775 4554 familias
801 4499 902 4554 est,
933 4485 1027 4542 sed
1060 4491 1114 4538 et
1147 4479 1401 4535 Dominus
1438 4485 1559 4531 tuus
1597 4481 1700 4529 est.
1740 4470 1894 4530 Nolo,
1937 4467 2131 4538 inquit,

549 4604 702 4647 serve
728 4597 896 4644 meus,
930 4576 1117 4648 perdas
1139 4571 1401 4642 peculium
1447 4577 1616 4633 tuum,
1656 4577 1884 4634 agnosce
1913 4559 1999 4615 ubi
2039 4573 2138 4629 po-

550 4697 646 4737 nas
675 4696 687 4732 :
717 4687 882 4746 quare
908 4668 978 4723 ibi
1006 4664 1158 4737 ponis
1179 4661 1266 4717 ubi
1293 4658 1463 4730 possis
1489 4654 1752 4715 amittere;
1785 4651 1872 4705 ubi
1901 4649 2000 4705 etsi
2029 4663 2136 4703 non

551 4743 784 4832 amittas,
808 4765 879 4820 ibi
902 4771 1214 4833 permanere
1230 4762 1488 4824 perpetuo
1509 4759 1563 4804 tu
1579 4763 1683 4802 non
1706 4745 1882 4816 potes?
1899 4744 1989 4798 Est
2001 4743 2138 4796 alius

551 4868 719 4928 locus,
749 4875 854 4931 quo
898 4864 951 4910 te
995 4848 1331 4907 transferam.
1374 4842 1648 4898 Prmcedat
1680 4849 1732 4894 te
1761 4835 1898 4908 quod
1937 4835 2134 4900 habes;

552 4956 659 5013 noli
699 4955 889 5008 timere
933 4961 999 5000 ne
1025 4940 1266 5019 perdas;
1308 4936 1464 4992 dator
1507 4947 1608 5004 ego
1633 4945 1800 4995 eram,
1835 4936 2014 4984 custos
2037 4940 2139 4997 ego

553 5065 667 5105 ero.
692 5045 828 5101 Dicit
858 5041 952 5096 tibi
983 5037 1085 5092 hoc
1113 5032 1368 5089 Dominus
1399 5039 1522 5083 tuus
1553 5044 1566 5081 :
1599 5023 1757 5080 fidem
1787 5032 1928 5076 tuam
1969 5020 2138 5075 inter-

555 5157 679 5213 roga
708 5140 750 5205 ⁸,
779 5135 900 5191 vide
929 5133 972 5188 si
1009 5129 1140 5185 velis
1181 5125 1255 5182 illi
1280 5123 1523 5180 credere.
1574 5119 1926 5181 Dicturus'es,
1955 5112 2140 5169 Perdi-

557 5207 667 5290 tuin
691 5232 861 5286 habeo
888 5224 1028 5298 quod
1053 5238 1159 5279 non
1187 5219 1361 5285 video,
1392 5217 1478 5272 hic
1496 5213 1621 5270 illud
1649 5209 1986 5266 volovidere.
2003 5207 2139 5262 Dum

557 5329 639 5382 vis
667 5325 754 5380 hic
777 5297 979 5386 videre,
1006 5331 1106 5371 nec
1148 5312 1235 5368 hic
1259 5309 1484 5374 videbis,
1525 5314 1578 5360 et
1606 5304 1678 5360 ibi
1717 5301 1851 5358 nihil
1899 5297 2138 5354 habebis.

555 5417 748 5477 Nescio
800 5426 934 5484 quos
979 5409 1260 5464 thesauros
1301 5401 1468 5456 habes
1510 5393 1852 5452 absconditos
1881 5392 1935 5446 in
1964 5399 2139 5455 terra;

557 5527 679 5570 cum
699 5482 964 5582 procedis,
990 5515 1098 5557 non
1133 5513 1226 5553 eos
1266 5504 1439 5550 tecum
1481 5497 1680 5562 portas.
1712 5485 1915 5543 Venisti
1943 5482 2010 5538 ad
2044 5496 2144 5538 au-

621 5669 640 5701 ί
664 5663 802 5721 Edd.,
826 5666 952 5711 tuus.
973 5655 1144 5706 Melius
1159 5659 1285 5709 Mss,
1314 5651 1460 5698 tutus.

621 5733 643 5762 ί
667 5735 741 5777 ετ.
770 5722 1066 5786 etulerqu
1088 5724 1216 5786 sese
1239 5721 1447 5786 servasse;

627 5793 646 5825 ³
669 5772 876 5844 raeda;
897 5772 1151 5847 possidebit
1170 5782 1238 5847 te.
1264 5772 1648 5847 Abestte‘a‘

624 5856 646 5885 δ
669 5836 875 5910 quatuor
895 5836 1024 5910 Mss,
1049 5840 1111 5890 ad
1135 5836 1344 5910 vicinum
1365 5836 1710 5910 argentarium.

625 5917 648 5954 ³
671 5894 893 5965 ἶῖῖιῖἐῦές
917 5941 932 5966 .
952 5894 1260 5964 interrogavi,
1285 5905 1380 5948 etc.
1405 5902 1534 5944 Unus
1554 5899 1656 5952 Ms.,
1678 5894 1933 5953 interrogo.

1764 407 1822 466 S.
1862 394 2230 463 AUGUSTINI
2271 393 2580 456 EPISCOPI

3693 391 3804 453 BI

2220 516 2474 574 diendum
2519 530 2844 582 sermonem,
2891 514 2957 570 ad
2995 512 3318 587 colligendas
3361 511 3639 569 interiores
3662 512 3807 569 divi-

2217 611 2339 676 tias,
2368 611 2570 682 cogitas
2589 610 2658 666 de
2677 608 3066 666 exterioribus:
3097 607 3349 678 numquid
3379 621 3469 662 eas
3495 605 3601 660 huc
3625 613 3805 661 tecum

2218 703 2519 760 adduxisti?
2546 704 2687 760 Ecce
2713 719 2812 759 nec
2839 718 2978 758 nunc
2998 717 3088 758 eas
3111 701 3282 757 vides.
3307 699 3492 756 Credis
3521 708 3573 754 te
3598 696 3806 753 habere

2218 798 2274 852 in
2303 797 2488 864 domo,
2505 796 2646 867 quod
2672 797 2778 851 scis
2809 807 2859 852 te
2899 796 3179 867 posuisse:
3208 792 3464 864 numquid
3487 791 3592 848 scis
3617 802 3666 846 te
3693 803 3808 845 non

2219 889 2554 962 perdidisse?
2577 889 2746 957 Quam
2772 887 2922 943 multi
2951 887 3221 942 redierunt
3250 885 3316 940 ad
3355 884 3544 938 domos
3572 896 3717 948 suas,
3752 888 3811 936 et

2220 980 2360 1052 quod
2390 988 2678 1051 posuerant
2703 994 2810 1034 non
2840 980 3175 1033 invenerunt.
3221 975 3354 1030 Hinc
3384 973 3611 1029 fortasse
3637 986 3808 1039 expa-

2221 1082 2410 1130 verunt
2433 1072 2590 1128 corda
2612 1071 2955 1141 cupidorum;
2978 1081 3027 1126 et
3055 1069 3304 1141 quoniam
3325 1065 3434 1121 dixi
3451 1065 3643 1120 multos
3664 1077 3812 1132 saepe

2221 1164 2288 1221 ad
2315 1164 2529 1219 domum
2555 1178 2704 1218 suam
2728 1162 2973 1226 rediisse,
2999 1170 3055 1216 et
3083 1159 3224 1230 quod
3249 1165 3537 1229 posuerant
3577 1170 3682 1208 non
3728 1153 3810 1207 in-

2221 1255 2452 1321 venisse,
2479 1253 2612 1309 dixit
2636 1255 2860 1324 quisque
2885 1252 2936 1307 in
2963 1251 3124 1307 corde
3152 1264 3250 1304 suo
3274 1268 3288 1303 :
3323 1247 3494 1312 Absit,
3523 1245 3808 1314 Episcope;

2221 1347 2421 1403 bonum
2453 1356 2598 1416 opta,
2629 1360 2722 1399 ora
2749 1360 2846 1413 pro
2875 1342 3060 1409 nobis;
3083 1341 3223 1397 absit
3262 1349 3322 1395 ut
3349 1338 3638 1407 contingat,
3669 1335 3815 1389 absit

2222 1447 2284 1494 ut
2309 1439 2380 1493 ita
2406 1437 2526 1504 fiat;
2557 1436 2720 1493 credo
2746 1436 2799 1491 in
2833 1437 3019 1501 Deum,
3053 1433 3304 1505 quoniam
3345 1429 3484 1502 quod
3521 1429 3668 1499 posui
3703 1427 3811 1482 salo

2222 1547 2348 1586 vum
2379 1530 2610 1586 invenio.
2641 1527 2830 1585 Credis
2849 1527 2902 1582 in
2930 1528 3118 1594 Deum,
3146 1535 3200 1582 et
3229 1540 3333 1581 non
3365 1522 3539 1580 credis
3560 1521 3657 1593 ipsi
3677 1517 3816 1574 Deo?

2224 1620 2399 1680 Credo
2435 1622 2485 1676 in
2530 1620 2838 1686 Christum,
2876 1621 3000 1691 quia
3050 1619 3253 1674 salvum
3301 1617 3403 1672 erit
3446 1613 3586 1685 quod
3635 1611 3815 1683 posui,

2226 1729 2388 1771 nemo
2423 1713 2658 1780 accedet,
2692 1728 2850 1768 nemo
2887 1710 3112 1768 auferet.
3152 1709 3383 1766 Securus
3424 1707 3505 1760 vis
3545 1720 3663 1760 esse
3693 1718 3818 1759 cre-

2227 1806 2404 1864 dendo
2445 1806 2497 1861 in
2533 1805 2825 1871 Christum,
2875 1814 2934 1859 ut
2973 1803 3102 1858 nihil
3149 1800 3340 1872 perdas
3383 1799 3450 1854 de
3486 1797 3647 1853 domo
3675 1805 3768 1851 tua
3801 1811 3816 1849 :

2228 1915 2449 1957 securus
2474 1899 2580 1955 eris
2620 1899 2796 1970 potius
2824 1896 3094 1954 credendo
3134 1894 3370 1960 Christo,
3413 1901 3470 1947 ut
3508 1891 3581 1947 ibi
3626 1904 3818 1960 ponas,

2229 1993 2321 2050 ubi
2346 1991 2626 2048 consilium
2653 1990 2819 2046 dedit.
2863 1991 2944 2044 An
2975 2003 3196 2044 securus
3238 2003 3298 2043 es
3336 1987 3402 2042 de
3439 1999 3595 2041 servo
3621 1991 3740 2050 tuo,
3768 1989 3823 2038 et

2230 2086 2492 2142 sollicitus
2519 2101 2579 2142 es
2602 2084 2671 2141 de
2700 2084 2924 2140 Domino
2950 2084 3078 2139 tuo?
3105 2098 3328 2140 securus
3347 2098 3406 2138 es
3431 2081 3498 2136 de
3518 2081 3680 2136 domo
3709 2089 3821 2144 tua,

2231 2187 2288 2234 et
2313 2177 2571 2234 sollicitus
2595 2176 2664 2232 de
2687 2168 2832 2232 coeli?
2843 2175 2867 2228 ?
2892 2175 2996 2231 Sed
3019 2189 3139 2246 ego,
3167 2173 3363 2244 inquis,
3387 2171 3651 2243 quomodo
3679 2184 3824 2240 pono

2233 2269 2286 2326 in
2320 2269 2496 2326 cado?
2547 2269 2676 2325 Dedi
2713 2268 2804 2323 tibi
2843 2267 3120 2323 consilium
3150 2283 3165 2322 :
3200 2265 3286 2321 ubi
3317 2265 3456 2330 dico,
3485 2278 3658 2334 pone:
3691 2277 3824 2333 quo-

2233 2361 2394 2417 modo
2423 2362 2697 2430 perveniat
2722 2359 2789 2415 ad
2818 2359 3032 2424 caelum,
3064 2358 3191 2413 nolo
3215 2358 3372 2413 scias.
3402 2356 3549 2412 Pone
3570 2356 3622 2410 in
3644 2354 3820 2409 mani-

2233 2453 2335 2509 bus
2359 2468 2670 2524 pauperum,
2711 2452 2777 2508 da
2815 2451 3095 2523 egentibus
3140 2467 3155 2506 :
3205 2449 3328 2520 quid
3358 2448 3425 2504 ad
3461 2459 3512 2504 te
3551 2445 3826 2518 quomodo

2234 2544 2548 2616 perveniat?
2597 2545 2713 2600 Non
2763 2543 3050 2615 perducam
3082 2543 3100 2574 ¹
3140 2541 3280 2613 quod
3315 2556 3416 2612 ego
3456 2540 3701 2610 accipio?
3743 2541 3825 2594 An

2233 2639 2432 2694 oblitus
2457 2654 2538 2703 es,
2569 2637 2695 2693 Cum
2731 2639 2819 2691 uni
2860 2653 2925 2690 ea:
2955 2635 3176 2690 minimis
3205 2635 3326 2690 meis
3352 2633 3561 2705 fecistis,
3596 2633 3727 2686 mihi
3753 2634 3827 2705 [e-

2234 2731 2374 2785 cistis
2396 2728 2607 2802 (Matth.
2626 2745 2753 2796 xxv,
2773 2728 2888 2800 40)?
2903 2726 2961 2783 Si
2975 2725 3462 2796 haberetquispiam
3476 2724 3679 2779 amicus
3706 2734 3827 2779 tuus
3846 2738 3854 2747 ·

2233 2822 2493 2894 quosdam
2530 2821 2678 2876 lacus
2722 2821 2804 2874 vel
2835 2821 3113 2884 cisternas,
3145 2827 3450 2888 etquaeque
3489 2814 3827 2884 receptacula

2232 2913 2552 2969 fabricarum
2592 2911 2658 2966 ad
2689 2910 3005 2967 servandum
3035 2909 3264 2980 aliquem
3310 2906 3570 2977 liquorem
3601 2905 3687 2961 vel
3718 2904 3828 2959 vini

2234 3007 2320 3062 vel
2360 3006 2485 3074 olei,
2521 3018 2791 3076 quaereres
2821 3002 2906 3058 ubi
2949 3001 3310 3058 absconderes
3339 2998 3422 3054 vel
3449 3012 3698 3053 servares
3719 2999 3829 3052 fru-

2230 3109 2354 3172 ctus
2381 3106 2521 3161 tuos,
2549 3106 2603 3152 et
2630 3096 2837 3152 diceret
2864 3094 2979 3160 tibi,
3007 3094 3121 3165 Ego
3149 3092 3244 3148 tibi
3272 3107 3428 3148 servo
3456 3109 3471 3145 :
3496 3088 3829 3160 haberetque

2233 3191 2302 3247 ad
2329 3191 2416 3246 illa
2441 3187 2776 3258 receptacula
2815 3187 3052 3242 occultos
3080 3185 3292 3240 canales
3347 3182 3603 3254 quosdam
3646 3192 3831 3237 trans-

2235 3283 2469 3352 itusque,
2492 3290 2551 3336 ut
2569 3295 2661 3351 per
2683 3279 2781 3333 hos
2809 3277 3051 3333 cianculo
3080 3278 3180 3332 iret
3208 3275 3350 3347 quod
3379 3276 3550 3344 palam
3574 3273 3832 3330 fundere-

2235 3384 2322 3430 tur
2351 3391 2364 3426 :
2397 3381 2452 3428 et
2477 3372 2679 3428 diceret
2725 3372 2836 3438 tibi,
2870 3369 3024 3439 Quod
3053 3369 3240 3434 habes,
3272 3368 3358 3423 hic
3386 3367 3546 3423 funde
3572 3384 3585 3420 :
3616 3367 3830 3423 videres

2235 3475 2412 3522 autem
2441 3473 2498 3520 tu
2527 3481 2632 3519 non
2664 3479 2783 3520 esse
2810 3463 2955 3518 illum
2986 3462 3160 3516 locum
3192 3461 3280 3515 ubi
3304 3474 3504 3530 ponere
3529 3459 3829 3529 cogitabas,

2234 3568 2290 3616 et
2339 3558 2555 3614 timeres
2600 3555 2864 3611 fundere:
2914 3553 3004 3610 ille
3047 3553 3137 3624 qui
3185 3552 3346 3607 sciret
3399 3550 3830 3606 machinamenta

2235 3651 2479 3725 quaedam
2508 3649 2714 3706 occulta
2757 3648 2994 3703 locorum
3037 3661 3277 3712 suorum,
3324 3659 3428 3700 non
3475 3644 3569 3698 tibi
3598 3643 3829 3713 diceret,

2235 3744 2421 3800 Funde
2444 3757 2697 3808 securus,
2731 3740 2852 3794 hinc
2896 3739 3022 3793 illuc
3071 3737 3342 3808 pervenit;
3387 3751 3490 3790 non
3517 3735 3669 3791 vides
3698 3752 3829 3808 qua,

2236 3837 2332 3894 sed
2369 3835 2529 3891 crede
2575 3833 2726 3898 mihi,
2757 3831 2846 3902 qui
2892 3829 3188 3885 fabricavi?
3214 3827 3514 3883 Fabricavit
3557 3827 3703 3882 enim
3736 3842 3834 3898 per

2236 3944 2397 3998 quem
2441 3926 2577 3981 facta
2606 3932 2732 3978 sunt
2757 3923 2935 3978 omnia
2955 3963 2972 3989 ,
3006 3921 3308 3976 mansiones
3333 3919 3582 3974 omnibus
3632 3919 3830 3974 nobis:

2239 4019 2366 4074 illuc
2389 4017 2502 4072 vult
2539 4013 2843 4087 prmcedere
2885 4013 3027 4085 quod
3065 4012 3344 4080 habemus,
3373 4027 3440 4068 ne
3476 4010 3579 4066 hoc
3610 4011 3664 4065 in
3687 4020 3833 4066 terra

2237 4110 2543 4184 perdamus.
2583 4107 2716 4162 Cum
2743 4116 2920 4161 autem
2963 4105 3261 4161 servaveris
3300 4104 3353 4159 in
3383 4113 3547 4171 terra,
3583 4103 3672 4157 dic
3699 4103 3836 4159 mihi

2238 4205 2322 4261 cui
2342 4199 2688 4272 congregabis
2718 4200 2820 4254 ea?
2845 4197 3008 4254 Filios
3031 4197 3194 4253 habes
3219 4217 3231 4251 :
3256 4212 3416 4251 unum
3441 4197 3557 4265 plus
3580 4211 3833 4264 numera,

2239 4305 2292 4354 et
2320 4295 2387 4351 da
2411 4291 2611 4364 aliquid
2644 4301 2698 4347 et
2731 4290 2967 4346 Christo.
2999 4288 3347 4356 Thesaurizat,
3381 4298 3426 4341 et
3449 4303 3549 4341 non
3572 4288 3835 4358 cognoscit

2241 4391 2324 4446 cui
2350 4386 2669 4460 congregabit
2699 4401 2757 4439 ea
2779 4401 2798 4437 :
2825 4399 2952 4437 vane
2980 4381 3322 4435 conturbatur.
3509 4431 3515 4440 _

2316 4483 2402 4537 15.
2436 4479 2586 4553 [υενε.
2613 4475 2690 4548 8.]
2719 4475 2785 4528 Et
2815 4489 2948 4528 nunc
2972 4489 2990 4527 :
3013 4471 3246 4543 quando,
3264 4469 3432 4540 inquit
3457 4470 3556 4525 iste
3575 4470 3596 4500 ¹
3614 4467 3835 4525 Idithun

2241 4575 2532 4646 respiciens
2555 4571 2843 4626 vanitatem
2873 4566 3156 4638 quamdam
3179 4605 3194 4629 ,
3228 4563 3521 4635 suspiciens
3551 4563 3836 4620 veritatem

2241 4665 2546 4740 quamdam,
2571 4663 2622 4718 in
2673 4660 2850 4716 medio
2879 4659 3080 4731 positus
3107 4657 3357 4728 quiddam
3384 4656 3485 4711 sub
3513 4672 3573 4712 se
3601 4656 3834 4725 habens,

2241 4761 2492 4833 quiddam
2518 4769 2676 4826 supra
2704 4769 2763 4809 se
2812 4752 2936 4822 (sub
2964 4767 3022 4806 se
3050 4750 3211 4805 habet
3234 4748 3375 4803 unde
3412 4748 3715 4816 transilivit,
3741 4767 3836 4805 su-

2244 4869 2338 4925 pra
2359 4867 2417 4906 sc
2445 4849 2604 4904 habet
2645 4861 2751 4917 quo
2773 4860 2830 4900 se
2874 4841 3132 4913 extendit)
3171 4860 3184 4896 :
3217 4840 3281 4895 Et
3311 4857 3466 4908 nunc,
3498 4841 3590 4904 ait,
3618 4843 3842 4911 quando

2244 4944 2490 5017 quiddam
2545 4938 2840 5005 transilivi,
2885 4936 3096 5008 quando
3143 4935 3308 4990 multa
3353 4933 3586 5001 calcavi,
3618 4934 3843 5005 quando

2245 5033 2626 5108 temporalibus
2644 5032 2753 5103 jam
2773 5046 2875 5086 non
2907 5039 3125 5094 teneor;
3146 5028 3378 5083 nondum
3398 5043 3514 5083 sum
3543 5026 3842 5098 perfectus,

2246 5130 2482 5188 nondum
2513 5127 2714 5198 accepi.
2744 5125 2852 5196 Spe
2875 5124 3018 5180 enim
3041 5122 3171 5178 salvi
3197 5119 3320 5178 facti
3341 5135 3526 5176 sumus
3556 5139 3569 5175 :
3603 5136 3730 5192 spes
3747 5137 3838 5176 au-

2248 5235 2358 5282 tem
2386 5239 2505 5296 quae.
2521 5221 2747 5287 videtur,
2771 5235 2878 5275 non
2904 5227 2986 5274 est
3013 5233 3155 5288 spes.
3179 5215 3330 5284 Quod
3362 5217 3503 5272 enim
3529 5215 3674 5271 videt
3694 5218 3846 5287 quis,

2248 5316 2375 5390 quid
2405 5313 2619 5386 sperat?
2641 5312 2698 5368 Si
2724 5321 2901 5366 autem
2926 5307 3070 5380 quod
3108 5322 3214 5363 non
3240 5306 3485 5363 videmus
3531 5321 3846 5379 speramus,

2249 5426 2348 5484 per
2365 5407 2674 5482 patientiam
2697 5413 3068 5474 exspectamus
3093 5399 3267 5474 (Rom.
3291 5399 3509 5468 νίψει,
3537 5399 3652 5471 25).
3671 5398 3846 5472 Ergo,

2314 5569 2333 5602 ί
2357 5567 2432 5617 Sic
2447 5572 2554 5614 Mss.
2580 5568 2635 5612 At
2654 5561 2789 5621 add,
2808 5559 3014 5620 perdes.

2315 5632 2337 5664 ι
2362 5616 2413 5678 in
2435 5627 2571 5691 prius
2599 5623 2710 5691 Edd.
2736 5616 2998 5691 legebatur
3043 5618 3114 5668 sic
3137 5631 3150 5667 :
3178 5622 3252 5691 Et.
3270 5630 3395 5691 nunc
3427 5616 3652 5680 quoniam

2250 5692 2358 5752 iste,
2382 5678 2483 5752 etc.
2530 5685 2772 5752 Pattlpque
2790 5678 2931 5746 post:
2959 5692 3195 5752 supgagse
3234 5680 3383 5752 habet
3394 5678 3488 5752 quo
3531 5693 3581 5731 se
3603 5678 3852 5752 εῳωηίζὶς.

2437 5755 2506 5802 est
2527 5746 2654 5821 ista?
2677 5739 2829 5821 ditarit
2843 5739 3087 5821 _?
3101 5747 3170 5821 Et.
3186 5755 3311 5814 nunc
3334 5739 3417 5801 ait,
3446 5742 3680 5821 quomodo
3701 5741 3855 5805 quid-

2254 5801 2644 5869 t‘ltrt—rttrtznsilivi,
2668 5801 2900 5876 duom?!“
2923 5801 3274 5876 φάη-κλωνί
3291 5842 3304 5864 ’
3349 5801 3578 5869 quamam
3599 5801 3854 5876 ψηφονῶ

2256 5867 2397 5948 tibus;
2415 5884 2510 5927 etc.
2537 5867 2772 5925 mutilat!
2787 5869 2972 5924 aliquot
2994 5867 3160 5930 proba:
3185 5878 3310 5919 nota'
3330 5867 3418 5920 MSS
3457 5867 3852 5926 eluendavimus.
