4042 6456
207 428 325 488 ιεδ

208 545 291 603 Et
316 561 449 602 nunc
463 559 579 617 qua
598 552 672 600 est
691 538 999 614 exspectatio
1020 538 1166 595 mea?
1193 555 1360 594 nonne
1383 537 1629 594 Dominus
1649 536 1676 593 .’
1700 536 1819 607 Ipse

206 650 306 698 est
333 636 666 712 exspectatio
693 649 839 704 mea,-
863 633 954 708 qui
980 632 1127 690 dedit
1169 632 1346 689 omnia
1379 633 1477 687 ista
1521 646 1640 702 quae
1687 643 1821 685 con-

207 741 462 792 temnam
493 732 650 804 :ipse
676 728 806 786 mihi
835 726 1052 785 dabitet
1076 742 1156 795 se,
1187 725 1278 800 qui
1304 733 1385 782 est
1415 739 1575 796 super
1618 721 1820 788 omnia,

208 836 278 886 et
298 843 395 901 per
418 842 581 900 quem
620 826 757 882 facta
786 831 910 880 sunt
952 820 1131 879 omnia
1152 862 1169 889 ,
1194 828 1249 877 et
1276 834 1305 874 a
1333 834 1441 891 quo
1481 817 1653 874 factus
1702 831 1823 873 sum

209 921 365 978 inter
399 920 603 987 omnia,
636 918 753 991 ipse
778 925 862 974 est
886 914 1221 987 exspectatio
1269 926 1388 968 mea
1419 910 1694 967 Dominus.
1726 906 1822 963 Vi-

211 1012 361 1071 detis
409 1011 627 1069 Idithun
649 1052 667 1080 ,
702 1009 892 1065 fratres
920 1051 935 1075 ,
965 1006 1160 1063 videtis
1217 1002 1485 1076 quomodo
1526 1007 1820 1072 exspectet.

209 1105 392 1164 Nemo
434 1120 567 1178 ergo
613 1118 674 1160 se
711 1100 853 1157 dicat
882 1098 1177 1171 perfectum
1208 1096 1295 1151 hic
1321 1114 1334 1150 :
1362 1094 1562 1165 decipit
1582 1108 1662 1161 se,
1693 1091 1825 1146 fallit

212 1215 303 1269 se,
335 1196 547 1255 seducit
570 1212 647 1267 se,
669 1210 777 1251 non
800 1202 975 1266 potest
1001 1189 1086 1247 hic
1105 1189 1302 1245 habere
1331 1186 1734 1260 perfectionem.
1755 1182 1825 1239 Et

214 1291 350 1365 quid
378 1289 638 1362 prodest,
669 1287 791 1360 quia
817 1285 988 1357 perdit
1015 1281 1405 1339 humilitatem?
1435 1278 1503 1334 Et
1551 1293 1685 1333 nunc
1712 1291 1827 1348 qua:

213 1392 297 1439 est
321 1380 633 1454 exspectatio
672 1378 833 1434 mea?
874 1392 1041 1431 nonne
1092 1373 1340 1430 Dominus
1361 1372 1388 1428 1
1414 1369 1547 1427 Cum
1593 1369 1819 1435 venerit,

212 1473 327 1547 iam
355 1489 467 1530 non
508 1479 851 1544 exSpectatur
879 1487 894 1535 ;
922 1477 1049 1524 tunc
1095 1466 1198 1523 erit
1223 1466 1308 1521 illa
1351 1463 1607 1537 perfectio
1638 1481 1651 1516 ε
1683 1476 1825 1517 nunc

215 1575 400 1624 autem
424 1574 914 1639 quantumcumque
940 1558 1255 1616 transilicrit
1274 1556 1504 1625 Idithun,
1536 1554 1713 1611 adhuc
1731 1569 1823 1610 ex-

219 1665 455 1728 spectat.
483 1656 545 1710 Et
572 1654 852 1711 substantia
876 1668 987 1708 mea
1005 1660 1123 1705 ante
1148 1660 1196 1706 te
1218 1659 1291 1705 est
1316 1664 1533 1718 semper.
1553 1646 1669 1703 Jam
1697 1659 1823 1718 pro-

220 1748 436 1815 ﬁciens,
460 1745 573 1819 jam
597 1745 666 1802 ad
692 1744 866 1816 ipsum
898 1741 1142 1808 tendens,
1175 1750 1230 1797 et
1252 1755 1374 1797 esse
1399 1736 1824 1809 aliquantumin-

219 1841 429 1913 cipiens
462 1858 479 1897 :
508 1849 625 1895 ante
650 1849 698 1895 te
719 1847 790 1894 est
809 1853 1005 1909 semper
1049 1833 1327 1891 substantia
1355 1849 1483 1889 mea.
1516 1829 1822 1889 Substantia

218 1944 403 2009 autem
429 1933 530 1988 ista
560 1940 616 1989 et
637 1938 761 1989 ante
789 1930 1035 1986 homines
1060 1936 1163 1985 est.
1196 1928 1399 1983 Aurum
1425 1925 1610 1992 babes,
1630 1940 1823 1996 argen-

219 2038 333 2085 tum
364 2026 555 2094 babes,
585 2026 871 2098 mancipia,
903 2022 1131 2096 praedia,
1162 2021 1384 2078 arbores
1405 2062 1422 2087 ,
1454 2034 1672 2092 pecora,
1703 2034 1820 2075 ser-

218 2138 355 2189 vos;
388 2121 507 2177 haec
530 2119 703 2177 videri
727 2129 782 2176 et
807 2117 876 2174 ab
920 2115 1225 2172 hominibus
1253 2123 1481 2186 possunt
1518 2121 1640 2168 :est
1669 2127 1819 2183 qua:-

220 2217 344 2274 dam
370 2217 669 2273 substantia
693 2223 818 2272 ante
846 2224 898 2271 te
917 2226 1151 2283 semper.
1180 2209 1249 2265 Et
1269 2206 1548 2265 substantia
1572 2222 1681 2262 mea
1706 2213 1826 2260 ante

221 2321 270 2366 te
293 2320 369 2366 est
391 2326 607 2381 semper.

266 2400 517 2476 ib.[vers.
532 2398 612 2474 9.]
626 2398 700 2455 Ab
716 2398 946 2456 omnibus
965 2394 1310 2467 iniquitatibus
1321 2393 1443 2449 meis
1457 2409 1575 2449 erue
1592 2408 1690 2447 me.
1700 2389 1827 2447 Mul-

221 2504 274 2552 ta
300 2495 584 2563 transilivi,
604 2493 771 2549 multa
789 2491 1005 2564 quidem
1027 2489 1282 2545 transilivi
1309 2507 1321 2543 :
1345 2487 1439 2543 sed
1459 2488 1503 2542 si
1522 2486 1820 2555 dixerimus,

220 2589 338 2659 quia
359 2596 623 2660 peccatum
642 2601 746 2640 non
770 2583 1029 2647 habemus,
1054 2597 1147 2637 nos
1174 2581 1312 2652 ipsos
1339 2579 1640 2649 decipimus,
1668 2586 1714 2633 et
1741 2593 1824 2632 ve-

219 2681 346 2737 ritas
373 2681 427 2735 in
451 2679 709 2735 nobisnon
729 2687 801 2733 est
819 2674 1027 2750 (lloan.
1049 2690 1088 2743 ι,
1106 2674 1186 2748 8).
1215 2672 1377 2729 Multa
1410 2670 1668 2729 transilivi
1690 2688 1706 2740 ;
1726 2669 1823 2728 sed

220 2772 397 2829 adhuc
422 2773 590 2828 tundo
615 2780 819 2843 pectus,
852 2780 910 2826 et
932 2769 1055 2826 dico
1088 2785 1101 2823 :
1132 2767 1341 2823 Dimitte
1370 2766 1512 2823 nobis
1531 2766 1701 2822 debita
1727 2782 1827 2833 no-

215 2875 344 2931 stra,
368 2865 501 2921 sicut
531 2873 581 2919 et
615 2879 708 2918 nos
728 2862 1025 2917 dimittimus
1051 2860 1358 2916 debitoribus
1386 2857 1576 2914 nostris
1609 2856 1821 2932 (Matth.

220 2956 441 3026 ",12).
473 2953 553 3010 Tu
590 2968 720 3025 ergo
762 2952 1090 3024 exspectatio
1135 2965 1275 3016 mea,
1306 2949 1427 3005 [hiis
1451 2964 1605 3006 meus
1633 2966 1647 3004 :
1674 2947 1825 3006 Finis

220 3052 354 3104 enim
374 3046 525 3120 Legis
545 3045 780 3103 Christus
799 3044 868 3099 ad
883 3044 1145 3116 justitiam
1167 3041 1306 3098 omni
1323 3040 1545 3097 credenti
1567 3039 1745 3112 (Rom.
1764 3056 1822 3110 κ,

220 3142 299 3214 4).
329 3139 407 3194 Ab
432 3138 685 3204 omnibus,
708 3152 817 3192 non
846 3136 1016 3192 solum
1062 3134 1131 3191 ab
1159 3134 1259 3202 eis,
1306 3149 1375 3190 ne
1401 3132 1653 3189 revolvar
1676 3132 1731 3190 in
1760 3147 1825 3189 ea

222 3249 341 3306 quae
366 3231 635 3289 transilivi
666 3248 680 3284 :
714 3230 809 3286 sed
825 3229 894 3284 ab
915 3227 1163 3284 omnibus
1191 3225 1432 3295 omnino,
1464 3232 1682 3297 propter
1703 3241 1824 3297 quae

221 3326 354 3384 mihi
381 3325 543 3382 modo
572 3333 759 3397 pectus
802 3322 1033 3379 tundens
1060 3321 1179 3378 dico
1197 3363 1214 3389 ,
1244 3318 1451 3375 Dimitte
1489 3318 1632 3375 nobis
1659 3318 1825 3374 debita

223 3430 416 3475 nostra.
446 3417 522 3473 Ab
540 3416 774 3474 onmibus
801 3414 1149 3486 iniquitatibus
1195 3413 1322 3468 meis
1355 3429 1472 3467 erue
1500 3429 1580 3468 me
1603 3412 1713 3467 :ita
1732 3427 1825 3467 sa-

222 3514 481 3585 pientem,
509 3523 563 3568 et
584 3520 855 3567 tenentem
906 3507 1048 3580 quod
1093 3507 1170 3562 ait
1211 3506 1517 3577 Apostolus,
1569 3505 1826 3576 Quotquot

222 3623 341 3676 ergo
370 3604 584 3678 perfecti
607 3619 803 3669 sumus,
832 3601 927 3656 hoc
952 3601 1230 3671 sapiamus.
1259 3597 1393 3653 Cum
1425 3597 1567 3653 enim
1591 3611 1651 3652 se
1673 3596 1825 3652 dice-

225 3709 306 3756 ret
334 3698 576 3753 nondum
602 3711 723 3752 esse
751 3692 1066 3767 perfectum,
1095 3691 1169 3748 ibi
1198 3690 1452 3747 continuo
1480 3698 1698 3746 secutus
1717 3689 1821 3745 ait:

229 3796 487 3866 Quotquot
503 3811 623 3865 ergo
650 3792 861 3868 perfecti
884 3806 1081 3854 sumus,
1111 3788 1206 3842 hoc
1230 3786 1511 3857 sapiamus.
1537 3783 1676 3854 Quid
1719 3793 1823 3855 est,

228 3890 485 3961 Quotquot
510 3887 720 3959 perfecti
744 3902 918 3942 sumus
935 3886 960 3938 ?
986 3883 1105 3940 Jam
1129 3880 1329 3938 dudum
1354 3889 1407 3935 tu
1428 3878 1676 3937 dixeras:
1705 3877 1828 3934 Non

227 3983 341 4052 quia
360 3982 478 4054 jam
507 3978 807 4051 acceperim,
838 3986 925 4031 aut
943 3977 1057 4045 jam
1079 3976 1330 4049 perfectus
1346 3974 1460 4028 sim.
1479 3970 1714 4043 Sequere
1738 3987 1829 4029 or-

229 4075 409 4131 dinem
437 4074 702 4130 dictorum
722 4072 764 4127 ⁸.
794 4069 965 4126 Unum
992 4078 1160 4124 autem
1179 4110 1195 4135 ,
1224 4082 1338 4140 quta
1384 4077 1518 4121 retro
1549 4065 1751 4133 oblitus,
1773 4067 1828 4122 in

230 4185 287 4224 ea
304 4184 419 4240 qua:
437 4176 555 4223 ante
576 4175 693 4222 sunt
717 4174 965 4229 extentus,
986 4162 1258 4217 secundum
1286 4160 1608 4215 intentionem
1624 4175 1822 4231 sequor,

232 4264 295 4316 ad
324 4261 550 4333 palmam
564 4272 801 4332 superate
818 4254 1090 4311 vocationis
1106 4251 1202 4307 Dei
1227 4251 1281 4305 in
1306 4249 1505 4306 Christo
1528 4248 1561 4304 J
1567 4266 1654 4304 esu
1668 4247 1826 4321 (Phi-

235 4357 325 4424 lip.
349 4350 647 4425 nuli-I5).
678 4350 804 4407 Ideo
830 4348 1067 4405 nondum
1116 4344 1403 4417 perfectus,
1432 4343 1557 4415 quia
1585 4344 1827 4415 sequitur

234 4448 299 4503 ad
322 4447 553 4517 palmam
578 4459 825 4515 supernae
840 4440 1135 4498 vocationis
1159 4439 1445 4510 Dei,quam
1475 4437 1717 4493 nondum
1741 4438 1827 4494 in-

237 4541 397 4604 venit,
422 4537 489 4593 ad
515 4553 675 4610 quam
704 4534 939 4591 nondum
972 4530 1232 4604 pervenit.
1265 4529 1320 4586 Si
1345 4540 1525 4585 autem
1579 4544 1687 4584 non
1742 4536 1829 4585 est

238 4634 519 4705 perfectus,
545 4631 673 4701 quia
696 4644 801 4684 non
828 4628 953 4684 illuc
972 4624 1240 4698 pervenit,
1267 4623 1387 4695 quis
1438 4631 1678 4678 nostrum
1702 4638 1830 4695 per-

236 4727 404 4783 lectus
422 4726 545 4782 est?
571 4724 775 4780 Tamen
800 4721 1042 4793 sequitur
1068 4727 1125 4776 et
1149 4719 1220 4774 ait
1244 4734 1259 4774 :
1288 4716 1542 4787 Quotquot
1558 4716 1692 4771 enim
1716 4733 1831 4789 per-

238 4819 370 4890 fecti,
386 4818 480 4873 hoc
502 4817 784 4889 sapiamus.
808 4811 889 4869 Tu
922 4827 1027 4868 non
1066 4825 1127 4868 es
1154 4808 1423 4882 perfectus
1441 4848 1457 4875 ,
1485 4823 1520 4863 o
1546 4808 1824 4879 Apostole,

237 4920 288 4966 et
310 4926 411 4965 nos
438 4908 699 4981 perfecti?
743 4903 851 4962 Sed
908 4903 1106 4961 excidit
1160 4901 1335 4969 vobis,
1394 4900 1517 4974 quia
1556 4914 1618 4957 se
1666 4899 1828 4957 modo

238 5001 529 5072 perfectum
555 4998 729 5056 dixit?
749 4996 866 5053 Non
892 4997 1035 5053 enim
1061 4995 1156 5062 ait,
1174 4996 1443 5065 Quotquot
1464 4990 1707 5065 perfecti,
1726 4993 1830 5049 hoc

237 5097 488 5168 sapiatis;
515 5093 638 5162 sed.
667 5090 1141 5166 Quotquot,inquit,
1160 5087 1386 5161 perfecti,
1404 5087 1499 5143 hoc
1522 5087 1784 5159 sapiamus
1807 5103 1829 5144 :

238 5205 351 5245 cum
394 5187 552 5259 paulo
578 5194 706 5243 ante
731 5185 975 5256 dixisset,
1006 5181 1128 5238 Non
1168 5182 1289 5254 quia
1305 5181 1419 5249 jam
1438 5180 1717 5251 acceperim
1740 5189 1830 5237 aut

238 5284 337 5355 iam
361 5285 616 5357 perfectus
640 5281 758 5336 sim.
789 5278 961 5335 Aliter
986 5290 1115 5348 ergo
1136 5275 1223 5331 hic
1249 5289 1357 5331 non
1383 5284 1538 5346 potes
1559 5289 1683 5329 esse
1708 5289 1831 5343 per-

236 5374 424 5438 fectus,
451 5372 553 5429 nisi
574 5371 714 5428 scias
737 5368 859 5438 ,bic
889 5376 942 5427 te
971 5383 1078 5424 non
1131 5380 1251 5425 esse
1296 5379 1455 5436 posse
1509 5362 1824 5435 perfectum.

236 5464 360 5522 llaec
403 5479 532 5537 ergo
560 5463 666 5521 erit
704 5460 960 5535 perfectio
985 5468 1096 5527 tua,
1122 5459 1201 5514 sic
1244 5466 1297 5515 te
1339 5455 1584 5529 qutedam
1629 5456 1827 5512 transi-

233 5556 383 5626 lisse,
415 5565 477 5613 ut
493 5555 562 5613 ad
580 5554 827 5629 quedam
858 5566 1149 5626 properes;
1176 5550 1255 5607 sic
1276 5548 1522 5622 quaedam
1549 5556 1601 5605 te
1627 5548 1826 5606 transi-

233 5651 384 5718 lisse,
406 5659 465 5707 ut
488 5657 656 5707 restet
680 5646 823 5705 aliud
852 5645 920 5703 ad
948 5643 1091 5718 quod
1119 5642 1366 5700 omnibus
1386 5640 1666 5698 transactis
1684 5650 1828 5698 tran-

227 5743 521 5802 siliendum
545 5750 650 5801 est.
687 5741 815 5799 Hec
840 5747 954 5798 tota
977 5739 1001 5772 '
1025 5736 1160 5796 fides
1187 5744 1292 5797 est.
1315 5734 1454 5794 Nam
1498 5734 1739 5808 quisquis
1765 5748 1828 5794 se

299 5897 1291 6026 zmarasmsima.
1466 5920 1528 5936 ””

444 6040 647 6098 Ssscr.
688 6041 926 6102 Aoacsr.
966 6032 1057 6102 IV.

1295 416 1694 480 ENARRATIO
1730 416 1797 477 IN
1834 417 2162 479 PSAIMUM
2201 414 2489 477 XXXVIII.

3411 429 3515 487 l9.“

1925 535 2035 608 jam
2065 537 2373 607 pervenisse
2398 544 2567 609 putat,
2597 535 2654 593 in
2680 535 2789 593 alto
2820 550 2877 594 se
2903 539 3050 610 ponit
3072 580 3089 609 ,
3114 548 3174 598 ut
3197 541 3372 599 cadat.

2002 629 2090 685 I5.
2115 629 2247 699 Quia
2291 645 2420 703 ergo
2467 630 2540 686 ita
2577 630 2749 703 sapio,
2781 630 2905 704 quia
2940 648 3028 689 me
3056 644 3109 690 et
3149 635 3519 707 imperfectum

1928 719 2051 776 dico
2065 730 2119 776 et
2143 720 2435 792 perfectum
2467 738 2482 776 :
2506 721 2873 794 imperfectum
2889 724 3125 796 quidem,
3144 728 3266 798 quia
3283 730 3521 788 nondum

1931 810 2129 884 aliquid
2152 813 2332 886 accepi
2359 812 2500 887 quod
2520 815 2672 882 volo;
2705 813 2997 887 perfectum
3022 826 3200 874 autem
3218 863 3233 888 ,
3263 824 3387 893 quia
3407 826 3522 880 scio

1929 902 2034 959 hoc
2052 904 2226 975 ipsum
2257 905 2400 978 quod
2429 906 2559 963 mihi
2588 907 2728 964 desit
2754 927 2767 963 :
2796 909 2916 981 quia
2944 925 3073 981 ergo
3101 912 3179 969 sic
3202 916 3368 986 sapio,
3394 919 3520 989 quia

1930 996 2162 1054 humana
2188 1009 2495 1071 contemno,
2519 1002 2641 1074 quia
2669 1002 2836 1059 laetari
2878 1006 2933 1061 in
2973 1007 3132 1065 rebus
3174 1012 3521 1080 pereuntibus

1931 1089 2076 1158 nolo,
2106 1091 2228 1161 quia
2257 1092 2484 1149 irridcor
2502 1093 2568 1151 ab
2594 1110 2755 1151 avaro
2780 1096 3010 1167 jactante
3035 1114 3095 1155 se
3123 1101 3264 1172 quod
3293 1104 3364 1159 sit
3392 1122 3519 1175 pru-

1929 1179 2083 1250 dens,
2115 1192 2171 1239 et
2198 1199 2282 1240 me
2309 1184 2565 1243 irridente
2611 1188 2752 1259 quod
2801 1188 3084 1261 desipiam,
3117 1193 3241 1262 quia
3281 1196 3359 1250 sic
3396 1212 3517 1268 agn,

1929 1275 2050 1345 quia
2078 1275 2217 1333 hanc
2247 1277 2383 1334 viam
2425 1293 2587 1351 carpo
2612 1299 2625 1336 :
2658 1279 3022 1354 Opprobrium,
3044 1283 3234 1356 inquit,
3265 1287 3521 1359 insipienti

1929 1365 2113 1423 dedisti
2133 1385 2229 1424 me.
2256 1368 2398 1426 Inter
2423 1386 2517 1427 eos
2542 1387 2631 1428 me
2650 1373 2830 1431 vivere
2854 1376 3087 1440 voluisti,
3116 1378 3258 1434 inter
3278 1394 3372 1436 eos
3394 1397 3521 1452 pra-

1929 1459 2109 1519 dicare
2134 1463 2436 1531 veritatem,
2465 1466 2558 1537 qui
2601 1476 2785 1523 amant
2822 1469 3139 1536 vanitatem;
3169 1480 3224 1526 et
3254 1487 3359 1528 non
3391 1487 3521 1542 pos-

1929 1569 2048 1609 sum
2074 1556 2175 1611 nisi
2203 1556 2411 1613 irrideri
2440 1559 2507 1616 ab
2526 1558 2606 1615 eis
2626 1577 2639 1611 :
2659 1560 2781 1631 quia
2798 1564 3159 1632 spectaculum
3187 1563 3307 1620 facti
3337 1580 3522 1625 sumus

1930 1644 2053 1702 huic
2079 1648 2298 1716 mundo,
2332 1658 2387 1706 et
2428 1650 2665 1723 Angelis,
2688 1660 2743 1707 et
2783 1651 3086 1710 hominibus
3111 1654 3157 1725 (I
3180 1654 3297 1712 Cor.
3325 1672 3395 1723 Iv,
3421 1656 3519 1731 9);

1927 1739 2144 1811 Angelis
2170 1740 2531 1810 laudantibus,
2554 1743 2859 1801 hominibus
2906 1747 3354 1817 opprobrantibus
3378 1768 3391 1805 :
3412 1750 3522 1806 imo

1928 1833 2218 1906 etAngelis
2267 1834 2607 1893 laudantibus
2630 1847 2686 1894 et
2715 1838 3164 1909 vituperantibus,
3193 1850 3248 1898 et
3291 1842 3524 1899 homini-

1927 1921 2027 1980 bus
2053 1925 2392 1983 laudantibus
2436 1937 2491 1985 et
2539 1929 2984 2001 vituperantibus.
3004 1933 3046 1986 A
3076 1932 3277 1989 dextris
3301 1944 3355 1990 et
3389 1951 3419 1990 a
3444 1936 3523 1993 si-

1929 2019 2113 2075 nistris
2139 2018 2400 2078 habemus
2428 2038 2598 2090 arma,
2624 2024 2675 2078 in
2718 2024 2912 2096 quibus
2939 2025 3253 2094 militamus,
3281 2043 3380 2099 per
3399 2028 3521 2100 glo-

1928 2112 2061 2168 riam
2091 2122 2148 2170 et
2170 2114 2577 2185 ignobilitatem,
2600 2132 2696 2187 per
2720 2110 2990 2174 infamiam
3013 2129 3067 2175 et
3087 2121 3277 2176 bonam
3296 2121 3516 2192 famam,

1929 2215 1987 2261 ut
2007 2202 2315 2261 seductores
2352 2215 2406 2262 et
2430 2222 2649 2264 veraces
2680 2206 2755 2281 (Il
2785 2206 2904 2264 Cor.
2931 2224 3005 2277 vt,
3041 2210 3093 2279 7,
3122 2210 3200 2285 8).
3231 2212 3356 2270 [hec
3381 2215 3524 2286 apud

1929 2299 2184 2371 Angelos,
2222 2298 2339 2356 haec
2363 2301 2503 2370 apud
2538 2300 2825 2358 homines:
2854 2304 2976 2374 quia
3010 2314 3064 2359 et
3102 2306 3243 2376 apud
3288 2308 3524 2380 Angelos

1929 2402 2056 2450 sunt
2078 2394 2246 2449 sancti
2273 2395 2482 2465 Angeli,
2513 2395 2703 2467 quibus
2738 2396 2875 2453 bene
2912 2397 3140 2454 vivendo
3176 2400 3520 2471 placeamus;

1930 2494 2133 2543 etsunt
2158 2487 2594 2558 praevaricatores
2641 2488 2853 2559 angeli,
2881 2489 3074 2560 quibus
3116 2491 3252 2549 bene
3293 2493 3524 2552 vivendo

1930 2578 2307 2651 displiceamus
2337 2597 2350 2635 :
2375 2588 2430 2636 et
2457 2580 2594 2636 inter
2624 2579 2870 2638 homines
2897 2591 3022 2638 sunt
3062 2585 3231 2641 sancti
3253 2585 3373 2653 viri,
3400 2589 3527 2659 qui-

1929 2672 2031 2730 bus
2060 2672 2267 2744 placeat
2290 2672 2395 2728 vita
2417 2683 2628 2741 nostra;
2651 2683 2778 2729 sunt
2807 2675 3119 2746 nequissimi
3148 2676 3412 2748 homines,
3430 2680 3526 2751 qui

1931 2766 2189 2824 irrideant
2215 2767 2409 2823 bonam
2437 2770 2599 2823 vitam
2626 2778 2885 2824 nostram.
2918 2769 2986 2825 Et
3014 2769 3131 2827 haec
3152 2772 3168 2802 ί
3196 2787 3344 2828 arma
3372 2781 3519 2844 sunt,

1931 2856 2019 2915 illa
2042 2856 2229 2915 dextra
2254 2901 2270 2928 ,
2295 2858 2383 2915 illa
2424 2858 2637 2915 sinistra
2664 2876 2679 2927 ;
2709 2869 2931 2933 utraque
2960 2871 3137 2919 tamen
3173 2878 3322 2920 arma
3345 2874 3473 2922 sunt
3503 2884 3521 2923 :

1929 2951 2171 3024 utrisque
2198 2952 2386 3020 armis,
2416 2961 2472 3009 et
2489 2951 2692 3009 dextris
2721 2962 2776 3009 et
2796 2953 3027 3011 sinistris
3052 2964 3194 3024 utor,
3212 2965 3266 3014 et
3293 2956 3523 3014 laudan-

1930 3043 2073 3099 tibus
2101 3052 2155 3100 et
2191 3044 2613 3115 vituperantibus
2634 3087 2649 3112 ,
2683 3053 2738 3102 et
2776 3045 3037 3102 honorem
3082 3045 3445 3107 deferentibus
3470 3059 3528 3110 et

1932 3134 2277 3206 ignominiam
2307 3136 2664 3206 irrogantibus
2696 3153 2712 3192 :
2744 3136 2795 3191 in
2820 3136 2902 3192 his
2924 3136 3164 3209 utrisque
3195 3140 3362 3197 armis
3385 3156 3524 3199 con-

1930 3226 2057 3300 fligo
2085 3243 2209 3285 cum
2256 3228 2501 3295 diabolo,
2550 3229 2789 3300 utrisque
2815 3245 2937 3285 eum
2964 3228 3125 3288 ferio:
3167 3234 3530 3306 prosperis,si

1931 3336 2039 3375 non
2061 3334 2416 3391 corrumpor;
2439 3319 2696 3387 adversis,
2728 3321 2772 3377 si
2799 3336 2902 3378 non
2926 3321 3165 3397 frangor.

2002 3411 2092 3468 ιϐ.
2120 3409 2271 3487 [vera
2297 3412 2384 3477 10,
2418 3411 2530 3484 IL]
2559 3411 2760 3468 Dedisti
2775 3430 2905 3486 ergo
2931 3433 3010 3470 me
3037 3416 3361 3489 opprobrium
3392 3418 3527 3477 insi-

1933 3506 2108 3578 pienti.
2131 3503 2419 3581 ’Obsurdui,
2449 3516 2497 3561 et
2540 3522 2641 3561 non
2678 3508 2855 3577 aperui
2881 3524 2938 3563 os
2966 3525 3152 3565 meum.
3192 3509 3300 3566 Sed
3337 3522 3528 3569 contra

1932 3598 2271 3670 insipientem
2302 3598 2561 3665 obsurdui,
2583 3608 2629 3653 et
2650 3616 2751 3654 non
2771 3599 2948 3671 aperui
2972 3617 3028 3656 os
3051 3618 3233 3656 meum.
3255 3601 3352 3658 Cui
3380 3604 3528 3661 enim

1931 3690 2168 3747 dicerem
2193 3690 2334 3761 quod
2359 3691 2603 3762 agiturin
2635 3690 2757 3746 me?
2774 3690 3000 3747 Audiam
3020 3694 3161 3749 enim
3187 3694 3314 3767 quid
3332 3696 3523 3770 loqua-

1934 3794 2021 3841 tur
2051 3785 2104 3840 in
2146 3800 2233 3841 me
2274 3785 2534 3840 Dominus
2582 3784 2742 3848 Deus,
2765 3785 3017 3856 quoniam
3060 3786 3307 3859 loquetur
3338 3804 3528 3861 pacem

1931 3880 2132 3952 populo
2155 3894 2253 3936 suo
2278 3877 2456 3952 (Psat.
2476 3895 2690 3945 Lxxxw,
2715 3878 2770 3953 9)
2798 3898 2809 3933 τ
2840 3878 2935 3935 sed
2961 3897 3062 3936 non
3088 3890 3161 3937 est
3191 3900 3295 3955 pas:
3332 3884 3526 3956 impiis,

1933 3973 2064 4030 dicit
2089 3971 2509 4044 Dominus(lsai.
2531 3989 2714 4035 vatn,
2737 3970 2853 4045 2‘2).
2871 3970 3127 4030 Obsurdui
3155 3985 3203 4031 et
3222 3992 3323 4032 non
3349 3979 3531 4048 aperui

1932 4084 1991 4125 os
2008 4068 2463 4153 meum.Quoniam
2486 4076 2541 4121 tu
2569 4084 2620 4121 es
2640 4067 2724 4138 qui
2740 4066 2898 4138 fecisti
2922 4084 3019 4122 me.
3036 4067 3163 4124 Ideo
3192 4086 3298 4126 non
3318 4072 3532 4142 aperui-

1934 4164 2001 4218 sti
2030 4176 2092 4218 os
2121 4171 2290 4226 tuum,
2317 4160 2440 4233 quia
2466 4160 2605 4216 Deus
2631 4167 2715 4216 est
2739 4159 2829 4229 qui
2855 4159 2983 4217 fecit
3009 4161 3093 4215 te?
3115 4161 3304 4217 Mirum
3334 4171 3436 4219 est.
3453 4162 3531 4221 Os

1930 4257 2075 4313 enim
2106 4253 2201 4310 tibi
2223 4255 2362 4309 Deus
2391 4267 2495 4308 non
2524 4252 2651 4307 fecit
2678 4251 2743 4306 ad
2776 4250 3143 4322 loquendum?
3169 4252 3269 4321 Qui
3314 4254 3529 4324 planta-

1934 4348 2011 4403 vit
2034 4360 2240 4411 aurem,
2269 4359 2387 4401 non.
2418 4344 2607 4399 audit?
2650 4343 2738 4413 qui
2768 4342 2920 4398 ﬁnxit
2957 4330 3169 4398 oculum
3191 4386 3207 4410 ,
3234 4359 3340 4400 non
3383 4346 3530 4404 videt

1936 4440 2107 4514 (Psat.
2140 4452 2286 4513 xcnt,
2314 4436 2411 4507 9)?
2439 4433 2513 4490 Os
2537 4435 2631 4490 tibi
2663 4435 2800 4490 Deus
2822 4435 2890 4490 ad
2913 4435 3235 4506 loquendum
3264 4436 3413 4495 dedit
3434 4456 3448 4491 :
3473 4449 3529 4497 et

1935 4533 2089 4599 dicis,
2116 4531 2391 4597 Obsurdui,
2426 4541 2473 4586 et
2501 4546 2603 4605 non
2623 4530 2799 4601 aperui
2823 4546 2879 4585 os
2901 4547 3064 4585 meum
3088 4546 3107 4585 :
3131 4534 3371 4602 quoniam
3396 4543 3451 4590 tu
3473 4552 3527 4592 es

1933 4626 2021 4700 qui
2044 4625 2205 4697 fecisti
2229 4624 2347 4679 me?
2382 4624 2464 4679 An
2498 4622 2751 4691 Quoniam
2777 4632 2830 4676 tu
2850 4640 2903 4677 es
2931 4622 3017 4694 qui
3037 4622 3201 4693 fecisti
3225 4642 3323 4693 me,
3345 4636 3529 4697 poste-

1934 4721 2133 4776 riorem
2160 4732 2372 4774 versum
2386 4716 2656 4789 pertinet?
2707 4717 2959 4782 Quoniam
2977 4726 3030 4771 tu
3054 4734 3106 4773 es
3128 4718 3215 4790 qui
3233 4720 3398 4791 fecisti
3423 4740 3526 4793 me,

1934 4828 2108 4869 aurove
2131 4828 2165 4866 a
2186 4828 2265 4866 me
2294 4809 2501 4882 ﬂagella
2527 4819 2633 4864 tua.
2664 4809 2922 4878 Quoniam
2951 4818 3007 4865 tu
3021 4825 3079 4866 es
3095 4813 3182 4882 qui
3214 4811 3387 4872 fecisti
3416 4834 3528 4889 me,

1935 4906 2046 4962 noli
2064 4902 2421 4962 exterminare
2464 4917 2552 4958 me
2579 4920 2594 4957 :
2624 4909 2826 4957 tantum
2852 4900 3001 4959 caede
3020 4911 3081 4958 ut
3092 4905 3387 4977 proficiam,
3419 4925 3530 4967 non

1936 5010 1993 5058 ut
2010 4999 2253 5058 deliciam
2278 5015 2292 5051 :
2324 5005 2528 5053 tantum
2547 4995 2709 5051 tunde
2728 5003 2787 5050 ut
2808 4995 3088 5066 producar,
3103 5015 3207 5055 non
3230 5009 3287 5055 ut
3303 5002 3528 5058 commi-

1934 5109 2088 5151 nuat.
2111 5090 2361 5160 Quoniam
2375 5099 2429 5143 tu
2437 5104 2490 5144 es
2501 5088 2587 5158 qui
2597 5086 2760 5159 fecisti
2771 5103 2869 5157 me,
2877 5104 3052 5145 amove
3065 5107 3097 5143 a
3108 5106 3187 5145 me
3196 5091 3403 5163 ﬂagella
3416 5102 3525 5151 tua.

2007 5189 2094 5245 17.
2122 5186 2273 5260 [υεη.
2307 5180 2419 5255 12.]
2448 5182 2492 5236 Α
2519 5179 2819 5252 fortitudine
2840 5197 3021 5237 manus
3055 5192 3155 5239 tute
3173 5199 3264 5256 ego
3291 5183 3454 5257 defeci
3470 5186 3530 5243 in

1933 5278 2282 5352 argutionibus
2303 5292 2321 5329 :
2345 5274 2448 5330 hoc
2470 5280 2573 5340 est,
2587 5287 2711 5328 cum
2730 5286 2983 5345 argueres
3006 5288 3114 5341 me,
3130 5272 3324 5331 defeci.
3356 5276 3423 5332 Et
3443 5292 3526 5334 ar-

1933 5385 2097 5444 guere
2120 5380 2267 5425 tuum
2287 5365 2414 5439 quid
2447 5375 2530 5422 est
2548 5405 2562 5431 ,
2587 5365 2689 5421 nisi
2715 5364 2859 5437 quod
2886 5366 3164 5436 sequitur?
3204 5365 3312 5422 Pro
3336 5368 3527 5440 iniqui-

1935 5474 2038 5521 tate
2059 5460 2270 5518 erudisti
2288 5458 2563 5525 hominem,
2583 5467 2632 5513 et
2655 5457 3003 5535 contabescere
3025 5458 3190 5529 fecisti
3228 5459 3359 5514 sicut
3403 5477 3526 5517 ara-

1933 5573 2082 5613 neam
2122 5556 2347 5610 animum
2386 5569 2570 5608 meam.
2616 5551 2839 5607 Multum
2866 5558 2949 5607 est
2972 5549 3115 5622 quod
3136 5551 3381 5624 intelligit
3421 5554 3526 5613 iste

1933 5648 2146 5707 Idithun
2172 5663 2188 5701 :
2222 5647 2265 5702 si
2292 5646 2411 5717 quis
2433 5659 2554 5700 cum
2599 5643 2691 5699 illo
2734 5642 3015 5713 intelligat,
3045 5642 3091 5697 si
3129 5643 3249 5714 quis
3276 5659 3401 5701 cum
3430 5647 3524 5705 illo

1935 5742 2214 5801 transiliat.
2246 5739 2383 5796 Dicit
2409 5739 2552 5796 enim
2567 5738 2621 5794 in
2633 5736 2999 5809 argutionibus
3028 5735 3123 5793 Dei
3149 5751 3209 5794 se
3236 5736 3519 5810 defecisse,

1933 5846 1990 5898 et
2014 5836 2174 5893 vulta
2199 5847 2260 5890 se
2276 5832 2511 5889 amoveri
2537 5831 2764 5902 ﬂagella,
2788 5829 3038 5902 quoniam
3066 5828 3182 5901 ipse
3198 5834 3401 5907 estqui
3434 5832 3520 5896 to.

1996 5952 2017 5988 ι
2041 5949 2117 6002 sic
2135 5949 2189 6001 In
2205 5954 2312 6001 lss.
2330 5950 2390 5998 At
2407 5945 2461 5999 in
2480 5942 2615 6009 add.,
2635 5949 2683 5996 et
2699 5941 2805 5995 luec
2821 5955 2919 5992 non
2940 5944 3204 6003 reperitur.

2702 6025 3117 6103 (QuatorzeJ
