4042 6478
493 378 600 440 ιιιτ

495 499 569 555 cit
597 498 763 553 illum.
786 494 887 566 qui
918 494 1061 564 fecit,
1084 497 1201 567 ipse
1228 493 1471 562 reficiat;
1503 500 1557 550 et
1584 492 1674 566 qui
1713 496 1932 564 creavit,
1961 496 2076 567 ipse

497 598 723 649 recreet.
753 588 860 646 Sed
892 596 1067 644 tamen
1091 587 1230 659 quod
1260 588 1329 643 ita
1352 587 1565 657 defecit,
1594 596 1653 643 ut
1682 587 1807 643 velit
1830 601 1889 643 se
1913 596 1965 643 et
1997 604 2086 644 re-

498 686 672 744 creari
692 692 748 741 ct
775 682 1058 741 refortnari
1078 684 1119 754 ¹,
1152 684 1268 739 sine
1295 699 1452 739 causa
1486 693 1752 756 putamus,
1776 683 1989 750 fratres,
2009 674 2080 736 fa-

496 790 638 836 ctum
668 777 870 834 fuisse?
899 774 1005 831 Pro
1030 775 1310 848 iniquitate,
1340 776 1526 848 inquit,
1558 774 1766 830 erudiin
1807 772 2081 829 hominem.

497 868 693 929 Totum
722 869 864 942 quod
887 867 1080 936 defeci,
1113 867 1255 940 quod
1285 867 1530 922 infirmus
1556 881 1695 934 sum,
1724 865 1863 938 quod
1889 863 1956 920 de
1981 865 2088 919 imo

497 965 693 1032 clamo,
722 960 825 1018 hoc
852 971 1018 1017 totum
1051 976 1147 1031 pro
1182 959 1462 1031 iniquitate
1496 978 1509 1013 :
1542 969 1595 1015 et
1616 960 1667 1014 in
1700 958 1804 1013 hoc
1842 956 2087 1022 erudisti,

499 1074 605 1112 non
633 1054 897 1111 damnasti
926 1070 940 1108 :
967 1051 1072 1107 Pro
1099 1053 1360 1122 iniquitate
1385 1051 1597 1105 erudisti
1636 1050 1906 1107 hominem.
1952 1047 2089 1105 Audi

500 1152 602 1205 hoc
632 1148 840 1219 planius
863 1162 927 1202 ex
965 1145 1070 1199 alio
1097 1142 1335 1216 psalmo:
1361 1142 1561 1197 Bonum
1581 1152 1654 1197 est
1678 1144 1818 1205 mihi,
1840 1140 1975 1214 quod
1991 1142 2090 1193 hu-

498 1240 706 1295 miliasti
721 1256 816 1304 me,
827 1248 881 1293 ut
896 1237 1478 1309 discamjustiﬁcationes
1492 1246 1602 1289 tuas
1616 1231 2033 1308 (Psalcxvntﬂl
2047 1231 2084 1305 ).

500 1330 568 1386 Et
599 1331 903 1385 humiliatus
932 1338 1048 1382 sum
1069 1369 1085 1396 ,
1108 1337 1164 1383 et
1191 1326 1387 1382 bonum
1418 1335 1499 1381 est
1524 1324 1652 1379 mihi
1688 1343 1700 1378 :
1730 1333 1785 1379 et
1805 1339 1958 1395 posita
1986 1332 2088 1401 est,

497 1432 553 1478 et
581 1421 748 1494 gratia
778 1429 878 1477 est.
893 1417 1030 1490 Quid
1059 1428 1236 1475 servat
1255 1428 1373 1489 post
1396 1431 1627 1487 poenam,
1647 1416 1736 1489 qui
1757 1432 1853 1489 per
1867 1415 2091 1488 gratiam

500 1513 715 1572 exhibet
744 1529 956 1586 poenam
974 1513 998 1567 ?
1019 1510 1137 1583 Ipse
1151 1513 1293 1566 enim
1318 1520 1400 1566 est
1421 1511 1488 1566 de
1512 1518 1618 1581 quo
1638 1510 1833 1564 dictum
1855 1517 1956 1574 est,
1973 1505 2093 1562 Hu-

499 1608 725 1665 miliatus
751 1624 884 1675 sum,
902 1617 949 1663 et
979 1598 1175 1663 salvum
1202 1623 1281 1659 me
1295 1605 1409 1677 fecit
1427 1602 1601 1677 (Psal.
1628 1603 1828 1676 cxw,6)
1852 1621 1864 1657 :
1888 1613 1961 1671 et,
1992 1602 2095 1657 Bo-

501 1714 624 1760 nam
647 1714 717 1759 est
751 1703 874 1757 mihi
901 1701 1035 1775 quod
1056 1700 1335 1754 humiliasti
1362 1716 1458 1767 me,
1485 1708 1539 1753 ut
1556 1698 1745 1754 discam
1772 1697 2096 1769 justi/icatio-

499 1815 587 1854 nes
610 1782 744 1853 tuas.
776 1794 881 1850 Pro
905 1795 1167 1867 iniquitate
1188 1792 1395 1847 cradisti
1417 1791 1684 1863 hominem.
1721 1791 1787 1846 Et
1807 1789 1947 1863 quod
1963 1789 2096 1846 scri-

499 1901 648 1962 ptum
680 1898 784 1958 est,
810 1888 910 1955 Qui
927 1887 1078 1960 lingis
1104 1887 1330 1941 dolorem
1366 1886 1420 1939 in
1458 1893 1709 1958 praecepto
1745 1882 1915 1955 (Psal.
1944 1897 2090 1950 xcnl,

496 1976 725 2057 20),Deo
739 1981 841 2037 dici
864 1980 1074 2037 nonnisi
1089 1995 1117 2033 a
1140 1977 1469 2035 transiliente
1487 1978 1673 2048 potuit;
1689 1973 2041 2047 qnia’nonnisi
2063 1990 2093 2028 a

498 2062 828 2132 transiliente
840 2072 1006 2129 'videt'i
1026 2071 1213 2143 potuit.
1234 2068 1633 2143 Flugisﬂnquit,
1654 2066 1876 2121 dolorem
1890 2067 1939 2121 in
1960 2081 2064 2136 pra:
2080 2098 2092 2109 -

498 2178 659 2239 cepto,
680 2165 747 2223 de
764 2163 951 2221 dolore
982 2170 1305 2234 praeceptum
1334 2160 1464 2216 mihi
1497 2160 1647 2214 facis.
1675 2150 1898 2213 Formas
1920 2158 2091 2229 ipsmn

497 2261 737 2317 dolorem
760 2274 936 2315 meum
957 2277 971 2312 ι
995 2272 1100 2312 non
1127 2272 1249 2311 eum
1275 2253 1530 2325 relinquis
1554 2252 1855 2317 informem,
1873 2251 1967 2307 sed
1985 2250 2093 2307 for-

497 2370 614 2411 mas
640 2353 787 2409 illum
814 2369 828 2408 :
850 2361 905 2408 et
933 2350 1191 2407 formatus
1212 2349 1366 2405 dolor
1394 2362 1547 2404 meus
1571 2345 1802 2402 inflictus
1827 2363 1856 2400 a
1880 2352 1931 2401 te
1958 2361 2094 2416 prae-

496 2456 713 2523 ceptum
743 2445 871 2502 mihi
898 2446 1021 2509 erit,
1054 2452 1110 2499 ut
1135 2442 1333 2498 liberer
1358 2459 1388 2497 a
1420 2449 1491 2497 te.
1508 2439 1691 2512 Fingis
1707 2439 1871 2507 enim,
1891 2437 2090 2495 dictum

496 2536 599 2608 est,
622 2536 887 2605 dolorem,
918 2538 1114 2593 formas
1140 2535 1381 2592 dolorem
1400 2577 1416 2604 ,
1434 2534 1666 2605 plasmas
1680 2531 1919 2588 dolorem
1941 2573 1955 2597 ,
1985 2547 2090 2588 non

495 2632 718 2695 simulas
766 2626 1342 2701 doloretnzquomodo
1391 2626 1543 2699 ﬁngit
1591 2614 1988 2694 artifex,unde
2037 2626 2093 2681 et

495 2720 684 2801 flgult‘ts
707 2725 900 2782 dicitur
925 2740 955 2779 a
984 2721 1252 2796 ﬁngendo.
1284 2723 1443 2793 Ergo,
1475 2718 1580 2775 Pro
1630 2718 1896 2789 iniquitate
1921 2719 2093 2773 erudi-

466 2872 469 2877 .
495 2819 558 2875 sti
584 2818 857 2873 hominem.
888 2815 1051 2871 Video
1079 2829 1164 2870 me
1190 2813 1241 2868 in
1270 2812 1445 2880 malis,
1467 2810 1624 2867 video
1651 2822 1738 2866 me
1760 2811 1811 2865 in
1840 2825 2016 2882 ptena,
2037 2814 2094 2867 et

495 2912 634 2986 apud
658 2922 709 2969 te
734 2926 840 2977 non
866 2910 1023 2966 video
1071 2907 1428 2980 iniquitatem.
1465 2904 1520 2961 Si
1559 2920 1687 2976 ergo
1716 2919 1815 2976 ego
1840 2903 1892 2958 in
1934 2918 2091 2974 poena

495 3024 614 3083 sum
661 3010 714 3063 et
743 3003 882 3083 apud
903 3013 954 3060 te
983 3002 1235 3075 iniquitas
1260 3006 1490 3069 nonest,
1514 3011 1694 3053 nonne
1719 3003 1887 3052 restat
1914 3004 1972 3050 ut
1992 3009 2092 3066 pro

496 3099 774 3172 iniquitate
788 3094 1047 3153 erudieris
1073 3090 1384 3149 hominem?

567 3186 654 3249 18.
684 3184 753 3247 Et
779 3188 1069 3265 quomodo,
1100 3183 1354 3242 erudiuit
1384 3182 1478 3240 Die
1498 3183 1667 3254 ipsam
1707 3179 2089 3265 eruditionem,

496 3304 530 3343 o
559 3256 1092 3354 Militum—quomodo
1119 3278 1361 3335 eruditus
1390 3275 1487 3333 es?
1521 3275 1589 3331 Et
1632 3276 1883 3331 tabescere
1928 3256 2094 3347 fecisti

496 3380 624 3437 sicut
650 3392 891 3447 araneam
911 3374 1134 3430 animam
1166 3388 1349 3428 meam.
1379 3369 1507 3426 Haec
1551 3380 1634 3426 est
1672 3367 1921 3426 eruditio.
1953 3362 2091 3438 Quid

502 3470 733 3528 tabidius
777 3466 1007 3526 aranea?
1037 3462 1251 3522 Animal
1305 3463 1476 3534 ipsum
1525 3459 1666 3517 dico.
1697 3458 2011 3531 Quanquam
2037 3466 2095 3515 et

497 3562 627 3637 ipsis
658 3562 775 3619 telis
796 3572 1109 3615 aranearum
1143 3546 1268 3628 quid
1298 3550 1561 3609 tabidius?
1586 3546 1814 3608 Attende
1834 3558 1888 3606 et
1916 3551 2090 3622 ipsum

496 3654 697 3713 animal
713 3667 870 3726 quam
899 3649 1132 3706 tabidum
1161 3654 1262 3703 est.
1286 3646 1433 3705 Pone
1451 3656 1609 3714 supra
1630 3642 1821 3698 leviter
1843 3640 2089 3717 digitum,

497 3748 654 3804 ruina
677 3750 760 3800 est
788 3761 801 3797 :
831 3740 961 3796 nihil
986 3740 1206 3795 omnino
1234 3734 1484 3795 tabidius.
1517 3732 1702 3789 Talem
1754 3732 1924 3788 fecisti
1976 3731 2093 3787 ani-

500 3848 644 3895 mam
694 3850 903 3901 nzeam,
932 3824 1454 3903 inquit,erudiendo
1507 3839 1596 3881 me
1644 3839 1741 3895 pro
1792 3823 2088 3895 iniquitate.

500 3924 725 4002 Quando
770 3924 998 3982 eruditio
1040 3921 1309 3978 infirmum
1346 3918 1509 3983 fecit,
1538 3914 1781 3989 quaedam
1838 3904 2093 3971 fortitudo

501 4030 617 4079 erat
633 4014 1012 4074 vitiumNideo
1027 4011 1283 4085 quosdam
1300 4008 1638 4080 praavolasse,
1656 4016 1710 4064 et
1728 4005 2057 4064 intellesisse
2075 4025 2090 4065 :

502 4114 597 4171 sed
622 4128 652 4167 a
682 4107 1030 4168 celerioribus
1074 4114 1183 4161 non
1223 4110 1350 4160 sunt
1397 4101 1679 4159 deserendi
1706 4101 2000 4169 tardiores,
2033 4100 2096 4158 ut

504 4207 699 4277 pariter
727 4202 865 4258 viam
897 4198 1160 4256 sermonis
1185 4201 1421 4266 carpant.
1455 4186 1570 4249 Hoc
1594 4188 1726 4261 dixi,
1759 4192 1862 4248 hoc
1890 4191 2092 4248 intelli-

500 4300 646 4372 gite:
675 4296 733 4353 Si
777 4291 1007 4351 eruditio
1047 4289 1177 4360 justi
1208 4287 1299 4344 Dei
1352 4286 1492 4341 hanc
1537 4284 1899 4341 infirmitatem
1932 4284 2091 4354 fecit,

503 4388 753 4447 fortitudo
783 4384 1026 4460 quaedam
1075 4389 1191 4439 erat
1239 4380 1448 4435 vitium.
1480 4374 1814 4434 Fortitudine
1865 4375 2093 4449 quadam

500 4481 772 4552 displicuit
824 4474 1019 4543 homo,
1047 4471 1435 4530 ut.erudirctur
1478 4470 1826 4526 infirmitate:
1849 4470 1972 4542 quia
1997 4484 2093 4524 su-

506 4574 685 4645 perbia
716 4569 947 4643 quadam
978 4565 1281 4635 displicuit,
1330 4570 1387 4618 ut
1415 4560 1718 4620 erudiretur
1771 4559 2090 4617 humilitate.

506 4669 693 4723 Fortes
721 4679 779 4720 se
798 4677 919 4719 esse
947 4660 1132 4717 dicunt
1170 4672 1358 4713 omnes
1385 4654 1659 4726 superbi'.
1693 4652 1819 4710 Ideo
1853 4654 2097 4710 vicerunt

505 4759 651 4815 multi
676 4756 743 4812 ab
771 4753 977 4810 oriente
1005 4760 1059 4808 et
1083 4749 1358 4807 occidente
1375 4747 1674 4814 venientes,
1698 4753 1759 4802 ut
1782 4746 2096 4802 recumbunt

504 4867 622 4907 cum
648 4845 915 4904 Abraham
945 4853 1000 4900 et
1034 4842 1182 4898 lsaac
1204 4850 1258 4898 et
1283 4838 1447 4896 Jacob
1491 4839 1543 4897 in
1589 4850 1755 4909 regno
1791 4837 2048 4893 ctelorum
2075 4857 2093 4894 :

503 4957 669 5011 quare
695 4936 972 4995 vicerunt?
995 4934 1129 5004 Quia
1152 4932 1316 4989 fortes
1345 4945 1465 4988 esse
1488 4930 1792 4987 noluerunt.
1822 4930 1959 4999 Quid
1989 4940 2090 4997 est,

436 5050 449 5063 ί
505 5037 670 5093 fortes
700 5047 820 5089 esse
846 5028 1167 5087 noluerunt?
1190 5024 1262 5083 De
1306 5038 1364 5082 se
1406 5016 1733 5097 pra'sumere
1756 5026 2090 5081 timuerunt:

500 5129 760 5199 justitiam
792 5140 940 5179 suam
968 5136 1075 5178 non
1101 5120 1584 5185 constituerunt,ut
1606 5117 1825 5189 justitiaz
1848 5117 1939 5173 Dei
1966 5119 2093 5176 Sub-

501 5212 987 5293 jiccrcutnrmom.
1013 5230 1068 5280 ς,
1101 5214 1177 5283 5).
1202 5211 1445 5284 Denique
1490 5211 1702 5282 quando
1748 5211 1888 5267 dixit
1915 5212 2096 5267 Domi-

507 5320 606 5369 nus
628 5312 750 5379 hnc,
776 5307 932 5365 Multi
974 5305 1035 5362 ab
1082 5306 1271 5361 oriente
1316 5313 1362 5359 et
1414 5303 1670 5360 occidente
1696 5303 1911 5370 venient,
1940 5312 1987 5358 et
2014 5319 2098 5359 re-

506 5406 732 5462 c'umbent
758 5419 870 5459 cum
898 5398 1154 5456 Abraham
1182 5405 1227 5453 et
1252 5392 1405 5453 Isaac
1431 5394 1652 5451 etlacob
1679 5395 1733 5449 in
1754 5410 1910 5466 regno
1938 5395 2096 5450 calo-

506 5499 697 5566 rum”,
753 5496 847 5566 [itii
900 5503 1067 5548 autem
1117 5490 1297 5563 regni,
1345 5488 1400 5545 id
1443 5490 1525 5544 est
1569 5486 1739 5543 Judmi
1791 5486 2097 5559 ignorantes

571 5597 590 5624 ι
612 5598 678 5642 tta
701 5597 895 5653 septem
938 5590 1046 5653 uss.
1072 5576 1159 5653 Alii
1175 5582 1376 5653 plures,
1402 5580 1516 5653 quia
1558 5577 1630 5653 ita
1665 5578 1923 5653 defccitout
1944 5578 2096 5653 nebit:

507 5660 717 5719 ιιιιιιιιρν
733 5642 867 5719 vero»
880 5650 989 5715 φάε
1008 5649 1076 5719 sa
1100 5642 1284 5719 «tam.
1308 5650 1362 5716 ut.
1382 5642 1500 5719 ea.
1514 5656 1566 5719 σε
1580 5642 1862 5719 cereum"
1879 5645 2095 5719 arear-

507 5703 634 5768 iis}:
652 5703 680 5766 2"
694 5715 803 5765 Fdd.
829 5703 994 5763 autem
1013 5703 1259 5768 ferebant,
1271 5703 1362 5772 qui
1382 5709 1453 5772 ita
1466 5706 1640 5772 defecit
1663 5711 1712 5757 ut
1728 5718 1822 5757 non
1834 5703 1941 5757 velit
1956 5743 1970 5767 ,
1993 5703 2093 5772 etc.

573 5780 595 5811 ⁵
618 5782 686 5829 tta
708 5780 812 5826 Mss.
838 5780 893 5824 At
937 5774 1070 5823 add:
1100 5777 1262 5822 Fortes
1294 5767 1400 5820 esse.
1424 5767 1650 5819 dicuntur
1672 5781 1835 5821 anates
1865 5767 2092 5832 superbi,

711 5835 950 5906 λιειιιείιεσυ.
969 5836 1081 5906 nec
1110 5833 1345 5906 eiurent»
1360 5839 1466 5906 ste
1490 5892 1520 5906 _.

572 5894 591 5937 ὃ
607 5894 688 5958 ttic
710 5902 759 5954 in
772 5899 881 5951 ωδ.
894 5899 1108 5951 additum
1120 5898 1295 5956 fuerat,
1313 5894 1445 5947 Dixit
1454 5894 1600 5947 etiam
1618 5894 1810 5956 :quoda
1820 5895 2092 5947 Mssabest.

1734 374 1794 443 S-
1834 374 2201 441 AUGUSTINI
2248 377 2554 441 EPISCOPI

3672 388 3791 456 428

2188 498 2450 567 justitiam
2482 499 2597 569 Dei,
2620 508 2675 557 et
2698 514 2846 556 suam
2877 499 3116 559 volentes
3130 510 3388 575 statuere,
3404 505 3546 561 ibunt
3569 506 3622 562 in
3639 516 3782 563 tene-

2191 589 2307 645 bras
2332 593 2633 657 exteriores;
2655 591 3008 649 recordamini
3052 592 3210 652 fidem
3242 595 3388 652 illam
3441 584 3784 657 Centurionis

2193 683 2345 737 unius
2373 699 2436 739 ex
2470 683 2663 755 populo
2688 686 2926 758 gentium
2947 729 2963 756 ,
2993 686 3061 743 ita
3092 688 3144 743 in
3173 705 3233 746 se
3271 688 3466 747 infirmi
3490 732 3506 760 ,
3558 688 3629 748 ila
3672 709 3783 752 non

2193 772 2345 829 fortis
2375 785 2430 830 ut
2454 774 2657 834 diceret
2680 796 2693 831 :
2720 776 2840 833 Non
2870 795 2981 834 sum
3013 782 3198 853 dignus
3217 793 3271 837 ut
3299 784 3389 838 sub
3414 796 3597 841 tectum
3614 803 3783 859 meum

2192 866 2365 921 intres.
2392 866 2506 922 Non
2534 877 2649 924 erat
2676 866 2864 941 dignus
2892 870 2981 942 qui
3004 870 3271 929 Christum
3298 874 3458 932 domo
3478 878 3742 948 reciperet
3768 922 3783 946 ,

2194 969 2249 1013 et
2267 958 2376 1029 jam
2403 958 2564 1015 corde
2589 971 2886 1032 receperat.
2928 962 3139 1020 Etenim
3178 967 3430 1038 magister
3452 967 3539 1024 ille
3568 960 3787 1025 humili-

2197 1053 2341 1119 tatis,
2374 1052 2542 1109 Filius
2566 1053 2796 1110 hominis
2817 1054 2926 1126 jam
2952 1055 3296 1113 inveneratin
3327 1058 3443 1131 ejus
3464 1070 3680 1132 pectore
3698 1060 3786 1118 ubi

2195 1152 2356 1214 caput
2381 1143 2685 1201 reclinaret.
2712 1142 2796 1201 Ad
2845 1146 2946 1203 hoc
2986 1144 3204 1203 verbum
3236 1147 3575 1206 Centurionis
3602 1153 3789 1208 Domi-

2197 1253 2295 1292 nus
2311 1239 2621 1309 respiciens,
2645 1238 2709 1295 ad
2727 1250 3014 1312 sequentes
3043 1256 3101 1296 se
3131 1240 3261 1296 dixit
3289 1261 3301 1297 :
3324 1241 3479 1298 Amen
3499 1242 3609 1298 dico
3627 1246 3787 1313 vobis,

2197 1333 2248 1384 in
2278 1332 2417 1387 nullo
2446 1334 2613 1388 inveni
2651 1343 2843 1389 tantam
2871 1333 3024 1403 ﬁdem
3060 1334 3113 1388 in
3139 1333 3304 1390 Israel
3333 1335 3561 1407 (Hatth.
3584 1354 3702 1405 vni,
3726 1334 3792 1394 8-

2199 1423 2308 1498 12).
2341 1424 2490 1485 llunc
2516 1426 2779 1482 infirmum
2803 1427 3021 1497 invenit,
3041 1425 3307 1483 Israelitas
3336 1427 3501 1485 fortes
3529 1426 3788 1499 invenit‘,

2199 1530 2255 1574 ut
2283 1520 2419 1576 inter
2449 1530 2701 1590 utrosque
2729 1520 2929 1576 diceret
2957 1539 2971 1577 :
3003 1516 3126 1576 Non
3169 1530 3241 1576 est
3295 1539 3422 1591 opus
3452 1525 3673 1579 medicus
3700 1541 3789 1579 sa-

2198 1614 2297 1678 nis,
2319 1615 2408 1669 sed
2426 1615 2557 1669 male
2582 1613 2873 1669 habentibus
2894 1611 3007 1683 (Id.
3025 1630 3097 1675 tx.
3120 1612 3232 1685 12).
3252 1612 3475 1686 Propter
3494 1617 3596 1671 hoc
3623 1633 3779 1688 ergo,

2200 1704 2252 1758 id
2280 1715 2362 1761 est
2392 1715 2609 1776 prepter
2653 1706 2792 1762 hanc
2838 1705 3192 1762 humilitatem
3214 1748 3229 1771 ,
3258 1706 3412 1762 Multi
3430 1711 3490 1763 ab
3535 1710 3730 1763 oriente
3750 1719 3797 1765 et

2199 1797 2453 1851 occidente
2478 1798 2692 1865 venient,
2727 1807 2771 1853 et
2806 1798 3093 1854 recumbent
3133 1816 3245 1854 cum
3275 1799 3529 1855 Abraham
3556 1814 3601 1856 et
3638 1798 3798 1857 Isaac

2199 1887 2423 1945 etlacob
2460 1892 2513 1945 in
2559 1908 2714 1962 regno
2753 1893 2991 1947 castorum
3011 1908 3034 1960 ;
3058 1892 3155 1962 ﬁlii
3196 1904 3365 1949 autem
3396 1896 3539 1966 regni
3574 1896 3717 1949 ibunt
3744 1895 3799 1950 in

2199 1981 2424 2040 tenebras
2444 1984 2732 2038 exteriores.
2767 1984 2904 2040 Ecce
2932 1986 3187 2041 mortales
3213 1986 3374 2054 estis,
3422 2003 3546 2044 ecce
3572 2006 3796 2045 carnem

2201 2086 2592 2146 putrescentem
2646 2077 2901 2148 portatis,
2931 2088 2984 2134 et
3011 2079 3150 2135 sicut
3187 2094 3327 2135 unus
3373 2097 3436 2137 ex
3469 2084 3800 2152 principibus

2199 2167 2399 2224 cadetis
2430 2186 2443 2220 :
2472 2167 2611 2223 sicut
2635 2167 2880 2224 homines
2904 2170 3203 2226 moriemini
3233 2164 3402 2242 (Psal.
3434 2189 3618 2241 Lxxxr,
3643 2175 3725 2245 7),
3746 2182 3801 2230 et

2199 2260 2402 2315 cadetis
2430 2259 2567 2315 sicut
2594 2259 2857 2315 diabolus.
2905 2258 3040 2329 Quid
3084 2260 3234 2317 vobis
3267 2262 3483 2332 prodest
3530 2265 3800 2322 medicina

2201 2351 2582 2407 mortalitatis?
2626 2351 2902 2423 Superbus
2946 2352 3228 2419 diabolus,
3283 2363 3531 2426 tanquam
3573 2358 3801 2431 angelus

2200 2460 2305 2500 non
2339 2443 2542 2499 habens
2564 2442 2586 2476 ⁸
2618 2459 2836 2501 carnem
2885 2442 3169 2501 mortalem
3200 2465 3214 2501 :
3245 2456 3298 2502 tu
3320 2458 3496 2503 autem
3519 2451 3608 2522 qui
3636 2467 3802 2509 acce-

2200 2537 2322 2609 pisti
2352 2538 2631 2593 mortalem
2658 2553 2875 2595 carnem
2900 2579 2917 2606 ,
2939 2547 2994 2595 et
3022 2555 3121 2595 nec
3160 2536 3261 2596 hoc
3310 2524 3403 2596 tibi
3450 2544 3671 2614 prodest
3696 2591 3713 2613 ,
3744 2556 3803 2605 ut

2200 2639 2345 2687 tanta
2369 2627 2677 2685 infirmitate
2706 2628 3023 2698 humilieris,
3045 2630 3193 2707 sicut.
3212 2648 3349 2687 unus
3378 2649 3443 2688 ex
3467 2635 3802 2708 principibus

2198 2721 2380 2778 cades.
2414 2721 2529 2793 Ipsa
2559 2732 2790 2793 estergo
2817 2722 2985 2793 gratia
3017 2721 3263 2780 beneﬁcii
3295 2720 3388 2779 Dei
3417 2726 3584 2797 prima
3610 2771 3625 2795 ,
3654 2729 3803 2786 redi-

2198 2820 2325 2885 gere
2347 2798 2367 2846 ⁵
2390 2829 2491 2870 nos
2515 2812 2581 2869 ad
2627 2812 3021 2870 confessionem
3055 2815 3395 2886 infirmitatis,
3428 2829 3485 2874 ut
3539 2818 3802 2893 quidquid

2199 2905 2324 2963 boni
2354 2922 2657 2979 possumus,
2685 2905 2938 2979 quidquid
2974 2915 3221 2980 potentes
3270 2924 3475 2975 sumus.
3503 2912 3556 2969 in
3605 2913 3699 2972 illo
3724 2917 3801 2972 si-

2200 3017 2318 3057 mus
2348 3019 2359 3053 :
2389 3009 2449 3056 ut
2475 3001 2565 3072 qui
2595 2999 2872 3074 gloriatur,
2903 3002 2957 3057 in
2986 2994 3210 3058 Domino
3236 3003 3494 3074 glorietur
3518 3004 3579 3079 (1
3606 3006 3729 3063 Cor.
3762 3026 3800 3078 1,

2199 3086 2311 3167 51).
2338 3092 2555 3162 Quando
2580 3093 2835 3163 inﬁrmor,
2862 3093 3053 3165 inquit,
3079 3103 3199 3150 tunc
3225 3106 3402 3169 potens
3427 3116 3539 3152 sum
3564 3098 3582 3171 (
3606 3099 3648 3156 ll
3675 3101 3798 3159 Cor.

2199 3201 2293 3249 xu,
2327 3172 2436 3256 10).
2467 3180 2575 3240 Pro
2600 3185 2865 3256 iniquitate
2903 3186 3111 3242 erudisti
3150 3190 3405 3246 hominem
3438 3202 3526 3248 :et
3546 3193 3805 3255 tabescere

2200 3277 2363 3350 fecisti
2381 3278 2508 3331 sicut
2532 3294 2774 3332 araneam
2790 3278 3015 3333 animam
3037 3296 3222 3334 meam.

2272 3366 2359 3423 19.
2400 3364 2752 3422 Verumtamen
2780 3386 2905 3424 uane
2949 3366 3278 3426 conturbatur
3322 3373 3485 3429 omnis
3530 3375 3681 3431 homo
3716 3379 3798 3435 ui-

2200 3478 2337 3518 vens.
2370 3458 2528 3517 Redit
2552 3460 2616 3516 ad
2653 3461 2781 3518 illud
2807 3463 2950 3534 quod
2976 3465 3134 3535 paulo
3159 3475 3285 3524 ante
3310 3474 3756 3528 commemoravit
3782 3491 3797 3529 :

2199 3553 2443 3625 quamvis
2468 3552 2555 3609 hic
2580 3554 2839 3625 proficiat,
2855 3571 2981 3610 uane
2998 3558 3326 3614 conturbatur
3352 3562 3513 3617 onmis
3544 3563 3695 3618 homo
3722 3567 3802 3621 vi-

2199 3664 2318 3703 vens
2345 3665 2364 3704 :
2395 3648 2579 3704 vivens
2602 3649 2784 3722 utique
2812 3649 2864 3705 in
2893 3648 3118 3706 incerto.
3147 3653 3276 3720 Quis
3302 3653 3445 3708 enim
3478 3657 3559 3711 vel
3582 3656 3651 3713 de
3680 3658 3802 3728 ipso

2199 3741 2342 3796 bono
2368 3756 2467 3801 suo
2492 3755 2713 3799 securus
2740 3736 2857 3796 est?
2884 3739 3022 3798 Vane
3041 3745 3391 3798 conturbatur.
3422 3745 3595 3803 Jactet
3622 3748 3673 3803 in
3696 3750 3804 3805 Do-

2200 3837 2403 3907 minum
2430 3848 2612 3893 curam
2642 3853 2793 3894 suam
2838 3832 3012 3910 (Psal.
3043 3855 3130 3896 Ltv
3151 3883 3166 3909 ,
3211 3840 3302 3915 23)
3326 3884 3341 3909 ,
3372 3842 3424 3897 in
3455 3836 3602 3898 illum
3630 3844 3804 3914 jactet

2199 3927 2454 4013 quidquid
2481 3922 2741 3985 sollicitus
2781 3938 2897 3997 est,
2945 3931 3059 4002 ipse
3087 3935 3320 4003 nutriat,
3368 3936 3480 4007 ipse
3504 3938 3799 3995 custodiat.

2201 4020 2337 4091 Quid
2364 4022 2507 4076 enim
2533 4020 2584 4076 in
2628 4020 2727 4079 hac
2756 4032 2892 4079 terra
2920 4034 3127 4080 certum
3156 4035 3272 4093 est,
3306 4028 3404 4084 nisi
3436 4030 3622 4085 mors?
3649 4028 3803 4088 Con-

2201 4111 2435 4169 siderate
2459 4112 2635 4168 omnia
2659 4113 2879 4169 omnino
2902 4112 2985 4170 vel
3014 4115 3151 4171 bona
3180 4118 3259 4172 vel
3289 4119 3425 4175 mala
3450 4122 3575 4176 vita:
3598 4121 3761 4191 hujus
3783 4167 3799 4191 ,

2200 4202 2284 4259 vel
2315 4205 2371 4261 in
2399 4204 2510 4276 ipsa
2536 4204 2738 4277 justitia
2761 4247 2774 4271 ,
2807 4206 2890 4262 vel
2921 4206 2974 4291 in
3020 4207 3132 4280 ipsa
3178 4210 3456 4283 iniquitate
3486 4230 3500 4265 :
3535 4214 3661 4286 quid
3711 4216 3803 4274 hic

2200 4304 2407 4352 certum
2451 4307 2565 4364 est,
2613 4297 2714 4353 nisi
2746 4298 2927 4354 mors?
2958 4296 3235 4356 Profecisti
3268 4320 3283 4357 :
3315 4302 3443 4375 quid
3485 4304 3561 4361 sis
3592 4306 3757 4365 hodie
3781 4353 3799 4378 ,

2200 4389 2341 4455 scis;
2373 4388 2499 4461 quid
2528 4388 2733 4445 futurus
2761 4391 2836 4446 sis
2868 4390 3135 4461 crastino,
3166 4394 3360 4450 nescis.
3408 4394 3664 4454 Pcecator
3695 4416 3758 4455 es
3783 4416 3799 4454 :

2201 4479 2328 4552 quid
2355 4478 2431 4536 sis
2461 4476 2652 4557 hodie,
2686 4481 2826 4547 scis;
2859 4481 2986 4555 quid
3017 4480 3091 4539 sis
3128 4484 3397 4554 crastino,
3429 4489 3622 4544 nescis.
3656 4488 3800 4561 Spe-

2201 4586 2291 4626 ras
2317 4572 2625 4643 pecuniam;
2646 4572 2901 4627 incertam
2929 4576 3009 4629 est
3034 4590 3099 4629 an
3132 4576 3426 4648 proveniat.
3444 4578 3640 4650 Speras
3668 4599 3804 4639 uxo-

2200 4670 2352 4729 rein;
2395 4662 2768 4721 incertum'est
2793 4678 2858 4720 an
2886 4665 3145 4745 accipias,
3177 4664 3261 4724 vel
3288 4671 3497 4741 qualem
3538 4675 3778 4748 accipias

2201 4754 2396 4827 Speras
2424 4756 2592 4822 filios;
2628 4757 2887 4812 incertum
2923 4754 3004 4813 est
3031 4775 3097 4813 an
3129 4770 3414 4817 nascantur
3444 4779 3457 4816 :
3493 4764 3600 4819 nati
3630 4778 3804 4836 sunt;

2202 4850 2463 4906 incertum
2488 4858 2573 4905 est
2595 4864 2662 4904 an
2690 4849 2868 4904 vivant
2902 4867 2916 4903 :
2949 4852 3151 4920 vivunt,
3185 4852 3444 4909 incertum
3472 4866 3553 4910 est
3577 4872 3644 4911 an
3675 4875 3805 4928 pro.

2202 4940 2416 5008 ficiaut,
2444 4957 2510 4997 an
2537 4940 2805 4998 deficiant.
2839 4932 3184 5014 Quocumque
3209 4952 3261 5000 te
3306 4947 3563 5011 verteris,
3595 4946 3807 5007 incerta

2203 5033 2380 5117 omnia
2414 5047 2428 5086 :
2463 5032 2575 5088 sola
2615 5047 2761 5089 mors
2789 5041 2952 5089 certa.
2982 5034 3189 5104 Pauper
3214 5049 3305 5100 es;
3337 5037 3593 5092 incertum
3627 5050 3711 5094 cst
3738 5060 3809 5097 an

2202 5121 2435 5179 ditescas
2459 5140 2471 5177 :
2495 5122 2774 5191 indoctus;
2805 5129 3062 5181 incertum
3095 5135 3177 5181 est
3205 5141 3273 5182 an
3304 5129 3565 5186 erudiaris
3590 5149 3604 5185 :
3630 5133 3810 5189 imbec

2203 5214 2389 5295 cilius;
2410 5214 2671 5273 incertum
2698 5224 2774 5273 est
2807 5231 2874 5272 an
2901 5219 3260 5273 convalesces.
3282 5218 3450 5275 Natus
3477 5236 3806 5287 es;certum

2201 5309 2427 5380 estquia
2456 5310 2732 5365 morieris:
2755 5316 2807 5364 et
2837 5311 2887 5364 in
2921 5311 3020 5365 hoc
3050 5310 3166 5381 ipso
3189 5314 3312 5382 quia
3335 5322 3480 5369 mers
3507 5314 3617 5383 ipsa
3652 5324 3810 5375 Certa

2200 5408 2316 5481 est,
2345 5399 2459 5454 dies
2497 5400 2684 5456 mortis
2724 5400 2959 5456 incertus
2987 5411 3088 5457 est.
3119 5398 3263 5458 Inter
3289 5403 3405 5459 haec
3434 5405 3633 5461 incerta
3657 5450 3674 5475 ,
3709 5410 3812 5466 ubi

2201 5489 2315 5544 sola
2342 5502 2486 5543 mors
2509 5498 2677 5554 certa,
2697 5490 2849 5561 eujus
2866 5490 3023 5547 etiam
3052 5491 3180 5547 hora
3208 5493 3430 5561 incerta,
3451 5506 3504 5551 et
3528 5494 3641 5551 sola
3663 5502 3813 5556 mul-

2204 5591 2314 5637 tum
2343 5589 2595 5649 cavetur,
2625 5597 2745 5655 qua:
2771 5584 2915 5638 nullo
2943 5583 3103 5640 modo
3126 5578 3424 5657 devitatur,
3458 5588 3621 5643 onlnis
3649 5592 3813 5650 homo

2200 5676 2366 5729 vivens
2387 5682 2513 5727 vane
2533 5672 2876 5732 conturbatur.
3550 5694 3557 5699 λ

2264 5766 2432 5841 ξ
2460 5765 2867 5841 nuncin/irth
2883 5768 3063 5831 inveni,
3076 5770 3330 5841 [st-uetitas
3354 5774 3502 5840 fortes
3526 5770 3703 5831 bibent.

2265 5833 2287 5896 ξ
2309 5833 2384 5896 sic
2403 5836 2477 5878 ar.
2505 5837 2557 5880 et
2578 5833 2685 5882 Mss.
2712 5838 2919 5896 At,fLov.,
2948 5846 3045 5886 non
3067 5833 3229 5890 habet.

2266 5893 2288 5926 ³
2310 5890 2500 5954 Aliquot
2520 5900 2660 5958 Nam,
2685 5894 2873 5948 redirs.
