  <div class='ocr_page' id='page_1' title='image "/cluster/home/n/w/nwhite01/storage/ocr_20150623/36/hvd.32044015471469/220.png"; bbox 0 0 4042 6464; ppageno 0'>
   <div class='ocr_carea' id='block_1_1' title="bbox 298 368 398 425">
    <p class='ocr_par' dir='ltr' id='par_1_1' title="bbox 298 368 398 425">
     <span class='ocr_line' id='line_1_1' title="bbox 298 368 398 425; baseline 0 0"><span class='ocrx_word' id='word_1_1' title='bbox 298 368 398 425; x_wconf 68' lang='grc'><strong>429</strong></span> 
     </span>
    </p>
   </div>
   <div class='ocr_carea' id='block_1_2' title="bbox 362 480 1877 561">
    <p class='ocr_par' dir='ltr' id='par_1_2' title="bbox 362 480 1877 561">
     <span class='ocr_line' id='line_1_2' title="bbox 362 480 1877 561; baseline -0.001 -20"><span class='ocrx_word' id='word_1_2' title='bbox 362 486 450 542; x_wconf 57' lang='grc' dir='ltr'><strong>ρο.</strong></span> <span class='ocrx_word' id='word_1_3' title='bbox 483 483 640 560; x_wconf 66' lang='grc' dir='ltr'><strong>[κη.</strong></span> <span class='ocrx_word' id='word_1_4' title='bbox 673 483 786 561; x_wconf 74' lang='grc'><strong>15.]</strong></span> <span class='ocrx_word' id='word_1_5' title='bbox 817 483 958 556; x_wconf 85' lang='lat' dir='ltr'><strong>Ergo</strong></span> <span class='ocrx_word' id='word_1_6' title='bbox 980 481 1119 540; x_wconf 90' lang='lat' dir='ltr'><strong>inter</strong></span> <span class='ocrx_word' id='word_1_7' title='bbox 1148 481 1263 538; x_wconf 70' lang='lat' dir='ltr'><strong>haec</strong></span> <span class='ocrx_word' id='word_1_8' title='bbox 1281 480 1391 554; x_wconf 82' lang='lat' dir='ltr'><strong>jam</strong></span> <span class='ocrx_word' id='word_1_9' title='bbox 1419 484 1741 549; x_wconf 83' lang='lat' dir='ltr'><strong>transiliens,</strong></span> <span class='ocrx_word' id='word_1_10' title='bbox 1768 483 1877 555; x_wconf 82' lang='lat' dir='ltr'><strong>jam</strong></span> 
     </span>
    </p>
   </div>
   <div class='ocr_carea' id='block_1_3' title="bbox 296 575 1878 651">
    <p class='ocr_par' dir='ltr' id='par_1_3' title="bbox 296 575 1878 651">
     <span class='ocr_line' id='line_1_3' title="bbox 296 575 1878 651; baseline -0.003 -15"><span class='ocrx_word' id='word_1_11' title='bbox 296 582 345 636; x_wconf 89' lang='lat' dir='ltr'><strong>in</strong></span> <span class='ocrx_word' id='word_1_12' title='bbox 376 578 697 651; x_wconf 84' lang='lat' dir='ltr'><strong>quibusdam</strong></span> <span class='ocrx_word' id='word_1_13' title='bbox 721 576 1085 649; x_wconf 77' lang='lat' dir='ltr'><strong>superioribus</strong></span> <span class='ocrx_word' id='word_1_14' title='bbox 1109 590 1272 647; x_wconf 84' lang='lat' dir='ltr'><strong>agens</strong></span> <span class='ocrx_word' id='word_1_15' title='bbox 1291 617 1308 641; x_wconf 95' lang='lat'><strong>,</strong></span> <span class='ocrx_word' id='word_1_16' title='bbox 1349 575 1465 631; x_wconf 58' lang='lat' dir='ltr'><strong>haec</strong></span> <span class='ocrx_word' id='word_1_17' title='bbox 1494 575 1599 632; x_wconf 85' lang='lat' dir='ltr'><strong>ima</strong></span> <span class='ocrx_word' id='word_1_18' title='bbox 1635 586 1878 632; x_wconf 87' lang='lat' dir='ltr'><strong>contem-</strong></span> 
     </span>
    </p>
   </div>
   <div class='ocr_carea' id='block_1_4' title="bbox 290 666 1879 740">
    <p class='ocr_par' dir='ltr' id='par_1_4' title="bbox 290 666 1879 740">
     <span class='ocr_line' id='line_1_4' title="bbox 290 666 1879 740; baseline -0.002 -12"><span class='ocrx_word' id='word_1_19' title='bbox 290 686 456 740; x_wconf 84' lang='lat' dir='ltr'><strong>nens,</strong></span> <span class='ocrx_word' id='word_1_20' title='bbox 506 671 647 726; x_wconf 86' lang='lat' dir='ltr'><strong>inter</strong></span> <span class='ocrx_word' id='word_1_21' title='bbox 676 670 791 725; x_wconf 69' lang='lat' dir='ltr'><strong>haec</strong></span> <span class='ocrx_word' id='word_1_22' title='bbox 831 668 1065 740; x_wconf 79' lang='lat' dir='ltr'><strong>positus,</strong></span> <span class='ocrx_word' id='word_1_23' title='bbox 1098 666 1337 734; x_wconf 70' lang='lat' dir='ltr'><strong>Exaudi,</strong></span> <span class='ocrx_word' id='word_1_24' title='bbox 1370 667 1570 738; x_wconf 92' lang='lat' dir='ltr'><strong>inquit,</strong></span> <span class='ocrx_word' id='word_1_25' title='bbox 1602 668 1879 725; x_wconf 81' lang='lat' dir='ltr'><strong>orationem</strong></span> 
     </span>
    </p>
   </div>
   <div class='ocr_carea' id='block_1_5' title="bbox 287 757 1879 834">
    <p class='ocr_par' dir='ltr' id='par_1_5' title="bbox 287 757 1879 834">
     <span class='ocr_line' id='line_1_5' title="bbox 287 757 1879 834; baseline -0.001 -15"><span class='ocrx_word' id='word_1_26' title='bbox 287 780 468 819; x_wconf 84' lang='lat' dir='ltr'><strong>meam.</strong></span> <span class='ocrx_word' id='word_1_27' title='bbox 488 760 1056 834; x_wconf 81' lang='lat' dir='ltr'><strong>Dequibusgandeam,</strong></span> <span class='ocrx_word' id='word_1_28' title='bbox 1073 757 1141 815; x_wconf 88' lang='lat' dir='ltr'><strong>de</strong></span> <span class='ocrx_word' id='word_1_29' title='bbox 1156 758 1351 831; x_wconf 85' lang='lat' dir='ltr'><strong>quibus</strong></span> <span class='ocrx_word' id='word_1_30' title='bbox 1362 759 1607 831; x_wconf 76' lang='lat' dir='ltr'><strong>gemam?</strong></span> <span class='ocrx_word' id='word_1_31' title='bbox 1624 760 1699 817; x_wconf 89' lang='lat' dir='ltr'><strong>De</strong></span> <span class='ocrx_word' id='word_1_32' title='bbox 1715 767 1879 817; x_wconf 81' lang='lat' dir='ltr'><strong>trans-</strong></span> 
     </span>
    </p>
   </div>
   <div class='ocr_carea' id='block_1_6' title="bbox 284 849 1877 929">
    <p class='ocr_par' dir='ltr' id='par_1_6' title="bbox 284 849 1877 929">
     <span class='ocr_line' id='line_1_6' title="bbox 284 849 1877 929; baseline -0.001 -17"><span class='ocrx_word' id='word_1_33' title='bbox 284 859 417 913; x_wconf 80' lang='lat' dir='ltr'><strong>actis</strong></span> <span class='ocrx_word' id='word_1_34' title='bbox 455 855 692 929; x_wconf 80' lang='lat' dir='ltr'><strong>gaudeo,</strong></span> <span class='ocrx_word' id='word_1_35' title='bbox 720 869 818 927; x_wconf 88' lang='lat' dir='ltr'><strong>pro</strong></span> <span class='ocrx_word' id='word_1_36' title='bbox 842 854 923 909; x_wconf 87' lang='lat' dir='ltr'><strong>bis</strong></span> <span class='ocrx_word' id='word_1_37' title='bbox 945 868 1066 925; x_wconf 71' lang='lat' dir='ltr'><strong>quse</strong></span> <span class='ocrx_word' id='word_1_38' title='bbox 1090 860 1295 908; x_wconf 86' lang='lat' dir='ltr'><strong>restant</strong></span> <span class='ocrx_word' id='word_1_39' title='bbox 1316 867 1495 924; x_wconf 86' lang='lat' dir='ltr'><strong>gemo.</strong></span> <span class='ocrx_word' id='word_1_40' title='bbox 1524 849 1732 909; x_wconf 62' lang='lat' dir='ltr'><strong>Exaudi</strong></span> <span class='ocrx_word' id='word_1_41' title='bbox 1760 870 1877 910; x_wconf 82' lang='lat' dir='ltr'><strong>ora-</strong></span> 
     </span>
    </p>
   </div>
   <div class='ocr_carea' id='block_1_7' title="bbox 283 945 1877 1019">
    <p class='ocr_par' dir='ltr' id='par_1_7' title="bbox 283 945 1877 1019">
     <span class='ocr_line' id='line_1_7' title="bbox 283 945 1877 1019; baseline -0.003 -14"><span class='ocrx_word' id='word_1_42' title='bbox 283 951 468 1005; x_wconf 85' lang='lat' dir='ltr'><strong>tionem</strong></span> <span class='ocrx_word' id='word_1_43' title='bbox 497 963 664 1004; x_wconf 81' lang='lat' dir='ltr'><strong>nteant</strong></span> <span class='ocrx_word' id='word_1_44' title='bbox 689 957 736 1003; x_wconf 90' lang='lat' dir='ltr'><strong>et</strong></span> <span class='ocrx_word' id='word_1_45' title='bbox 765 946 1165 1019; x_wconf 81' lang='lat' dir='ltr'><strong>deprecationem</strong></span> <span class='ocrx_word' id='word_1_46' title='bbox 1205 960 1371 1000; x_wconf 81' lang='lat' dir='ltr'><strong>nteant</strong></span> <span class='ocrx_word' id='word_1_47' title='bbox 1398 961 1419 1000; x_wconf 91' lang='lat'><strong><em>:</em></strong></span> <span class='ocrx_word' id='word_1_48' title='bbox 1444 945 1650 1001; x_wconf 75' lang='lat' dir='ltr'><strong>auribus</strong></span> <span class='ocrx_word' id='word_1_49' title='bbox 1676 946 1877 1016; x_wconf 76' lang='lat' dir='ltr'><strong>percipe</strong></span> 
     </span>
    </p>
   </div>
   <div class='ocr_carea' id='block_1_8' title="bbox 282 1038 1869 1118">
    <p class='ocr_par' dir='ltr' id='par_1_8' title="bbox 282 1038 1869 1118">
     <span class='ocr_line' id='line_1_8' title="bbox 282 1038 1869 1118; baseline -0.004 -18"><span class='ocrx_word' id='word_1_50' title='bbox 282 1044 538 1118; x_wconf 64' lang='lat' dir='ltr'><strong>lacrumas</strong></span> <span class='ocrx_word' id='word_1_51' title='bbox 564 1057 721 1098; x_wconf 82' lang='lat' dir='ltr'><strong>meas.</strong></span> <span class='ocrx_word' id='word_1_52' title='bbox 754 1038 1019 1111; x_wconf 81' lang='lat' dir='ltr'><strong>Numquid</strong></span> <span class='ocrx_word' id='word_1_53' title='bbox 1060 1039 1202 1094; x_wconf 88' lang='lat' dir='ltr'><strong>enim</strong></span> <span class='ocrx_word' id='word_1_54' title='bbox 1243 1038 1366 1109; x_wconf 84' lang='lat' dir='ltr'><strong>quia</strong></span> <span class='ocrx_word' id='word_1_55' title='bbox 1396 1046 1541 1094; x_wconf 85' lang='lat' dir='ltr'><strong>tanta</strong></span> <span class='ocrx_word' id='word_1_56' title='bbox 1570 1039 1829 1094; x_wconf 87' lang='lat' dir='ltr'><strong>transilivi</strong></span> <span class='ocrx_word' id='word_1_57' title='bbox 1853 1080 1869 1107; x_wconf 93' lang='lat'><strong>,</strong></span> 
     </span>
    </p>
   </div>
   <div class='ocr_carea' id='block_1_9' title="bbox 280 1130 1874 1209">
    <p class='ocr_par' dir='ltr' id='par_1_9' title="bbox 280 1130 1874 1209">
     <span class='ocr_line' id='line_1_9' title="bbox 280 1130 1874 1209; baseline -0.003 -18"><span class='ocrx_word' id='word_1_58' title='bbox 280 1136 401 1209; x_wconf 88' lang='lat' dir='ltr'><strong>quia</strong></span> <span class='ocrx_word' id='word_1_59' title='bbox 427 1142 580 1191; x_wconf 83' lang='lat' dir='ltr'><strong>tanta</strong></span> <span class='ocrx_word' id='word_1_60' title='bbox 602 1132 1050 1203; x_wconf 81' lang='lat' dir='ltr'><strong>transcendi,jam</strong></span> <span class='ocrx_word' id='word_1_61' title='bbox 1077 1145 1183 1186; x_wconf 88' lang='lat' dir='ltr'><strong>non</strong></span> <span class='ocrx_word' id='word_1_62' title='bbox 1208 1130 1551 1188; x_wconf 80' lang='lat' dir='ltr'><strong>ﬂeo?Nonne</strong></span> <span class='ocrx_word' id='word_1_63' title='bbox 1578 1131 1746 1187; x_wconf 89' lang='lat' dir='ltr'><strong>multo</strong></span> <span class='ocrx_word' id='word_1_64' title='bbox 1762 1146 1874 1187; x_wconf 86' lang='lat' dir='ltr'><strong>ma-</strong></span> 
     </span>
    </p>
   </div>
   <div class='ocr_carea' id='block_1_10' title="bbox 280 1222 1870 1301">
    <p class='ocr_par' dir='ltr' id='par_1_10' title="bbox 280 1222 1870 1301">
     <span class='ocr_line' id='line_1_10' title="bbox 280 1222 1870 1301; baseline -0.003 -18"><span class='ocrx_word' id='word_1_65' title='bbox 280 1231 353 1301; x_wconf 79' lang='lat' dir='ltr'><strong>gis</strong></span> <span class='ocrx_word' id='word_1_66' title='bbox 385 1226 680 1294; x_wconf 54' lang='lat' dir='ltr'><strong>ileolQula</strong></span> <span class='ocrx_word' id='word_1_67' title='bbox 707 1225 798 1297; x_wconf 87' lang='lat' dir='ltr'><strong>qui</strong></span> <span class='ocrx_word' id='word_1_68' title='bbox 826 1223 1043 1295; x_wconf 84' lang='lat' dir='ltr'><strong>apponit</strong></span> <span class='ocrx_word' id='word_1_69' title='bbox 1067 1222 1366 1288; x_wconf 81' lang='lat' dir='ltr'><strong>scientiam,</strong></span> <span class='ocrx_word' id='word_1_70' title='bbox 1388 1222 1607 1294; x_wconf 85' lang='lat' dir='ltr'><strong>apponit</strong></span> <span class='ocrx_word' id='word_1_71' title='bbox 1631 1222 1870 1280; x_wconf 89' lang='lat' dir='ltr'><strong>dolorem</strong></span> 
     </span>
    </p>
   </div>
   <div class='ocr_carea' id='block_1_11' title="bbox 278 1314 1869 1392">
    <p class='ocr_par' dir='ltr' id='par_1_11' title="bbox 278 1314 1869 1392">
     <span class='ocr_line' id='line_1_11' title="bbox 278 1314 1869 1392; baseline -0.001 -18"><span class='ocrx_word' id='word_1_72' title='bbox 278 1320 475 1392; x_wconf 69' lang='lat' dir='ltr'><strong>(Bede.</strong></span> <span class='ocrx_word' id='word_1_73' title='bbox 510 1336 550 1386; x_wconf 82' lang='grc' dir='ltr'><strong>ι,</strong></span> <span class='ocrx_word' id='word_1_74' title='bbox 575 1319 689 1389; x_wconf 70' lang='grc'><strong>18).</strong></span> <span class='ocrx_word' id='word_1_75' title='bbox 719 1316 909 1373; x_wconf 82' lang='lat' dir='ltr'><strong>Nonne</strong></span> <span class='ocrx_word' id='word_1_76' title='bbox 933 1326 1133 1387; x_wconf 87' lang='lat' dir='ltr'><strong>quanto</strong></span> <span class='ocrx_word' id='word_1_77' title='bbox 1154 1316 1173 1349; x_wconf 73' lang='grc' dir='ltr'><strong><em>ι</em></strong></span> <span class='ocrx_word' id='word_1_78' title='bbox 1201 1316 1371 1387; x_wconf 83' lang='lat' dir='ltr'><strong>magis</strong></span> <span class='ocrx_word' id='word_1_79' title='bbox 1392 1315 1534 1386; x_wconf 85' lang='lat' dir='ltr'><strong>quod</strong></span> <span class='ocrx_word' id='word_1_80' title='bbox 1560 1314 1710 1372; x_wconf 85' lang='lat' dir='ltr'><strong>abest</strong></span> <span class='ocrx_word' id='word_1_81' title='bbox 1727 1315 1869 1373; x_wconf 87' lang='lat' dir='ltr'><strong>desi-</strong></span> 
     </span>
    </p>
   </div>
   <div class='ocr_carea' id='block_1_12' title="bbox 259 1402 1871 1482">
    <p class='ocr_par' dir='ltr' id='par_1_12' title="bbox 259 1402 1871 1482">
     <span class='ocr_line' id='line_1_12' title="bbox 259 1402 1871 1482; baseline -0.004 -13"><span class='ocrx_word' id='word_1_82' title='bbox 259 1402 424 1476; x_wconf 57' lang='grc' dir='ltr'><strong>Ἡρη).</strong></span> <span class='ocrx_word' id='word_1_83' title='bbox 446 1420 601 1467; x_wconf 86' lang='lat' dir='ltr'><strong>tanto</strong></span> <span class='ocrx_word' id='word_1_84' title='bbox 624 1411 793 1482; x_wconf 89' lang='lat' dir='ltr'><strong>magis</strong></span> <span class='ocrx_word' id='word_1_85' title='bbox 819 1409 993 1465; x_wconf 87' lang='lat' dir='ltr'><strong>donec</strong></span> <span class='ocrx_word' id='word_1_86' title='bbox 1019 1408 1198 1464; x_wconf 85' lang='lat' dir='ltr'><strong>veniat</strong></span> <span class='ocrx_word' id='word_1_87' title='bbox 1217 1422 1393 1478; x_wconf 83' lang='lat' dir='ltr'><strong>gemo,</strong></span> <span class='ocrx_word' id='word_1_88' title='bbox 1415 1416 1563 1463; x_wconf 89' lang='lat' dir='ltr'><strong>tanto</strong></span> <span class='ocrx_word' id='word_1_89' title='bbox 1590 1408 1759 1479; x_wconf 79' lang='lat' dir='ltr'><strong>magis</strong></span> <span class='ocrx_word' id='word_1_90' title='bbox 1772 1407 1871 1463; x_wconf 88' lang='lat' dir='ltr'><strong>do-</strong></span> 
     </span>
    </p>
   </div>
   <div class='ocr_carea' id='block_1_13' title="bbox 246 1486 1869 1573">
    <p class='ocr_par' dir='ltr' id='par_1_13' title="bbox 246 1486 1869 1573">
     <span class='ocr_line' id='line_1_13' title="bbox 246 1486 1869 1573; baseline -0.002 -13"><span class='ocrx_word' id='word_1_91' title='bbox 246 1486 371 1563; x_wconf 32' lang='lat' dir='ltr'><strong>inec</strong></span> <span class='ocrx_word' id='word_1_92' title='bbox 395 1506 583 1561; x_wconf 88' lang='lat' dir='ltr'><strong>veniat</strong></span> <span class='ocrx_word' id='word_1_93' title='bbox 609 1504 748 1560; x_wconf 76' lang='lat' dir='ltr'><strong>ﬁet)?</strong></span> <span class='ocrx_word' id='word_1_94' title='bbox 763 1503 951 1558; x_wconf 80' lang='lat' dir='ltr'><strong>Nonne</strong></span> <span class='ocrx_word' id='word_1_95' title='bbox 976 1510 1123 1558; x_wconf 86' lang='lat' dir='ltr'><strong>tanto</strong></span> <span class='ocrx_word' id='word_1_96' title='bbox 1139 1503 1328 1573; x_wconf 88' lang='lat' dir='ltr'><strong>magis,</strong></span> <span class='ocrx_word' id='word_1_97' title='bbox 1343 1509 1542 1573; x_wconf 88' lang='lat' dir='ltr'><strong>quanto</strong></span> <span class='ocrx_word' id='word_1_98' title='bbox 1566 1502 1736 1573; x_wconf 82' lang='lat' dir='ltr'><strong>magis</strong></span> <span class='ocrx_word' id='word_1_99' title='bbox 1751 1517 1869 1557; x_wconf 85' lang='lat' dir='ltr'><strong>cre-</strong></span> 
     </span>
    </p>
   </div>
   <div class='ocr_carea' id='block_1_14' title="bbox 275 1591 1864 1665">
    <p class='ocr_par' dir='ltr' id='par_1_14' title="bbox 275 1591 1864 1665">
     <span class='ocr_line' id='line_1_14' title="bbox 275 1591 1864 1665; baseline -0.003 -11"><span class='ocrx_word' id='word_1_100' title='bbox 275 1599 528 1654; x_wconf 85' lang='lat' dir='ltr'><strong>brescunt</strong></span> <span class='ocrx_word' id='word_1_101' title='bbox 566 1596 816 1652; x_wconf 81' lang='lat' dir='ltr'><strong>scandala</strong></span> <span class='ocrx_word' id='word_1_102' title='bbox 836 1635 851 1660; x_wconf 93' lang='lat'><strong>,</strong></span> <span class='ocrx_word' id='word_1_103' title='bbox 884 1602 1086 1665; x_wconf 88' lang='lat' dir='ltr'><strong>quanto</strong></span> <span class='ocrx_word' id='word_1_104' title='bbox 1108 1593 1280 1665; x_wconf 87' lang='lat' dir='ltr'><strong>magis</strong></span> <span class='ocrx_word' id='word_1_105' title='bbox 1314 1591 1547 1649; x_wconf 82' lang='lat' dir='ltr'><strong>abundat</strong></span> <span class='ocrx_word' id='word_1_106' title='bbox 1575 1592 1827 1663; x_wconf 86' lang='lat' dir='ltr'><strong>iniquitas</strong></span> <span class='ocrx_word' id='word_1_107' title='bbox 1847 1634 1864 1661; x_wconf 94' lang='lat'><strong>,</strong></span> 
     </span>
    </p>
   </div>
   <div class='ocr_carea' id='block_1_15' title="bbox 272 1684 1863 1762">
    <p class='ocr_par' dir='ltr' id='par_1_15' title="bbox 272 1684 1863 1762">
     <span class='ocr_line' id='line_1_15' title="bbox 272 1684 1863 1762; baseline -0.004 -16"><span class='ocrx_word' id='word_1_108' title='bbox 272 1700 471 1762; x_wconf 86' lang='lat' dir='ltr'><strong>quanto</strong></span> <span class='ocrx_word' id='word_1_109' title='bbox 493 1690 515 1721; x_wconf 79' lang='grc'>²</span> <span class='ocrx_word' id='word_1_110' title='bbox 546 1686 716 1758; x_wconf 83' lang='lat' dir='ltr'><strong>magis</strong></span> <span class='ocrx_word' id='word_1_111' title='bbox 744 1686 1042 1759; x_wconf 72' lang='lat' dir='ltr'><strong>t&#39;el&#39;l&#39;lgoscit</strong></span> <span class='ocrx_word' id='word_1_112' title='bbox 1074 1685 1308 1741; x_wconf 83' lang='lat' dir='ltr'><strong>cliaritas</strong></span> <span class='ocrx_word' id='word_1_113' title='bbox 1334 1686 1621 1741; x_wconf 91' lang='lat' dir='ltr'><strong>multorum</strong></span> <span class='ocrx_word' id='word_1_114' title='bbox 1651 1684 1863 1758; x_wconf 68' lang='lat' dir='ltr'><strong>(Matth.</strong></span> 
     </span>
    </p>
   </div>
   <div class='ocr_carea' id='block_1_16' title="bbox 270 1776 1868 1853">
    <p class='ocr_par' dir='ltr' id='par_1_16' title="bbox 270 1776 1868 1853">
     <span class='ocr_line' id='line_1_16' title="bbox 270 1776 1868 1853; baseline -0.001 -16"><span class='ocrx_word' id='word_1_115' title='bbox 270 1797 416 1847; x_wconf 74' lang='lat' dir='ltr'><strong>xxrv,</strong></span> <span class='ocrx_word' id='word_1_116' title='bbox 452 1780 588 1853; x_wconf 61' lang='grc' dir='ltr'><strong><em>ην</em></strong></span> <span class='ocrx_word' id='word_1_117' title='bbox 618 1780 768 1843; x_wconf 87' lang='lat' dir='ltr'><strong>Dico,</strong></span> <span class='ocrx_word' id='word_1_118' title='bbox 803 1778 930 1846; x_wconf 83' lang='lat' dir='ltr'><strong>Quis</strong></span> <span class='ocrx_word' id='word_1_119' title='bbox 958 1776 1095 1833; x_wconf 76' lang='lat' dir='ltr'><strong>dabit</strong></span> <span class='ocrx_word' id='word_1_120' title='bbox 1122 1777 1280 1848; x_wconf 83' lang='lat' dir='ltr'><strong>capiti</strong></span> <span class='ocrx_word' id='word_1_121' title='bbox 1304 1793 1414 1832; x_wconf 83' lang='lat' dir='ltr'><strong>meo</strong></span> <span class='ocrx_word' id='word_1_122' title='bbox 1441 1792 1644 1848; x_wconf 83' lang='lat' dir='ltr'><strong>aquam,</strong></span> <span class='ocrx_word' id='word_1_123' title='bbox 1676 1786 1723 1831; x_wconf 88' lang='lat' dir='ltr'><strong>et</strong></span> <span class='ocrx_word' id='word_1_124' title='bbox 1745 1793 1868 1835; x_wconf 79' lang='lat' dir='ltr'><strong>ocit-</strong></span> 
     </span>
    </p>
   </div>
   <div class='ocr_carea' id='block_1_17' title="bbox 271 1866 1867 1945">
    <p class='ocr_par' dir='ltr' id='par_1_17' title="bbox 271 1866 1867 1945">
     <span class='ocr_line' id='line_1_17' title="bbox 271 1866 1867 1945; baseline -0.003 -16"><span class='ocrx_word' id='word_1_125' title='bbox 271 1874 470 1929; x_wconf 81' lang='lat' dir='ltr'><strong>lisnteis</strong></span> <span class='ocrx_word' id='word_1_126' title='bbox 499 1878 689 1945; x_wconf 83' lang='lat' dir='ltr'><strong>fontem</strong></span> <span class='ocrx_word' id='word_1_127' title='bbox 714 1869 1054 1942; x_wconf 74' lang='lat' dir='ltr'><strong>lacrymarum</strong></span> <span class='ocrx_word' id='word_1_128' title='bbox 1070 1868 1286 1940; x_wconf 82' lang='lat' dir='ltr'><strong>(Jerem.</strong></span> <span class='ocrx_word' id='word_1_129' title='bbox 1314 1885 1389 1935; x_wconf 79' lang='lat' dir='ltr'><strong>ix,</strong></span> <span class='ocrx_word' id='word_1_130' title='bbox 1409 1866 1500 1942; x_wconf 72' lang='lat' dir='ltr'><strong>l)?</strong></span> <span class='ocrx_word' id='word_1_131' title='bbox 1520 1868 1722 1924; x_wconf 71' lang='lat' dir='ltr'><strong>Exaudi</strong></span> <span class='ocrx_word' id='word_1_132' title='bbox 1750 1886 1867 1925; x_wconf 83' lang='lat' dir='ltr'><strong>ora-</strong></span> 
     </span>
    </p>
   </div>
   <div class='ocr_carea' id='block_1_18' title="bbox 269 1959 1865 2033">
    <p class='ocr_par' dir='ltr' id='par_1_18' title="bbox 269 1959 1865 2033">
     <span class='ocr_line' id='line_1_18' title="bbox 269 1959 1865 2033; baseline -0.003 -13"><span class='ocrx_word' id='word_1_133' title='bbox 269 1969 453 2020; x_wconf 78' lang='lat' dir='ltr'><strong>tionem</strong></span> <span class='ocrx_word' id='word_1_134' title='bbox 482 1978 646 2017; x_wconf 85' lang='lat' dir='ltr'><strong>meam</strong></span> <span class='ocrx_word' id='word_1_135' title='bbox 685 1971 733 2017; x_wconf 87' lang='lat' dir='ltr'><strong>et</strong></span> <span class='ocrx_word' id='word_1_136' title='bbox 760 1961 1160 2033; x_wconf 79' lang='lat' dir='ltr'><strong>deprecationem</strong></span> <span class='ocrx_word' id='word_1_137' title='bbox 1188 1976 1354 2015; x_wconf 76' lang='lat' dir='ltr'><strong>meant</strong></span> <span class='ocrx_word' id='word_1_138' title='bbox 1380 1976 1399 2015; x_wconf 90' lang='lat'><strong><em>:</em></strong></span> <span class='ocrx_word' id='word_1_139' title='bbox 1430 1959 1636 2017; x_wconf 79' lang='lat' dir='ltr'><strong>auribus</strong></span> <span class='ocrx_word' id='word_1_140' title='bbox 1665 1961 1865 2033; x_wconf 78' lang='lat' dir='ltr'><strong>percipe</strong></span> 
     </span>
    </p>
   </div>
   <div class='ocr_carea' id='block_1_19' title="bbox 269 2051 1866 2131">
    <p class='ocr_par' dir='ltr' id='par_1_19' title="bbox 269 2051 1866 2131">
     <span class='ocr_line' id='line_1_19' title="bbox 269 2051 1866 2131; baseline -0.003 -18"><span class='ocrx_word' id='word_1_141' title='bbox 269 2059 523 2131; x_wconf 77' lang='lat' dir='ltr'><strong>lncrymas</strong></span> <span class='ocrx_word' id='word_1_142' title='bbox 539 2072 696 2110; x_wconf 83' lang='lat' dir='ltr'><strong>meas.</strong></span> <span class='ocrx_word' id='word_1_143' title='bbox 717 2053 803 2110; x_wconf 87' lang='lat' dir='ltr'><strong>Ne</strong></span> <span class='ocrx_word' id='word_1_144' title='bbox 819 2055 969 2109; x_wconf 85' lang='lat' dir='ltr'><strong>sileas</strong></span> <span class='ocrx_word' id='word_1_145' title='bbox 985 2071 1017 2107; x_wconf 89' lang='lat' dir='ltr'><strong>a</strong></span> <span class='ocrx_word' id='word_1_146' title='bbox 1031 2069 1129 2108; x_wconf 83' lang='lat' dir='ltr'><strong>me.</strong></span> <span class='ocrx_word' id='word_1_147' title='bbox 1146 2051 1226 2109; x_wconf 81' lang='lat' dir='ltr'><strong>Ne</strong></span> <span class='ocrx_word' id='word_1_148' title='bbox 1240 2052 1618 2111; x_wconf 86' lang='lat' dir='ltr'><strong>obsurdescam</strong></span> <span class='ocrx_word' id='word_1_149' title='bbox 1639 2053 1692 2109; x_wconf 90' lang='lat' dir='ltr'><strong>in</strong></span> <span class='ocrx_word' id='word_1_150' title='bbox 1708 2062 1866 2110; x_wconf 64' lang='lat' dir='ltr'><strong>aster-</strong></span> 
     </span>
    </p>
   </div>
   <div class='ocr_carea' id='block_1_20' title="bbox 270 2143 1865 2207">
    <p class='ocr_par' dir='ltr' id='par_1_20' title="bbox 270 2143 1865 2207">
     <span class='ocr_line' id='line_1_20' title="bbox 270 2143 1865 2207; baseline -0.004 0"><span class='ocrx_word' id='word_1_151' title='bbox 270 2168 415 2207; x_wconf 86' lang='lat' dir='ltr'><strong>num.</strong></span> <span class='ocrx_word' id='word_1_152' title='bbox 449 2148 536 2204; x_wconf 80' lang='lat' dir='ltr'><strong>Ne</strong></span> <span class='ocrx_word' id='word_1_153' title='bbox 561 2148 713 2204; x_wconf 72' lang='lat' dir='ltr'><strong>sileas</strong></span> <span class='ocrx_word' id='word_1_154' title='bbox 741 2164 774 2202; x_wconf 90' lang='lat' dir='ltr'><strong>a</strong></span> <span class='ocrx_word' id='word_1_155' title='bbox 801 2164 880 2202; x_wconf 80' lang='lat' dir='ltr'><strong>me</strong></span> <span class='ocrx_word' id='word_1_156' title='bbox 908 2160 927 2202; x_wconf 90' lang='lat'><strong><em>:</em></strong></span> <span class='ocrx_word' id='word_1_157' title='bbox 955 2144 1167 2205; x_wconf 77' lang='lat' dir='ltr'><strong>audiam</strong></span> <span class='ocrx_word' id='word_1_158' title='bbox 1198 2152 1273 2203; x_wconf 85' lang='lat' dir='ltr'><strong>te.</strong></span> <span class='ocrx_word' id='word_1_159' title='bbox 1300 2143 1519 2201; x_wconf 88' lang='lat' dir='ltr'><strong>Occulte</strong></span> <span class='ocrx_word' id='word_1_160' title='bbox 1559 2144 1705 2201; x_wconf 89' lang='lat' dir='ltr'><strong>enim</strong></span> <span class='ocrx_word' id='word_1_161' title='bbox 1733 2144 1865 2202; x_wconf 87' lang='lat' dir='ltr'><strong>dicit</strong></span> 
     </span>
    </p>
   </div>
   <div class='ocr_carea' id='block_1_21' title="bbox 267 2236 1862 2310">
    <p class='ocr_par' dir='ltr' id='par_1_21' title="bbox 267 2236 1862 2310">
     <span class='ocr_line' id='line_1_21' title="bbox 267 2236 1862 2310; baseline -0.003 -10"><span class='ocrx_word' id='word_1_162' title='bbox 267 2245 409 2300; x_wconf 86' lang='lat' dir='ltr'><strong>Deus</strong></span> <span class='ocrx_word' id='word_1_163' title='bbox 428 2283 441 2307; x_wconf 91' lang='lat'><strong>,</strong></span> <span class='ocrx_word' id='word_1_164' title='bbox 472 2242 656 2297; x_wconf 88' lang='lat' dir='ltr'><strong>multis</strong></span> <span class='ocrx_word' id='word_1_165' title='bbox 681 2241 739 2296; x_wconf 85' lang='lat' dir='ltr'><strong>in</strong></span> <span class='ocrx_word' id='word_1_166' title='bbox 773 2240 936 2297; x_wconf 88' lang='lat' dir='ltr'><strong>corde</strong></span> <span class='ocrx_word' id='word_1_167' title='bbox 960 2239 1193 2310; x_wconf 85' lang='lat' dir='ltr'><strong>loquitur</strong></span> <span class='ocrx_word' id='word_1_168' title='bbox 1224 2257 1240 2295; x_wconf 90' lang='lat'><strong>:</strong></span> <span class='ocrx_word' id='word_1_169' title='bbox 1270 2247 1327 2295; x_wconf 88' lang='lat' dir='ltr'><strong>et</strong></span> <span class='ocrx_word' id='word_1_170' title='bbox 1353 2252 1577 2309; x_wconf 86' lang='lat' dir='ltr'><strong>magnus</strong></span> <span class='ocrx_word' id='word_1_171' title='bbox 1602 2236 1674 2294; x_wconf 89' lang='lat' dir='ltr'><strong>ibi</strong></span> <span class='ocrx_word' id='word_1_172' title='bbox 1699 2253 1862 2297; x_wconf 88' lang='lat' dir='ltr'><strong>sonus</strong></span> 
     </span>
    </p>
   </div>
   <div class='ocr_carea' id='block_1_22' title="bbox 264 2331 1857 2409">
    <p class='ocr_par' dir='ltr' id='par_1_22' title="bbox 264 2331 1857 2409">
     <span class='ocr_line' id='line_1_22' title="bbox 264 2331 1857 2409; baseline -0.005 -15"><span class='ocrx_word' id='word_1_173' title='bbox 264 2340 317 2394; x_wconf 91' lang='lat' dir='ltr'><strong>in</strong></span> <span class='ocrx_word' id='word_1_174' title='bbox 347 2350 544 2409; x_wconf 86' lang='lat' dir='ltr'><strong>magno</strong></span> <span class='ocrx_word' id='word_1_175' title='bbox 573 2337 788 2393; x_wconf 86' lang='lat' dir='ltr'><strong>silentio</strong></span> <span class='ocrx_word' id='word_1_176' title='bbox 815 2335 991 2392; x_wconf 81' lang='lat' dir='ltr'><strong>cordis</strong></span> <span class='ocrx_word' id='word_1_177' title='bbox 1012 2334 1054 2399; x_wconf 85' lang='grc'><em>³,</em></span> <span class='ocrx_word' id='word_1_178' title='bbox 1086 2332 1301 2405; x_wconf 85' lang='lat' dir='ltr'><strong>quando</strong></span> <span class='ocrx_word' id='word_1_179' title='bbox 1328 2348 1521 2403; x_wconf 85' lang='lat' dir='ltr'><strong>magna</strong></span> <span class='ocrx_word' id='word_1_180' title='bbox 1550 2347 1683 2388; x_wconf 82' lang='lat' dir='ltr'><strong>voce</strong></span> <span class='ocrx_word' id='word_1_181' title='bbox 1708 2331 1857 2398; x_wconf 86' lang='lat' dir='ltr'><strong>dicit,</strong></span> 
     </span>
    </p>
   </div>
   <div class='ocr_carea' id='block_1_23' title="bbox 265 2424 1860 2502">
    <p class='ocr_par' dir='ltr' id='par_1_23' title="bbox 265 2424 1860 2502">
     <span class='ocr_line' id='line_1_23' title="bbox 265 2424 1860 2502; baseline -0.003 -16"><span class='ocrx_word' id='word_1_182' title='bbox 265 2431 423 2486; x_wconf 83' lang='lat' dir='ltr'><strong>Salus</strong></span> <span class='ocrx_word' id='word_1_183' title='bbox 451 2436 542 2484; x_wconf 76' lang='lat' dir='ltr'><strong>tua</strong></span> <span class='ocrx_word' id='word_1_184' title='bbox 567 2446 660 2502; x_wconf 79' lang='lat' dir='ltr'><strong>ego</strong></span> <span class='ocrx_word' id='word_1_185' title='bbox 684 2436 817 2483; x_wconf 87' lang='lat' dir='ltr'><strong>sum.</strong></span> <span class='ocrx_word' id='word_1_186' title='bbox 840 2426 958 2492; x_wconf 84' lang='lat' dir='ltr'><strong>Dic,</strong></span> <span class='ocrx_word' id='word_1_187' title='bbox 992 2427 1185 2497; x_wconf 84' lang='lat' dir='ltr'><strong>inquit,</strong></span> <span class='ocrx_word' id='word_1_188' title='bbox 1208 2428 1393 2481; x_wconf 76' lang='lat' dir='ltr'><strong>animat</strong></span> <span class='ocrx_word' id='word_1_189' title='bbox 1417 2440 1560 2492; x_wconf 72' lang='lat' dir='ltr'><strong>mea,</strong></span> <span class='ocrx_word' id='word_1_190' title='bbox 1593 2424 1752 2481; x_wconf 77' lang='lat' dir='ltr'><strong>Salus</strong></span> <span class='ocrx_word' id='word_1_191' title='bbox 1771 2435 1860 2481; x_wconf 85' lang='lat' dir='ltr'><strong>tua</strong></span> 
     </span>
    </p>
   </div>
   <div class='ocr_carea' id='block_1_24' title="bbox 261 2515 1859 2607">
    <p class='ocr_par' dir='ltr' id='par_1_24' title="bbox 261 2515 1859 2607">
     <span class='ocr_line' id='line_1_24' title="bbox 261 2515 1859 2607; baseline -0.004 -29"><span class='ocrx_word' id='word_1_192' title='bbox 261 2540 352 2595; x_wconf 79' lang='lat' dir='ltr'><strong>ego</strong></span> <span class='ocrx_word' id='word_1_193' title='bbox 379 2534 497 2578; x_wconf 71' lang='lat' dir='ltr'><strong>sunt</strong></span> <span class='ocrx_word' id='word_1_194' title='bbox 523 2521 695 2593; x_wconf 86' lang='lat' dir='ltr'><strong>(Psal.</strong></span> <span class='ocrx_word' id='word_1_195' title='bbox 725 2534 906 2584; x_wconf 73' lang='lat' dir='ltr'><strong>xxxiv,</strong></span> <span class='ocrx_word' id='word_1_196' title='bbox 927 2520 1002 2590; x_wconf 73' lang='grc' dir='ltr'><strong>ὃ).</strong></span> <span class='ocrx_word' id='word_1_197' title='bbox 1033 2518 1116 2574; x_wconf 81' lang='lat' dir='ltr'><strong>Ab</strong></span> <span class='ocrx_word' id='word_1_198' title='bbox 1139 2516 1240 2574; x_wconf 82' lang='lat' dir='ltr'><strong>hac</strong></span> <span class='ocrx_word' id='word_1_199' title='bbox 1262 2530 1415 2584; x_wconf 84' lang='lat' dir='ltr'><strong>voce,</strong></span> <span class='ocrx_word' id='word_1_200' title='bbox 1434 2531 1539 2588; x_wconf 83' lang='lat' dir='ltr'><strong>qua</strong></span> <span class='ocrx_word' id='word_1_201' title='bbox 1564 2515 1694 2607; x_wconf 83' lang='lat' dir='ltr'><strong>dicit</strong></span> <span class='ocrx_word' id='word_1_202' title='bbox 1716 2517 1859 2574; x_wconf 85' lang='lat' dir='ltr'><strong>Deus</strong></span> 
     </span>
    </p>
   </div>
   <div class='ocr_carea' id='block_1_25' title="bbox 261 2608 1860 2684">
    <p class='ocr_par' dir='ltr' id='par_1_25' title="bbox 261 2608 1860 2684">
     <span class='ocr_line' id='line_1_25' title="bbox 261 2608 1860 2684; baseline -0.002 -15"><span class='ocrx_word' id='word_1_203' title='bbox 261 2617 477 2682; x_wconf 76' lang='lat' dir='ltr'><strong>animae,</strong></span> <span class='ocrx_word' id='word_1_204' title='bbox 498 2614 655 2673; x_wconf 81' lang='lat' dir='ltr'><strong>Salus</strong></span> <span class='ocrx_word' id='word_1_205' title='bbox 678 2622 768 2667; x_wconf 87' lang='lat' dir='ltr'><strong>tua</strong></span> <span class='ocrx_word' id='word_1_206' title='bbox 782 2628 875 2684; x_wconf 82' lang='lat' dir='ltr'><strong>ego</strong></span> <span class='ocrx_word' id='word_1_207' title='bbox 895 2627 1028 2679; x_wconf 69' lang='lat' dir='ltr'><strong>sunt,</strong></span> <span class='ocrx_word' id='word_1_208' title='bbox 1047 2618 1196 2681; x_wconf 90' lang='lat' dir='ltr'><strong>optat</strong></span> <span class='ocrx_word' id='word_1_209' title='bbox 1214 2625 1284 2667; x_wconf 88' lang='lat' dir='ltr'><strong>ne</strong></span> <span class='ocrx_word' id='word_1_210' title='bbox 1310 2609 1529 2667; x_wconf 79' lang='lat' dir='ltr'><strong>sileatur</strong></span> <span class='ocrx_word' id='word_1_211' title='bbox 1543 2609 1613 2675; x_wconf 89' lang='lat' dir='ltr'><strong>ab</strong></span> <span class='ocrx_word' id='word_1_212' title='bbox 1637 2609 1751 2667; x_wconf 89' lang='lat' dir='ltr'><strong>illo.</strong></span> <span class='ocrx_word' id='word_1_213' title='bbox 1771 2608 1860 2669; x_wconf 80' lang='lat' dir='ltr'><strong>Ne</strong></span> 
     </span>
    </p>
   </div>
   <div class='ocr_carea' id='block_1_26' title="bbox 258 2708 600 2762">
    <p class='ocr_par' dir='ltr' id='par_1_26' title="bbox 258 2708 600 2762">
     <span class='ocr_line' id='line_1_26' title="bbox 258 2708 600 2762; baseline -0.009 0"><span class='ocrx_word' id='word_1_214' title='bbox 258 2708 600 2762; x_wconf 66' lang='lat' dir='ltr'><strong>silvosam.</strong></span> 
     </span>
    </p>
   </div>
   <div class='ocr_carea' id='block_1_27' title="bbox 326 2793 1852 2869">
    <p class='ocr_par' dir='ltr' id='par_1_27' title="bbox 326 2793 1852 2869">
     <span class='ocr_line' id='line_1_27' title="bbox 326 2793 1852 2869; baseline -0.003 -13"><span class='ocrx_word' id='word_1_215' title='bbox 326 2801 419 2856; x_wconf 70' lang='grc'><strong>21.</strong></span> <span class='ocrx_word' id='word_1_216' title='bbox 452 2799 706 2866; x_wconf 76' lang='lat' dir='ltr'><strong>Quoniam</strong></span> <span class='ocrx_word' id='word_1_217' title='bbox 735 2797 1011 2869; x_wconf 79' lang='lat' dir='ltr'><strong>inquilinus</strong></span> <span class='ocrx_word' id='word_1_218' title='bbox 1037 2812 1128 2868; x_wconf 85' lang='lat' dir='ltr'><strong>ego</strong></span> <span class='ocrx_word' id='word_1_219' title='bbox 1156 2813 1271 2852; x_wconf 85' lang='lat' dir='ltr'><strong>sunt</strong></span> <span class='ocrx_word' id='word_1_220' title='bbox 1310 2794 1452 2867; x_wconf 86' lang='lat' dir='ltr'><strong>apud</strong></span> <span class='ocrx_word' id='word_1_221' title='bbox 1481 2805 1547 2851; x_wconf 86' lang='lat' dir='ltr'><strong>te.</strong></span> <span class='ocrx_word' id='word_1_222' title='bbox 1577 2793 1683 2853; x_wconf 90' lang='lat' dir='ltr'><strong>Sed</strong></span> <span class='ocrx_word' id='word_1_223' title='bbox 1711 2796 1852 2869; x_wconf 82' lang='lat' dir='ltr'><strong>apud</strong></span> 
     </span>
    </p>
   </div>
   <div class='ocr_carea' id='block_1_28' title="bbox 256 2889 1856 2967">
    <p class='ocr_par' dir='ltr' id='par_1_28' title="bbox 256 2889 1856 2967">
     <span class='ocr_line' id='line_1_28' title="bbox 256 2889 1856 2967; baseline -0.003 -17"><span class='ocrx_word' id='word_1_224' title='bbox 256 2909 417 2967; x_wconf 85' lang='lat' dir='ltr'><strong>quem</strong></span> <span class='ocrx_word' id='word_1_225' title='bbox 436 2894 460 2926; x_wconf 77' lang='grc'><strong>’⁵</strong></span> <span class='ocrx_word' id='word_1_226' title='bbox 490 2892 816 2965; x_wconf 81' lang='lat' dir='ltr'><strong>inquilinus?</strong></span> <span class='ocrx_word' id='word_1_227' title='bbox 836 2890 991 2962; x_wconf 79' lang='lat' dir='ltr'><strong>Apud</strong></span> <span class='ocrx_word' id='word_1_228' title='bbox 1016 2889 1285 2946; x_wconf 80' lang='lat' dir='ltr'><strong>diabolum</strong></span> <span class='ocrx_word' id='word_1_229' title='bbox 1310 2904 1431 2945; x_wconf 89' lang='lat' dir='ltr'><strong>cum</strong></span> <span class='ocrx_word' id='word_1_230' title='bbox 1459 2904 1657 2955; x_wconf 60' lang='lat' dir='ltr'><strong>«sem,</strong></span> <span class='ocrx_word' id='word_1_231' title='bbox 1681 2889 1856 2960; x_wconf 82' lang='lat' dir='ltr'><strong>inqui-</strong></span> 
     </span>
    </p>
   </div>
   <div class='ocr_carea' id='block_1_29' title="bbox 257 2980 1854 3053">
    <p class='ocr_par' dir='ltr' id='par_1_29' title="bbox 257 2980 1854 3053">
     <span class='ocr_line' id='line_1_29' title="bbox 257 2980 1854 3053; baseline -0.002 -11"><span class='ocrx_word' id='word_1_232' title='bbox 257 2988 586 3053; x_wconf 85' lang='lat' dir='ltr'><strong>linuseram,</strong></span> <span class='ocrx_word' id='word_1_233' title='bbox 610 2985 707 3041; x_wconf 88' lang='lat' dir='ltr'><strong>sed</strong></span> <span class='ocrx_word' id='word_1_234' title='bbox 734 2985 930 3040; x_wconf 81' lang='lat' dir='ltr'><strong>malum</strong></span> <span class='ocrx_word' id='word_1_235' title='bbox 958 2982 1317 3039; x_wconf 72' lang='lat' dir='ltr'><strong>domntedium</strong></span> <span class='ocrx_word' id='word_1_236' title='bbox 1338 2982 1359 3013; x_wconf 77' lang='grc'>⁸</span> <span class='ocrx_word' id='word_1_237' title='bbox 1388 2980 1649 3038; x_wconf 82' lang='lat' dir='ltr'><strong>habebam</strong></span> <span class='ocrx_word' id='word_1_238' title='bbox 1674 2999 1687 3036; x_wconf 88' lang='lat'><strong>:</strong></span> <span class='ocrx_word' id='word_1_239' title='bbox 1712 2997 1854 3039; x_wconf 89' lang='lat' dir='ltr'><strong>nunc</strong></span> 
     </span>
    </p>
   </div>
   <div class='ocr_carea' id='block_1_30' title="bbox 253 3074 1851 3152">
    <p class='ocr_par' dir='ltr' id='par_1_30' title="bbox 253 3074 1851 3152">
     <span class='ocr_line' id='line_1_30' title="bbox 253 3074 1851 3152; baseline -0.003 -17"><span class='ocrx_word' id='word_1_240' title='bbox 253 3092 432 3137; x_wconf 84' lang='lat' dir='ltr'><strong>autem</strong></span> <span class='ocrx_word' id='word_1_241' title='bbox 455 3082 565 3152; x_wconf 77' lang='lat' dir='ltr'><strong>jam</strong></span> <span class='ocrx_word' id='word_1_242' title='bbox 583 3079 797 3151; x_wconf 81' lang='lat' dir='ltr'><strong>quidem</strong></span> <span class='ocrx_word' id='word_1_243' title='bbox 823 3076 962 3149; x_wconf 80' lang='lat' dir='ltr'><strong>apud</strong></span> <span class='ocrx_word' id='word_1_244' title='bbox 979 3086 1052 3144; x_wconf 89' lang='lat' dir='ltr'><strong>te,</strong></span> <span class='ocrx_word' id='word_1_245' title='bbox 1070 3074 1165 3133; x_wconf 82' lang='lat' dir='ltr'><strong>sed</strong></span> <span class='ocrx_word' id='word_1_246' title='bbox 1181 3074 1356 3131; x_wconf 80' lang='lat' dir='ltr'><strong>adhuc</strong></span> <span class='ocrx_word' id='word_1_247' title='bbox 1380 3075 1692 3146; x_wconf 86' lang='lat' dir='ltr'><strong>inquilinus.</strong></span> <span class='ocrx_word' id='word_1_248' title='bbox 1711 3074 1851 3143; x_wconf 85' lang='lat' dir='ltr'><strong>Quid</strong></span> 
     </span>
    </p>
   </div>
   <div class='ocr_carea' id='block_1_31' title="bbox 250 3168 1849 3246">
    <p class='ocr_par' dir='ltr' id='par_1_31' title="bbox 250 3168 1849 3246">
     <span class='ocr_line' id='line_1_31' title="bbox 250 3168 1849 3246; baseline -0.005 -14"><span class='ocrx_word' id='word_1_249' title='bbox 250 3186 334 3232; x_wconf 85' lang='lat' dir='ltr'><strong>est</strong></span> <span class='ocrx_word' id='word_1_250' title='bbox 351 3216 369 3244; x_wconf 91' lang='lat'><strong>,</strong></span> <span class='ocrx_word' id='word_1_251' title='bbox 398 3172 717 3246; x_wconf 78' lang='lat' dir='ltr'><strong>inquilinus?</strong></span> <span class='ocrx_word' id='word_1_252' title='bbox 744 3170 898 3228; x_wconf 87' lang='lat' dir='ltr'><strong>Unde</strong></span> <span class='ocrx_word' id='word_1_253' title='bbox 940 3174 1264 3241; x_wconf 76' lang='lat' dir='ltr'><strong>migraturus</strong></span> <span class='ocrx_word' id='word_1_254' title='bbox 1285 3183 1404 3225; x_wconf 85' lang='lat' dir='ltr'><strong>sum</strong></span> <span class='ocrx_word' id='word_1_255' title='bbox 1424 3208 1440 3234; x_wconf 90' lang='lat'><strong>,</strong></span> <span class='ocrx_word' id='word_1_256' title='bbox 1472 3182 1580 3224; x_wconf 92' lang='lat' dir='ltr'><strong>non</strong></span> <span class='ocrx_word' id='word_1_257' title='bbox 1608 3168 1696 3224; x_wconf 83' lang='lat' dir='ltr'><strong>ubi</strong></span> <span class='ocrx_word' id='word_1_258' title='bbox 1724 3182 1849 3237; x_wconf 85' lang='lat' dir='ltr'><strong>pcr-</strong></span> 
     </span>
    </p>
   </div>
   <div class='ocr_carea' id='block_1_32' title="bbox 250 3262 1850 3342">
    <p class='ocr_par' dir='ltr' id='par_1_32' title="bbox 250 3262 1850 3342">
     <span class='ocr_line' id='line_1_32' title="bbox 250 3262 1850 3342; baseline -0.005 -17"><span class='ocrx_word' id='word_1_259' title='bbox 250 3281 417 3342; x_wconf 86' lang='lat' dir='ltr'><strong>petuo</strong></span> <span class='ocrx_word' id='word_1_260' title='bbox 441 3282 749 3325; x_wconf 84' lang='lat' dir='ltr'><strong>mansurus.</strong></span> <span class='ocrx_word' id='word_1_261' title='bbox 766 3264 867 3321; x_wconf 87' lang='lat' dir='ltr'><strong>Ubi</strong></span> <span class='ocrx_word' id='word_1_262' title='bbox 893 3273 1152 3335; x_wconf 84' lang='lat' dir='ltr'><strong>perpetuo</strong></span> <span class='ocrx_word' id='word_1_263' title='bbox 1174 3278 1295 3323; x_wconf 86' lang='lat' dir='ltr'><strong>sum</strong></span> <span class='ocrx_word' id='word_1_264' title='bbox 1322 3277 1624 3327; x_wconf 72' lang='lat' dir='ltr'><strong>malumus,</strong></span> <span class='ocrx_word' id='word_1_265' title='bbox 1641 3262 1850 3319; x_wconf 82' lang='lat' dir='ltr'><strong>dicatur</strong></span> 
     </span>
    </p>
   </div>
   <div class='ocr_carea' id='block_1_33' title="bbox 246 3355 1843 3429">
    <p class='ocr_par' dir='ltr' id='par_1_33' title="bbox 246 3355 1843 3429">
     <span class='ocr_line' id='line_1_33' title="bbox 246 3355 1843 3429; baseline -0.005 -12"><span class='ocrx_word' id='word_1_266' title='bbox 246 3364 441 3418; x_wconf 88' lang='lat' dir='ltr'><strong>domus</strong></span> <span class='ocrx_word' id='word_1_267' title='bbox 469 3374 589 3416; x_wconf 82' lang='lat' dir='ltr'><strong>mea</strong></span> <span class='ocrx_word' id='word_1_268' title='bbox 613 3375 628 3413; x_wconf 91' lang='lat'><strong>:</strong></span> <span class='ocrx_word' id='word_1_269' title='bbox 650 3357 795 3415; x_wconf 88' lang='lat' dir='ltr'><strong>unde</strong></span> <span class='ocrx_word' id='word_1_270' title='bbox 820 3356 1140 3429; x_wconf 70' lang='lat' dir='ltr'><strong>migraturus</strong></span> <span class='ocrx_word' id='word_1_271' title='bbox 1167 3362 1310 3423; x_wconf 82' lang='lat' dir='ltr'><strong>sum,</strong></span> <span class='ocrx_word' id='word_1_272' title='bbox 1328 3355 1618 3426; x_wconf 78' lang='lat' dir='ltr'><strong>inquilinus</strong></span> <span class='ocrx_word' id='word_1_273' title='bbox 1642 3370 1762 3415; x_wconf 88' lang='lat' dir='ltr'><strong>sum</strong></span> <span class='ocrx_word' id='word_1_274' title='bbox 1785 3355 1843 3409; x_wconf 73' lang='grc' dir='ltr'><strong>σε</strong></span> 
     </span>
    </p>
   </div>
   <div class='ocr_carea' id='block_1_34' title="bbox 245 3448 1846 3523">
    <p class='ocr_par' dir='ltr' id='par_1_34' title="bbox 245 3448 1846 3523">
     <span class='ocr_line' id='line_1_34' title="bbox 245 3448 1846 3523; baseline -0.004 -10"><span class='ocrx_word' id='word_1_275' title='bbox 245 3457 341 3513; x_wconf 81' lang='lat' dir='ltr'><strong>sed</strong></span> <span class='ocrx_word' id='word_1_276' title='bbox 392 3464 571 3511; x_wconf 87' lang='lat' dir='ltr'><strong>tamen</strong></span> <span class='ocrx_word' id='word_1_277' title='bbox 596 3451 739 3523; x_wconf 88' lang='lat' dir='ltr'><strong>apud</strong></span> <span class='ocrx_word' id='word_1_278' title='bbox 771 3451 935 3506; x_wconf 88' lang='lat' dir='ltr'><strong>Deum</strong></span> <span class='ocrx_word' id='word_1_279' title='bbox 965 3464 1145 3505; x_wconf 88' lang='lat' dir='ltr'><strong>meum</strong></span> <span class='ocrx_word' id='word_1_280' title='bbox 1185 3462 1307 3506; x_wconf 87' lang='lat' dir='ltr'><strong>sum</strong></span> <span class='ocrx_word' id='word_1_281' title='bbox 1346 3449 1675 3519; x_wconf 83' lang='lat' dir='ltr'><strong>inquilinus,</strong></span> <span class='ocrx_word' id='word_1_282' title='bbox 1706 3448 1846 3520; x_wconf 79' lang='lat' dir='ltr'><strong>apud</strong></span> 
     </span>
    </p>
   </div>
   <div class='ocr_carea' id='block_1_35' title="bbox 243 3542 1846 3623">
    <p class='ocr_par' dir='ltr' id='par_1_35' title="bbox 243 3542 1846 3623">
     <span class='ocr_line' id='line_1_35' title="bbox 243 3542 1846 3623; baseline -0.006 -16"><span class='ocrx_word' id='word_1_283' title='bbox 243 3567 406 3623; x_wconf 87' lang='lat' dir='ltr'><strong>quem</strong></span> <span class='ocrx_word' id='word_1_284' title='bbox 430 3550 594 3605; x_wconf 87' lang='lat' dir='ltr'><strong>domo</strong></span> <span class='ocrx_word' id='word_1_285' title='bbox 634 3555 853 3618; x_wconf 77' lang='lat' dir='ltr'><strong>accepta</strong></span> <span class='ocrx_word' id='word_1_286' title='bbox 882 3558 1165 3600; x_wconf 86' lang='lat' dir='ltr'><strong>mansurus</strong></span> <span class='ocrx_word' id='word_1_287' title='bbox 1202 3559 1342 3599; x_wconf 86' lang='lat' dir='ltr'><strong>sum.</strong></span> <span class='ocrx_word' id='word_1_288' title='bbox 1375 3542 1479 3599; x_wconf 84' lang='lat' dir='ltr'><strong>Sed</strong></span> <span class='ocrx_word' id='word_1_289' title='bbox 1506 3556 1626 3613; x_wconf 70' lang='lat' dir='ltr'><strong>qua:</strong></span> <span class='ocrx_word' id='word_1_290' title='bbox 1651 3542 1846 3599; x_wconf 83' lang='lat' dir='ltr'><strong>domus</strong></span> 
     </span>
    </p>
   </div>
   <div class='ocr_carea' id='block_1_36' title="bbox 243 3632 1847 3713">
    <p class='ocr_par' dir='ltr' id='par_1_36' title="bbox 243 3632 1847 3713">
     <span class='ocr_line' id='line_1_36' title="bbox 243 3632 1847 3713; baseline -0.007 -14"><span class='ocrx_word' id='word_1_291' title='bbox 243 3652 346 3709; x_wconf 86' lang='lat' dir='ltr'><strong>est,</strong></span> <span class='ocrx_word' id='word_1_292' title='bbox 368 3656 478 3713; x_wconf 90' lang='lat' dir='ltr'><strong>quo</strong></span> <span class='ocrx_word' id='word_1_293' title='bbox 504 3637 841 3711; x_wconf 83' lang='lat' dir='ltr'><strong>migrandum</strong></span> <span class='ocrx_word' id='word_1_294' title='bbox 869 3644 952 3692; x_wconf 87' lang='lat' dir='ltr'><strong>est</strong></span> <span class='ocrx_word' id='word_1_295' title='bbox 974 3649 1043 3690; x_wconf 74' lang='lat' dir='ltr'><strong>ex</strong></span> <span class='ocrx_word' id='word_1_296' title='bbox 1068 3634 1172 3691; x_wconf 87' lang='lat' dir='ltr'><strong>hoc</strong></span> <span class='ocrx_word' id='word_1_297' title='bbox 1197 3633 1546 3705; x_wconf 76' lang='lat' dir='ltr'><strong>inquilinatu?</strong></span> <span class='ocrx_word' id='word_1_298' title='bbox 1567 3632 1847 3705; x_wconf 85' lang='lat' dir='ltr'><strong>Recogno-</strong></span> 
     </span>
    </p>
   </div>
   <div class='ocr_carea' id='block_1_37' title="bbox 241 3724 1842 3798">
    <p class='ocr_par' dir='ltr' id='par_1_37' title="bbox 241 3724 1842 3798">
     <span class='ocr_line' id='line_1_37' title="bbox 241 3724 1842 3798; baseline -0.007 -8"><span class='ocrx_word' id='word_1_299' title='bbox 241 3735 376 3791; x_wconf 81' lang='lat' dir='ltr'><strong>scite</strong></span> <span class='ocrx_word' id='word_1_300' title='bbox 407 3734 553 3788; x_wconf 86' lang='lat' dir='ltr'><strong>illam</strong></span> <span class='ocrx_word' id='word_1_301' title='bbox 583 3732 802 3785; x_wconf 87' lang='lat' dir='ltr'><strong>domum</strong></span> <span class='ocrx_word' id='word_1_302' title='bbox 822 3769 837 3794; x_wconf 94' lang='lat'><strong>,</strong></span> <span class='ocrx_word' id='word_1_303' title='bbox 868 3728 937 3782; x_wconf 88' lang='lat' dir='ltr'><strong>de</strong></span> <span class='ocrx_word' id='word_1_304' title='bbox 962 3742 1067 3798; x_wconf 87' lang='lat' dir='ltr'><strong>qua</strong></span> <span class='ocrx_word' id='word_1_305' title='bbox 1093 3726 1225 3781; x_wconf 87' lang='lat' dir='ltr'><strong>dicit</strong></span> <span class='ocrx_word' id='word_1_306' title='bbox 1253 3724 1540 3795; x_wconf 79' lang='lat' dir='ltr'><strong>Apostolus</strong></span> <span class='ocrx_word' id='word_1_307' title='bbox 1573 3742 1586 3779; x_wconf 91' lang='lat'><strong>:</strong></span> <span class='ocrx_word' id='word_1_308' title='bbox 1625 3724 1842 3780; x_wconf 84' lang='lat' dir='ltr'><strong>Habita-</strong></span> 
     </span>
    </p>
   </div>
   <div class='ocr_carea' id='block_1_38' title="bbox 240 3818 1843 3889">
    <p class='ocr_par' dir='ltr' id='par_1_38' title="bbox 240 3818 1843 3889">
     <span class='ocr_line' id='line_1_38' title="bbox 240 3818 1843 3889; baseline -0.005 -7"><span class='ocrx_word' id='word_1_309' title='bbox 240 3826 430 3881; x_wconf 79' lang='lat' dir='ltr'><strong>tionent</strong></span> <span class='ocrx_word' id='word_1_310' title='bbox 454 3824 695 3879; x_wconf 73' lang='lat' dir='ltr'><strong>habemus</strong></span> <span class='ocrx_word' id='word_1_311' title='bbox 716 3838 781 3876; x_wconf 81' lang='lat' dir='ltr'><strong>ea:</strong></span> <span class='ocrx_word' id='word_1_312' title='bbox 794 3819 923 3886; x_wconf 86' lang='lat' dir='ltr'><strong>Deo,</strong></span> <span class='ocrx_word' id='word_1_313' title='bbox 941 3818 1148 3874; x_wconf 84' lang='lat' dir='ltr'><strong>domum</strong></span> <span class='ocrx_word' id='word_1_314' title='bbox 1170 3834 1273 3875; x_wconf 84' lang='lat' dir='ltr'><strong>non</strong></span> <span class='ocrx_word' id='word_1_315' title='bbox 1288 3828 1442 3873; x_wconf 83' lang='lat' dir='ltr'><strong>manu</strong></span> <span class='ocrx_word' id='word_1_316' title='bbox 1468 3821 1677 3889; x_wconf 74' lang='lat' dir='ltr'><strong>factum,</strong></span> <span class='ocrx_word' id='word_1_317' title='bbox 1694 3828 1843 3875; x_wconf 76' lang='lat' dir='ltr'><strong>teter-</strong></span> 
     </span>
    </p>
   </div>
   <div class='ocr_carea' id='block_1_39' title="bbox 239 3908 1842 3986">
    <p class='ocr_par' dir='ltr' id='par_1_39' title="bbox 239 3908 1842 3986">
     <span class='ocr_line' id='line_1_39' title="bbox 239 3908 1842 3986; baseline -0.004 -13"><span class='ocrx_word' id='word_1_318' title='bbox 239 3934 365 3973; x_wconf 67' lang='grc' dir='ltr'><strong>και</strong></span> <span class='ocrx_word' id='word_1_319' title='bbox 389 3917 443 3971; x_wconf 82' lang='lat' dir='ltr'><strong>in</strong></span> <span class='ocrx_word' id='word_1_320' title='bbox 465 3915 603 3970; x_wconf 73' lang='lat' dir='ltr'><strong>culis</strong></span> <span class='ocrx_word' id='word_1_321' title='bbox 634 3913 703 3986; x_wconf 91' lang='lat' dir='ltr'><strong>(ll</strong></span> <span class='ocrx_word' id='word_1_322' title='bbox 728 3910 849 3968; x_wconf 75' lang='lat' dir='ltr'><strong>Cor.</strong></span> <span class='ocrx_word' id='word_1_323' title='bbox 882 3927 911 3965; x_wconf 82' lang='grc' dir='ltr'><strong>ν</strong></span> <span class='ocrx_word' id='word_1_324' title='bbox 930 3950 949 3979; x_wconf 87' lang='grc'><strong><em>,</em></strong></span> <span class='ocrx_word' id='word_1_325' title='bbox 978 3911 1056 3982; x_wconf 80' lang='lat' dir='ltr'><strong>l).</strong></span> <span class='ocrx_word' id='word_1_326' title='bbox 1087 3910 1143 3967; x_wconf 87' lang='lat' dir='ltr'><strong>Si</strong></span> <span class='ocrx_word' id='word_1_327' title='bbox 1168 3910 1361 3966; x_wconf 87' lang='lat' dir='ltr'><strong>domus</strong></span> <span class='ocrx_word' id='word_1_328' title='bbox 1389 3908 1505 3966; x_wconf 64' lang='lat' dir='ltr'><strong>haec</strong></span> <span class='ocrx_word' id='word_1_329' title='bbox 1527 3919 1728 3966; x_wconf 67' lang='lat' dir='ltr'><strong>aeterna</strong></span> <span class='ocrx_word' id='word_1_330' title='bbox 1758 3920 1842 3967; x_wconf 86' lang='lat' dir='ltr'><strong>est</strong></span> 
     </span>
    </p>
   </div>
   <div class='ocr_carea' id='block_1_40' title="bbox 238 4002 1835 4075">
    <p class='ocr_par' dir='ltr' id='par_1_40' title="bbox 238 4002 1835 4075">
     <span class='ocr_line' id='line_1_40' title="bbox 238 4002 1835 4075; baseline -0.005 -8"><span class='ocrx_word' id='word_1_331' title='bbox 238 4012 296 4067; x_wconf 84' lang='lat' dir='ltr'><strong>in</strong></span> <span class='ocrx_word' id='word_1_332' title='bbox 309 4010 494 4075; x_wconf 69' lang='lat' dir='ltr'><strong>caelis;</strong></span> <span class='ocrx_word' id='word_1_333' title='bbox 510 4022 632 4066; x_wconf 86' lang='lat' dir='ltr'><strong>eum</strong></span> <span class='ocrx_word' id='word_1_334' title='bbox 650 4006 719 4062; x_wconf 87' lang='lat' dir='ltr'><strong>ad</strong></span> <span class='ocrx_word' id='word_1_335' title='bbox 744 4020 863 4062; x_wconf 84' lang='lat' dir='ltr'><strong>eam</strong></span> <span class='ocrx_word' id='word_1_336' title='bbox 878 4004 1205 4069; x_wconf 82' lang='lat' dir='ltr'><strong>venerimus,</strong></span> <span class='ocrx_word' id='word_1_337' title='bbox 1221 4002 1466 4074; x_wconf 88' lang='lat' dir='ltr'><strong>inquilini</strong></span> <span class='ocrx_word' id='word_1_338' title='bbox 1493 4018 1601 4058; x_wconf 91' lang='lat' dir='ltr'><strong>non</strong></span> <span class='ocrx_word' id='word_1_339' title='bbox 1616 4003 1835 4065; x_wconf 78' lang='lat' dir='ltr'><strong>erimus.</strong></span> 
     </span>
    </p>
   </div>
   <div class='ocr_carea' id='block_1_41' title="bbox 236 4094 1839 4173">
    <p class='ocr_par' dir='ltr' id='par_1_41' title="bbox 236 4094 1839 4173">
     <span class='ocr_line' id='line_1_41' title="bbox 236 4094 1839 4173; baseline -0.005 -13"><span class='ocrx_word' id='word_1_340' title='bbox 236 4102 521 4173; x_wconf 80' lang='lat' dir='ltr'><strong>Quomodo</strong></span> <span class='ocrx_word' id='word_1_341' title='bbox 535 4100 680 4157; x_wconf 88' lang='lat' dir='ltr'><strong>enim</strong></span> <span class='ocrx_word' id='word_1_342' title='bbox 698 4099 807 4154; x_wconf 85' lang='lat' dir='ltr'><strong>eris</strong></span> <span class='ocrx_word' id='word_1_343' title='bbox 827 4096 1115 4167; x_wconf 83' lang='lat' dir='ltr'><strong>inquilinus</strong></span> <span class='ocrx_word' id='word_1_344' title='bbox 1138 4094 1191 4151; x_wconf 91' lang='lat' dir='ltr'><strong>in</strong></span> <span class='ocrx_word' id='word_1_345' title='bbox 1209 4102 1409 4151; x_wconf 69' lang='lat' dir='ltr'><strong>aeterna</strong></span> <span class='ocrx_word' id='word_1_346' title='bbox 1423 4094 1618 4151; x_wconf 84' lang='lat' dir='ltr'><strong>domo?</strong></span> <span class='ocrx_word' id='word_1_347' title='bbox 1634 4094 1732 4151; x_wconf 78' lang='lat' dir='ltr'><strong>ilic</strong></span> <span class='ocrx_word' id='word_1_348' title='bbox 1744 4107 1839 4152; x_wconf 83' lang='lat' dir='ltr'><strong>au-</strong></span> 
     </span>
    </p>
   </div>
   <div class='ocr_carea' id='block_1_42' title="bbox 238 4187 1838 4263">
    <p class='ocr_par' dir='ltr' id='par_1_42' title="bbox 238 4187 1838 4263">
     <span class='ocr_line' id='line_1_42' title="bbox 238 4187 1838 4263; baseline -0.01 -7"><span class='ocrx_word' id='word_1_349' title='bbox 238 4208 349 4254; x_wconf 79' lang='lat' dir='ltr'><strong>tem</strong></span> <span class='ocrx_word' id='word_1_350' title='bbox 382 4196 470 4253; x_wconf 87' lang='lat' dir='ltr'><strong>ubi</strong></span> <span class='ocrx_word' id='word_1_351' title='bbox 497 4194 741 4251; x_wconf 89' lang='lat' dir='ltr'><strong>dicturus</strong></span> <span class='ocrx_word' id='word_1_352' title='bbox 765 4200 848 4247; x_wconf 86' lang='lat' dir='ltr'><strong>est</strong></span> <span class='ocrx_word' id='word_1_353' title='bbox 875 4190 1132 4263; x_wconf 86' lang='lat' dir='ltr'><strong>Dominus</strong></span> <span class='ocrx_word' id='word_1_354' title='bbox 1159 4187 1373 4255; x_wconf 82' lang='lat' dir='ltr'><strong>domus,</strong></span> <span class='ocrx_word' id='word_1_355' title='bbox 1392 4188 1577 4258; x_wconf 67' lang='lat' dir='ltr'><strong>Nigra,</strong></span> <span class='ocrx_word' id='word_1_356' title='bbox 1594 4196 1648 4245; x_wconf 89' lang='lat' dir='ltr'><strong>et</strong></span> <span class='ocrx_word' id='word_1_357' title='bbox 1665 4204 1838 4259; x_wconf 83' lang='lat' dir='ltr'><strong>quan-</strong></span> 
     </span>
    </p>
   </div>
   <div class='ocr_carea' id='block_1_43' title="bbox 238 4279 1837 4353">
    <p class='ocr_par' dir='ltr' id='par_1_43' title="bbox 238 4279 1837 4353">
     <span class='ocr_line' id='line_1_43' title="bbox 238 4279 1837 4353; baseline -0.009 -5"><span class='ocrx_word' id='word_1_358' title='bbox 238 4291 311 4348; x_wconf 81' lang='lat' dir='ltr'><strong>do</strong></span> <span class='ocrx_word' id='word_1_359' title='bbox 333 4291 572 4347; x_wconf 84' lang='lat' dir='ltr'><strong>dicturus</strong></span> <span class='ocrx_word' id='word_1_360' title='bbox 594 4294 681 4343; x_wconf 86' lang='lat' dir='ltr'><strong>est</strong></span> <span class='ocrx_word' id='word_1_361' title='bbox 703 4284 882 4341; x_wconf 84' lang='lat' dir='ltr'><strong>nescis</strong></span> <span class='ocrx_word' id='word_1_362' title='bbox 898 4321 915 4350; x_wconf 92' lang='lat'><strong>,</strong></span> <span class='ocrx_word' id='word_1_363' title='bbox 944 4288 1159 4353; x_wconf 87' lang='lat' dir='ltr'><strong>paratus</strong></span> <span class='ocrx_word' id='word_1_364' title='bbox 1186 4288 1323 4337; x_wconf 87' lang='lat' dir='ltr'><strong>esto.</strong></span> <span class='ocrx_word' id='word_1_365' title='bbox 1354 4279 1714 4337; x_wconf 84' lang='lat' dir='ltr'><strong>Desiderando</strong></span> <span class='ocrx_word' id='word_1_366' title='bbox 1742 4295 1837 4341; x_wconf 75' lang='lat' dir='ltr'><strong>au-</strong></span> 
     </span>
    </p>
   </div>
   <div class='ocr_carea' id='block_1_44' title="bbox 236 4369 1829 4445">
    <p class='ocr_par' dir='ltr' id='par_1_44' title="bbox 236 4369 1829 4445">
     <span class='ocr_line' id='line_1_44' title="bbox 236 4369 1829 4445; baseline -0.006 -9"><span class='ocrx_word' id='word_1_367' title='bbox 236 4389 348 4436; x_wconf 84' lang='lat' dir='ltr'><strong>tem</strong></span> <span class='ocrx_word' id='word_1_368' title='bbox 379 4379 597 4437; x_wconf 85' lang='lat' dir='ltr'><strong>domum</strong></span> <span class='ocrx_word' id='word_1_369' title='bbox 619 4384 872 4432; x_wconf 72' lang='lat' dir='ltr'><strong>aeternam</strong></span> <span class='ocrx_word' id='word_1_370' title='bbox 898 4380 1116 4445; x_wconf 80' lang='lat' dir='ltr'><strong>paratus</strong></span> <span class='ocrx_word' id='word_1_371' title='bbox 1140 4371 1267 4427; x_wconf 89' lang='lat' dir='ltr'><strong>eris.</strong></span> <span class='ocrx_word' id='word_1_372' title='bbox 1290 4369 1401 4427; x_wconf 83' lang='lat' dir='ltr'><strong>Nec</strong></span> <span class='ocrx_word' id='word_1_373' title='bbox 1421 4383 1741 4429; x_wconf 76' lang='lat' dir='ltr'><strong>succenseas</strong></span> <span class='ocrx_word' id='word_1_374' title='bbox 1758 4372 1829 4440; x_wconf 85' lang='lat' dir='ltr'><strong>ei,</strong></span> 
     </span>
    </p>
   </div>
   <div class='ocr_carea' id='block_1_45' title="bbox 237 4462 1835 4544">
    <p class='ocr_par' dir='ltr' id='par_1_45' title="bbox 237 4462 1835 4544">
     <span class='ocr_line' id='line_1_45' title="bbox 237 4462 1835 4544; baseline -0.008 -16"><span class='ocrx_word' id='word_1_375' title='bbox 237 4473 363 4544; x_wconf 83' lang='lat' dir='ltr'><strong>quia</strong></span> <span class='ocrx_word' id='word_1_376' title='bbox 391 4485 515 4526; x_wconf 84' lang='lat' dir='ltr'><strong>eum</strong></span> <span class='ocrx_word' id='word_1_377' title='bbox 541 4469 658 4525; x_wconf 91' lang='lat' dir='ltr'><strong>vult</strong></span> <span class='ocrx_word' id='word_1_378' title='bbox 681 4467 841 4532; x_wconf 84' lang='lat' dir='ltr'><strong>dicit,</strong></span> <span class='ocrx_word' id='word_1_379' title='bbox 868 4464 1056 4534; x_wconf 74' lang='lat' dir='ltr'><strong>Migra.</strong></span> <span class='ocrx_word' id='word_1_380' title='bbox 1094 4462 1212 4519; x_wconf 87' lang='lat' dir='ltr'><strong>Non</strong></span> <span class='ocrx_word' id='word_1_381' title='bbox 1244 4462 1386 4519; x_wconf 85' lang='lat' dir='ltr'><strong>enim</strong></span> <span class='ocrx_word' id='word_1_382' title='bbox 1416 4462 1720 4519; x_wconf 78' lang='lat' dir='ltr'><strong>cautionem</strong></span> <span class='ocrx_word' id='word_1_383' title='bbox 1749 4470 1835 4527; x_wconf 77' lang='lat' dir='ltr'><strong>tc-</strong></span> 
     </span>
    </p>
   </div>
   <div class='ocr_carea' id='block_1_46' title="bbox 237 4553 1832 4629">
    <p class='ocr_par' dir='ltr' id='par_1_46' title="bbox 237 4553 1832 4629">
     <span class='ocr_line' id='line_1_46' title="bbox 237 4553 1832 4629; baseline -0.006 -10"><span class='ocrx_word' id='word_1_384' title='bbox 237 4578 363 4619; x_wconf 86' lang='lat' dir='ltr'><strong>eum</strong></span> <span class='ocrx_word' id='word_1_385' title='bbox 383 4564 406 4595; x_wconf 80' lang='lat'><strong>&#39;</strong></span> <span class='ocrx_word' id='word_1_386' title='bbox 437 4562 563 4618; x_wconf 80' lang='lat' dir='ltr'><strong>fecit</strong></span> <span class='ocrx_word' id='word_1_387' title='bbox 581 4602 597 4625; x_wconf 91' lang='lat'><strong>,</strong></span> <span class='ocrx_word' id='word_1_388' title='bbox 628 4567 684 4615; x_wconf 88' lang='lat' dir='ltr'><strong>et</strong></span> <span class='ocrx_word' id='word_1_389' title='bbox 710 4558 905 4629; x_wconf 87' lang='lat' dir='ltr'><strong>placito</strong></span> <span class='ocrx_word' id='word_1_390' title='bbox 927 4554 1159 4627; x_wconf 86' lang='lat' dir='ltr'><strong>quodam</strong></span> <span class='ocrx_word' id='word_1_391' title='bbox 1184 4569 1244 4611; x_wconf 85' lang='lat' dir='ltr'><strong>se</strong></span> <span class='ocrx_word' id='word_1_392' title='bbox 1268 4553 1555 4613; x_wconf 77' lang='lat' dir='ltr'><strong>obstrinxit</strong></span> <span class='ocrx_word' id='word_1_393' title='bbox 1571 4594 1590 4621; x_wconf 89' lang='lat'><strong>,</strong></span> <span class='ocrx_word' id='word_1_394' title='bbox 1616 4563 1671 4611; x_wconf 88' lang='lat' dir='ltr'><strong>et</strong></span> <span class='ocrx_word' id='word_1_395' title='bbox 1698 4570 1832 4619; x_wconf 83' lang='lat' dir='ltr'><strong>con-</strong></span> 
     </span>
    </p>
   </div>
   <div class='ocr_carea' id='block_1_47' title="bbox 235 4643 1832 4716">
    <p class='ocr_par' dir='ltr' id='par_1_47' title="bbox 235 4643 1832 4716">
     <span class='ocr_line' id='line_1_47' title="bbox 235 4643 1832 4716; baseline -0.006 -7"><span class='ocrx_word' id='word_1_396' title='bbox 235 4654 432 4709; x_wconf 84' lang='lat' dir='ltr'><strong>ductor</strong></span> <span class='ocrx_word' id='word_1_397' title='bbox 445 4651 637 4706; x_wconf 87' lang='lat' dir='ltr'><strong>domus</strong></span> <span class='ocrx_word' id='word_1_398' title='bbox 661 4646 935 4705; x_wconf 88' lang='lat' dir='ltr'><strong>accessisti</strong></span> <span class='ocrx_word' id='word_1_399' title='bbox 948 4654 1091 4703; x_wconf 83' lang='lat' dir='ltr'><strong>certa</strong></span> <span class='ocrx_word' id='word_1_400' title='bbox 1110 4644 1368 4716; x_wconf 85' lang='lat' dir='ltr'><strong>pensione</strong></span> <span class='ocrx_word' id='word_1_401' title='bbox 1385 4643 1458 4715; x_wconf 83' lang='lat' dir='ltr'><strong>ad</strong></span> <span class='ocrx_word' id='word_1_402' title='bbox 1476 4653 1678 4705; x_wconf 88' lang='lat' dir='ltr'><strong>certum</strong></span> <span class='ocrx_word' id='word_1_403' title='bbox 1698 4654 1832 4703; x_wconf 91' lang='lat' dir='ltr'><strong>tem-</strong></span> 
     </span>
    </p>
   </div>
   <div class='ocr_carea' id='block_1_48' title="bbox 236 4736 1831 4818">
    <p class='ocr_par' dir='ltr' id='par_1_48' title="bbox 236 4736 1831 4818">
     <span class='ocr_line' id='line_1_48' title="bbox 236 4736 1831 4818; baseline -0.008 -15"><span class='ocrx_word' id='word_1_404' title='bbox 236 4762 340 4818; x_wconf 84' lang='lat' dir='ltr'><strong>pus</strong></span> <span class='ocrx_word' id='word_1_405' title='bbox 373 4764 390 4801; x_wconf 91' lang='lat'><strong>:</strong></span> <span class='ocrx_word' id='word_1_406' title='bbox 421 4742 633 4816; x_wconf 85' lang='lat' dir='ltr'><strong>quando</strong></span> <span class='ocrx_word' id='word_1_407' title='bbox 658 4741 772 4797; x_wconf 81' lang='lat' dir='ltr'><strong>vult</strong></span> <span class='ocrx_word' id='word_1_408' title='bbox 794 4739 1053 4796; x_wconf 88' lang='lat' dir='ltr'><strong>Dominus</strong></span> <span class='ocrx_word' id='word_1_409' title='bbox 1077 4736 1217 4809; x_wconf 79' lang='lat' dir='ltr'><strong>ejus,</strong></span> <span class='ocrx_word' id='word_1_410' title='bbox 1247 4736 1568 4808; x_wconf 69' lang='lat' dir='ltr'><strong>migraturus</strong></span> <span class='ocrx_word' id='word_1_411' title='bbox 1592 4752 1672 4794; x_wconf 88' lang='lat' dir='ltr'><strong>es.</strong></span> <span class='ocrx_word' id='word_1_412' title='bbox 1704 4736 1831 4797; x_wconf 82' lang='lat' dir='ltr'><strong>Ideo</strong></span> 
     </span>
    </p>
   </div>
   <div class='ocr_carea' id='block_1_49' title="bbox 303 4848 1806 4926">
    <p class='ocr_par' dir='ltr' id='par_1_49' title="bbox 303 4848 1806 4926">
     <span class='ocr_line' id='line_1_49' title="bbox 303 4848 1806 4926; baseline 0.002 -3"><span class='ocrx_word' id='word_1_413' title='bbox 303 4848 1205 4926; x_wconf 35' lang='lat' dir='ltr'><strong>*A,ﬂqn°t_M$-=NM-W!¥M</strong></span> <span class='ocrx_word' id='word_1_414' title='bbox 1226 4848 1561 4926; x_wconf 48' lang='lat' dir='ltr'><strong>Mﬂe‘ir</strong></span> <span class='ocrx_word' id='word_1_415' title='bbox 1613 4919 1625 4926; x_wconf 91' lang='lat'><strong>.</strong></span> <span class='ocrx_word' id='word_1_416' title='bbox 1794 4913 1806 4926; x_wconf 93' lang='lat'><strong>.</strong></span> 
     </span>
    </p>
   </div>
   <div class='ocr_carea' id='block_1_50' title="bbox 302 4914 1829 4984">
    <p class='ocr_par' dir='ltr' id='par_1_50' title="bbox 302 4914 1829 4984">
     <span class='ocr_line' id='line_1_50' title="bbox 302 4914 1829 4984; baseline -0.005 -13"><span class='ocrx_word' id='word_1_417' title='bbox 302 4926 323 4956; x_wconf 71' lang='grc'><strong>³</strong></span> <span class='ocrx_word' id='word_1_418' title='bbox 346 4925 422 4971; x_wconf 72' lang='lat' dir='ltr'><strong>si:</strong></span> <span class='ocrx_word' id='word_1_419' title='bbox 440 4914 824 4984; x_wconf 61' lang='lat' dir='ltr'><strong>ineliorispotae</strong></span> <span class='ocrx_word' id='word_1_420' title='bbox 861 4924 965 4984; x_wconf 78' lang='lat' dir='ltr'><strong>Mss.</strong></span> <span class='ocrx_word' id='word_1_421' title='bbox 990 4914 1276 4984; x_wconf 58' lang='lat' dir='ltr'><strong>Edd._iet:o:</strong></span> <span class='ocrx_word' id='word_1_422' title='bbox 1304 4919 1653 4984; x_wconf 59' lang='lat' dir='ltr'><strong>n&#39;onnequamo</strong></span> <span class='ocrx_word' id='word_1_423' title='bbox 1674 4914 1829 4984; x_wconf 77' lang='lat' dir='ltr'><strong>magis</strong></span> 
     </span>
    </p>
   </div>
   <div class='ocr_carea' id='block_1_51' title="bbox 236 4971 1829 5054">
    <p class='ocr_par' dir='ltr' id='par_1_51' title="bbox 236 4971 1829 5054">
     <span class='ocr_line' id='line_1_51' title="bbox 236 4971 1829 5054; baseline -0.004 -21"><span class='ocrx_word' id='word_1_424' title='bbox 236 4990 458 5054; x_wconf 64' lang='lat' dir='ltr'><strong>nesciant</strong></span> <span class='ocrx_word' id='word_1_425' title='bbox 478 4979 745 5054; x_wconf 56' lang='lat' dir='ltr'><strong>sqmdqla,</strong></span> <span class='ocrx_word' id='word_1_426' title='bbox 760 5047 771 5054; x_wconf 81' lang='lat'><em>_</em></span> <span class='ocrx_word' id='word_1_427' title='bbox 786 4983 968 5054; x_wconf 77' lang='lat' dir='ltr'><strong>quanto</strong></span> <span class='ocrx_word' id='word_1_428' title='bbox 995 4974 1150 5039; x_wconf 84' lang='lat' dir='ltr'><strong>magis</strong></span> <span class='ocrx_word' id='word_1_429' title='bbox 1168 4971 1380 5025; x_wconf 81' lang='lat' dir='ltr'><strong>abundat</strong></span> <span class='ocrx_word' id='word_1_430' title='bbox 1403 4971 1628 5040; x_wconf 80' lang='lat' dir='ltr'><strong>iniquitas</strong></span> <span class='ocrx_word' id='word_1_431' title='bbox 1644 5011 1659 5038; x_wconf 93' lang='lat'><strong>,</strong></span> <span class='ocrx_word' id='word_1_432' title='bbox 1698 4971 1829 5028; x_wconf 70' lang='lat' dir='ltr'><strong>tanta</strong></span> 
     </span>
    </p>
   </div>
   <div class='ocr_carea' id='block_1_52' title="bbox 301 5158 1412 5233">
    <p class='ocr_par' dir='ltr' id='par_1_52' title="bbox 301 5158 1412 5233">
     <span class='ocr_line' id='line_1_52' title="bbox 301 5158 1412 5233; baseline -0.007 -14"><span class='ocrx_word' id='word_1_433' title='bbox 301 5175 323 5202; x_wconf 74' lang='grc' dir='ltr'><strong>ι</strong></span> <span class='ocrx_word' id='word_1_434' title='bbox 342 5172 541 5233; x_wconf 51' lang='grc' dir='ltr'>δίωκε</span> <span class='ocrx_word' id='word_1_435' title='bbox 568 5158 778 5233; x_wconf 59' lang='lat' dir='ltr'><strong>unde:</strong></span> <span class='ocrx_word' id='word_1_436' title='bbox 800 5162 893 5221; x_wconf 79' lang='lat' dir='ltr'><strong>Sed</strong></span> <span class='ocrx_word' id='word_1_437' title='bbox 910 5162 1043 5233; x_wconf 70' lang='lat' dir='ltr'><strong>apud</strong></span> <span class='ocrx_word' id='word_1_438' title='bbox 1065 5168 1111 5233; x_wconf 75' lang='lat' dir='ltr'><strong>te</strong></span> 
     </span>
    </p>
   </div>
   <div class='ocr_carea' id='block_1_53' title="bbox 300 5220 1863 5290">
    <p class='ocr_par' dir='ltr' id='par_1_53' title="bbox 300 5220 1863 5290">
     <span class='ocr_line' id='line_1_53' title="bbox 300 5220 1863 5290; baseline -0.007 -8"><span class='ocrx_word' id='word_1_439' title='bbox 300 5234 323 5265; x_wconf 80' lang='grc'><strong><em>⁵</em></strong></span> <span class='ocrx_word' id='word_1_440' title='bbox 348 5232 482 5290; x_wconf 80' lang='lat' dir='ltr'><strong>Edd.,</strong></span> <span class='ocrx_word' id='word_1_441' title='bbox 509 5227 772 5279; x_wconf 70' lang='lat' dir='ltr'><strong>domintum.</strong></span> <span class='ocrx_word' id='word_1_442' title='bbox 788 5220 907 5290; x_wconf 57' lang='lat' dir='ltr'><strong>uss.</strong></span> <span class='ocrx_word' id='word_1_443' title='bbox 920 5220 1121 5290; x_wconf 82' lang='lat' dir='ltr'><strong>aliquot,</strong></span> <span class='ocrx_word' id='word_1_444' title='bbox 1142 5220 1424 5290; x_wconf 60' lang='lat' dir='ltr'><strong>(lentim.</strong></span> <span class='ocrx_word' id='word_1_445' title='bbox 1446 5220 1540 5290; x_wconf 77' lang='lat' dir='ltr'><strong>Sed</strong></span> <span class='ocrx_word' id='word_1_446' title='bbox 1557 5223 1827 5290; x_wconf 59' lang='lat' dir='ltr'><strong>verinsya-</strong></span> <span class='ocrx_word' id='word_1_447' title='bbox 1858 5256 1863 5259; x_wconf 68' lang='grc' dir='ltr'><em>ι</em></span> 
     </span>
    </p>
   </div>
   <div class='ocr_carea' id='block_1_54' title="bbox 520 5280 1825 5359">
    <p class='ocr_par' dir='ltr' id='par_1_54' title="bbox 520 5280 1825 5359">
     <span class='ocr_line' id='line_1_54' title="bbox 520 5280 1825 5359; baseline -0.002 -19"><span class='ocrx_word' id='word_1_448' title='bbox 520 5328 551 5353; x_wconf 82' lang='grc'><strong>.,</strong></span> <span class='ocrx_word' id='word_1_449' title='bbox 574 5287 916 5359; x_wconf 68' lang='grc' dir='ltr'><strong>άοῃιηῳᾴὶωη.</strong></span> <span class='ocrx_word' id='word_1_450' title='bbox 940 5280 1051 5335; x_wconf 63' lang='lat' dir='ltr'><strong>Nam</strong></span> <span class='ocrx_word' id='word_1_451' title='bbox 1072 5280 1493 5359; x_wconf 69' lang='lat' dir='ltr'><strong>domumdiussive</strong></span> <span class='ocrx_word' id='word_1_452' title='bbox 1504 5280 1825 5359; x_wconf 64' lang='lat' dir='ltr'><strong>dominaadius</strong></span> 
     </span>
    </p>
   </div>
   <div class='ocr_carea' id='block_1_55' title="bbox 230 5347 1825 5411">
    <p class='ocr_par' dir='ltr' id='par_1_55' title="bbox 230 5347 1825 5411">
     <span class='ocr_line' id='line_1_55' title="bbox 230 5347 1825 5411; baseline -0.006 -3"><span class='ocrx_word' id='word_1_453' title='bbox 230 5357 411 5409; x_wconf 72' lang='lat' dir='ltr'><strong>dicitur</strong></span> <span class='ocrx_word' id='word_1_454' title='bbox 433 5347 605 5404; x_wconf 58' lang='lat' dir='ltr'><strong>adtritu</strong></span> <span class='ocrx_word' id='word_1_455' title='bbox 625 5352 879 5406; x_wconf 80' lang='lat' dir='ltr'><strong>dominus;</strong></span> <span class='ocrx_word' id='word_1_456' title='bbox 919 5357 1326 5411; x_wconf 84' lang='lat' dir='ltr'><strong>opponunturque</strong></span> <span class='ocrx_word' id='word_1_457' title='bbox 1368 5349 1575 5411; x_wconf 79' lang='lat' dir='ltr'><strong>invicem</strong></span> <span class='ocrx_word' id='word_1_458' title='bbox 1617 5347 1825 5398; x_wconf 74' lang='lat' dir='ltr'><strong>domno:-</strong></span> 
     </span>
    </p>
   </div>
   <div class='ocr_carea' id='block_1_56' title="bbox 228 5408 1822 5483">
    <p class='ocr_par' dir='ltr' id='par_1_56' title="bbox 228 5408 1822 5483">
     <span class='ocr_line' id='line_1_56' title="bbox 228 5408 1822 5483; baseline -0.005 -14"><span class='ocrx_word' id='word_1_459' title='bbox 228 5419 347 5469; x_wconf 82' lang='lat' dir='ltr'><strong>dius</strong></span> <span class='ocrx_word' id='word_1_460' title='bbox 367 5425 422 5466; x_wconf 85' lang='lat' dir='ltr'><strong>et</strong></span> <span class='ocrx_word' id='word_1_461' title='bbox 442 5413 716 5483; x_wconf 61' lang='lat' dir='ltr'><strong>inquilinus.</strong></span> <span class='ocrx_word' id='word_1_462' title='bbox 734 5414 854 5483; x_wconf 71' lang='lat' dir='ltr'><strong>tunc</strong></span> <span class='ocrx_word' id='word_1_463' title='bbox 1113 5408 1319 5483; x_wconf 71' lang='lat' dir='ltr'><strong>Nolanus</strong></span> <span class='ocrx_word' id='word_1_464' title='bbox 1330 5408 1822 5483; x_wconf 66' lang='lat' dir='ltr'><strong>Felicetn_utart3&#39;retn</strong></span> 
     </span>
    </p>
   </div>
   <div class='ocr_carea' id='block_1_57' title="bbox 230 5471 1783 5534">
    <p class='ocr_par' dir='ltr' id='par_1_57' title="bbox 230 5471 1783 5534">
     <span class='ocr_line' id='line_1_57' title="bbox 230 5471 1783 5534; baseline -0.006 -2"><span class='ocrx_word' id='word_1_465' title='bbox 230 5471 561 5533; x_wconf 64' lang='lat' dir='ltr'><strong>domumdiuiu</strong></span> <span class='ocrx_word' id='word_1_466' title='bbox 581 5490 724 5527; x_wconf 88' lang='lat' dir='ltr'><strong>suum</strong></span> <span class='ocrx_word' id='word_1_467' title='bbox 748 5476 924 5525; x_wconf 83' lang='lat' dir='ltr'><strong>vocitat</strong></span> <span class='ocrx_word' id='word_1_468' title='bbox 941 5511 955 5534; x_wconf 93' lang='lat'><strong>,</strong></span> <span class='ocrx_word' id='word_1_469' title='bbox 983 5481 1034 5523; x_wconf 87' lang='lat' dir='ltr'><strong>et</strong></span> <span class='ocrx_word' id='word_1_470' title='bbox 1057 5475 1106 5523; x_wconf 90' lang='lat' dir='ltr'><strong>in</strong></span> <span class='ocrx_word' id='word_1_471' title='bbox 1133 5473 1358 5522; x_wconf 86' lang='lat' dir='ltr'><strong>eumdem</strong></span> <span class='ocrx_word' id='word_1_472' title='bbox 1383 5471 1590 5534; x_wconf 66' lang='lat' dir='ltr'><strong>Natali7,</strong></span> <span class='ocrx_word' id='word_1_473' title='bbox 1617 5471 1783 5527; x_wconf 79' lang='lat' dir='ltr'><strong>cauit;</strong></span> 
     </span>
    </p>
   </div>
   <div class='ocr_carea' id='block_1_58' title="bbox 515 5534 1576 5607">
    <p class='ocr_par' dir='ltr' id='par_1_58' title="bbox 515 5534 1576 5607">
     <span class='ocr_line' id='line_1_58' title="bbox 515 5534 1576 5607; baseline -0.006 -18"><span class='ocrx_word' id='word_1_474' title='bbox 515 5549 626 5607; x_wconf 56' lang='lat' dir='ltr'><strong>nam</strong></span> <span class='ocrx_word' id='word_1_475' title='bbox 647 5538 1005 5607; x_wconf 70' lang='lat' dir='ltr'><strong>quidpotiusve</strong></span> <span class='ocrx_word' id='word_1_476' title='bbox 1022 5537 1219 5599; x_wconf 77' lang='lat' dir='ltr'><strong>priusvc</strong></span> <span class='ocrx_word' id='word_1_477' title='bbox 1242 5534 1513 5607; x_wconf 61' lang='lat' dir='ltr'><strong>cauendum</strong></span> <span class='ocrx_word' id='word_1_478' title='bbox 1547 5595 1576 5607; x_wconf 39' lang='grc' dir='ltr'><em>Α</em></span> 
     </span>
    </p>
   </div>
   <div class='ocr_carea' id='block_1_59' title="bbox 362 5596 1607 5670">
    <p class='ocr_par' dir='ltr' id='par_1_59' title="bbox 362 5596 1607 5670">
     <span class='ocr_line' id='line_1_59' title="bbox 362 5596 1607 5670; baseline -0.005 -17"><span class='ocrx_word' id='word_1_479' title='bbox 362 5602 620 5670; x_wconf 60' lang='lat' dir='ltr'><strong>suscipiam</strong></span> <span class='ocrx_word' id='word_1_480' title='bbox 644 5596 814 5670; x_wconf 61' lang='lat' dir='ltr'><strong>Felicis</strong></span> <span class='ocrx_word' id='word_1_481' title='bbox 832 5596 1154 5670; x_wconf 72' lang='lat' dir='ltr'><strong>opus_,_(iuam</strong></span> <span class='ocrx_word' id='word_1_482' title='bbox 1172 5598 1301 5670; x_wconf 70' lang='lat' dir='ltr'><strong>quod</strong></span> <span class='ocrx_word' id='word_1_483' title='bbox 1326 5596 1439 5670; x_wconf 68' lang='lat' dir='ltr'><strong>nubi</strong></span> <span class='ocrx_word' id='word_1_484' title='bbox 1463 5596 1607 5670; x_wconf 71' lang='lat' dir='ltr'><strong>tectis</strong></span> 
     </span>
    </p>
   </div>
   <div class='ocr_carea' id='block_1_60' title="bbox 360 5660 1569 5730">
    <p class='ocr_par' dir='ltr' id='par_1_60' title="bbox 360 5660 1569 5730">
     <span class='ocr_line' id='line_1_60' title="bbox 360 5660 1569 5730; baseline -0.008 -13"><span class='ocrx_word' id='word_1_485' title='bbox 360 5667 471 5730; x_wconf 79' lang='lat' dir='ltr'><strong>ipse</strong></span> <span class='ocrx_word' id='word_1_486' title='bbox 491 5660 615 5730; x_wconf 73' lang='lat' dir='ltr'><strong>meis</strong></span> <span class='ocrx_word' id='word_1_487' title='bbox 628 5699 644 5726; x_wconf 90' lang='lat'><strong>,</strong></span> <span class='ocrx_word' id='word_1_488' title='bbox 666 5664 846 5730; x_wconf 70' lang='lat' dir='ltr'><strong>quintis</strong></span> <span class='ocrx_word' id='word_1_489' title='bbox 861 5660 938 5711; x_wconf 82' lang='lat' dir='ltr'><strong>est</strong></span> <span class='ocrx_word' id='word_1_490' title='bbox 958 5660 1087 5711; x_wconf 73' lang='lat' dir='ltr'><strong>idem</strong></span> <span class='ocrx_word' id='word_1_491' title='bbox 1100 5660 1431 5730; x_wconf 55' lang='lat' dir='ltr'><strong>dormnmdjus,</strong></span> <span class='ocrx_word' id='word_1_492' title='bbox 1451 5660 1569 5729; x_wconf 71' lang='lat' dir='ltr'><strong>egit.</strong></span> 
     </span>
    </p>
   </div>
   <div class='ocr_carea' id='block_1_61' title="bbox 302 5721 1819 5791">
    <p class='ocr_par' dir='ltr' id='par_1_61' title="bbox 302 5721 1819 5791">
     <span class='ocr_line' id='line_1_61' title="bbox 302 5721 1819 5791; baseline -0.008 -9"><span class='ocrx_word' id='word_1_493' title='bbox 302 5734 324 5765; x_wconf 78' lang='grc'><strong>⁸</strong></span> <span class='ocrx_word' id='word_1_494' title='bbox 349 5721 481 5781; x_wconf 57' lang='lat' dir='ltr'><strong>Elida</strong></span> <span class='ocrx_word' id='word_1_495' title='bbox 509 5721 642 5780; x_wconf 71' lang='lat' dir='ltr'><strong>unde</strong></span> <span class='ocrx_word' id='word_1_496' title='bbox 663 5721 959 5791; x_wconf 71' lang='lat' dir='ltr'><strong>migraturus</strong></span> <span class='ocrx_word' id='word_1_497' title='bbox 980 5736 1105 5783; x_wconf 67' lang='lat' dir='ltr'><strong>satin,</strong></span> <span class='ocrx_word' id='word_1_498' title='bbox 1151 5721 1305 5791; x_wconf 71' lang='lat' dir='ltr'><strong>qualis</strong></span> <span class='ocrx_word' id='word_1_499' title='bbox 1327 5721 1415 5791; x_wconf 67' lang='lat' dir='ltr'><strong>ise</strong></span> <span class='ocrx_word' id='word_1_500' title='bbox 1440 5756 1454 5781; x_wconf 93' lang='lat'><strong>,</strong></span> <span class='ocrx_word' id='word_1_501' title='bbox 1485 5721 1597 5791; x_wconf 74' lang='lat' dir='ltr'><strong>jam</strong></span> <span class='ocrx_word' id='word_1_502' title='bbox 1615 5733 1819 5791; x_wconf 54' lang='lat' dir='ltr'><strong>magnus</strong></span> 
     </span>
    </p>
   </div>
   <div class='ocr_carea' id='block_1_62' title="bbox 233 5297 513 5354">
    <p class='ocr_par' dir='ltr' id='par_1_62' title="bbox 233 5297 513 5354">
     <span class='ocr_line' id='line_1_62' title="bbox 233 5297 513 5354; baseline -0.021 -9"><span class='ocrx_word' id='word_1_503' title='bbox 233 5297 318 5345; x_wconf 87' lang='lat' dir='ltr'><strong>tic.</strong></span> <span class='ocrx_word' id='word_1_504' title='bbox 348 5302 401 5342; x_wconf 86' lang='lat' dir='ltr'><strong>et</strong></span> <span class='ocrx_word' id='word_1_505' title='bbox 418 5301 513 5354; x_wconf 78' lang='lat' dir='ltr'><strong>tteg</strong></span> 
     </span>
    </p>
   </div>
   <div class='ocr_carea' id='block_1_63' title="bbox 221 5776 2560 5876">
    <p class='ocr_par' dir='ltr' id='par_1_63' title="bbox 221 5776 2560 5876">
     <span class='ocr_line' id='line_1_63' title="bbox 221 5776 2560 5876; baseline -0.005 -33"><span class='ocrx_word' id='word_1_506' title='bbox 221 5776 642 5859; x_wconf 63' lang='lat' dir='ltr'><strong>inquilinus</strong></span> <span class='ocrx_word' id='word_1_507' title='bbox 666 5776 865 5838; x_wconf 64' lang='lat' dir='ltr'><strong>At&#39;ttss.</strong></span> <span class='ocrx_word' id='word_1_508' title='bbox 882 5794 1051 5837; x_wconf 75' lang='lat' dir='ltr'><strong>carent</strong></span> <span class='ocrx_word' id='word_1_509' title='bbox 1084 5776 1249 5835; x_wconf 70' lang='lat' dir='ltr'><strong>verbis</strong></span> <span class='ocrx_word' id='word_1_510' title='bbox 1288 5783 1414 5843; x_wconf 84' lang='lat' dir='ltr'><strong>istis,</strong></span> <span class='ocrx_word' id='word_1_511' title='bbox 1428 5776 1587 5848; x_wconf 62' lang='lat' dir='ltr'><strong>qualis</strong></span> <span class='ocrx_word' id='word_1_512' title='bbox 1607 5776 1819 5848; x_wconf 63' lang='lat' dir='ltr'><strong>iste&#39;j&#39;um</strong></span> <span class='ocrx_word' id='word_1_513' title='bbox 1914 5776 2404 5876; x_wconf 31' lang='lat' dir='ltr'><strong>mi‘ziaauit&#39;</strong></span> <span class='ocrx_word' id='word_1_514' title='bbox 2426 5782 2560 5876; x_wconf 37' lang='lat' dir='ltr'><strong>milia:</strong></span> 
     </span>
    </p>
   </div>
   <div class='ocr_carea' id='block_1_64' title="bbox 218 5866 924 5976">
    <p class='ocr_par' dir='ltr' id='par_1_64' title="bbox 218 5866 924 5976">
     <span class='ocr_line' id='line_1_64' title="bbox 218 5866 924 5976; baseline -0.008 -5"><span class='ocrx_word' id='word_1_515' title='bbox 218 5866 539 5971; x_wconf 54' lang='lat' dir='ltr'><strong>“im...</strong></span> <span class='ocrx_word' id='word_1_516' title='bbox 563 5920 620 5968; x_wconf 73' lang='grc' dir='ltr'><strong>Αι</strong></span> <span class='ocrx_word' id='word_1_517' title='bbox 635 5911 772 5976; x_wconf 44' lang='lat' dir='ltr'><strong>mea</strong></span> <span class='ocrx_word' id='word_1_518' title='bbox 797 5910 924 5976; x_wconf 72' lang='lat' dir='ltr'><strong>fecit.</strong></span> 
     </span>
    </p>
   </div>
   <div class='ocr_carea' id='block_1_65' title="bbox 1354 361 2548 437">
    <p class='ocr_par' dir='ltr' id='par_1_65' title="bbox 1354 361 2548 437">
     <span class='ocr_line' id='line_1_65' title="bbox 1354 361 2548 437; baseline 0.012 -14"><span class='ocrx_word' id='word_1_519' title='bbox 1354 364 1752 425; x_wconf 63' lang='lat' dir='ltr'><strong>ENARRATIO</strong></span> <span class='ocrx_word' id='word_1_520' title='bbox 1788 366 1856 426; x_wconf 82' lang='grc' dir='ltr'><strong>ΙΝ</strong></span> <span class='ocrx_word' id='word_1_521' title='bbox 1893 361 2219 432; x_wconf 75' lang='lat' dir='ltr'><strong>PSALMUM</strong></span> <span class='ocrx_word' id='word_1_522' title='bbox 2258 373 2548 437; x_wconf 78' lang='lat' dir='ltr'><strong>XXXVIII.</strong></span> 
     </span>
    </p>
   </div>
   <div class='ocr_carea' id='block_1_66' title="bbox 3471 394 3579 455">
    <p class='ocr_par' dir='ltr' id='par_1_66' title="bbox 3471 394 3579 455">
     <span class='ocr_line' id='line_1_66' title="bbox 3471 394 3579 455; baseline 0 0"><span class='ocrx_word' id='word_1_523' title='bbox 3471 394 3579 455; x_wconf 76' lang='lat'><strong>450</strong></span> 
     </span>
    </p>
   </div>
   <div class='ocr_carea' id='block_1_67' title="bbox 1988 486 3578 580">
    <p class='ocr_par' dir='ltr' id='par_1_67' title="bbox 1988 486 3578 580">
     <span class='ocr_line' id='line_1_67' title="bbox 1988 486 3578 580; baseline 0.016 -39"><span class='ocrx_word' id='word_1_524' title='bbox 1988 486 2131 542; x_wconf 89' lang='lat' dir='ltr'><strong>enim</strong></span> <span class='ocrx_word' id='word_1_525' title='bbox 2154 490 2317 560; x_wconf 84' lang='lat' dir='ltr'><strong>gratis</strong></span> <span class='ocrx_word' id='word_1_526' title='bbox 2344 508 2545 549; x_wconf 88' lang='lat' dir='ltr'><strong>manes.</strong></span> <span class='ocrx_word' id='word_1_527' title='bbox 2569 494 2703 563; x_wconf 85' lang='lat' dir='ltr'><strong>Quia</strong></span> <span class='ocrx_word' id='word_1_528' title='bbox 2729 497 3004 570; x_wconf 83' lang='lat' dir='ltr'><strong>inquilinus</strong></span> <span class='ocrx_word' id='word_1_529' title='bbox 3029 518 3121 575; x_wconf 83' lang='lat' dir='ltr'><strong>ego</strong></span> <span class='ocrx_word' id='word_1_530' title='bbox 3140 520 3255 560; x_wconf 85' lang='lat' dir='ltr'><strong>sunt</strong></span> <span class='ocrx_word' id='word_1_531' title='bbox 3281 508 3422 580; x_wconf 85' lang='lat' dir='ltr'><strong>apud</strong></span> <span class='ocrx_word' id='word_1_532' title='bbox 3442 516 3509 578; x_wconf 87' lang='lat' dir='ltr'><strong>le,</strong></span> <span class='ocrx_word' id='word_1_533' title='bbox 3527 520 3578 566; x_wconf 91' lang='lat' dir='ltr'><strong>et</strong></span> 
     </span>
    </p>
   </div>
   <div class='ocr_carea' id='block_1_68' title="bbox 1985 583 3575 678">
    <p class='ocr_par' dir='ltr' id='par_1_68' title="bbox 1985 583 3575 678">
     <span class='ocr_line' id='line_1_68' title="bbox 1985 583 3575 678; baseline 0.018 -45"><span class='ocrx_word' id='word_1_534' title='bbox 1985 583 2293 653; x_wconf 81' lang='lat' dir='ltr'><strong>peregrinus.</strong></span> <span class='ocrx_word' id='word_1_535' title='bbox 2324 585 2467 657; x_wconf 78' lang='lat' dir='ltr'><strong>Ergo</strong></span> <span class='ocrx_word' id='word_1_536' title='bbox 2490 587 2560 643; x_wconf 86' lang='lat' dir='ltr'><strong>ibi</strong></span> <span class='ocrx_word' id='word_1_537' title='bbox 2587 590 2777 659; x_wconf 81' lang='lat' dir='ltr'><strong>patria,</strong></span> <span class='ocrx_word' id='word_1_538' title='bbox 2796 592 2870 648; x_wconf 87' lang='lat' dir='ltr'><strong>ibi</strong></span> <span class='ocrx_word' id='word_1_539' title='bbox 2895 594 3118 653; x_wconf 87' lang='lat' dir='ltr'><strong>domus:</strong></span> <span class='ocrx_word' id='word_1_540' title='bbox 3137 599 3415 671; x_wconf 81' lang='lat' dir='ltr'><strong>inquilinus</strong></span> <span class='ocrx_word' id='word_1_541' title='bbox 3433 604 3575 678; x_wconf 87' lang='lat' dir='ltr'><strong>apud</strong></span> 
     </span>
    </p>
   </div>
   <div class='ocr_carea' id='block_1_69' title="bbox 1981 678 3568 761">
    <p class='ocr_par' dir='ltr' id='par_1_69' title="bbox 1981 678 3568 761">
     <span class='ocr_line' id='line_1_69' title="bbox 1981 678 3568 761; baseline 0.018 -34"><span class='ocrx_word' id='word_1_542' title='bbox 1981 680 2045 739; x_wconf 86' lang='lat' dir='ltr'><strong>te,</strong></span> <span class='ocrx_word' id='word_1_543' title='bbox 2066 684 2112 729; x_wconf 86' lang='lat' dir='ltr'><strong>et</strong></span> <span class='ocrx_word' id='word_1_544' title='bbox 2137 678 2451 749; x_wconf 73' lang='lat' dir='ltr'><strong>peregrinus.</strong></span> <span class='ocrx_word' id='word_1_545' title='bbox 2469 680 2537 736; x_wconf 86' lang='lat' dir='ltr'><strong>Et</strong></span> <span class='ocrx_word' id='word_1_546' title='bbox 2559 680 2646 739; x_wconf 87' lang='lat' dir='ltr'><strong>hic</strong></span> <span class='ocrx_word' id='word_1_547' title='bbox 2670 683 2983 742; x_wconf 85' lang='lat' dir='ltr'><strong>subauditur</strong></span> <span class='ocrx_word' id='word_1_548' title='bbox 3004 691 3143 761; x_wconf 88' lang='lat' dir='ltr'><strong>apud</strong></span> <span class='ocrx_word' id='word_1_549' title='bbox 3167 701 3232 747; x_wconf 82' lang='lat' dir='ltr'><strong>te.</strong></span> <span class='ocrx_word' id='word_1_550' title='bbox 3249 694 3396 752; x_wconf 74' lang='lat' dir='ltr'><strong>Multi</strong></span> <span class='ocrx_word' id='word_1_551' title='bbox 3424 699 3568 756; x_wconf 86' lang='lat' dir='ltr'><strong>enim</strong></span> 
     </span>
    </p>
   </div>
   <div class='ocr_carea' id='block_1_70' title="bbox 1981 768 3570 855">
    <p class='ocr_par' dir='ltr' id='par_1_70' title="bbox 1981 768 3570 855">
     <span class='ocr_line' id='line_1_70' title="bbox 1981 768 3570 855; baseline 0.019 -37"><span class='ocrx_word' id='word_1_552' title='bbox 1981 768 2243 837; x_wconf 79' lang='lat' dir='ltr'><strong>peregrini</strong></span> <span class='ocrx_word' id='word_1_553' title='bbox 2270 780 2397 827; x_wconf 90' lang='lat' dir='ltr'><strong>sunt</strong></span> <span class='ocrx_word' id='word_1_554' title='bbox 2422 787 2544 829; x_wconf 87' lang='lat' dir='ltr'><strong>cum</strong></span> <span class='ocrx_word' id='word_1_555' title='bbox 2572 773 2788 831; x_wconf 82' lang='lat' dir='ltr'><strong>diabolo</strong></span> <span class='ocrx_word' id='word_1_556' title='bbox 2820 794 2834 833; x_wconf 89' lang='lat'><strong>:</strong></span> <span class='ocrx_word' id='word_1_557' title='bbox 2865 780 2956 849; x_wconf 90' lang='lat' dir='ltr'><strong>qui</strong></span> <span class='ocrx_word' id='word_1_558' title='bbox 2985 789 3162 839; x_wconf 84' lang='lat' dir='ltr'><strong>autem</strong></span> <span class='ocrx_word' id='word_1_559' title='bbox 3185 782 3295 855; x_wconf 88' lang='lat' dir='ltr'><strong>jam</strong></span> <span class='ocrx_word' id='word_1_560' title='bbox 3322 787 3570 847; x_wconf 83' lang='lat' dir='ltr'><strong>credide—</strong></span> 
     </span>
    </p>
   </div>
   <div class='ocr_carea' id='block_1_71' title="bbox 1978 858 3570 949">
    <p class='ocr_par' dir='ltr' id='par_1_71' title="bbox 1978 858 3570 949">
     <span class='ocr_line' id='line_1_71' title="bbox 1978 858 3570 949; baseline 0.018 -39"><span class='ocrx_word' id='word_1_561' title='bbox 1978 864 2105 949; x_wconf 72' lang='lat' dir='ltr'><strong>runt</strong></span> <span class='ocrx_word' id='word_1_562' title='bbox 2130 868 2184 913; x_wconf 87' lang='lat' dir='ltr'><strong>et</strong></span> <span class='ocrx_word' id='word_1_563' title='bbox 2212 858 2397 921; x_wconf 80' lang='lat' dir='ltr'><strong>ﬁdeles</strong></span> <span class='ocrx_word' id='word_1_564' title='bbox 2424 871 2566 929; x_wconf 85' lang='lat' dir='ltr'><strong>sunt,</strong></span> <span class='ocrx_word' id='word_1_565' title='bbox 2590 868 2857 938; x_wconf 75' lang='lat' dir='ltr'><strong>peregrini</strong></span> <span class='ocrx_word' id='word_1_566' title='bbox 2883 871 3098 942; x_wconf 85' lang='lat' dir='ltr'><strong>quidem</strong></span> <span class='ocrx_word' id='word_1_567' title='bbox 3125 885 3270 943; x_wconf 86' lang='lat' dir='ltr'><strong>sunt,</strong></span> <span class='ocrx_word' id='word_1_568' title='bbox 3290 879 3412 949; x_wconf 84' lang='lat' dir='ltr'><strong>quia</strong></span> <span class='ocrx_word' id='word_1_569' title='bbox 3434 896 3570 938; x_wconf 87' lang='lat' dir='ltr'><strong>non-</strong></span> 
     </span>
    </p>
   </div>
   <div class='ocr_carea' id='block_1_72' title="bbox 1976 944 3569 1035">
    <p class='ocr_par' dir='ltr' id='par_1_72' title="bbox 1976 944 3569 1035">
     <span class='ocr_line' id='line_1_72' title="bbox 1976 944 3569 1035; baseline 0.018 -34"><span class='ocrx_word' id='word_1_570' title='bbox 1976 944 2101 1003; x_wconf 87' lang='lat' dir='ltr'><strong>dum</strong></span> <span class='ocrx_word' id='word_1_571' title='bbox 2130 949 2197 1005; x_wconf 88' lang='lat' dir='ltr'><strong>ad</strong></span> <span class='ocrx_word' id='word_1_572' title='bbox 2241 951 2384 1009; x_wconf 88' lang='lat' dir='ltr'><strong>illam</strong></span> <span class='ocrx_word' id='word_1_573' title='bbox 2415 956 2641 1025; x_wconf 82' lang='lat' dir='ltr'><strong>patriam</strong></span> <span class='ocrx_word' id='word_1_574' title='bbox 2685 958 3008 1034; x_wconf 86' lang='lat' dir='ltr'><strong>domumque</strong></span> <span class='ocrx_word' id='word_1_575' title='bbox 3035 944 3329 1035; x_wconf 65' lang='lat' dir='ltr'><strong>venerunt,</strong></span> <span class='ocrx_word' id='word_1_576' title='bbox 3360 971 3453 1028; x_wconf 89' lang='lat' dir='ltr'><strong>sed</strong></span> <span class='ocrx_word' id='word_1_577' title='bbox 3485 982 3569 1029; x_wconf 87' lang='lat' dir='ltr'><strong>ta-</strong></span> 
     </span>
    </p>
   </div>
   <div class='ocr_carea' id='block_1_73' title="bbox 1974 1043 3568 1118">
    <p class='ocr_par' dir='ltr' id='par_1_73' title="bbox 1974 1043 3568 1118">
     <span class='ocr_line' id='line_1_73' title="bbox 1974 1043 3568 1118; baseline 0.016 -25"><span class='ocrx_word' id='word_1_578' title='bbox 1974 1053 2099 1097; x_wconf 85' lang='lat' dir='ltr'><strong>men</strong></span> <span class='ocrx_word' id='word_1_579' title='bbox 2129 1043 2267 1111; x_wconf 82' lang='lat' dir='ltr'><strong>apud</strong></span> <span class='ocrx_word' id='word_1_580' title='bbox 2313 1044 2477 1102; x_wconf 85' lang='lat' dir='ltr'><strong>Deum</strong></span> <span class='ocrx_word' id='word_1_581' title='bbox 2507 1057 2654 1105; x_wconf 89' lang='lat' dir='ltr'><strong>sunt.</strong></span> <span class='ocrx_word' id='word_1_582' title='bbox 2699 1052 2955 1118; x_wconf 79' lang='lat' dir='ltr'><strong>Quamdiu</strong></span> <span class='ocrx_word' id='word_1_583' title='bbox 2983 1057 3117 1111; x_wconf 87' lang='lat' dir='ltr'><strong>enim</strong></span> <span class='ocrx_word' id='word_1_584' title='bbox 3156 1075 3330 1115; x_wconf 87' lang='lat' dir='ltr'><strong>sumus</strong></span> <span class='ocrx_word' id='word_1_585' title='bbox 3356 1061 3410 1117; x_wconf 88' lang='lat' dir='ltr'><strong>in</strong></span> <span class='ocrx_word' id='word_1_586' title='bbox 3450 1080 3568 1118; x_wconf 85' lang='lat' dir='ltr'><strong>cor-</strong></span> 
     </span>
    </p>
   </div>
   <div class='ocr_carea' id='block_1_74' title="bbox 1975 1136 3568 1221">
    <p class='ocr_par' dir='ltr' id='par_1_74' title="bbox 1975 1136 3568 1221">
     <span class='ocr_line' id='line_1_74' title="bbox 1975 1136 3568 1221; baseline 0.017 -38"><span class='ocrx_word' id='word_1_587' title='bbox 1975 1145 2128 1199; x_wconf 86' lang='lat' dir='ltr'><strong>pore,</strong></span> <span class='ocrx_word' id='word_1_588' title='bbox 2161 1136 2538 1207; x_wconf 79' lang='lat' dir='ltr'><strong>peregrinantur</strong></span> <span class='ocrx_word' id='word_1_589' title='bbox 2564 1157 2596 1194; x_wconf 92' lang='lat' dir='ltr'><strong>a</strong></span> <span class='ocrx_word' id='word_1_590' title='bbox 2626 1139 2844 1199; x_wconf 87' lang='lat' dir='ltr'><strong>Domino</strong></span> <span class='ocrx_word' id='word_1_591' title='bbox 2875 1162 2897 1201; x_wconf 87' lang='lat'><strong><em>:</em></strong></span> <span class='ocrx_word' id='word_1_592' title='bbox 2923 1156 2971 1202; x_wconf 87' lang='lat' dir='ltr'><strong>et</strong></span> <span class='ocrx_word' id='word_1_593' title='bbox 3010 1150 3290 1221; x_wconf 69' lang='lat' dir='ltr'><strong>arabimus,</strong></span> <span class='ocrx_word' id='word_1_594' title='bbox 3337 1152 3440 1209; x_wconf 78' lang='lat' dir='ltr'><strong>sive</strong></span> <span class='ocrx_word' id='word_1_595' title='bbox 3485 1154 3568 1210; x_wconf 80' lang='lat' dir='ltr'><strong>hic</strong></span> 
     </span>
    </p>
   </div>
   <div class='ocr_carea' id='block_1_75' title="bbox 1972 1230 3562 1317">
    <p class='ocr_par' dir='ltr' id='par_1_75' title="bbox 1972 1230 3562 1317">
     <span class='ocr_line' id='line_1_75' title="bbox 1972 1230 3562 1317; baseline 0.016 -40"><span class='ocrx_word' id='word_1_596' title='bbox 1972 1236 2249 1293; x_wconf 81' lang='lat' dir='ltr'><strong>manentes,</strong></span> <span class='ocrx_word' id='word_1_597' title='bbox 2280 1230 2382 1286; x_wconf 73' lang='lat' dir='ltr'><strong>sive</strong></span> <span class='ocrx_word' id='word_1_598' title='bbox 2409 1236 2806 1315; x_wconf 77' lang='lat' dir='ltr'><strong>peregrinantes,</strong></span> <span class='ocrx_word' id='word_1_599' title='bbox 2837 1238 3089 1308; x_wconf 78' lang='lat' dir='ltr'><strong>placentes</strong></span> <span class='ocrx_word' id='word_1_600' title='bbox 3116 1244 3193 1298; x_wconf 88' lang='lat' dir='ltr'><strong>illi</strong></span> <span class='ocrx_word' id='word_1_601' title='bbox 3219 1260 3324 1301; x_wconf 82' lang='lat' dir='ltr'><strong>esse</strong></span> <span class='ocrx_word' id='word_1_602' title='bbox 3350 1245 3417 1317; x_wconf 91' lang='lat' dir='ltr'><strong>(ll</strong></span> <span class='ocrx_word' id='word_1_603' title='bbox 3443 1247 3562 1304; x_wconf 84' lang='lat' dir='ltr'><strong>Cor.</strong></span> 
     </span>
    </p>
   </div>
   <div class='ocr_carea' id='block_1_76' title="bbox 1972 1319 3563 1411">
    <p class='ocr_par' dir='ltr' id='par_1_76' title="bbox 1972 1319 3563 1411">
     <span class='ocr_line' id='line_1_76' title="bbox 1972 1319 3563 1411; baseline 0.014 -37"><span class='ocrx_word' id='word_1_604' title='bbox 1972 1333 2058 1384; x_wconf 85' lang='lat' dir='ltr'><strong>vt,</strong></span> <span class='ocrx_word' id='word_1_605' title='bbox 2103 1319 2181 1393; x_wconf 90' lang='lat'><strong>9).</strong></span> <span class='ocrx_word' id='word_1_606' title='bbox 2215 1321 2281 1377; x_wconf 82' lang='lat' dir='ltr'><strong>Et</strong></span> <span class='ocrx_word' id='word_1_607' title='bbox 2311 1328 2603 1397; x_wconf 82' lang='lat' dir='ltr'><strong>peregrinus</strong></span> <span class='ocrx_word' id='word_1_608' title='bbox 2644 1340 2693 1389; x_wconf 83' lang='lat' dir='ltr'><strong>et</strong></span> <span class='ocrx_word' id='word_1_609' title='bbox 2735 1331 3012 1404; x_wconf 77' lang='lat' dir='ltr'><strong>inquilinus</strong></span> <span class='ocrx_word' id='word_1_610' title='bbox 3040 1351 3061 1390; x_wconf 92' lang='lat'><strong><em>:</em></strong></span> <span class='ocrx_word' id='word_1_611' title='bbox 3091 1337 3222 1408; x_wconf 65' lang='lat' dir='ltr'><strong>sicut</strong></span> <span class='ocrx_word' id='word_1_612' title='bbox 3265 1355 3436 1394; x_wconf 88' lang='lat' dir='ltr'><strong>omnes</strong></span> <span class='ocrx_word' id='word_1_613' title='bbox 3466 1357 3563 1411; x_wconf 82' lang='lat' dir='ltr'><strong>pa—</strong></span> 
     </span>
    </p>
   </div>
   <div class='ocr_carea' id='block_1_77' title="bbox 1973 1411 3562 1497">
    <p class='ocr_par' dir='ltr' id='par_1_77' title="bbox 1973 1411 3562 1497">
     <span class='ocr_line' id='line_1_77' title="bbox 1973 1411 3562 1497; baseline 0.016 -35"><span class='ocrx_word' id='word_1_614' title='bbox 1973 1416 2072 1464; x_wconf 85' lang='lat' dir='ltr'><strong>tres</strong></span> <span class='ocrx_word' id='word_1_615' title='bbox 2119 1412 2235 1466; x_wconf 73' lang='lat' dir='ltr'><strong>mei.</strong></span> <span class='ocrx_word' id='word_1_616' title='bbox 2277 1411 2335 1470; x_wconf 89' lang='lat' dir='ltr'><strong>Si</strong></span> <span class='ocrx_word' id='word_1_617' title='bbox 2380 1430 2510 1487; x_wconf 85' lang='lat' dir='ltr'><strong>ergo</strong></span> <span class='ocrx_word' id='word_1_618' title='bbox 2555 1419 2697 1476; x_wconf 83' lang='lat' dir='ltr'><strong>sicut</strong></span> <span class='ocrx_word' id='word_1_619' title='bbox 2735 1436 2927 1480; x_wconf 88' lang='lat' dir='ltr'><strong>omnes</strong></span> <span class='ocrx_word' id='word_1_620' title='bbox 2972 1435 3152 1495; x_wconf 87' lang='lat' dir='ltr'><strong>patres</strong></span> <span class='ocrx_word' id='word_1_621' title='bbox 3194 1428 3340 1497; x_wconf 89' lang='lat' dir='ltr'><strong>mei,</strong></span> <span class='ocrx_word' id='word_1_622' title='bbox 3387 1429 3562 1487; x_wconf 86' lang='lat' dir='ltr'><strong>dictu-</strong></span> 
     </span>
    </p>
   </div>
   <div class='ocr_carea' id='block_1_78' title="bbox 1970 1513 3561 1595">
    <p class='ocr_par' dir='ltr' id='par_1_78' title="bbox 1970 1513 3561 1595">
     <span class='ocr_line' id='line_1_78' title="bbox 1970 1513 3561 1595; baseline 0.016 -38"><span class='ocrx_word' id='word_1_623' title='bbox 1970 1516 2063 1558; x_wconf 89' lang='lat' dir='ltr'><strong>rus</strong></span> <span class='ocrx_word' id='word_1_624' title='bbox 2104 1520 2222 1560; x_wconf 89' lang='lat' dir='ltr'><strong>sum</strong></span> <span class='ocrx_word' id='word_1_625' title='bbox 2270 1523 2355 1564; x_wconf 91' lang='lat' dir='ltr'><strong>me</strong></span> <span class='ocrx_word' id='word_1_626' title='bbox 2402 1524 2511 1565; x_wconf 91' lang='lat' dir='ltr'><strong>non</strong></span> <span class='ocrx_word' id='word_1_627' title='bbox 2560 1513 2948 1584; x_wconf 77' lang='lat' dir='ltr'><strong>migraturum,</strong></span> <span class='ocrx_word' id='word_1_628' title='bbox 2994 1533 3115 1574; x_wconf 91' lang='lat' dir='ltr'><strong>cum</strong></span> <span class='ocrx_word' id='word_1_629' title='bbox 3165 1519 3241 1575; x_wconf 93' lang='lat' dir='ltr'><strong>illi</strong></span> <span class='ocrx_word' id='word_1_630' title='bbox 3291 1523 3561 1595; x_wconf 83' lang='lat' dir='ltr'><strong>migrave-</strong></span> 
     </span>
    </p>
   </div>
   <div class='ocr_carea' id='block_1_79' title="bbox 1969 1592 3563 1682">
    <p class='ocr_par' dir='ltr' id='par_1_79' title="bbox 1969 1592 3563 1682">
     <span class='ocr_line' id='line_1_79' title="bbox 1969 1592 3563 1682; baseline 0.015 -35"><span class='ocrx_word' id='word_1_631' title='bbox 1969 1592 2119 1648; x_wconf 77' lang='lat' dir='ltr'><strong>rint?</strong></span> <span class='ocrx_word' id='word_1_632' title='bbox 2149 1596 2264 1653; x_wconf 75' lang='lat' dir='ltr'><strong>Alia</strong></span> <span class='ocrx_word' id='word_1_633' title='bbox 2292 1600 2599 1659; x_wconf 88' lang='lat' dir='ltr'><strong>conditione</strong></span> <span class='ocrx_word' id='word_1_634' title='bbox 2624 1620 2907 1663; x_wconf 88' lang='lat' dir='ltr'><strong>mansurus</strong></span> <span class='ocrx_word' id='word_1_635' title='bbox 2934 1623 3054 1665; x_wconf 88' lang='lat' dir='ltr'><strong>sum</strong></span> <span class='ocrx_word' id='word_1_636' title='bbox 3075 1651 3091 1679; x_wconf 93' lang='lat'><strong>,</strong></span> <span class='ocrx_word' id='word_1_637' title='bbox 3122 1626 3283 1682; x_wconf 90' lang='lat' dir='ltr'><strong>quam</strong></span> <span class='ocrx_word' id='word_1_638' title='bbox 3308 1592 3389 1670; x_wconf 85' lang='lat' dir='ltr'><strong>illi</strong></span> <span class='ocrx_word' id='word_1_639' title='bbox 3409 1629 3563 1671; x_wconf 86' lang='lat' dir='ltr'><strong>man-</strong></span> 
     </span>
    </p>
   </div>
   <div class='ocr_carea' id='block_1_80' title="bbox 1966 1689 2196 1743">
    <p class='ocr_par' dir='ltr' id='par_1_80' title="bbox 1966 1689 2196 1743">
     <span class='ocr_line' id='line_1_80' title="bbox 1966 1689 2196 1743; baseline 0.017 -4"><span class='ocrx_word' id='word_1_640' title='bbox 1966 1698 2154 1742; x_wconf 87' lang='lat' dir='ltr'><strong>serunt</strong></span> <span class='ocrx_word' id='word_1_641' title='bbox 2173 1689 2196 1743; x_wconf 85' lang='lat'><strong>?</strong></span> 
     </span>
    </p>
   </div>
   <div class='ocr_carea' id='block_1_81' title="bbox 2037 1776 3561 1869">
    <p class='ocr_par' dir='ltr' id='par_1_81' title="bbox 2037 1776 3561 1869">
     <span class='ocr_line' id='line_1_81' title="bbox 2037 1776 3561 1869; baseline 0.016 -38"><span class='ocrx_word' id='word_1_642' title='bbox 2037 1776 2127 1833; x_wconf 76' lang='lat'><strong>22.</strong></span> <span class='ocrx_word' id='word_1_643' title='bbox 2152 1776 2301 1852; x_wconf 83' lang='lat' dir='ltr'><strong>[uers.</strong></span> <span class='ocrx_word' id='word_1_644' title='bbox 2336 1783 2448 1857; x_wconf 70' lang='lat'><strong>14.]</strong></span> <span class='ocrx_word' id='word_1_645' title='bbox 2470 1784 2607 1852; x_wconf 87' lang='lat' dir='ltr'><strong>Quid</strong></span> <span class='ocrx_word' id='word_1_646' title='bbox 2633 1804 2761 1861; x_wconf 81' lang='lat' dir='ltr'><strong>ergo</strong></span> <span class='ocrx_word' id='word_1_647' title='bbox 2789 1800 2956 1849; x_wconf 90' lang='lat' dir='ltr'><strong>restat</strong></span> <span class='ocrx_word' id='word_1_648' title='bbox 2980 1802 3039 1849; x_wconf 92' lang='lat' dir='ltr'><strong>ut</strong></span> <span class='ocrx_word' id='word_1_649' title='bbox 3061 1803 3259 1866; x_wconf 83' lang='lat' dir='ltr'><strong>petam,</strong></span> <span class='ocrx_word' id='word_1_650' title='bbox 3290 1798 3414 1869; x_wconf 89' lang='lat' dir='ltr'><strong>quia</strong></span> <span class='ocrx_word' id='word_1_651' title='bbox 3434 1797 3561 1856; x_wconf 83' lang='lat' dir='ltr'><strong>hinc</strong></span> 
     </span>
    </p>
   </div>
   <div class='ocr_carea' id='block_1_82' title="bbox 1967 1867 3562 1963">
    <p class='ocr_par' dir='ltr' id='par_1_82' title="bbox 1967 1867 3562 1963">
     <span class='ocr_line' id='line_1_82' title="bbox 1967 1867 3562 1963; baseline 0.014 -39"><span class='ocrx_word' id='word_1_652' title='bbox 1967 1867 2086 1924; x_wconf 87' lang='lat' dir='ltr'><strong>sine</strong></span> <span class='ocrx_word' id='word_1_653' title='bbox 2111 1870 2277 1928; x_wconf 91' lang='lat' dir='ltr'><strong>dubio</strong></span> <span class='ocrx_word' id='word_1_654' title='bbox 2300 1874 2624 1946; x_wconf 73' lang='lat' dir='ltr'><strong>migraturus</strong></span> <span class='ocrx_word' id='word_1_655' title='bbox 2649 1882 2805 1938; x_wconf 82' lang='lat' dir='ltr'><strong>sum?</strong></span> <span class='ocrx_word' id='word_1_656' title='bbox 2832 1883 3049 1941; x_wconf 85' lang='lat' dir='ltr'><strong>Remitte</strong></span> <span class='ocrx_word' id='word_1_657' title='bbox 3069 1887 3085 1919; x_wconf 75' lang='grc'>⁸</span> <span class='ocrx_word' id='word_1_658' title='bbox 3116 1887 3245 1943; x_wconf 76' lang='lat' dir='ltr'><strong>mihi</strong></span> <span class='ocrx_word' id='word_1_659' title='bbox 3267 1867 3327 1943; x_wconf 73' lang='lat' dir='ltr'><strong>ut</strong></span> <span class='ocrx_word' id='word_1_660' title='bbox 3350 1891 3562 1963; x_wconf 78' lang='lat' dir='ltr'><strong>refrige-</strong></span> 
     </span>
    </p>
   </div>
   <div class='ocr_carea' id='block_1_83' title="bbox 1964 1967 3560 2054">
    <p class='ocr_par' dir='ltr' id='par_1_83' title="bbox 1964 1967 3560 2054">
     <span class='ocr_line' id='line_1_83' title="bbox 1964 1967 3560 2054; baseline 0.015 -37"><span class='ocrx_word' id='word_1_661' title='bbox 1964 1980 2048 2019; x_wconf 87' lang='lat' dir='ltr'><strong>rer</strong></span> <span class='ocrx_word' id='word_1_662' title='bbox 2072 1967 2366 2040; x_wconf 81' lang='lat' dir='ltr'><strong>priusquam</strong></span> <span class='ocrx_word' id='word_1_663' title='bbox 2394 1988 2526 2028; x_wconf 87' lang='lat' dir='ltr'><strong>eam.</strong></span> <span class='ocrx_word' id='word_1_664' title='bbox 2560 1974 2693 2035; x_wconf 81' lang='lat' dir='ltr'><strong>Vide</strong></span> <span class='ocrx_word' id='word_1_665' title='bbox 2713 2018 2727 2041; x_wconf 91' lang='lat'><strong>,</strong></span> <span class='ocrx_word' id='word_1_666' title='bbox 2770 1977 2893 2035; x_wconf 83' lang='lat' dir='ltr'><strong>vide</strong></span> <span class='ocrx_word' id='word_1_667' title='bbox 2935 1978 3181 2049; x_wconf 83' lang='lat' dir='ltr'><strong>lditbun,</strong></span> <span class='ocrx_word' id='word_1_668' title='bbox 3213 1997 3349 2054; x_wconf 86' lang='lat' dir='ltr'><strong>quos</strong></span> <span class='ocrx_word' id='word_1_669' title='bbox 3388 1984 3560 2042; x_wconf 88' lang='lat' dir='ltr'><strong>nodos</strong></span> 
     </span>
    </p>
   </div>
   <div class='ocr_carea' id='block_1_84' title="bbox 1965 2055 3558 2148">
    <p class='ocr_par' dir='ltr' id='par_1_84' title="bbox 1965 2055 3558 2148">
     <span class='ocr_line' id='line_1_84' title="bbox 1965 2055 3558 2148; baseline 0.014 -36"><span class='ocrx_word' id='word_1_670' title='bbox 1965 2055 2163 2115; x_wconf 86' lang='lat' dir='ltr'><strong>habeas</strong></span> <span class='ocrx_word' id='word_1_671' title='bbox 2192 2063 2543 2123; x_wconf 88' lang='lat' dir='ltr'><strong>remittendos</strong></span> <span class='ocrx_word' id='word_1_672' title='bbox 2570 2067 2700 2133; x_wconf 86' lang='lat' dir='ltr'><strong>tibi,</strong></span> <span class='ocrx_word' id='word_1_673' title='bbox 2747 2070 2939 2141; x_wconf 87' lang='lat' dir='ltr'><strong>quibus</strong></span> <span class='ocrx_word' id='word_1_674' title='bbox 2967 2074 3208 2141; x_wconf 78' lang='lat' dir='ltr'><strong>remissis</strong></span> <span class='ocrx_word' id='word_1_675' title='bbox 3252 2075 3558 2148; x_wconf 77' lang='lat' dir='ltr'><strong>relrigerari</strong></span> 
     </span>
    </p>
   </div>
   <div class='ocr_carea' id='block_1_85' title="bbox 1964 2153 3562 2241">
    <p class='ocr_par' dir='ltr' id='par_1_85' title="bbox 1964 2153 3562 2241">
     <span class='ocr_line' id='line_1_85' title="bbox 1964 2153 3562 2241; baseline 0.013 -36"><span class='ocrx_word' id='word_1_676' title='bbox 1964 2154 2043 2207; x_wconf 84' lang='lat' dir='ltr'><strong>vis</strong></span> <span class='ocrx_word' id='word_1_677' title='bbox 2073 2153 2376 2226; x_wconf 89' lang='lat' dir='ltr'><strong>priusquam</strong></span> <span class='ocrx_word' id='word_1_678' title='bbox 2404 2173 2518 2214; x_wconf 84' lang='lat' dir='ltr'><strong>eas.</strong></span> <span class='ocrx_word' id='word_1_679' title='bbox 2554 2154 2730 2216; x_wconf 85' lang='lat' dir='ltr'><strong>Habes</strong></span> <span class='ocrx_word' id='word_1_680' title='bbox 2753 2163 2894 2217; x_wconf 90' lang='lat' dir='ltr'><strong>enim</strong></span> <span class='ocrx_word' id='word_1_681' title='bbox 2926 2164 3131 2236; x_wconf 85' lang='lat' dir='ltr'><strong>aliquos</strong></span> <span class='ocrx_word' id='word_1_682' title='bbox 3156 2174 3317 2223; x_wconf 64' lang='lat' dir='ltr'><strong>aestus</strong></span> <span class='ocrx_word' id='word_1_683' title='bbox 3336 2210 3352 2236; x_wconf 95' lang='lat'><strong>,</strong></span> <span class='ocrx_word' id='word_1_684' title='bbox 3382 2185 3410 2222; x_wconf 71' lang='grc' dir='ltr'><strong>ει</strong></span> <span class='ocrx_word' id='word_1_685' title='bbox 3441 2170 3562 2241; x_wconf 88' lang='lat' dir='ltr'><strong>qui-</strong></span> 
     </span>
    </p>
   </div>
   <div class='ocr_carea' id='block_1_86' title="bbox 1963 2243 3560 2329">
    <p class='ocr_par' dir='ltr' id='par_1_86' title="bbox 1963 2243 3560 2329">
     <span class='ocr_line' id='line_1_86' title="bbox 1963 2243 3560 2329; baseline 0.014 -31"><span class='ocrx_word' id='word_1_686' title='bbox 1963 2243 2062 2299; x_wconf 92' lang='lat' dir='ltr'><strong>bus</strong></span> <span class='ocrx_word' id='word_1_687' title='bbox 2081 2245 2161 2301; x_wconf 89' lang='lat' dir='ltr'><strong>vis</strong></span> <span class='ocrx_word' id='word_1_688' title='bbox 2186 2246 2488 2319; x_wconf 77' lang='lat' dir='ltr'><strong>rel‘rigerari</strong></span> <span class='ocrx_word' id='word_1_689' title='bbox 2509 2292 2523 2316; x_wconf 90' lang='lat'><strong>,</strong></span> <span class='ocrx_word' id='word_1_690' title='bbox 2558 2260 2611 2308; x_wconf 92' lang='lat' dir='ltr'><strong>et</strong></span> <span class='ocrx_word' id='word_1_691' title='bbox 2635 2253 2803 2321; x_wconf 84' lang='lat' dir='ltr'><strong>dicis,</strong></span> <span class='ocrx_word' id='word_1_692' title='bbox 2838 2256 3161 2329; x_wconf 80' lang='lat' dir='ltr'><strong>Reft&#39;t&#39;gerer;</strong></span> <span class='ocrx_word' id='word_1_693' title='bbox 3186 2270 3239 2316; x_wconf 87' lang='lat' dir='ltr'><strong>et</strong></span> <span class='ocrx_word' id='word_1_694' title='bbox 3259 2261 3423 2329; x_wconf 89' lang='lat' dir='ltr'><strong>dicis,</strong></span> <span class='ocrx_word' id='word_1_695' title='bbox 3458 2262 3560 2320; x_wconf 86' lang='lat' dir='ltr'><strong>Re-</strong></span> 
     </span>
    </p>
   </div>
   <div class='ocr_carea' id='block_1_87' title="bbox 1962 2335 3557 2424">
    <p class='ocr_par' dir='ltr' id='par_1_87' title="bbox 1962 2335 3557 2424">
     <span class='ocr_line' id='line_1_87' title="bbox 1962 2335 3557 2424; baseline 0.016 -37"><span class='ocrx_word' id='word_1_696' title='bbox 1962 2335 2103 2390; x_wconf 87' lang='lat' dir='ltr'><strong>mitte</strong></span> <span class='ocrx_word' id='word_1_697' title='bbox 2127 2338 2269 2392; x_wconf 81' lang='lat' dir='ltr'><strong>milii.</strong></span> <span class='ocrx_word' id='word_1_698' title='bbox 2297 2339 2436 2408; x_wconf 85' lang='lat' dir='ltr'><strong>Quid</strong></span> <span class='ocrx_word' id='word_1_699' title='bbox 2464 2344 2700 2400; x_wconf 86' lang='lat' dir='ltr'><strong>remittet</strong></span> <span class='ocrx_word' id='word_1_700' title='bbox 2726 2346 2837 2411; x_wconf 84' lang='lat' dir='ltr'><strong>tibi,</strong></span> <span class='ocrx_word' id='word_1_701' title='bbox 2863 2348 2965 2410; x_wconf 87' lang='lat' dir='ltr'><strong>nisi</strong></span> <span class='ocrx_word' id='word_1_702' title='bbox 2996 2347 3134 2405; x_wconf 75' lang='lat' dir='ltr'><strong>forte</strong></span> <span class='ocrx_word' id='word_1_703' title='bbox 3160 2351 3306 2406; x_wconf 89' lang='lat' dir='ltr'><strong>illum</strong></span> <span class='ocrx_word' id='word_1_704' title='bbox 3332 2348 3557 2424; x_wconf 71' lang='lat' dir='ltr'><strong>sciupu-</strong></span> 
     </span>
    </p>
   </div>
   <div class='ocr_carea' id='block_1_88' title="bbox 1960 2428 3555 2503">
    <p class='ocr_par' dir='ltr' id='par_1_88' title="bbox 1960 2428 3555 2503">
     <span class='ocr_line' id='line_1_88' title="bbox 1960 2428 3555 2503; baseline 0.012 -18"><span class='ocrx_word' id='word_1_705' title='bbox 1960 2428 2073 2487; x_wconf 86' lang='lat' dir='ltr'><strong>lutn</strong></span> <span class='ocrx_word' id='word_1_706' title='bbox 2099 2431 2188 2488; x_wconf 88' lang='lat' dir='ltr'><strong>ubi</strong></span> <span class='ocrx_word' id='word_1_707' title='bbox 2211 2433 2346 2491; x_wconf 82' lang='lat' dir='ltr'><strong>dicis</strong></span> <span class='ocrx_word' id='word_1_708' title='bbox 2364 2476 2382 2503; x_wconf 93' lang='lat'><strong>,</strong></span> <span class='ocrx_word' id='word_1_709' title='bbox 2412 2445 2468 2495; x_wconf 85' lang='lat' dir='ltr'><strong>et</strong></span> <span class='ocrx_word' id='word_1_710' title='bbox 2490 2437 2630 2494; x_wconf 88' lang='lat' dir='ltr'><strong>unde</strong></span> <span class='ocrx_word' id='word_1_711' title='bbox 2655 2438 2789 2497; x_wconf 86' lang='lat' dir='ltr'><strong>dicis</strong></span> <span class='ocrx_word' id='word_1_712' title='bbox 2822 2458 2836 2495; x_wconf 89' lang='lat'><strong>:</strong></span> <span class='ocrx_word' id='word_1_713' title='bbox 2869 2440 3079 2498; x_wconf 86' lang='lat' dir='ltr'><strong>Dimitte</strong></span> <span class='ocrx_word' id='word_1_714' title='bbox 3097 2443 3240 2498; x_wconf 81' lang='lat' dir='ltr'><strong>nobis</strong></span> <span class='ocrx_word' id='word_1_715' title='bbox 3263 2444 3431 2503; x_wconf 87' lang='lat' dir='ltr'><strong>debita</strong></span> <span class='ocrx_word' id='word_1_716' title='bbox 3458 2464 3555 2503; x_wconf 89' lang='lat' dir='ltr'><strong>no-</strong></span> 
     </span>
    </p>
   </div>
   <div class='ocr_carea' id='block_1_89' title="bbox 1959 2522 3557 2608">
    <p class='ocr_par' dir='ltr' id='par_1_89' title="bbox 1959 2522 3557 2608">
     <span class='ocr_line' id='line_1_89' title="bbox 1959 2522 3557 2608; baseline 0.013 -31"><span class='ocrx_word' id='word_1_717' title='bbox 1959 2532 2066 2578; x_wconf 84' lang='lat' dir='ltr'><strong>stra</strong></span> <span class='ocrx_word' id='word_1_718' title='bbox 2092 2522 2305 2596; x_wconf 74' lang='lat' dir='ltr'><strong>(Matth.</strong></span> <span class='ocrx_word' id='word_1_719' title='bbox 2338 2543 2390 2583; x_wconf 75' lang='lat' dir='ltr'><strong>Vl</strong></span> <span class='ocrx_word' id='word_1_720' title='bbox 2409 2568 2423 2595; x_wconf 91' lang='lat'><strong>,</strong></span> <span class='ocrx_word' id='word_1_721' title='bbox 2459 2529 2589 2599; x_wconf 71' lang='lat'><strong>12)?</strong></span> <span class='ocrx_word' id='word_1_722' title='bbox 2620 2528 2836 2587; x_wconf 80' lang='lat' dir='ltr'><strong>Remitte</strong></span> <span class='ocrx_word' id='word_1_723' title='bbox 2864 2534 2987 2589; x_wconf 77' lang='lat' dir='ltr'><strong>milii</strong></span> <span class='ocrx_word' id='word_1_724' title='bbox 3008 2535 3301 2608; x_wconf 82' lang='lat' dir='ltr'><strong>priusquam</strong></span> <span class='ocrx_word' id='word_1_725' title='bbox 3323 2556 3464 2606; x_wconf 88' lang='lat' dir='ltr'><strong>eam,</strong></span> <span class='ocrx_word' id='word_1_726' title='bbox 3507 2549 3557 2597; x_wconf 88' lang='lat' dir='ltr'><strong>et</strong></span> 
     </span>
    </p>
   </div>
   <div class='ocr_carea' id='block_1_90' title="bbox 1954 2617 3555 2703">
    <p class='ocr_par' dir='ltr' id='par_1_90' title="bbox 1954 2617 3555 2703">
     <span class='ocr_line' id='line_1_90' title="bbox 1954 2617 3555 2703; baseline 0.009 -31"><span class='ocrx_word' id='word_1_727' title='bbox 1954 2617 2180 2688; x_wconf 79' lang='lat' dir='ltr'><strong>amplius</strong></span> <span class='ocrx_word' id='word_1_728' title='bbox 2185 2619 2299 2688; x_wconf 86' lang='lat' dir='ltr'><strong>jam</strong></span> <span class='ocrx_word' id='word_1_729' title='bbox 2320 2636 2421 2675; x_wconf 85' lang='lat' dir='ltr'><strong>non</strong></span> <span class='ocrx_word' id='word_1_730' title='bbox 2434 2638 2540 2676; x_wconf 88' lang='lat' dir='ltr'><strong>ero.</strong></span> <span class='ocrx_word' id='word_1_731' title='bbox 2561 2622 2855 2683; x_wconf 87' lang='lat' dir='ltr'><strong>Immunem</strong></span> <span class='ocrx_word' id='word_1_732' title='bbox 2882 2641 2968 2683; x_wconf 90' lang='lat' dir='ltr'><strong>me</strong></span> <span class='ocrx_word' id='word_1_733' title='bbox 2985 2626 3067 2685; x_wconf 82' lang='lat' dir='ltr'><strong>fac</strong></span> <span class='ocrx_word' id='word_1_734' title='bbox 3084 2644 3115 2684; x_wconf 91' lang='lat' dir='ltr'><strong>a</strong></span> <span class='ocrx_word' id='word_1_735' title='bbox 3131 2631 3362 2700; x_wconf 83' lang='lat' dir='ltr'><strong>peccatis</strong></span> <span class='ocrx_word' id='word_1_736' title='bbox 3380 2631 3555 2703; x_wconf 80' lang='lat' dir='ltr'><strong>prius-</strong></span> 
     </span>
    </p>
   </div>
   <div class='ocr_carea' id='block_1_91' title="bbox 1956 2716 3554 2790">
    <p class='ocr_par' dir='ltr' id='par_1_91' title="bbox 1956 2716 3554 2790">
     <span class='ocr_line' id='line_1_91' title="bbox 1956 2716 3554 2790; baseline 0.011 -26"><span class='ocrx_word' id='word_1_737' title='bbox 1956 2722 2115 2778; x_wconf 88' lang='lat' dir='ltr'><strong>quam</strong></span> <span class='ocrx_word' id='word_1_738' title='bbox 2140 2724 2281 2777; x_wconf 90' lang='lat' dir='ltr'><strong>eam,</strong></span> <span class='ocrx_word' id='word_1_739' title='bbox 2301 2727 2370 2769; x_wconf 86' lang='lat' dir='ltr'><strong>ne</strong></span> <span class='ocrx_word' id='word_1_740' title='bbox 2395 2727 2515 2771; x_wconf 87' lang='lat' dir='ltr'><strong>cum</strong></span> <span class='ocrx_word' id='word_1_741' title='bbox 2542 2716 2778 2784; x_wconf 81' lang='lat' dir='ltr'><strong>peccatis</strong></span> <span class='ocrx_word' id='word_1_742' title='bbox 2801 2733 2941 2773; x_wconf 89' lang='lat' dir='ltr'><strong>eam.</strong></span> <span class='ocrx_word' id='word_1_743' title='bbox 2965 2720 3196 2779; x_wconf 78' lang='lat' dir='ltr'><strong>Remitte</strong></span> <span class='ocrx_word' id='word_1_744' title='bbox 3219 2722 3368 2790; x_wconf 89' lang='lat' dir='ltr'><strong>mihi,</strong></span> <span class='ocrx_word' id='word_1_745' title='bbox 3391 2733 3447 2779; x_wconf 91' lang='lat' dir='ltr'><strong>ut</strong></span> <span class='ocrx_word' id='word_1_746' title='bbox 3465 2741 3554 2781; x_wconf 85' lang='lat' dir='ltr'><strong>re-</strong></span> 
     </span>
    </p>
   </div>
   <div class='ocr_carea' id='block_1_92' title="bbox 1955 2801 3551 2876">
    <p class='ocr_par' dir='ltr' id='par_1_92' title="bbox 1955 2801 3551 2876">
     <span class='ocr_line' id='line_1_92' title="bbox 1955 2801 3551 2876; baseline 0.013 -21"><span class='ocrx_word' id='word_1_747' title='bbox 1955 2801 2225 2870; x_wconf 87' lang='lat' dir='ltr'><strong>quiescam</strong></span> <span class='ocrx_word' id='word_1_748' title='bbox 2254 2803 2307 2858; x_wconf 91' lang='lat' dir='ltr'><strong>in</strong></span> <span class='ocrx_word' id='word_1_749' title='bbox 2337 2806 2666 2863; x_wconf 87' lang='lat' dir='ltr'><strong>conscientia</strong></span> <span class='ocrx_word' id='word_1_750' title='bbox 2692 2824 2843 2875; x_wconf 84' lang='lat' dir='ltr'><strong>mea,</strong></span> <span class='ocrx_word' id='word_1_751' title='bbox 2891 2820 2948 2868; x_wconf 92' lang='lat' dir='ltr'><strong>ut</strong></span> <span class='ocrx_word' id='word_1_752' title='bbox 2989 2823 3278 2870; x_wconf 82' lang='lat' dir='ltr'><strong>exonerata</strong></span> <span class='ocrx_word' id='word_1_753' title='bbox 3307 2815 3375 2870; x_wconf 87' lang='lat' dir='ltr'><strong>sit</strong></span> <span class='ocrx_word' id='word_1_754' title='bbox 3414 2822 3551 2876; x_wconf 73' lang='lat' dir='ltr'><strong>metu</strong></span> 
     </span>
    </p>
   </div>
   <div class='ocr_carea' id='block_1_93' title="bbox 1955 2898 3550 2983">
    <p class='ocr_par' dir='ltr' id='par_1_93' title="bbox 1955 2898 3550 2983">
     <span class='ocr_line' id='line_1_93' title="bbox 1955 2898 3550 2983; baseline 0.011 -31"><span class='ocrx_word' id='word_1_755' title='bbox 1955 2898 2328 2957; x_wconf 85' lang='lat' dir='ltr'><strong>sollicitudinis</strong></span> <span class='ocrx_word' id='word_1_756' title='bbox 2360 2919 2372 2955; x_wconf 90' lang='lat'><strong>:</strong></span> <span class='ocrx_word' id='word_1_757' title='bbox 2404 2918 2507 2973; x_wconf 85' lang='lat' dir='ltr'><strong>qua</strong></span> <span class='ocrx_word' id='word_1_758' title='bbox 2534 2904 2895 2967; x_wconf 85' lang='lat' dir='ltr'><strong>sollicitudine</strong></span> <span class='ocrx_word' id='word_1_759' title='bbox 2922 2922 3104 2963; x_wconf 84' lang='lat' dir='ltr'><strong>curam</strong></span> <span class='ocrx_word' id='word_1_760' title='bbox 3129 2924 3259 2980; x_wconf 84' lang='lat' dir='ltr'><strong>gero</strong></span> <span class='ocrx_word' id='word_1_761' title='bbox 3296 2925 3391 2982; x_wconf 91' lang='lat' dir='ltr'><strong>pro</strong></span> <span class='ocrx_word' id='word_1_762' title='bbox 3422 2927 3550 2983; x_wconf 79' lang='lat' dir='ltr'><strong>pec-</strong></span> 
     </span>
    </p>
   </div>
   <div class='ocr_carea' id='block_1_94' title="bbox 1952 2992 3551 3075">
    <p class='ocr_par' dir='ltr' id='par_1_94' title="bbox 1952 2992 3551 3075">
     <span class='ocr_line' id='line_1_94' title="bbox 1952 2992 3551 3075; baseline 0.009 -31"><span class='ocrx_word' id='word_1_763' title='bbox 1952 2996 2074 3046; x_wconf 80' lang='lat' dir='ltr'><strong>cato</strong></span> <span class='ocrx_word' id='word_1_764' title='bbox 2090 3006 2230 3046; x_wconf 85' lang='lat' dir='ltr'><strong>meo.</strong></span> <span class='ocrx_word' id='word_1_765' title='bbox 2248 2992 2466 3049; x_wconf 84' lang='lat' dir='ltr'><strong>Remitte</strong></span> <span class='ocrx_word' id='word_1_766' title='bbox 2481 2995 2607 3051; x_wconf 79' lang='lat' dir='ltr'><strong>mihi</strong></span> <span class='ocrx_word' id='word_1_767' title='bbox 2635 3004 2688 3050; x_wconf 87' lang='lat' dir='ltr'><strong>ut</strong></span> <span class='ocrx_word' id='word_1_768' title='bbox 2710 2996 2997 3068; x_wconf 78' lang='lat' dir='ltr'><strong>refrigerer,</strong></span> <span class='ocrx_word' id='word_1_769' title='bbox 3015 3009 3138 3056; x_wconf 89' lang='lat' dir='ltr'><strong>ante</strong></span> <span class='ocrx_word' id='word_1_770' title='bbox 3163 3002 3362 3071; x_wconf 88' lang='lat' dir='ltr'><strong>omnia,</strong></span> <span class='ocrx_word' id='word_1_771' title='bbox 3381 3004 3551 3075; x_wconf 83' lang='lat' dir='ltr'><strong>prius-</strong></span> 
     </span>
    </p>
   </div>
   <div class='ocr_carea' id='block_1_95' title="bbox 1950 3087 3548 3156">
    <p class='ocr_par' dir='ltr' id='par_1_95' title="bbox 1950 3087 3548 3156">
     <span class='ocr_line' id='line_1_95' title="bbox 1950 3087 3548 3156; baseline 0.011 -20"><span class='ocrx_word' id='word_1_772' title='bbox 1950 3096 2275 3153; x_wconf 68' lang='lat' dir='ltr'><strong>quameam,</strong></span> <span class='ocrx_word' id='word_1_773' title='bbox 2306 3094 2352 3141; x_wconf 82' lang='lat' dir='ltr'><strong>et</strong></span> <span class='ocrx_word' id='word_1_774' title='bbox 2379 3087 2599 3156; x_wconf 86' lang='lat' dir='ltr'><strong>amplius</strong></span> <span class='ocrx_word' id='word_1_775' title='bbox 2616 3088 2729 3152; x_wconf 74' lang='lat' dir='ltr'><strong>iam</strong></span> <span class='ocrx_word' id='word_1_776' title='bbox 2760 3104 2862 3144; x_wconf 87' lang='lat' dir='ltr'><strong>non</strong></span> <span class='ocrx_word' id='word_1_777' title='bbox 2897 3106 3001 3146; x_wconf 87' lang='lat' dir='ltr'><strong>ero.</strong></span> <span class='ocrx_word' id='word_1_778' title='bbox 3032 3091 3087 3146; x_wconf 84' lang='lat' dir='ltr'><strong>Si</strong></span> <span class='ocrx_word' id='word_1_779' title='bbox 3111 3094 3256 3149; x_wconf 90' lang='lat' dir='ltr'><strong>enim</strong></span> <span class='ocrx_word' id='word_1_780' title='bbox 3283 3094 3411 3149; x_wconf 83' lang='lat' dir='ltr'><strong>mihi</strong></span> <span class='ocrx_word' id='word_1_781' title='bbox 3440 3111 3548 3154; x_wconf 92' lang='lat' dir='ltr'><strong>non</strong></span> 
     </span>
    </p>
   </div>
   <div class='ocr_carea' id='block_1_96' title="bbox 1951 3176 3545 3259">
    <p class='ocr_par' dir='ltr' id='par_1_96' title="bbox 1951 3176 3545 3259">
     <span class='ocr_line' id='line_1_96' title="bbox 1951 3176 3545 3259; baseline 0.01 -29"><span class='ocrx_word' id='word_1_782' title='bbox 1951 3176 2228 3232; x_wconf 85' lang='lat' dir='ltr'><strong>remiseris</strong></span> <span class='ocrx_word' id='word_1_783' title='bbox 2245 3186 2303 3234; x_wconf 90' lang='lat' dir='ltr'><strong>ut</strong></span> <span class='ocrx_word' id='word_1_784' title='bbox 2317 3178 2621 3250; x_wconf 85' lang='lat' dir='ltr'><strong>relrigerer,</strong></span> <span class='ocrx_word' id='word_1_785' title='bbox 2638 3181 2727 3239; x_wconf 89' lang='lat' dir='ltr'><strong>ibo</strong></span> <span class='ocrx_word' id='word_1_786' title='bbox 2742 3189 2794 3238; x_wconf 90' lang='lat' dir='ltr'><strong>et</strong></span> <span class='ocrx_word' id='word_1_787' title='bbox 2810 3196 2916 3239; x_wconf 91' lang='lat' dir='ltr'><strong>non</strong></span> <span class='ocrx_word' id='word_1_788' title='bbox 2943 3198 3055 3241; x_wconf 88' lang='lat' dir='ltr'><strong>ero.</strong></span> <span class='ocrx_word' id='word_1_789' title='bbox 3072 3183 3380 3259; x_wconf 77' lang='lat' dir='ltr'><strong>Priusquam</strong></span> <span class='ocrx_word' id='word_1_790' title='bbox 3396 3206 3505 3245; x_wconf 86' lang='lat' dir='ltr'><strong>eam</strong></span> <span class='ocrx_word' id='word_1_791' title='bbox 3524 3206 3545 3247; x_wconf 87' lang='lat'><strong><em>:</em></strong></span> 
     </span>
    </p>
   </div>
   <div class='ocr_carea' id='block_1_97' title="bbox 1950 3269 3543 3353">
    <p class='ocr_par' dir='ltr' id='par_1_97' title="bbox 1950 3269 3543 3353">
     <span class='ocr_line' id='line_1_97' title="bbox 1950 3269 3543 3353; baseline 0.009 -31"><span class='ocrx_word' id='word_1_792' title='bbox 1950 3282 2059 3338; x_wconf 91' lang='lat' dir='ltr'><strong>quo</strong></span> <span class='ocrx_word' id='word_1_793' title='bbox 2079 3269 2102 3301; x_wconf 79' lang='grc'>⁸</span> <span class='ocrx_word' id='word_1_794' title='bbox 2131 3269 2176 3324; x_wconf 89' lang='lat' dir='ltr'><strong>si</strong></span> <span class='ocrx_word' id='word_1_795' title='bbox 2201 3269 2336 3337; x_wconf 88' lang='lat' dir='ltr'><strong>iero,</strong></span> <span class='ocrx_word' id='word_1_796' title='bbox 2362 3270 2474 3341; x_wconf 86' lang='lat' dir='ltr'><strong>jam</strong></span> <span class='ocrx_word' id='word_1_797' title='bbox 2501 3286 2609 3328; x_wconf 89' lang='lat' dir='ltr'><strong>non</strong></span> <span class='ocrx_word' id='word_1_798' title='bbox 2633 3287 2750 3329; x_wconf 89' lang='lat' dir='ltr'><strong>ero.</strong></span> <span class='ocrx_word' id='word_1_799' title='bbox 2783 3272 3002 3333; x_wconf 79' lang='lat' dir='ltr'><strong>Remitte</strong></span> <span class='ocrx_word' id='word_1_800' title='bbox 3028 3276 3152 3331; x_wconf 83' lang='lat' dir='ltr'><strong>milii</strong></span> <span class='ocrx_word' id='word_1_801' title='bbox 3175 3289 3227 3332; x_wconf 86' lang='lat' dir='ltr'><strong>ut</strong></span> <span class='ocrx_word' id='word_1_802' title='bbox 3256 3281 3543 3353; x_wconf 80' lang='lat' dir='ltr'><strong>refrigerer.</strong></span> 
     </span>
    </p>
   </div>
   <div class='ocr_carea' id='block_1_98' title="bbox 1948 3356 3543 3447">
    <p class='ocr_par' dir='ltr' id='par_1_98' title="bbox 1948 3356 3543 3447">
     <span class='ocr_line' id='line_1_98' title="bbox 1948 3356 3543 3447; baseline 0.009 -35"><span class='ocrx_word' id='word_1_803' title='bbox 1948 3356 2048 3413; x_wconf 80' lang='lat' dir='ltr'><strong>Est</strong></span> <span class='ocrx_word' id='word_1_804' title='bbox 2072 3360 2298 3429; x_wconf 56' lang='lat' dir='ltr'><strong>quaestio</strong></span> <span class='ocrx_word' id='word_1_805' title='bbox 2326 3361 2535 3427; x_wconf 85' lang='lat' dir='ltr'><strong>oborta,</strong></span> <span class='ocrx_word' id='word_1_806' title='bbox 2557 3363 2828 3433; x_wconf 89' lang='lat' dir='ltr'><strong>quomodo</strong></span> <span class='ocrx_word' id='word_1_807' title='bbox 2847 3364 2959 3436; x_wconf 87' lang='lat' dir='ltr'><strong>jam</strong></span> <span class='ocrx_word' id='word_1_808' title='bbox 2990 3382 3094 3422; x_wconf 93' lang='lat' dir='ltr'><strong>non</strong></span> <span class='ocrx_word' id='word_1_809' title='bbox 3123 3368 3247 3447; x_wconf 84' lang='lat' dir='ltr'><strong>erit.</strong></span> <span class='ocrx_word' id='word_1_810' title='bbox 3270 3369 3407 3427; x_wconf 86' lang='lat' dir='ltr'><strong>Ecce</strong></span> <span class='ocrx_word' id='word_1_811' title='bbox 3431 3370 3543 3441; x_wconf 85' lang='lat' dir='ltr'><strong>jam</strong></span> 
     </span>
    </p>
   </div>
   <div class='ocr_carea' id='block_1_99' title="bbox 1948 3452 3541 3523">
    <p class='ocr_par' dir='ltr' id='par_1_99' title="bbox 1948 3452 3541 3523">
     <span class='ocr_line' id='line_1_99' title="bbox 1948 3452 3541 3523; baseline 0.008 -16"><span class='ocrx_word' id='word_1_812' title='bbox 1948 3467 2054 3509; x_wconf 89' lang='lat' dir='ltr'><strong>non</strong></span> <span class='ocrx_word' id='word_1_813' title='bbox 2082 3453 2124 3507; x_wconf 90' lang='lat' dir='ltr'><strong>it</strong></span> <span class='ocrx_word' id='word_1_814' title='bbox 2143 3452 2211 3508; x_wconf 87' lang='lat' dir='ltr'><strong>ad</strong></span> <span class='ocrx_word' id='word_1_815' title='bbox 2230 3454 2505 3523; x_wconf 78' lang='lat' dir='ltr'><strong>requiem?</strong></span> <span class='ocrx_word' id='word_1_816' title='bbox 2525 3454 2678 3522; x_wconf 84' lang='lat' dir='ltr'><strong>Quod</strong></span> <span class='ocrx_word' id='word_1_817' title='bbox 2696 3466 2904 3513; x_wconf 81' lang='lat' dir='ltr'><strong>avertat</strong></span> <span class='ocrx_word' id='word_1_818' title='bbox 2926 3458 3064 3514; x_wconf 88' lang='lat' dir='ltr'><strong>Deus</strong></span> <span class='ocrx_word' id='word_1_819' title='bbox 3088 3459 3156 3515; x_wconf 87' lang='lat' dir='ltr'><strong>ab</strong></span> <span class='ocrx_word' id='word_1_820' title='bbox 3180 3457 3421 3517; x_wconf 83' lang='lat' dir='ltr'><strong>Idithun!</strong></span> <span class='ocrx_word' id='word_1_821' title='bbox 3445 3462 3541 3520; x_wconf 88' lang='lat' dir='ltr'><strong>Ibit</strong></span> 
     </span>
    </p>
   </div>
   <div class='ocr_carea' id='block_1_100' title="bbox 1945 3542 3537 3623">
    <p class='ocr_par' dir='ltr' id='par_1_100' title="bbox 1945 3542 3537 3623">
     <span class='ocr_line' id='line_1_100' title="bbox 1945 3542 3537 3623; baseline 0.008 -25"><span class='ocrx_word' id='word_1_822' title='bbox 1945 3542 2086 3598; x_wconf 87' lang='lat' dir='ltr'><strong>enim</strong></span> <span class='ocrx_word' id='word_1_823' title='bbox 2114 3542 2273 3614; x_wconf 87' lang='lat' dir='ltr'><strong>plane</strong></span> <span class='ocrx_word' id='word_1_824' title='bbox 2297 3542 2509 3600; x_wconf 85' lang='lat' dir='ltr'><strong>lditbun</strong></span> <span class='ocrx_word' id='word_1_825' title='bbox 2530 3582 2546 3611; x_wconf 87' lang='lat'><strong>,</strong></span> <span class='ocrx_word' id='word_1_826' title='bbox 2575 3546 2642 3602; x_wconf 88' lang='lat' dir='ltr'><strong>ad</strong></span> <span class='ocrx_word' id='word_1_827' title='bbox 2664 3547 2901 3617; x_wconf 84' lang='lat' dir='ltr'><strong>requiem</strong></span> <span class='ocrx_word' id='word_1_828' title='bbox 2927 3547 3042 3604; x_wconf 90' lang='lat' dir='ltr'><strong>ibit.</strong></span> <span class='ocrx_word' id='word_1_829' title='bbox 3070 3548 3177 3605; x_wconf 88' lang='lat' dir='ltr'><strong>Sed</strong></span> <span class='ocrx_word' id='word_1_830' title='bbox 3203 3549 3285 3607; x_wconf 81' lang='lat' dir='ltr'><strong>iac</strong></span> <span class='ocrx_word' id='word_1_831' title='bbox 3307 3551 3537 3623; x_wconf 87' lang='lat' dir='ltr'><strong>aliquem</strong></span> 
     </span>
    </p>
   </div>
   <div class='ocr_carea' id='block_1_101' title="bbox 1945 3634 3539 3710">
    <p class='ocr_par' dir='ltr' id='par_1_101' title="bbox 1945 3634 3539 3710">
     <span class='ocr_line' id='line_1_101' title="bbox 1945 3634 3539 3710; baseline 0.008 -20"><span class='ocrx_word' id='word_1_832' title='bbox 1945 3634 2203 3706; x_wconf 85' lang='lat' dir='ltr'><strong>iniquum,</strong></span> <span class='ocrx_word' id='word_1_833' title='bbox 2235 3651 2340 3692; x_wconf 91' lang='lat' dir='ltr'><strong>non</strong></span> <span class='ocrx_word' id='word_1_834' title='bbox 2369 3636 2601 3705; x_wconf 89' lang='lat' dir='ltr'><strong>lditbun,</strong></span> <span class='ocrx_word' id='word_1_835' title='bbox 2627 3652 2733 3703; x_wconf 69' lang='lat' dir='ltr'><strong>nm</strong></span> <span class='ocrx_word' id='word_1_836' title='bbox 2760 3640 3183 3710; x_wconf 85' lang='lat' dir='ltr'><strong>transilientem;</strong></span> <span class='ocrx_word' id='word_1_837' title='bbox 3211 3643 3299 3700; x_wconf 90' lang='lat' dir='ltr'><strong>bic</strong></span> <span class='ocrx_word' id='word_1_838' title='bbox 3324 3643 3539 3703; x_wconf 82' lang='lat' dir='ltr'><strong>thesau-</strong></span> 
     </span>
    </p>
   </div>
   <div class='ocr_carea' id='block_1_102' title="bbox 1941 3726 3534 3808">
    <p class='ocr_par' dir='ltr' id='par_1_102' title="bbox 1941 3726 3534 3808">
     <span class='ocr_line' id='line_1_102' title="bbox 1941 3726 3534 3808; baseline 0.009 -27"><span class='ocrx_word' id='word_1_839' title='bbox 1941 3726 2222 3793; x_wconf 76' lang='lat' dir='ltr'><strong>risautem,</strong></span> <span class='ocrx_word' id='word_1_840' title='bbox 2263 3729 2650 3796; x_wconf 77' lang='lat' dir='ltr'><strong>incubatorem,</strong></span> <span class='ocrx_word' id='word_1_841' title='bbox 2681 3731 2943 3802; x_wconf 85' lang='lat' dir='ltr'><strong>iniquum,</strong></span> <span class='ocrx_word' id='word_1_842' title='bbox 2974 3733 3284 3807; x_wconf 84' lang='lat' dir='ltr'><strong>superbum,</strong></span> <span class='ocrx_word' id='word_1_843' title='bbox 3323 3737 3534 3808; x_wconf 71' lang='lat' dir='ltr'><strong>jactan~</strong></span> 
     </span>
    </p>
   </div>
   <div class='ocr_carea' id='block_1_103' title="bbox 1943 3821 3534 3897">
    <p class='ocr_par' dir='ltr' id='par_1_103' title="bbox 1943 3821 3534 3897">
     <span class='ocr_line' id='line_1_103' title="bbox 1943 3821 3534 3897; baseline 0.008 -24"><span class='ocrx_word' id='word_1_844' title='bbox 1943 3827 2048 3873; x_wconf 91' lang='lat' dir='ltr'><strong>tem</strong></span> <span class='ocrx_word' id='word_1_845' title='bbox 2068 3858 2082 3884; x_wconf 89' lang='lat'><strong>,</strong></span> <span class='ocrx_word' id='word_1_846' title='bbox 2113 3821 2309 3877; x_wconf 75' lang='lat' dir='ltr'><strong>elatum</strong></span> <span class='ocrx_word' id='word_1_847' title='bbox 2330 3862 2347 3891; x_wconf 95' lang='lat'><strong>,</strong></span> <span class='ocrx_word' id='word_1_848' title='bbox 2378 3824 2628 3893; x_wconf 85' lang='lat' dir='ltr'><strong>pauperis</strong></span> <span class='ocrx_word' id='word_1_849' title='bbox 2650 3833 2776 3880; x_wconf 83' lang='lat' dir='ltr'><strong>ante</strong></span> <span class='ocrx_word' id='word_1_850' title='bbox 2795 3824 3014 3895; x_wconf 80' lang='lat' dir='ltr'><strong>januam</strong></span> <span class='ocrx_word' id='word_1_851' title='bbox 3035 3825 3264 3897; x_wconf 84' lang='lat' dir='ltr'><strong>jacentis</strong></span> <span class='ocrx_word' id='word_1_852' title='bbox 3286 3838 3534 3886; x_wconf 90' lang='lat' dir='ltr'><strong>contem-</strong></span> 
     </span>
    </p>
   </div>
   <div class='ocr_carea' id='block_1_104' title="bbox 1941 3914 3537 3992">
    <p class='ocr_par' dir='ltr' id='par_1_104' title="bbox 1941 3914 3537 3992">
     <span class='ocr_line' id='line_1_104' title="bbox 1941 3914 3537 3992; baseline 0.009 -27"><span class='ocrx_word' id='word_1_853' title='bbox 1941 3920 2148 3981; x_wconf 86' lang='lat' dir='ltr'><strong>ptorem</strong></span> <span class='ocrx_word' id='word_1_854' title='bbox 2183 3929 2196 3967; x_wconf 87' lang='lat'><strong>:</strong></span> <span class='ocrx_word' id='word_1_855' title='bbox 2228 3928 2408 3971; x_wconf 83' lang='lat' dir='ltr'><strong>nonne</strong></span> <span class='ocrx_word' id='word_1_856' title='bbox 2433 3920 2490 3971; x_wconf 90' lang='lat' dir='ltr'><strong>et</strong></span> <span class='ocrx_word' id='word_1_857' title='bbox 2513 3914 2630 3984; x_wconf 82' lang='lat' dir='ltr'><strong>ipse</strong></span> <span class='ocrx_word' id='word_1_858' title='bbox 2653 3916 2792 3972; x_wconf 87' lang='lat' dir='ltr'><strong>erit?</strong></span> <span class='ocrx_word' id='word_1_859' title='bbox 2819 3916 2955 3987; x_wconf 89' lang='lat' dir='ltr'><strong>Quid</strong></span> <span class='ocrx_word' id='word_1_860' title='bbox 2979 3927 3212 3992; x_wconf 85' lang='lat' dir='ltr'><strong>estergo</strong></span> <span class='ocrx_word' id='word_1_861' title='bbox 3229 3961 3245 3988; x_wconf 96' lang='lat'><strong>,</strong></span> <span class='ocrx_word' id='word_1_862' title='bbox 3277 3937 3378 3979; x_wconf 86' lang='lat' dir='ltr'><strong>non</strong></span> <span class='ocrx_word' id='word_1_863' title='bbox 3404 3939 3490 3979; x_wconf 88' lang='lat' dir='ltr'><strong>ero</strong></span> <span class='ocrx_word' id='word_1_864' title='bbox 3509 3925 3537 3979; x_wconf 81' lang='lat'><strong>.’</strong></span> 
     </span>
    </p>
   </div>
   <div class='ocr_carea' id='block_1_105' title="bbox 1937 4001 3534 4085">
    <p class='ocr_par' dir='ltr' id='par_1_105' title="bbox 1937 4001 3534 4085">
     <span class='ocr_line' id='line_1_105' title="bbox 1937 4001 3534 4085; baseline 0.008 -26"><span class='ocrx_word' id='word_1_865' title='bbox 1937 4001 1993 4059; x_wconf 86' lang='lat' dir='ltr'><strong>Si</strong></span> <span class='ocrx_word' id='word_1_866' title='bbox 2021 4004 2163 4060; x_wconf 87' lang='lat' dir='ltr'><strong>enim</strong></span> <span class='ocrx_word' id='word_1_867' title='bbox 2186 4004 2338 4061; x_wconf 86' lang='lat' dir='ltr'><strong>dives</strong></span> <span class='ocrx_word' id='word_1_868' title='bbox 2363 4005 2454 4063; x_wconf 83' lang='lat' dir='ltr'><strong>ille</strong></span> <span class='ocrx_word' id='word_1_869' title='bbox 2478 4021 2587 4065; x_wconf 78' lang='lat' dir='ltr'><strong>non</strong></span> <span class='ocrx_word' id='word_1_870' title='bbox 2615 4015 2752 4076; x_wconf 81' lang='lat' dir='ltr'><strong>erat,</strong></span> <span class='ocrx_word' id='word_1_871' title='bbox 2772 4008 2892 4078; x_wconf 88' lang='lat' dir='ltr'><strong>quis</strong></span> <span class='ocrx_word' id='word_1_872' title='bbox 2914 4019 3002 4065; x_wconf 88' lang='lat' dir='ltr'><strong>est</strong></span> <span class='ocrx_word' id='word_1_873' title='bbox 3026 4010 3116 4082; x_wconf 90' lang='lat' dir='ltr'><strong>qui</strong></span> <span class='ocrx_word' id='word_1_874' title='bbox 3141 4011 3395 4069; x_wconf 83' lang='lat' dir='ltr'><strong>ardebat?</strong></span> <span class='ocrx_word' id='word_1_875' title='bbox 3412 4013 3534 4085; x_wconf 91' lang='lat' dir='ltr'><strong>quis</strong></span> 
     </span>
    </p>
   </div>
   <div class='ocr_carea' id='block_1_106' title="bbox 1938 4092 3531 4179">
    <p class='ocr_par' dir='ltr' id='par_1_106' title="bbox 1938 4092 3531 4179">
     <span class='ocr_line' id='line_1_106' title="bbox 1938 4092 3531 4179; baseline 0.009 -28"><span class='ocrx_word' id='word_1_876' title='bbox 1938 4105 2022 4152; x_wconf 85' lang='lat' dir='ltr'><strong>est</strong></span> <span class='ocrx_word' id='word_1_877' title='bbox 2035 4097 2125 4167; x_wconf 87' lang='lat' dir='ltr'><strong>qui</strong></span> <span class='ocrx_word' id='word_1_878' title='bbox 2139 4107 2345 4169; x_wconf 82' lang='lat' dir='ltr'><strong>guttam</strong></span> <span class='ocrx_word' id='word_1_879' title='bbox 2360 4115 2515 4170; x_wconf 71' lang='lat' dir='ltr'><strong>aqua</strong></span> <span class='ocrx_word' id='word_1_880' title='bbox 2527 4100 2598 4159; x_wconf 82' lang='lat' dir='ltr'><strong>de</strong></span> <span class='ocrx_word' id='word_1_881' title='bbox 2617 4100 2785 4174; x_wconf 80' lang='lat' dir='ltr'><strong>digito</strong></span> <span class='ocrx_word' id='word_1_882' title='bbox 2798 4092 2985 4163; x_wconf 80' lang='lat' dir='ltr'><strong>Lazari</strong></span> <span class='ocrx_word' id='word_1_883' title='bbox 3011 4105 3202 4163; x_wconf 83' lang='lat' dir='ltr'><strong>stillari</strong></span> <span class='ocrx_word' id='word_1_884' title='bbox 3227 4106 3277 4162; x_wconf 91' lang='lat' dir='ltr'><strong>in</strong></span> <span class='ocrx_word' id='word_1_885' title='bbox 3299 4107 3531 4179; x_wconf 79' lang='lat' dir='ltr'><strong>linguam</strong></span> 
     </span>
    </p>
   </div>
   <div class='ocr_carea' id='block_1_107' title="bbox 1936 4191 3531 4267">
    <p class='ocr_par' dir='ltr' id='par_1_107' title="bbox 1936 4191 3531 4267">
     <span class='ocr_line' id='line_1_107' title="bbox 1936 4191 3531 4267; baseline 0.008 -21"><span class='ocrx_word' id='word_1_886' title='bbox 1936 4203 2089 4246; x_wconf 85' lang='lat' dir='ltr'><strong>suam</strong></span> <span class='ocrx_word' id='word_1_887' title='bbox 2115 4191 2491 4249; x_wconf 80' lang='lat' dir='ltr'><strong>desiderabat?</strong></span> <span class='ocrx_word' id='word_1_888' title='bbox 2519 4194 2640 4264; x_wconf 86' lang='lat' dir='ltr'><strong>quis</strong></span> <span class='ocrx_word' id='word_1_889' title='bbox 2664 4204 2745 4251; x_wconf 86' lang='lat' dir='ltr'><strong>est</strong></span> <span class='ocrx_word' id='word_1_890' title='bbox 2769 4195 2863 4267; x_wconf 89' lang='lat' dir='ltr'><strong>qui</strong></span> <span class='ocrx_word' id='word_1_891' title='bbox 2889 4196 3101 4253; x_wconf 84' lang='lat' dir='ltr'><strong>dicebat</strong></span> <span class='ocrx_word' id='word_1_892' title='bbox 3132 4215 3145 4252; x_wconf 89' lang='lat'><strong>:</strong></span> <span class='ocrx_word' id='word_1_893' title='bbox 3180 4196 3337 4255; x_wconf 85' lang='lat' dir='ltr'><strong>Pater</strong></span> <span class='ocrx_word' id='word_1_894' title='bbox 3361 4202 3531 4257; x_wconf 80' lang='lat' dir='ltr'><strong>Abra-</strong></span> 
     </span>
    </p>
   </div>
   <div class='ocr_carea' id='block_1_108' title="bbox 1936 4283 3529 4367">
    <p class='ocr_par' dir='ltr' id='par_1_108' title="bbox 1936 4283 3529 4367">
     <span class='ocr_line' id='line_1_108' title="bbox 1936 4283 3529 4367; baseline 0.011 -30"><span class='ocrx_word' id='word_1_895' title='bbox 1936 4283 2077 4350; x_wconf 78' lang='lat' dir='ltr'><strong>ham,</strong></span> <span class='ocrx_word' id='word_1_896' title='bbox 2100 4285 2236 4341; x_wconf 83' lang='lat' dir='ltr'><strong>mitte</strong></span> <span class='ocrx_word' id='word_1_897' title='bbox 2262 4284 2521 4343; x_wconf 65' lang='lat' dir='ltr'><strong>Lazarum</strong></span> <span class='ocrx_word' id='word_1_898' title='bbox 2548 4286 2702 4358; x_wconf 85' lang='lat' dir='ltr'><strong>(Luc.</strong></span> <span class='ocrx_word' id='word_1_899' title='bbox 2730 4290 2987 4361; x_wconf 63' lang='lat'><strong>“1.24)?</strong></span> <span class='ocrx_word' id='word_1_900' title='bbox 3003 4290 3198 4362; x_wconf 84' lang='lat' dir='ltr'><strong>Utique</strong></span> <span class='ocrx_word' id='word_1_901' title='bbox 3224 4295 3313 4364; x_wconf 89' lang='lat' dir='ltr'><strong>qui</strong></span> <span class='ocrx_word' id='word_1_902' title='bbox 3343 4294 3529 4367; x_wconf 79' lang='lat' dir='ltr'><strong>IOque-</strong></span> 
     </span>
    </p>
   </div>
   <div class='ocr_carea' id='block_1_109' title="bbox 1934 4375 3525 4458">
    <p class='ocr_par' dir='ltr' id='par_1_109' title="bbox 1934 4375 3525 4458">
     <span class='ocr_line' id='line_1_109' title="bbox 1934 4375 3525 4458; baseline 0.007 -27"><span class='ocrx_word' id='word_1_903' title='bbox 1934 4384 2084 4431; x_wconf 85' lang='lat' dir='ltr'><strong>retur</strong></span> <span class='ocrx_word' id='word_1_904' title='bbox 2105 4384 2223 4432; x_wconf 86' lang='lat' dir='ltr'><strong>erat</strong></span> <span class='ocrx_word' id='word_1_905' title='bbox 2240 4416 2257 4443; x_wconf 88' lang='lat'><strong>,</strong></span> <span class='ocrx_word' id='word_1_906' title='bbox 2284 4384 2340 4431; x_wconf 89' lang='lat' dir='ltr'><strong>et</strong></span> <span class='ocrx_word' id='word_1_907' title='bbox 2361 4375 2452 4446; x_wconf 89' lang='lat' dir='ltr'><strong>qui</strong></span> <span class='ocrx_word' id='word_1_908' title='bbox 2476 4376 2695 4437; x_wconf 84' lang='lat' dir='ltr'><strong>arderet</strong></span> <span class='ocrx_word' id='word_1_909' title='bbox 2717 4389 2834 4437; x_wconf 88' lang='lat' dir='ltr'><strong>erat</strong></span> <span class='ocrx_word' id='word_1_910' title='bbox 2864 4397 2879 4436; x_wconf 88' lang='lat'><strong>:</strong></span> <span class='ocrx_word' id='word_1_911' title='bbox 2911 4390 2963 4436; x_wconf 89' lang='lat' dir='ltr'><strong>et</strong></span> <span class='ocrx_word' id='word_1_912' title='bbox 2989 4383 3080 4458; x_wconf 89' lang='lat' dir='ltr'><strong>qui</strong></span> <span class='ocrx_word' id='word_1_913' title='bbox 3106 4394 3351 4456; x_wconf 81' lang='lat' dir='ltr'><strong>resurgat</strong></span> <span class='ocrx_word' id='word_1_914' title='bbox 3377 4386 3431 4441; x_wconf 94' lang='lat' dir='ltr'><strong>in</strong></span> <span class='ocrx_word' id='word_1_915' title='bbox 3459 4388 3525 4442; x_wconf 88' lang='lat' dir='ltr'><strong>li-</strong></span> 
     </span>
    </p>
   </div>
   <div class='ocr_carea' id='block_1_110' title="bbox 1930 4467 3522 4546">
    <p class='ocr_par' dir='ltr' id='par_1_110' title="bbox 1930 4467 3522 4546">
     <span class='ocr_line' id='line_1_110' title="bbox 1930 4467 3522 4546; baseline 0.008 -24"><span class='ocrx_word' id='word_1_916' title='bbox 1930 4482 2077 4530; x_wconf 85' lang='lat' dir='ltr'><strong>nem,</strong></span> <span class='ocrx_word' id='word_1_917' title='bbox 2100 4475 2157 4524; x_wconf 86' lang='lat' dir='ltr'><strong>et</strong></span> <span class='ocrx_word' id='word_1_918' title='bbox 2179 4467 2268 4537; x_wconf 92' lang='lat' dir='ltr'><strong>qui</strong></span> <span class='ocrx_word' id='word_1_919' title='bbox 2294 4482 2417 4525; x_wconf 89' lang='lat' dir='ltr'><strong>cum</strong></span> <span class='ocrx_word' id='word_1_920' title='bbox 2441 4467 2654 4527; x_wconf 83' lang='lat' dir='ltr'><strong>diabolo</strong></span> <span class='ocrx_word' id='word_1_921' title='bbox 2674 4480 2876 4527; x_wconf 68' lang='lat' dir='ltr'><strong>mter-no</strong></span> <span class='ocrx_word' id='word_1_922' title='bbox 2901 4471 3024 4543; x_wconf 87' lang='lat' dir='ltr'><strong>igne</strong></span> <span class='ocrx_word' id='word_1_923' title='bbox 3047 4472 3347 4532; x_wconf 89' lang='lat' dir='ltr'><strong>damnetur.</strong></span> <span class='ocrx_word' id='word_1_924' title='bbox 3379 4477 3522 4546; x_wconf 87' lang='lat' dir='ltr'><strong>Quid</strong></span> 
     </span>
    </p>
   </div>
   <div class='ocr_carea' id='block_1_111' title="bbox 1932 4560 3526 4641">
    <p class='ocr_par' dir='ltr' id='par_1_111' title="bbox 1932 4560 3526 4641">
     <span class='ocr_line' id='line_1_111' title="bbox 1932 4560 3526 4641; baseline 0.01 -26"><span class='ocrx_word' id='word_1_925' title='bbox 1932 4567 2016 4615; x_wconf 82' lang='lat' dir='ltr'><strong>est</strong></span> <span class='ocrx_word' id='word_1_926' title='bbox 2043 4574 2192 4631; x_wconf 76' lang='lat' dir='ltr'><strong>ergo,</strong></span> <span class='ocrx_word' id='word_1_927' title='bbox 2218 4576 2321 4616; x_wconf 85' lang='lat' dir='ltr'><strong>non</strong></span> <span class='ocrx_word' id='word_1_928' title='bbox 2349 4578 2454 4626; x_wconf 83' lang='lat' dir='ltr'><strong>ero,</strong></span> <span class='ocrx_word' id='word_1_929' title='bbox 2480 4560 2587 4619; x_wconf 82' lang='lat' dir='ltr'><strong>nisi</strong></span> <span class='ocrx_word' id='word_1_930' title='bbox 2615 4563 2865 4633; x_wconf 88' lang='lat' dir='ltr'><strong>respiciat</strong></span> <span class='ocrx_word' id='word_1_931' title='bbox 2889 4565 2993 4623; x_wconf 88' lang='lat' dir='ltr'><strong>iste</strong></span> <span class='ocrx_word' id='word_1_932' title='bbox 3024 4565 3255 4637; x_wconf 85' lang='lat' dir='ltr'><strong>lditbun,</strong></span> <span class='ocrx_word' id='word_1_933' title='bbox 3283 4571 3409 4641; x_wconf 90' lang='lat' dir='ltr'><strong>quid</strong></span> <span class='ocrx_word' id='word_1_934' title='bbox 3441 4584 3526 4631; x_wconf 89' lang='lat' dir='ltr'><strong>est</strong></span> 
     </span>
    </p>
   </div>
   <div class='ocr_carea' id='block_1_112' title="bbox 1931 4652 3525 4731">
    <p class='ocr_par' dir='ltr' id='par_1_112' title="bbox 1931 4652 3525 4731">
     <span class='ocr_line' id='line_1_112' title="bbox 1931 4652 3525 4731; baseline 0.004 -24"><span class='ocrx_word' id='word_1_935' title='bbox 1931 4665 2072 4720; x_wconf 81' lang='lat' dir='ltr'><strong>esse,</strong></span> <span class='ocrx_word' id='word_1_936' title='bbox 2090 4661 2146 4708; x_wconf 87' lang='lat' dir='ltr'><strong>et</strong></span> <span class='ocrx_word' id='word_1_937' title='bbox 2166 4666 2274 4708; x_wconf 88' lang='lat' dir='ltr'><strong>non</strong></span> <span class='ocrx_word' id='word_1_938' title='bbox 2289 4654 2443 4709; x_wconf 76' lang='lat' dir='ltr'><strong>esse?</strong></span> <span class='ocrx_word' id='word_1_939' title='bbox 2460 4652 2685 4715; x_wconf 81' lang='lat' dir='ltr'><strong>Videbat</strong></span> <span class='ocrx_word' id='word_1_940' title='bbox 2701 4654 2844 4711; x_wconf 87' lang='lat' dir='ltr'><strong>enim</strong></span> <span class='ocrx_word' id='word_1_941' title='bbox 2868 4654 3017 4711; x_wconf 87' lang='lat' dir='ltr'><strong>illum</strong></span> <span class='ocrx_word' id='word_1_942' title='bbox 3041 4658 3222 4725; x_wconf 86' lang='lat' dir='ltr'><strong>linem,</strong></span> <span class='ocrx_word' id='word_1_943' title='bbox 3239 4673 3346 4731; x_wconf 88' lang='lat' dir='ltr'><strong>quo</strong></span> <span class='ocrx_word' id='word_1_944' title='bbox 3360 4663 3525 4719; x_wconf 80' lang='lat' dir='ltr'><strong>cordo</strong></span> 
     </span>
    </p>
   </div>
   <div class='ocr_carea' id='block_1_113' title="bbox 1931 4747 3521 4825">
    <p class='ocr_par' dir='ltr' id='par_1_113' title="bbox 1931 4747 3521 4825">
     <span class='ocr_line' id='line_1_113' title="bbox 1931 4747 3521 4825; baseline 0.009 -25"><span class='ocrx_word' id='word_1_945' title='bbox 1931 4755 2172 4816; x_wconf 87' lang='lat' dir='ltr'><strong>poterat,</strong></span> <span class='ocrx_word' id='word_1_946' title='bbox 2200 4762 2302 4816; x_wconf 83' lang='lat' dir='ltr'><strong>qua</strong></span> <span class='ocrx_word' id='word_1_947' title='bbox 2347 4747 2543 4805; x_wconf 82' lang='lat' dir='ltr'><strong>mentis</strong></span> <span class='ocrx_word' id='word_1_948' title='bbox 2568 4747 2683 4804; x_wconf 87' lang='lat' dir='ltr'><strong>acie</strong></span> <span class='ocrx_word' id='word_1_949' title='bbox 2706 4748 2952 4818; x_wconf 83' lang='lat' dir='ltr'><strong>valebat,</strong></span> <span class='ocrx_word' id='word_1_950' title='bbox 2979 4765 3138 4825; x_wconf 78' lang='lat' dir='ltr'><strong>quem</strong></span> <span class='ocrx_word' id='word_1_951' title='bbox 3165 4753 3267 4810; x_wconf 86' lang='lat' dir='ltr'><strong>sibi</strong></span> <span class='ocrx_word' id='word_1_952' title='bbox 3309 4760 3521 4815; x_wconf 84' lang='lat' dir='ltr'><strong>ostendi</strong></span> 
     </span>
    </p>
   </div>
   <div class='ocr_carea' id='block_1_114' title="bbox 1928 4835 3521 4918">
    <p class='ocr_par' dir='ltr' id='par_1_114' title="bbox 1928 4835 3521 4918">
     <span class='ocr_line' id='line_1_114' title="bbox 1928 4835 3521 4918; baseline 0.006 -26"><span class='ocrx_word' id='word_1_953' title='bbox 1928 4835 2327 4897; x_wconf 83' lang='lat' dir='ltr'><strong>desideraverat</strong></span> <span class='ocrx_word' id='word_1_954' title='bbox 2347 4836 2533 4895; x_wconf 81' lang='lat' dir='ltr'><strong>dicens</strong></span> <span class='ocrx_word' id='word_1_955' title='bbox 2565 4855 2579 4892; x_wconf 88' lang='lat'><strong>:</strong></span> <span class='ocrx_word' id='word_1_956' title='bbox 2614 4836 2806 4894; x_wconf 83' lang='lat' dir='ltr'><strong>Notum</strong></span> <span class='ocrx_word' id='word_1_957' title='bbox 2831 4839 2915 4910; x_wconf 76' lang='lat' dir='ltr'><strong>[ac</strong></span> <span class='ocrx_word' id='word_1_958' title='bbox 2939 4842 3082 4908; x_wconf 76' lang='lat' dir='ltr'><strong>milii,</strong></span> <span class='ocrx_word' id='word_1_959' title='bbox 3108 4840 3343 4913; x_wconf 76' lang='lat' dir='ltr'><strong>Domine,</strong></span> <span class='ocrx_word' id='word_1_960' title='bbox 3369 4848 3521 4918; x_wconf 72' lang='lat' dir='ltr'><strong>ﬁnem</strong></span> 
     </span>
    </p>
   </div>
   <div class='ocr_carea' id='block_1_115' title="bbox 1931 4929 3521 5013">
    <p class='ocr_par' dir='ltr' id='par_1_115' title="bbox 1931 4929 3521 5013">
     <span class='ocr_line' id='line_1_115' title="bbox 1931 4929 3521 5013; baseline 0.009 -30"><span class='ocrx_word' id='word_1_961' title='bbox 1931 4946 2114 4984; x_wconf 77' lang='lat' dir='ltr'><strong>meum.</strong></span> <span class='ocrx_word' id='word_1_962' title='bbox 2147 4929 2372 4987; x_wconf 79' lang='lat' dir='ltr'><strong>Videbat</strong></span> <span class='ocrx_word' id='word_1_963' title='bbox 2397 4946 2676 4989; x_wconf 81' lang='lat' dir='ltr'><strong>numerum</strong></span> <span class='ocrx_word' id='word_1_964' title='bbox 2702 4933 2909 5013; x_wconf 82' lang='lat' dir='ltr'><strong>dierum</strong></span> <span class='ocrx_word' id='word_1_965' title='bbox 2933 4949 3153 4995; x_wconf 89' lang='lat' dir='ltr'><strong>suorum</strong></span> <span class='ocrx_word' id='word_1_966' title='bbox 3179 4940 3266 5010; x_wconf 88' lang='lat' dir='ltr'><strong>qui</strong></span> <span class='ocrx_word' id='word_1_967' title='bbox 3298 4953 3381 4997; x_wconf 76' lang='lat' dir='ltr'><strong>est</strong></span> <span class='ocrx_word' id='word_1_968' title='bbox 3405 4960 3417 4995; x_wconf 89' lang='lat'><strong>:</strong></span> <span class='ocrx_word' id='word_1_969' title='bbox 3443 4953 3521 4998; x_wconf 58' lang='lat' dir='ltr'><strong>:zt-</strong></span> 
     </span>
    </p>
   </div>
   <div class='ocr_carea' id='block_1_116' title="bbox 1929 5022 3518 5103">
    <p class='ocr_par' dir='ltr' id='par_1_116' title="bbox 1929 5022 3518 5103">
     <span class='ocr_line' id='line_1_116' title="bbox 1929 5022 3518 5103; baseline 0.008 -25"><span class='ocrx_word' id='word_1_970' title='bbox 1929 5023 2183 5079; x_wconf 87' lang='lat' dir='ltr'><strong>tendebat</strong></span> <span class='ocrx_word' id='word_1_971' title='bbox 2200 5022 2339 5081; x_wconf 83' lang='lat' dir='ltr'><strong>inira</strong></span> <span class='ocrx_word' id='word_1_972' title='bbox 2364 5025 2544 5083; x_wconf 76' lang='lat' dir='ltr'><strong>omnia</strong></span> <span class='ocrx_word' id='word_1_973' title='bbox 2569 5038 2687 5094; x_wconf 84' lang='lat' dir='ltr'><strong>quas</strong></span> <span class='ocrx_word' id='word_1_974' title='bbox 2711 5032 2855 5090; x_wconf 87' lang='lat' dir='ltr'><strong>sunt,</strong></span> <span class='ocrx_word' id='word_1_975' title='bbox 2874 5025 2927 5093; x_wconf 86' lang='lat' dir='ltr'><strong>in</strong></span> <span class='ocrx_word' id='word_1_976' title='bbox 2953 5032 3352 5103; x_wconf 83' lang='lat' dir='ltr'><strong>comparatione</strong></span> <span class='ocrx_word' id='word_1_977' title='bbox 3379 5033 3518 5091; x_wconf 83' lang='lat' dir='ltr'><strong>illius</strong></span> 
     </span>
    </p>
   </div>
   <div class='ocr_carea' id='block_1_117' title="bbox 1906 5108 3516 5195">
    <p class='ocr_par' dir='ltr' id='par_1_117' title="bbox 1906 5108 3516 5195">
     <span class='ocr_line' id='line_1_117' title="bbox 1906 5108 3516 5195; baseline 0.008 -26"><span class='ocrx_word' id='word_1_978' title='bbox 1906 5132 2067 5186; x_wconf 69' lang='lat' dir='ltr'><strong>,esse,</strong></span> <span class='ocrx_word' id='word_1_979' title='bbox 2090 5132 2196 5174; x_wconf 88' lang='lat' dir='ltr'><strong>non</strong></span> <span class='ocrx_word' id='word_1_980' title='bbox 2220 5128 2375 5181; x_wconf 76' lang='lat' dir='ltr'><strong>esset</strong></span> <span class='ocrx_word' id='word_1_981' title='bbox 2405 5125 2462 5173; x_wconf 83' lang='lat' dir='ltr'><strong>et</strong></span> <span class='ocrx_word' id='word_1_982' title='bbox 2485 5132 2544 5177; x_wconf 84' lang='lat' dir='ltr'><strong>se</strong></span> <span class='ocrx_word' id='word_1_983' title='bbox 2571 5131 2677 5179; x_wconf 87' lang='lat' dir='ltr'><strong>non</strong></span> <span class='ocrx_word' id='word_1_984' title='bbox 2703 5132 2825 5185; x_wconf 72' lang='lat' dir='ltr'><strong>esse</strong></span> <span class='ocrx_word' id='word_1_985' title='bbox 2852 5118 3084 5187; x_wconf 84' lang='lat' dir='ltr'><strong>dicebat.</strong></span> <span class='ocrx_word' id='word_1_986' title='bbox 3114 5108 3203 5181; x_wconf 83' lang='lat' dir='ltr'><strong>Illa</strong></span> <span class='ocrx_word' id='word_1_987' title='bbox 3230 5125 3369 5191; x_wconf 86' lang='lat' dir='ltr'><strong>enim</strong></span> <span class='ocrx_word' id='word_1_988' title='bbox 3396 5142 3516 5195; x_wconf 84' lang='lat' dir='ltr'><strong>pcr-</strong></span> 
     </span>
    </p>
   </div>
   <div class='ocr_carea' id='block_1_118' title="bbox 1924 5208 3515 5284">
    <p class='ocr_par' dir='ltr' id='par_1_118' title="bbox 1924 5208 3515 5284">
     <span class='ocr_line' id='line_1_118' title="bbox 1924 5208 3515 5284; baseline 0.006 -21"><span class='ocrx_word' id='word_1_989' title='bbox 1924 5217 2172 5275; x_wconf 78' lang='lat' dir='ltr'><strong>rnauent;</strong></span> <span class='ocrx_word' id='word_1_990' title='bbox 2196 5208 2297 5265; x_wconf 85' lang='lat' dir='ltr'><strong>ista</strong></span> <span class='ocrx_word' id='word_1_991' title='bbox 2322 5208 2592 5269; x_wconf 81' lang='lat' dir='ltr'><strong>mutabilia</strong></span> <span class='ocrx_word' id='word_1_992' title='bbox 2620 5219 2765 5278; x_wconf 86' lang='lat' dir='ltr'><strong>sunt,</strong></span> <span class='ocrx_word' id='word_1_993' title='bbox 2789 5213 3056 5282; x_wconf 85' lang='lat' dir='ltr'><strong>mortalia,</strong></span> <span class='ocrx_word' id='word_1_994' title='bbox 3080 5212 3283 5284; x_wconf 81' lang='lat' dir='ltr'><strong>fragilia</strong></span> <span class='ocrx_word' id='word_1_995' title='bbox 3306 5232 3322 5271; x_wconf 87' lang='lat'><strong>:</strong></span> <span class='ocrx_word' id='word_1_996' title='bbox 3344 5226 3400 5274; x_wconf 88' lang='lat' dir='ltr'><strong>et</strong></span> <span class='ocrx_word' id='word_1_997' title='bbox 3419 5217 3515 5273; x_wconf 86' lang='lat' dir='ltr'><strong>du-</strong></span> 
     </span>
    </p>
   </div>
   <div class='ocr_carea' id='block_1_119' title="bbox 1904 5301 3513 5376">
    <p class='ocr_par' dir='ltr' id='par_1_119' title="bbox 1904 5301 3513 5376">
     <span class='ocr_line' id='line_1_119' title="bbox 1904 5301 3513 5376; baseline 0.011 -27"><span class='ocrx_word' id='word_1_998' title='bbox 1904 5302 2007 5358; x_wconf 75' lang='lat' dir='ltr'><strong>.lor</strong></span> <span class='ocrx_word' id='word_1_999' title='bbox 2032 5303 2146 5373; x_wconf 83' lang='lat' dir='ltr'><strong>ipse</strong></span> <span class='ocrx_word' id='word_1_1000' title='bbox 2172 5309 2437 5367; x_wconf 69' lang='lat' dir='ltr'><strong>aeternus,</strong></span> <span class='ocrx_word' id='word_1_1001' title='bbox 2466 5301 2651 5371; x_wconf 80' lang='lat' dir='ltr'><strong>plenus</strong></span> <span class='ocrx_word' id='word_1_1002' title='bbox 2671 5304 3027 5376; x_wconf 81' lang='lat' dir='ltr'><strong>corruptionis</strong></span> <span class='ocrx_word' id='word_1_1003' title='bbox 3046 5347 3061 5375; x_wconf 93' lang='lat'><strong>,</strong></span> <span class='ocrx_word' id='word_1_1004' title='bbox 3092 5304 3161 5361; x_wconf 87' lang='lat' dir='ltr'><strong>ad</strong></span> <span class='ocrx_word' id='word_1_1005' title='bbox 3186 5306 3288 5365; x_wconf 88' lang='lat' dir='ltr'><strong>boc</strong></span> <span class='ocrx_word' id='word_1_1006' title='bbox 3316 5323 3419 5365; x_wconf 90' lang='lat' dir='ltr'><strong>non</strong></span> <span class='ocrx_word' id='word_1_1007' title='bbox 3449 5309 3513 5365; x_wconf 51' lang='lat' dir='ltr'><strong>li.-</strong></span> 
     </span>
    </p>
   </div>
   <div class='ocr_carea' id='block_1_120' title="bbox 1921 5393 3512 5475">
    <p class='ocr_par' dir='ltr' id='par_1_120' title="bbox 1921 5393 3512 5475">
     <span class='ocr_line' id='line_1_120' title="bbox 1921 5393 3512 5475; baseline 0.006 -25"><span class='ocrx_word' id='word_1_1008' title='bbox 1921 5396 2082 5459; x_wconf 85' lang='lat' dir='ltr'><strong>nitur,</strong></span> <span class='ocrx_word' id='word_1_1009' title='bbox 2102 5403 2162 5450; x_wconf 88' lang='lat' dir='ltr'><strong>ut</strong></span> <span class='ocrx_word' id='word_1_1010' title='bbox 2182 5396 2299 5450; x_wconf 85' lang='lat' dir='ltr'><strong>sine</strong></span> <span class='ocrx_word' id='word_1_1011' title='bbox 2325 5393 2434 5451; x_wconf 72' lang='lat' dir='ltr'><strong>line</strong></span> <span class='ocrx_word' id='word_1_1012' title='bbox 2458 5394 2689 5452; x_wconf 74' lang='lat' dir='ltr'><strong>ﬁniatur.</strong></span> <span class='ocrx_word' id='word_1_1013' title='bbox 2711 5397 2966 5469; x_wconf 82' lang='lat' dir='ltr'><strong>Respexit</strong></span> <span class='ocrx_word' id='word_1_1014' title='bbox 2987 5414 3114 5475; x_wconf 78' lang='lat' dir='ltr'><strong>ergo</strong></span> <span class='ocrx_word' id='word_1_1015' title='bbox 3126 5400 3336 5457; x_wconf 81' lang='lat' dir='ltr'><strong>beatam</strong></span> <span class='ocrx_word' id='word_1_1016' title='bbox 3363 5403 3512 5461; x_wconf 89' lang='lat' dir='ltr'><strong>illam</strong></span> 
     </span>
    </p>
   </div>
   <div class='ocr_carea' id='block_1_121' title="bbox 1921 5485 3509 5565">
    <p class='ocr_par' dir='ltr' id='par_1_121' title="bbox 1921 5485 3509 5565">
     <span class='ocr_line' id='line_1_121' title="bbox 1921 5485 3509 5565; baseline 0.006 -22"><span class='ocrx_word' id='word_1_1017' title='bbox 1921 5486 2215 5558; x_wconf 85' lang='lat' dir='ltr'><strong>regionem,</strong></span> <span class='ocrx_word' id='word_1_1018' title='bbox 2245 5485 2455 5547; x_wconf 72' lang='lat' dir='ltr'><strong>beatam</strong></span> <span class='ocrx_word' id='word_1_1019' title='bbox 2484 5488 2729 5557; x_wconf 78' lang='lat' dir='ltr'><strong>patriam,</strong></span> <span class='ocrx_word' id='word_1_1020' title='bbox 2756 5490 2966 5547; x_wconf 88' lang='lat' dir='ltr'><strong>beatam</strong></span> <span class='ocrx_word' id='word_1_1021' title='bbox 2997 5490 3233 5559; x_wconf 87' lang='lat' dir='ltr'><strong>domum,</strong></span> <span class='ocrx_word' id='word_1_1022' title='bbox 3265 5495 3350 5550; x_wconf 93' lang='lat' dir='ltr'><strong>ubi</strong></span> <span class='ocrx_word' id='word_1_1023' title='bbox 3381 5510 3509 5565; x_wconf 83' lang='lat' dir='ltr'><strong>par-</strong></span> 
     </span>
    </p>
   </div>
   <div class='ocr_carea' id='block_1_122' title="bbox 1922 5582 3512 5663">
    <p class='ocr_par' dir='ltr' id='par_1_122' title="bbox 1922 5582 3512 5663">
     <span class='ocr_line' id='line_1_122' title="bbox 1922 5582 3512 5663; baseline -0.001 -24"><span class='ocrx_word' id='word_1_1024' title='bbox 1922 5582 2111 5652; x_wconf 79' lang='lat' dir='ltr'><strong>ticipes</strong></span> <span class='ocrx_word' id='word_1_1025' title='bbox 2127 5588 2251 5637; x_wconf 87' lang='lat' dir='ltr'><strong>sunt</strong></span> <span class='ocrx_word' id='word_1_1026' title='bbox 2272 5582 2444 5639; x_wconf 83' lang='lat' dir='ltr'><strong>sancti</strong></span> <span class='ocrx_word' id='word_1_1027' title='bbox 2462 5582 2587 5640; x_wconf 62' lang='lat' dir='ltr'><strong>vita:</strong></span> <span class='ocrx_word' id='word_1_1028' title='bbox 2608 5586 2949 5655; x_wconf 69' lang='lat' dir='ltr'><strong>sempiterna:</strong></span> <span class='ocrx_word' id='word_1_1029' title='bbox 2970 5595 3131 5663; x_wconf 84' lang='lat' dir='ltr'><strong>atque</strong></span> <span class='ocrx_word' id='word_1_1030' title='bbox 3155 5586 3512 5650; x_wconf 66' lang='lat' dir='ltr'><strong>incommuu-</strong></span> 
     </span>
    </p>
   </div>
   <div class='ocr_carea' id='block_1_123' title="bbox 1982 5708 3521 5788">
    <p class='ocr_par' dir='ltr' id='par_1_123' title="bbox 1982 5708 3521 5788">
     <span class='ocr_line' id='line_1_123' title="bbox 1982 5708 3521 5788; baseline 0.018 -30"><span class='ocrx_word' id='word_1_1031' title='bbox 1982 5718 2122 5788; x_wconf 47' lang='lat' dir='ltr'><strong>ign,</strong></span> <span class='ocrx_word' id='word_1_1032' title='bbox 2161 5717 2347 5788; x_wconf 73' lang='lat' dir='ltr'><strong>dimitte</strong></span> <span class='ocrx_word' id='word_1_1033' title='bbox 2384 5724 2651 5788; x_wconf 78' lang='lat' dir='ltr'><strong>me.__l_.ov.,</strong></span> <span class='ocrx_word' id='word_1_1034' title='bbox 2692 5719 2879 5773; x_wconf 80' lang='lat' dir='ltr'><strong>remitte</strong></span> <span class='ocrx_word' id='word_1_1035' title='bbox 2920 5734 3013 5773; x_wconf 85' lang='lat' dir='ltr'><strong>me.</strong></span> <span class='ocrx_word' id='word_1_1036' title='bbox 3063 5730 3120 5775; x_wconf 78' lang='lat' dir='ltr'><strong>At</strong></span> <span class='ocrx_word' id='word_1_1037' title='bbox 3153 5730 3282 5788; x_wconf 65' lang='lat' dir='ltr'><strong>Mss,</strong></span> <span class='ocrx_word' id='word_1_1038' title='bbox 3317 5708 3521 5785; x_wconf 67' lang='lat' dir='ltr'><strong>dimitte</strong></span> 
     </span>
    </p>
   </div>
   <div class='ocr_carea' id='block_1_124' title="bbox 2022 5818 3504 5924">
    <p class='ocr_par' dir='ltr' id='par_1_124' title="bbox 2022 5818 3504 5924">
     <span class='ocr_line' id='line_1_124' title="bbox 2022 5818 3504 5924; baseline 0.005 -31"><span class='ocrx_word' id='word_1_1039' title='bbox 2609 5842 2751 5924; x_wconf 37' lang='lat' dir='ltr'><strong>ea...</strong></span> <span class='ocrx_word' id='word_1_1040' title='bbox 2763 5854 2871 5924; x_wconf 48' lang='lat' dir='ltr'><strong>re.</strong></span> <span class='ocrx_word' id='word_1_1041' title='bbox 2893 5844 3065 5924; x_wconf 58' lang='grc' dir='ltr'><strong>μτιημι.</strong></span> <span class='ocrx_word' id='word_1_1042' title='bbox 3079 5851 3342 5924; x_wconf 45' lang='lat' dir='ltr'><strong>Wa...</strong></span> <span class='ocrx_word' id='word_1_1043' title='bbox 3364 5853 3504 5915; x_wconf 66' lang='grc' dir='ltr'><strong>ιοοι,³</strong></span> 
     </span>
    </p>
   </div>
   <div class='ocr_carea' id='block_1_125' title="bbox 1923 5905 3343 5978">
    <p class='ocr_par' dir='ltr' id='par_1_125' title="bbox 1923 5905 3343 5978">
     <span class='ocr_line' id='line_1_125' title="bbox 1923 5905 3343 5978; baseline 0.009 -24"><span class='ocrx_word' id='word_1_1044' title='bbox 1923 5915 2003 5965; x_wconf 68' lang='grc' dir='ltr'><strong>εει</strong></span> <span class='ocrx_word' id='word_1_1045' title='bbox 2024 5905 2223 5971; x_wconf 64' lang='lat' dir='ltr'><strong>qiuestio</strong></span> <span class='ocrx_word' id='word_1_1046' title='bbox 2242 5905 2425 5970; x_wconf 86' lang='lat' dir='ltr'><strong>oborta,</strong></span> <span class='ocrx_word' id='word_1_1047' title='bbox 2451 5905 2664 5959; x_wconf 69' lang='lat' dir='ltr'><strong>ntumnrli</strong></span> <span class='ocrx_word' id='word_1_1048' title='bbox 2683 5905 2793 5957; x_wconf 80' lang='lat' dir='ltr'><strong>cdd.</strong></span> <span class='ocrx_word' id='word_1_1049' title='bbox 2812 5912 2908 5958; x_wconf 80' lang='lat' dir='ltr'><strong>non</strong></span> <span class='ocrx_word' id='word_1_1050' title='bbox 2932 5910 3117 5963; x_wconf 80' lang='lat' dir='ltr'><strong>habent</strong></span> <span class='ocrx_word' id='word_1_1051' title='bbox 3136 5914 3247 5978; x_wconf 81' lang='lat' dir='ltr'><strong>nisi,</strong></span> 
     </span>
    </p>
   </div>
  </div>
