4042 6470
511 495 612 553 431

512 615 636 673 bilis
664 604 900 668 veritatis
930 617 946 658 :
975 607 1030 658 et
1061 593 1238 655 timuit
1261 598 1410 650 extra
1439 589 1551 654 ire,
1580 583 1670 640 ubi
1695 593 1804 636 non
1829 584 1912 633 est
1932 584 2094 637 esse;

511 713 584 768 ibi
629 703 940 764 desiderans
968 708 1120 758 esse,
1162 689 1252 744 ubi
1292 694 1374 744 est
1403 691 1670 738 summum
1695 685 1836 729 esse.
1877 667 2102 734 Propter

515 805 655 861 hanc
680 812 808 869 ergo
827 785 1276 861 comparationem
1299 779 1436 834 inter
1456 781 1738 839 utrumque
1759 759 2098 821 constitutus,

515 898 692 954 adhuc
719 850 912 946 timens
936 850 1064 938 dicit
1095 897 1108 934 :
1145 873 1358 932 Remitte
1381 867 1540 932 mihi,
1568 871 1621 917 ut
1645 850 2104 954 refrigerenprius-

513 1004 667 1063 quant
694 1000 804 1040 eam
823 1022 838 1050 ,
866 987 913 1034 et
949 972 1167 1046 amplius
1184 969 1296 1040 jam
1321 978 1424 1017 non
1455 972 1559 1014 ero.
1589 953 1647 1010 Si
1671 950 1812 1007 enim
1841 943 1970 1000 mihi
1995 955 2102 995 non

1125 1061 1146 1063 ’⁷
1237 1057 1249 1063 ⁸
1370 1061 1377 1063 λ
1621 1043 1708 1063 -‘--
1743 1049 1792 1063 ιιι
1843 1035 1907 1063 De
1939 1049 1966 1063 σι
1998 1044 2102 1063 nun

519 1035 793 1137 ien‘tiseris
824 1035 1052 1143 'peccata
1071 1105 1087 1130 ,
1121 1035 1210 1116 ibo
1236 1057 1290 1112 in
1314 1061 1573 1110 aeternum
1617 1043 1712 1098 abs
1743 1049 1815 1094 te.
1843 1035 1913 1091 Et
1939 1049 1969 1088 a
1997 1044 2104 1132 quo

521 1121 1182 1229 ξιξίιωῖιῖξιέὲῖιᾘιητἋι)
1228 1149 1319 1204 illo
1365 1144 1455 1216 qui
1497 1139 1669 1229 dixit,
1715 1131 1826 1229 Ego
1867 1142 1992 1229 sum.
2020 1121 2106 1229 qui

740 1216 944 1314 abillo
985 1249 1074 1322 qui
1117 1243 1294 1309 dixit,
1341 1236 1439 1291 Dic
1482 1231 1601 1323 ﬁliis
1643 1222 1844 1323 istast,
1893 1216 1993 1286 Qui
2036 1219 2108 1316 est

495 1303 805 1413 {alii};
819 1303 1018 1404 ait-"vos.
1063 1339 1083 1412 (
1109 1303 1369 1393 Emodon
1392 1370 1408 1397 ,
1457 1322 1592 1395 M).
1641 1318 1817 1413 Abeo
1862 1323 1990 1381 ergo
2017 1303 2109 1376 qui

503 1452 654 1518 fvcre
705 1453 788 1502 est
833 1439 923 1512 qui
970 1437 1024 1491 in
1070 1425 1397 1488 contrarium
1444 1413 1663 1490 pergit,
1717 1406 1785 1463 ad
1829 1418 1937 1460 non
1988 1409 2111 1454 esse

543 1541 714 1600 ierait.

543 1562 714 1600 lel'"ll.

498 1562 539 1693 ,ἰ
595 1585 684 1691 2%.
713 1632 895 1700 itaque
945 1624 1135 1679 fratres
1184 1612 1312 1678 mei,
1344 1606 1446 1665 etsi
1501 1608 1764 1658 onerosus
1808 1589 1883 1647 fui
1932 1581 2109 1641 labori

528 1727 768 1801 corporis
785 1720 969 1787 vestri,
1002 1716 1134 1771 ferte
1164 1711 1182 1742 ¹
1217 1725 1232 1773 ;
1270 1703 1393 1775 quia
1419 1707 1472 1755 et
1490 1710 1590 1767 ego
1613 1685 1846 1801 laboravi
1882 1688 1984 1801 et
2009 1693 2108 1732 ve-

1546 1787 1557 1801 '
1581 1786 1592 1796 '
1683 1797 1698 1801 ·
1717 1778 1827 1801 -ειῑ-
1930 1772 1944 1801 ι
1973 1767 2108 1801 “nim

531 1841 590 1882 re
617 1767 758 1886 dico,
781 1815 901 1887 quia
917 1813 1072 1866 istum
1089 1803 1326 1859 laborem
1353 1808 1449 1848 vos
1475 1786 1628 1842 vobis
1658 1778 1850 1836 facitis.
1889 1772 1946 1829 Si
1973 1767 2117 1825 enim

531 1875 784 1974 sentirem
800 1875 901 1962 vos
927 1898 1166 1957 fastidire
1188 1887 1333 1963 quod
1357 1884 1572 1946 dicitur,
1597 1875 1707 1932 cito
1732 1879 1988 1925 tacerem.

922 2114 1004 2180 1N
1046 2094 1427 2174 PSALMUM
1466 2081 1757 2152 XXXIX

1108 2228 1242 2287 ENA
1251 2216 1525 2280 RRA'l‘lO.

1058 2357 1231 2407 senio
1257 2355 1326 2396 an
1347 2341 1605 2392 reponem.

617 2485 671 2542 1.
695 2475 883 2538 Omnia
911 2481 1029 2542 qum
1042 2458 1284 2536 praedixit
1305 2450 1562 2508 Dominus
1589 2448 1770 2497 noster
1790 2433 1946 2490 Jesus
1972 2423 2128 2482 Chri-

551 2588 670 2636 stus
693 2617 706 2641 ,
736 2527 945 2644 partim.
971 2527 1106 2615 fac-ta
1140 2544 1531 2621 cognoscimus,
1563 2533 1753 2606 partim
1791 2527 1968 2581 futura
2011 2531 2132 2644 spe-

1448 2634 1460 2644 ·
1501 2632 1512 2644 ·
1613 2636 1697 2644 μμ
1773 2619 1889 2644 -..ιη
1934 2629 2045 2644 ..Νη
2073 2623 2130 2644 ,η

551 2612 670 2636 Dina
773 2612 821 2624 ιιι
838 2612 929 2622 υ.--
971 2612 1004 2615 ν
1033 2612 1068 2613 η
1207 2612 1234 2621 ν

550 2612 770 2728 τειπιέεῗ
799 2663 988 2716 cuncta
1051 2658 1232 2704 tamen
1288 2632 1722 2704 complebuntur,
1769 2619 1892 2690 quia
1934 2612 2132 2668 veritas

548 2704 1095 2819 quam
1124 2734 1353 2792 fideliter
1372 2726 1519 2790 dicit,
1546 2732 1654 2776 tam
1677 2713 1863 2819 ﬁdeles
1886 2704 2126 2819 requirit.

550 2796 665 2819 ua.»
683 2796 831 2819 μιν-ι,
865 2796 918 2806 ν-
981 2796 1025 2798 _-
1048 2796 1055 2797 ,

547 2855 647 2924 Qui
694 2845 886 2910 credit,
934 2796 1272 2894 venientibus
1311 2817 1615 2878 laetabitur:
1642 2807 1734 2879 qui
1786 2819 1894 2924 rinion
1939 2796 2132 2862 credit,

1127 2923 1137 2924 γ
1309 2913 1355 2924 ”
1431 2911 1442 2922 ’
1521 2916 1535 2924 ⁸
1570 2913 1743 2924 ⁸⁸--⁴“¹“·’“
1773 2897 1786 2924 ³
1834 2911 1860 2924 ιι
1889 2893 2003 2924 cina
2030 2902 2129 2924 un-

547 2893 885 3003 renientibus
912 2923 1287 2988 confundetur.
1309 2911 1541 2969 Venient
1570 2913 1746 2958 tamen
1773 2897 1863 2951 illa
1889 2893 2004 2949 sive
2030 2902 2129 2942 vo-

1397 3002 1402 3003 ⁷
1507 2997 1537 3003 ’“
1730 2990 1741 3001 ⁹
1799 3002 1802 3003 ν
1867 2977 2098 3003 -—-J-..a:

550 2977 885 3003 "Clllclltluuu
914 2977 1132 2988 Vv---—-—V
1160 2977 1167 2978 κ

547 3035 778 3094 lentibns
800 3019 1127 3082 hominibus,
1156 3011 1271 3067 sive
1320 2997 1644 3060 nolentibus,
1700 2990 1814 3044 sive
1859 2977 2132 3094 credenti:

780 3138 809 3177 e
855 3131 961 3172 non
1006 3068 1370 3166 credentibus,
1405 3093 1544 3148 sicut
1583 3087 1660 3142 ait
1703 3076 1991 3152 Apostolus
2023 3089 2036 3123 :
2070 3068 2136 3124 Si

552 3161 670 3190 uua,
695 3161 736 3180 an
753 3161 809 3178 Iv
857 3161 961 3172 ην..
1012 3161 1054 3166 ν,
1077 3161 1089 3163 -
1108 3161 1114 3162 ,

551 3216 914 3291 negaverimus,
945 3214 990 3260 et
1014 3203 1122 3273 ipse
1154 3211 1248 3250 nos
1283 3185 1482 3259 negabit
1511 3181 1590 3236 :si
1617 3193 1720 3232 non
1757 3168 2026 3229 credimus,
2049 3161 2138 3216 ille

1334 3281 1346 3291 ⁵
1549 3289 1572 3291 η
1590 3287 1642 3291 ---
1695 3269 1854 3291 ..λιιι-ι
1900 3260 1916 3291 l
1932 3256 1974 3291 ΙΙ
1995 3255 2109 3291 Ti":

553 3255 605 3276 ηε
648 3255 749 3272 “VI”
765 3255 914 3275 ιιι-νυν,
947 3255 985 3260 ,-
1037 3255 1048 3273 1
1349 3255 1364 3259 ⁷

553 3255 716 3383 ﬁdelis
744 3305 1020 3376 permanet,
1043 3302 1229 3361 negare
1275 3281 1496 3351 seipsum
1543 3287 1646 3326 non
1695 3269 1856 3383 pot'est
1899 3256 1978 3330 (ll
1995 3255 2132 3309 Tim.

1224 3377 1236 3383 ’
1311 3382 1315 3383 ⁷
1539 3363 1728 3383 ¹“-⁶··⁴“·
1796 3368 1877 3383 ιηΛ
1899 3360 2132 3383 non-nan.

553 3356 607 3470 ξι,
634 3401 718 3466 12,
744 3356 818 3452 ri?)
837 3392 880 3466 ).
913 3390 1032 3445 Prae
1059 3377 1269 3438 caeteris
1303 3382 1505 3434 tamen,
1539 3363 1749 3470 fratres,
1776 3356 2140 3470 liogmeme‘n-

553 3437 563 3460 ι
639 3437 701 3457 ι..
757 3437 818 3452 ,υ
867 3437 880 3446 .
914 3437 1028 3445 --η
1072 3437 1083 3438 ,

553 3437 857 3553 tiitebi'eve:
886 3489 940 3538 et
989 3478 1095 3534 hoc
1142 3475 1320 3526 tenete
1358 3457 1502 3533 quod
1548 3451 1708 3510 modo
1730 3463 1797 3504 ex
1847 3437 2139 3553 Evangelio

553 3533 830 3552 ιυιννηη
892 3533 937 3538 -_

551 3598 736 3644 omnes
765 3533 1084 3633 audivimus.
1119 3559 1218 3630 Qui
1265 3545 1644 3628 perseveraverit
1667 3555 1824 3612 usque
1859 3536 1911 3589 in
1961 3533 2135 3602 liuent,

553 3626 983 3734 erit(
1015 3626 1204 3713 Matt'h.
1253 3626 1439 3715 X,2‘.’;
1471 3648 1521 3734 et
1537 3651 1695 3734 XXIV,
1721 3632 1790 3686 15
1815 3629 1856 3700 ).
1885 3626 2001 3681 Jam
2034 3637 2132 3693 pa-

553 3782 663 3827 tres
687 3761 856 3822 nostri
885 3727 1062 3812 traditi
1108 3753 1235 3804 sunt
1282 3743 1335 3796 in
1357 3733 1605 3795 concilia,
1646 3727 1900 3782 dixerunt
1950 3728 2141 3773 causas

555 3809 958 3932 albiduinimicos
1013 3856 1148 3914 quos
1201 3830 1532 3932 diligebant;
1560 3817 1925 3932 praestiterunt
1972 3809 2050 3932 eils
2085 3814 2142 3861 et

556 3902 804 4027 qiiantam
835 3941 1118 4013 potuerunt
1146 3923 1564 3994 correptionem,
1595 3921 1650 3968 et
1680 3915 1936 3981 quantam
1955 3902 2140 3956 value-

1503 4020 1539 4027 κ-
1603 4002 1812 4027 --μ-..ιη
1849 3999 2016 4027 ξηοιω.
2092 4002 2140 4027 Δ.

556 3999 679 4104 ἐυηῑ
703 3999 1082 4098 dilectionem:
1112 4031 1167 4080 et
1205 4028 1423 4090 sparsus
1464 4020 1546 4067 est
1599 4002 1816 4075 sanguis
1843 3999 2041 4069 justus,
2092 4002 2147 4049 et

550 3134 670 3190 bus,
694 3127 775 3180 siv

557 4101 645 4195 ilio
673 4132 950 4202 sanguine,
982 4128 1232 4189 tanquam
1255 4101 1608 4164 seminatione
1645 4111 1741 4168 per
1771 4101 1941 4148 totum
1984 4103 2144 4144 inun-
2185 4135 2188 4138 .

561 4234 682 4286 dum
707 4187 870 4287 facio,
901 4187 1057 4286 seges
1083 4187 1316 4265 surrexit
1351 4193 1630 4253 Ecclesia.
1676 4187 2026 4253 Consequens
2049 4193 2144 4234 au-

560 4469 671 4565 ilic.
704 4503 810 4558 illic
828 4469 855 4570 ⁷(
874 4469 973 4550 id.
1028 4502 1176 4552 XXIV,
1216 4483 1290 4537 εδ
1318 4478 1361 4551 ).
1401 4472 1582 4531 Hostis
1627 4469 1720 4525 ille
1769 4474 1984 4527 noster,
2025 4471 2150 4517 tunc

571 4557 665 4658 ἱεοῂ
702 4557 994 4658 fuit,‘cum
1051 4585 1235 4648 aperte
1301 4566 1552 4626 saeviebat
1585 4580 1598 4616 :
1628 4558 1789 4615 modo
1827 4557 1993 4611 draco
2044 4561 2146 4618 est,

569 4706 684 4746 min
715 4648 924 4741 Occ'ulte
965 4671 1261 4730 insidiatur.
1299 4661 1395 4718 llle
1444 4666 1624 4712 autem
1677 4650 1763 4706 cui
1811 4648 2013 4703 dictum
2043 4652 2148 4711 est,

565 4739 895 4840 Coiiculcabis
920 4771 1112 4826 leonem
1137 4772 1182 4817 et
1201 4759 1480 4814 draconem
1511 4749 1532 4820 (
1563 4746 1711 4802 Psal.
1735 4759 1821 4805 xc,
1851 4742 1922 4840 ιζ)
1948 4739 1989 4809 ),
2020 4753 2154 4808 quo-

566 4878 708 4932 niam
748 4878 944 4936 corpus
969 4859 1082 4930 ejus
1113 4863 1166 4911 et
1189 4847 1430 4906 membra
1468 4841 1585 4910 ejus
1624 4849 1830 4901 sumus,
1862 4832 2002 4886 sicut
2021 4844 2150 4885 con-

566 4931 798 5025 cnlcavit
835 4931 1044 5013 leonem
1081 4944 1307 5020 pedibus
1352 4943 1563 5009 patrum
1612 4937 1918 4984 nostrorum
1968 4931 2153 4991 aperte

552 5054 900 5117 ‘szevientem,
931 5053 986 5101 et
1033 5014 1099 5098 ad
1136 5034 1416 5110 passiones
1472 5031 1734 5095 martyres
1771 5014 2150 5079 attrahentem,

567 5133 638 5209 ita
687 5147 849 5206 modo
874 5107 1159 5197 draconem
1189 5125 1466 5186 conculcet
1489 5122 1533 5186 ³,
1558 5131 1626 5172 ne
1663 5113 1818 5170 nobis
1857 5107 2152 5166 insidietur.

573 5177 584 5212 Ι

569 5248 647 5304 De
664 5257 772 5316 quo
817 5237 1048 5292 dracone
1094 5240 1191 5281 nos
1237 5228 1423 5276 cautos
1467 5211 1666 5267 faciens
1701 5201 1986 5316 Apostolus
2033 5199 2157 5252 ait:

1238 5313 1248 5316 ‘
1508 5313 1516 5316 -
1658 5315 1663 5316 γ
1692 5297 1785 5316 κικει
1807 5311 1872 5316 η--
1960 5291 2110 5316 ι...;-.,.
2145 5305 2157 5316 .

575 5290 754 5410 Aptari
780 5324 968 5386 uosuni
993 5321 1098 5376 viro
1122 5313 1364 5385 virginan
1410 5313 1604 5360 castam
1641 5297 1873 5353 exhibere
1913 5290 2110 5346 Christo
2139 5305 2159 5342 :

578 5386 723 5487 linteo
767 5432 936 5480 autem
964 5433 1026 5471 ne
1051 5413 1178 5469 sicut
1199 5418 1403 5474 serpens
1435 5399 1592 5453 Evam
1611 5392 1809 5449 seduxit
1834 5386 2021 5443 astutia
2044 5400 2157 5449 sua,

577 5528 648 5584 sic
669 5533 714 5580 et
735 5528 910 5577 uestra:
932 5518 1122 5566 mentes
1164 5501 1553 5566 corrumpantur
1577 5506 1608 5542 a
1636 5486 1860 5541 castitate
1883 5495 1997 5553 qua:
2020 5487 2093 5533 est
2108 5477 2161 5531 in

579 5571 958 5680 libitum
990 5603 1034 5658 ιι
1056 5599 1174 5654 Cor.
1202 5611 1278 5660 ιι,
1307 5591 1343 5646 2
1370 5589 1414 5660 ).
1440 5586 1674 5655 Serpens
1711 5594 1840 5680 ergo
1883 5576 1985 5630 iste
2003 5571 2161 5628 adul-

583 5725 651 5768 ter
683 5671 958 5774 antiquus,
987 5689 1345 5764 virginitatem
1395 5671 1864 5746 corrumpendum,
1892 5681 2002 5724 non
2042 5679 2164 5722 car-

651 5846 757 5891 'Slc
777 5836 960 5899 aliquot
978 5835 1095 5899 ptes;
1114 5830 1316 5899 At_t.ov.,
1330 5814 1449 5869 certi
1471 5811 1574 5865 sitis
1599 5807 1712 5874 quia
1735 5818 1754 5857 :
1789 5811 1842 5857 et
1858 5801 2002 5867 paulo
2023 5797 2168 5860 infra,

585 5885 805 5959 iaci-Eni
813 5885 892 5950 uo's
910 5889 1045 5959 nobis
1067 5885 1242 5959 (acuis.

647 5928 1250 6020 3"%'iili.f"§diii&éiiifii
1271 5954 1443 5996 omnes
1463 5939 1568 5990 fere
1587 5945 1716 5996 Mss,
1735 5928 1997 5984 conculcet.
2037 5933 2138 5979 Duo
2151 5957 2170 5987 ,

603 6027 850 6084 'onwtcat.

1753 458 1812 518 S.
1853 448 2219 516 AUCUSTINI
2257 449 2558 510 EPISCOPI

3686 433 3796 492 452

2213 569 2316 637 nis,
2347 566 2440 624 sed
2465 564 2640 622 cordis
2663 561 2896 634 inquirit.
2942 559 3090 616 Sicut
3135 564 3315 611 autem
3371 553 3580 609 adulter
3627 551 3796 605 homo

2209 662 2418 718 laetatur
2443 661 2494 715 in
2517 657 2748 729 nequitia
2770 670 2888 722 sua,
2917 667 3041 709 cum
3089 664 3306 708 carnem
3348 646 3640 716 corrumpit
3669 662 3682 708 ;
3715 644 3798 699 sic

2207 763 2264 810 et
2298 753 2541 809 diabolus
2569 753 2778 807 ketatur
2794 747 3006 820 quando
3027 753 3263 801 mentem
3281 740 3592 812 corrumpit.
3639 738 3793 794 Sicut

2208 857 2387 902 autem
2415 844 2651 916 patribus
2685 843 2883 898 nostris
2931 840 3190 896 adversus
3230 837 3440 892 leonem
3483 846 3615 903 opus
3667 837 3789 886 erat

2209 938 2482 1010 patientia,
2501 939 2578 992 sic
2599 936 2750 992 nobis
2769 934 3027 990 adversus
3047 931 3333 987 draconem
3353 924 3638 997 vigilantia.
3661 922 3795 977 Per-

2210 1031 2412 1086 secutio
2429 1038 2606 1084 tamen
2632 1028 2745 1084 sive
2769 1043 2799 1081 a
2815 1027 2993 1093 leone,
3024 1025 3136 1079 sive
3160 1037 3189 1075 a
3236 1021 3489 1084 dracone,
3513 1029 3788 1085 nunquam

2210 1131 2385 1179 cessat
2405 1122 2658 1178 Ecclesiae
2685 1139 2698 1174 :
2723 1130 2772 1176 et
2801 1119 2970 1190 magis
3015 1113 3330 1172 metuendus
3360 1118 3445 1167 est
3485 1125 3606 1164 cum
3633 1107 3800 1172 fallit,

2211 1229 2509 1286 quamcum
2539 1215 2712 1270 saevit.
2767 1213 2863 1267 lllo
2909 1219 3150 1280 tempore
3200 1205 3428 1277 cogebat
3470 1201 3806 1277 Christianos

2217 1323 2415 1380 negare
2439 1305 2710 1362 Christum
2735 1323 2752 1371 ;
2785 1305 2887 1360 isto
2900 1275 3077 1358 autem
3106 1275 3514 1370 temporedoeet
3547 1291 3806 1348 Christia-

2215 1415 2314 1455 nos
2335 1415 2529 1470 negare
2553 1397 2822 1453 Christum
2850 1413 2864 1450 :
2894 1405 3018 1451 tunc
3031 1394 3272 1464 cogebat,
3301 1403 3442 1446 nunc
3455 1386 3629 1442 docet.
3653 1383 3809 1439 Tunc

2215 1508 2347 1564 ergo
2375 1491 2649 1563 ingerebat
2679 1490 2982 1556 violentias,
3029 1501 3170 1541 nunc
3217 1481 3482 1539 insidias:
3525 1477 3810 1533 videbatur

2219 1595 2346 1642 tunc
2369 1585 2620 1651 fremens,
2651 1583 2888 1638 lubricus
2919 1593 3064 1636 nunc
3091 1586 3146 1634 et
3189 1575 3448 1632 oberrans
3475 1569 3696 1627 difficile
3728 1568 3812 1622 vi-

2219 1679 2396 1735 detur.
2436 1674 2716 1746 Quomodo
2737 1681 2916 1728 autem
2957 1680 3083 1727 tunc
3111 1667 3334 1739 cogehat
3358 1662 3688 1721 Christianos
3716 1673 3814 1714 ne-

2221 1787 2350 1844 gare
2376 1767 2667 1836 Christum,
2695 1777 2937 1839 apertum
2969 1775 3071 1822 est.
3123 1760 3540 1818 Attrahebantur
3568 1755 3712 1812 enim
3758 1761 3816 1807 ut

2223 1874 2479 1936 negarent
2506 1864 2798 1928 Christum,
2849 1870 2902 1917 et
2944 1859 3260 1917 confitentes
3292 1853 3561 1910 Christum
3587 1863 3816 1906 corona-

2225 1959 2439 2014 bantur.
2482 1955 2634 2011 Nunc
2707 1961 2884 2009 autem
2931 1952 3091 2008 docet
3151 1961 3348 2020 negare
3400 1943 3716 2004 Christum;
3763 1950 3819 1995 et

2229 2051 2348 2106 ideo
2378 2049 2534 2116 fallit,
2555 2049 2681 2120 quia
2700 2048 2792 2119 qui
2828 2046 3051 2102 docetur
3069 2057 3266 2113 negare
3313 2039 3583 2097 Christum
3608 2079 3624 2102 ,
3662 2034 3818 2106 quasi

2230 2162 2336 2202 non
2353 2146 2454 2202 sibi
2482 2145 2692 2202 videtur
2719 2145 2974 2203 recedere
3002 2161 3032 2200 a
3079 2142 3313 2198 Christo.
3345 2137 3502 2194 Modo
3528 2135 3672 2192 enim
3689 2129 3821 2203 quid

2230 2239 2426 2295 dicitur
2454 2239 2523 2294 ab
2563 2239 2828 2296 haereticis
2863 2237 3166 2293 hominibus
3194 2231 3273 2306 (a)
3303 2229 3597 2288 christiano
3624 2224 3821 2280 catho-

2233 2336 2377 2392 lico?
2406 2335 2561 2402 Veni,
2611 2341 2728 2390 esto
2781 2331 3123 2388 christianus.
3176 2326 3257 2382 Ad
3279 2324 3384 2381 hoc
3409 2321 3625 2387 dicitur,
3656 2318 3820 2382 Esto,

2233 2437 2293 2484 nt
2319 2428 2478 2490 dicat,
2503 2426 2619 2482 Non
2647 2425 2806 2482 sum?
2826 2422 2986 2478 Aliud
3013 2422 3169 2490 longe
3196 2425 3300 2483 est,
3328 2413 3484 2481 Veni,
3512 2419 3634 2468 esto
3672 2406 3825 2465 chri-

2234 2519 2440 2574 stianos
2468 2537 2484 2585 ;
2525 2516 2690 2583 aliud,
2722 2516 2877 2583 Veni,
2908 2528 3042 2589 nega
3063 2511 3357 2568 Christum.
3407 2508 3670 2576 Apertum
3709 2513 3826 2556 ma-

2235 2613 2367 2676 lum,
2392 2611 2635 2668 fremitus
2660 2609 2829 2665 leonis
2853 2623 2884 2662 a
2910 2608 3069 2677 longe
3091 2603 3327 2668 auditur,
3352 2599 3557 2669 alonge
3577 2601 3824 2651 cavetur.

2237 2706 2483 2778 Applicat
2509 2719 2568 2760 se
2593 2702 2828 2759 lubricus
2861 2700 3047 2765 draco,
3072 2696 3296 2754 occultis
3314 2693 3552 2766 lapsibus
3572 2703 3827 2760 serpens,

2237 2797 2539 2853 lenitraetu
2567 2793 2917 2864 ‘subrepens,
2968 2800 3144 2846 astuto
3183 2787 3338 2844 sibilo
3383 2786 3827 2849 immurmurans,

2237 2900 2294 2946 et
2321 2906 2427 2946 non
2479 2889 2630 2957 dicit,
2665 2887 2807 2958 Nega
2852 2884 3146 2942 Christum.
3186 2881 3320 2938 Nam
3377 2895 3498 2936 eum
3556 2876 3832 2934 coronatis

2238 2982 2564 3055 martyribus
2584 2981 2704 3052 quis
2729 2979 2977 3034 audiret?
3005 2976 3112 3033 Sed
3137 2975 3285 3042 dicit,
3319 2972 3450 3028 Esto
3475 2970 3827 3027 christianos.

2239 3076 2309 3131 Et
2331 3075 2421 3130 ille
2445 3073 2713 3128 mirabili”
2739 3084 2874 3125 voce
2926 3081 3230 3139 percussus,
3271 3064 3317 3120 si
3359 3062 3595 3118 nondum
3619 3074 3833 3116 veneno

2241 3174 2552 3238 penetratus
2573 3173 2678 3230 est,
2734 3160 3043 3232 respondet,
3094 3158 3258 3213 Plane
3308 3155 3632 3211 christianus
3682 3167 3831 3206 sum.

2239 3259 2296 3317 Si
2325 3267 2505 3314 autem
2556 3265 2822 3322 movetur,
2853 3262 2908 3310 et
2929 3252 3089 3308 dente
3132 3248 3382 3305 draconis
3428 3255 3619 3317 captus
3670 3253 3758 3301 est
3784 3244 3830 3310 ³,

2240 3351 2551 3425 respondet,
2574 3350 2750 3419 Quare
2791 3346 2924 3403 mihi
2959 3345 3114 3412 dicis,
3137 3343 3267 3399 Esto
3311 3339 3672 3397 Christianus?
3703 3337 3836 3409 quid

2241 3447 2404 3514 enim,
2429 3462 2536 3502 non
2586 3460 2707 3502 sum
2737 3437 3106 3498 Christianus?
3151 3438 3217 3493 Et
3242 3436 3351 3500 ille,
3383 3433 3521 3491 Non.
3553 3433 3700 3502 Ergo
3722 3447 3834 3486 non

2243 3558 2361 3597 sum
2391 3539 2574 3596 ?Non.
2609 3538 2751 3608 Ergo
2780 3548 2922 3590 nunc
2943 3530 3032 3588 fac
3058 3545 3146 3586 me
3196 3528 3566 3592 christianum,
3626 3524 3672 3579 si
3725 3539 3836 3578 non

2243 3651 2382 3691 sum.
2407 3628 2688 3689 Veni.Sed
2724 3642 2845 3684 cum
2895 3622 3212 3694 interrogari
3257 3618 3486 3690 coeperis
3531 3617 3601 3672 ab
3626 3617 3841 3686 episco-

2246 3744 2314 3798 po
2337 3727 2458 3797 quis
2485 3723 2506 3755 ἰ
2535 3724 2629 3786 sis,
2658 3721 2768 3776 noli
2795 3720 2995 3785 dicere,
3030 3714 3366 3771 Christianus
3393 3727 3534 3776 sum,
3561 3721 3655 3766 aut
3673 3709 3840 3766 Fide-

2248 3821 2312 3875 lis
2341 3833 2488 3883 sum,
2530 3814 2625 3871 sed
2650 3813 2736 3868 dic
2781 3827 2889 3867 non
2929 3819 2981 3866 te
3017 3822 3158 3876 esse,
3209 3816 3270 3861 ut
3306 3805 3480 3877 possis
3503 3819 3644 3860 esse.
3699 3803 3841 3858 Cum

2246 3910 2390 3966 enim
2439 3906 2668 3988 audierit
2717 3901 3113 3960 confessionem
3140 3897 3416 3955 christiani
3461 3895 3653 3963 fidelis,
3679 3896 3841 3951 reba-

2247 4002 2449 4072 ptizare
2481 3997 2556 4071 (ὁ)
2587 3985 2693 4051 non
2719 3993 2879 4050 audet
2913 4010 2928 4046 :
2955 4007 3077 4048 eum
3101 3998 3279 4045 autem
3309 3986 3536 4043 audierit
3562 3985 3706 4055 quod
3731 4001 3843 4043 non

2248 4098 2340 4162 sit,
2358 4093 2450 4147 dat
2479 4091 2556 4145 illi
2584 4098 2836 4160 tanquam
2865 4083 3006 4157 quod
3032 4099 3142 4139 non
3167 4081 3430 4146 habebat;
3458 4089 3516 4135 ut
3543 4080 3694 4150 quasi
3725 4080 3846 4149 ipse

2250 4188 2321 4244 sit
2341 4195 2494 4242 extra
2521 4183 2759 4254 culpam,
2808 4180 2929 4251 quia
2973 4175 3264 4235 secundum
3291 4190 3479 4230 vocem
3521 4173 3638 4243 ejus
3690 4171 3842 4228 facit.

2250 4281 2353 4339 Ubi
2374 4294 2556 4351 quaero
2573 4277 2668 4333 abs
2690 4286 2762 4343 te,
2813 4272 3084 4336 hzeretice,
3105 4285 3202 4325 cur
3238 4277 3291 4325 te
3316 4277 3465 4324 extra
3503 4266 3717 4336 culpam
3746 4282 3847 4336 pu-

2253 4375 2378 4432 tas?
2401 4371 2535 4441 Quid
2558 4371 2658 4426 hac
2684 4383 2814 4424 voce
2858 4366 3017 4422 audio
3043 4364 3066 4397 ⁸
3092 4363 3251 4435 ἳῳιίςι
3288 4377 3393 4417 non
3436 4370 3493 4417 tu
3533 4376 3721 4431 negas,
3747 4359 3847 4417 sed

2253 4470 2342 4525 ille
2362 4465 2561 4534 negat?
2604 4462 2662 4518 Si
2700 4461 2861 4516 habet
2887 4458 3095 4528 culpam
3121 4456 3212 4526 qui
3242 4462 3435 4526 negat,
3463 4451 3589 4523 quid
3619 4453 3714 4522 qui
3741 4451 3846 4509 do-

2253 4572 2340 4620 cet
2358 4563 2378 4593 ⁸
2405 4573 2599 4630 negare
2618 4571 2740 4612 eum
2755 4554 2846 4626 qui
2864 4551 3057 4623 negat?
3076 4550 3218 4604 Itane
3233 4563 3361 4604 vero
3377 4555 3431 4601 tu
3452 4556 3601 4602 extra
3629 4547 3850 4616 culpam

2255 4672 2348 4721 es,
2377 4655 2500 4724 quia
2525 4653 2544 4683 ⁷
2571 4649 2703 4706 facis
2743 4644 2989 4703 docendo
3024 4641 3379 4705 christianos,
3423 4636 3566 4708 quod
3617 4635 3850 4692 faciebat

2257 4747 2509 4806 minando
2534 4739 2804 4816 paganus?
2831 4739 2899 4794 Et
2918 4736 3044 4808 quid
3071 4733 3225 4804 agis?
3247 4729 3515 4802 Numquid
3539 4729 3683 4785 tollis
3704 4729 3852 4798 quod

2260 4844 2439 4909 habet,
2476 4838 2598 4910 quia
2624 4833 2836 4906 negavit
2859 4827 3004 4902 quod
3029 4825 3224 4884 habet?
3243 4823 3363 4881 Non
3386 4821 3516 4879 facis
3538 4831 3595 4877 ut
3615 4835 3723 4876 non
3750 4821 3853 4876 ha-

2325 5043 2343 5074 ί
2370 5047 2444 5088 Et‘.
2471 5043 2523 5089 et
2545 5035 2651 5085 fere
2673 5042 2848 5084 omnes
2867 5034 3006 5089 Mss,
3024 5021 3122 5076 leni
3139 5027 3289 5074 tactu.

2325 5106 2346 5136 ²
2369 5086 2563 5164 Septem
2583 5104 2714 5164 Mss,
2741 5086 3022 5164 miserabili.

2328 5166 2350 5197 ³
2370 5141 2428 5214 ἷίί
2433 5141 2563 5213 iii;
2575 5141 2786 5222 aliquot,
2796 5141 2958 5205 aditus
2973 5154 3060 5202 est.
3091 5153 3144 5198 tu
3164 5145 3478 5211 quibusdam,
3517 5141 3726 5193 adustus
3749 5144 3845 5192 est.

2264 5236 2316 5279 in
2339 5227 2462 5287 aliis,
2486 5223 2678 5287 attritus
2691 5225 2776 5271 est.

2327 5296 2350 5324 δ
2373 5285 2502 5349 Mss,
2526 5285 2660 5350 quid.

2331 5355 2350 5387 ⁸
2375 5328 2660 5416 'si'ESiiaBBij
2678 5344 2843 5416 proba:
2857 5333 3342 5416 notzetts‘slat
3610 5340 3752 5416 12c?
3767 5340 3861 5416 alar-

2269 5389 2793 5528 mitigata
2803 5389 2905 5468 qui
2930 5389 3080 5452 docet
3115 5409 3296 5461 negare
3315 5433 3330 5458 ,
3373 5389 3492 5454 etc,
3513 5390 3594 5455 qui
3619 5391 3747 5455 facis
3771 5389 3864 5440 do-

2269 5488 2438 5534 cendo,
2469 5488 2564 5525 etc.

2335 5512 2606 5603 {lituram
2636 5534 2809 5603 negat,
2873 5520 3589 5603 estquidpqetzmptzuet
3610 5521 3751 5576 Lov.,
3776 5512 3871 5578 qui

2273 5564 3606 5700 ηεςαῗᾜῖιᾶαέείιᾶῗιῗἏοοᾶῗῖῑῖεεῗῇἷᾶᾜιᾴἶοεὲι.

2383 5673 2438 5700 πρ
2484 5668 2533 5700 pr
2575 5666 2706 5700 ιην..
2729 5659 2872 5700 eastra
2891 5649 3087 5700 cuinam
3105 5661 3158 5698 es
3175 5684 3189 5700 .
3215 5657 3301 5700 aut
3321 5645 3470 5700 Ῐαοιδ,
3519 5648 3606 5691 θια

2274 5642 2554 5780 Εἶέῗᾷῖ
2575 5642 2712 5718 iovi,
2729 5642 2872 5707 extra
2891 5649 3087 5716 culpata
3105 5642 3158 5698 ei
3175 5642 3301 5710 ,ἠιη
3321 5642 3470 5708 Idm,
3519 5648 3616 5691 θιο·
3664 5646 3773 5688 Αω-
3816 5643 3876 5690 εἰ

2329 5745 2338 5754 ·
2371 5763 2404 5780 ..
2424 5738 2552 5780 mm.

2329 5743 2404 5787 35.,
2424 5738 2552 5790 qma.

2361 5784 2398 5840 α’
2437 5784 2708 5837 Donatistis.

2339 5791 2414 5917 3b;
2449 5851 2565 5911 Quia
2602 5846 2708 5917 scili

2364 5825 2414 5911 ῖς
2439 5825 2807 5911 Bﬁii'Eéiiicei,
2836 5833 3384 5911 _per.lmperat._leg‘es‘
3409 5825 3881 5911 consti‘tt‘itis‘gmnis

2339 5838 2414 5917 (ὦ
2449 5851 2565 5911 Quia
2602 5846 2807 5903 scilicet,
2853 5853 2944 5904 per
2976 5841 3205 5900 Imperat.
3234 5838 3378 5895 leges
3409 5838 3686 5880 constitutis
3709 5838 3881 5936 8mm:

2278 5917 2483 5969 vetitum
2511 5916 2617 5961 erat
2639 5907 2806 5969 iterari
2836 5903 3091 5969 baptisma.
3141 5897 3260 5948 vide
3292 5894 3403 5944 Cod.
3439 5891 3524 5942 'I‘lt.
3561 5888 3646 5939 lib.
3685 5888 3706 5936 l
3751 5922 3765 5948 ,
3793 5887 3881 5945 tit,

2279 5965 2588 6036 Nemetum
2612 5968 2846 6035 baptisma
2865 5965 3084 6019 iteratur.
