4042 6466
252 309 358 366 ιτς

248 423 404 489 beat,
454 418 552 477 sed
587 428 645 475 ut
673 417 741 474 ad
788 430 998 490 pinnam
1028 414 1238 470 habeat.
1281 409 1436 481 Quod
1477 408 1622 468 enim
1659 407 1841 474 habet,

250 516 432 572 habet.
463 513 776 584 Baptismus
806 509 896 565 ille
927 518 1176 578 tanquam
1202 504 1483 561 character
1504 499 1698 556 infixus
1718 504 1798 553 est
1827 513 1840 550 :

251 610 480 667 ornabat
523 607 751 663 militem
776 647 790 670 ,
838 603 1105 660 convincit
1141 600 1494 655 desertorem.
1538 594 1674 664 Quid
1702 593 1845 648 enim

257 701 426 759 facis?
452 697 729 755 Christum
771 696 1001 767 imponis
1038 708 1198 763 super
1215 691 1508 746 Christum.
1536 686 1591 742 Si
1621 685 1846 754 simplex

251 807 422 858 esses,
455 789 728 846 Christum
769 804 874 843 non
917 786 1238 856 duplicares.
1292 779 1526 843 Deinde,
1563 790 1744 847 quaeso
1771 782 1844 840 te,

251 887 456 945 ob.itus
481 899 542 941 es
568 881 711 954 quod
749 882 881 951 lapis
910 887 992 936 est
1025 875 1268 932 Christus
1287 917 1303 942 ,
1335 882 1390 929 et
1430 870 1677 941 Lapidem
1702 882 1848 938 quem

249 980 652 1054 reprobavcrunt
687 976 1030 1045 tcdiﬁcantes,
1082 971 1162 1025 hic
1187 971 1350 1040 factus
1378 975 1448 1022 est
1485 966 1539 1020 in
1576 972 1728 1034 caput
1753 977 1848 1014 an-

251 1053 361 1147 guli
408 1070 586 1143 (Psal.
615 1073 756 1126 cxvii
777 1109 791 1132 ,
822 1066 932 1131 22;
985 1065 1170 1118 Matth.
1200 1077 1319 1124 xxx,
1351 1059 1422 1114 ιη
1445 1102 1459 1124 ,
1490 1067 1536 1112 et
1564 1057 1582 1111 Ι
1610 1053 1752 1108 Petr.
1785 1069 1844 1119 ιι,

252 1169 303 1235 ι,
339 1167 431 1237 7)?
462 1164 519 1221 Si
550 1178 679 1236 ergo
708 1161 843 1233 lapis
868 1169 949 1215 est
972 1157 1234 1222 Christus,
1267 1163 1322 1210 et
1349 1152 1616 1208 Christum
1642 1150 1724 1203 vis
1748 1147 1848 1202 im-

252 1274 457 1330 ponere
482 1272 649 1328 super
674 1254 966 1316 Christum.
991 1250 1188 1306 excidit
1217 1248 1309 1304 tibi
1336 1245 1476 1317 quod
1505 1242 1751 1299 audivisti
1792 1241 1849 1295 in

251 1351 574 1421 Evangelia,
597 1349 719 1418 quia
743 1347 877 1417 lapis
903 1359 1064 1414 super
1081 1341 1306 1412 lapidem
1331 1355 1436 1394 non
1454 1337 1612 1392 stabit
1633 1333 1844 1399 (Matth.

251 1460 402 1510 xxrv,
432 1443 532 1511 2)?
559 1441 785 1496 Tantum
809 1448 984 1494 autem
1011 1437 1151 1491 valet
1171 1435 1416 1506 junctura
1445 1429 1750 1492 charitatis,
1791 1435 1851 1480 ut

253 1537 504 1608 quamvis
547 1535 703 1591 multi
745 1532 948 1602 lapides
980 1531 1082 1586 vivi
1126 1531 1176 1583 in
1226 1535 1491 1582 structura
1534 1521 1714 1592 templi
1755 1518 1848 1574 Dei

252 1629 617 1694 conveniant,
666 1641 802 1682 unus
852 1626 986 1694 lapis
1033 1638 1100 1679 ex
1126 1619 1375 1677 omnibus
1412 1617 1519 1672 fiat.
1553 1615 1629 1670 Tu
1670 1621 1848 1668 autem

253 1722 520 1777 discidisti
551 1730 635 1785 te;
668 1719 737 1774 ab
764 1718 1116 1774 aedificatione
1135 1727 1358 1771 revocas
1381 1753 1394 1776 .
1431 1710 1497 1766 ad
1519 1710 1726 1766 ruinam
1752 1722 1850 1762 vo-

254 1831 377 1880 cas;
421 1823 478 1870 et
517 1813 794 1869 abundant
832 1811 916 1866 ha:
953 1809 1195 1876 insidiae,
1231 1816 1285 1862 et
1309 1820 1415 1860 non
1437 1803 1718 1874 quiescunt
1752 1817 1764 1854 :
1797 1807 1854 1855 et

253 1910 503 1965 videmus
522 1949 540 1975 ,
573 1916 628 1962 et
657 1906 968 1970 toleramus,
1009 1911 1064 1958 et
1087 1908 1340 1973 quantum
1368 1908 1655 1968 possumus
1675 1891 1847 1962 repri-

254 2021 406 2062 mere
451 2019 747 2069 couamur,
793 1999 1146 2071 disputando,
1199 1990 1604 2056 convincendo,
1649 2001 1850 2044 conve-

255 2100 455 2157 niendo
477 2143 491 2165 ,
525 2097 781 2155 terrendo
802 2140 815 2163 ,
858 2105 1034 2152 tamen
1061 2095 1114 2149 in
1142 2091 1390 2147 omnibus
1412 2091 1427 2121 ¹
1453 2085 1737 2158 diligendo.
1785 2084 1853 2138 Et

257 2209 378 2248 eum
402 2191 522 2246 hare
556 2190 710 2244 nobis
737 2186 1015 2258 agentibus
1039 2190 1379 2255 perseverant
1404 2181 1456 2234 in
1484 2178 1646 2244 malo,
1677 2183 1732 2231 et
1758 2188 1852 2230 cor

260 2296 510 2343 nostrum
538 2285 607 2340 de
647 2283 899 2339 fraternis
923 2279 1186 2336 mortibus
1211 2273 1570 2339 contabescit,
1607 2286 1728 2327 cum
1757 2283 1853 2323 eos

255 2379 346 2450 qui
371 2377 506 2432 foris
526 2384 653 2431 sunt
675 2375 856 2441 dolet,
887 2373 968 2428 his
994 2371 1084 2443 qui
1108 2370 1248 2425 intus
1270 2375 1394 2423 sunt
1424 2366 1612 2431 timet,
1637 2377 1732 2433 per
1759 2375 1853 2415 au-

255 2472 462 2544 gustias
487 2469 847 2526 multiformes
875 2475 929 2522 et
958 2462 1300 2521 incessabiles
1333 2457 1653 2515 tentationes
1675 2497 1692 2523 ,
1737 2453 1854 2525 qui-

257 2566 360 2621 bus
386 2563 626 2620 abundat
653 2561 768 2617 htec
797 2562 900 2615 vita
922 2602 938 2628 ,
967 2557 1092 2630 quid
1114 2555 1303 2612 facturi
1331 2552 1552 2610 sumus?
1582 2551 1659 2606 Ex
1686 2549 1854 2604 abun-

258 2656 440 2713 dantia
483 2657 631 2710 enim
675 2652 965 2722 iniquitatis
993 2651 1051 2705 fit
1073 2648 1286 2720 quidam
1319 2655 1501 2716 torpor
1531 2640 1808 2698 charitatis
1835 2657 1849 2694 :

259 2749 507 2819 quoniam
533 2745 808 2800 abundavit
837 2743 1077 2812 iniquitas
1097 2781 1113 2804 ,
1150 2738 1428 2808 refrigescit
1462 2734 1682 2790 charitas
1715 2729 1852 2784 mul-

260 2851 445 2895 torum.
481 2839 551 2893 Et
578 2837 705 2908 quid
730 2849 916 2890 sumus
944 2831 1167 2897 facturi,
1207 2830 1309 2884 nisi
1339 2825 1482 2898 quod
1512 2822 1782 2894 sequitur,
1808 2819 1854 2875 si

261 2942 438 2988 tamen
487 2932 605 3002 ipso
650 2929 932 2999 adjuvaute
973 2925 1286 2996 possimus:
1333 2920 1433 2988 Qui
1475 2912 1856 2987 perseveraverit

260 3043 418 3095 usque
441 3026 493 3078 in
515 3025 692 3093 ﬁnem,
726 3023 807 3076 hic
826 3021 992 3076 salvus
1013 3020 1101 3073 erit
1123 3016 1306 3089 (Ibid.,
1339 3015 1427 3080 12,
1454 3012 1572 3084 15)τ

331 3117 387 3171 2.
420 3115 573 3190 [vers.
607 3115 644 3168 2
668 3156 682 3179 ,
711 3113 790 3186 3.]
837 3113 975 3183 Ergo
1001 3111 1243 3166 dicamus
1277 3106 1417 3178 quod
1446 3106 1544 3160 iste
1571 3101 1809 3175 psalmus
1839 3117 1854 3155 :

264 3210 534 3266 Sustinens
565 3206 781 3261 sustinui
809 3203 1106 3257 Dominum.
1153 3201 1418 3256 Sustinens
1453 3195 1703 3259 sustinui,
1746 3207 1856 3248 non

264 3301 559 3374 quemlibet
590 3299 861 3354 hominem
894 3295 1268 3366 promissorem
1289 3335 1304 3360 ,
1351 3291 1439 3363 qui
1479 3289 1648 3360 possit
1673 3286 1858 3342 fallere

263 3407 314 3450 et
366 3395 513 3458 falli;
565 3407 674 3447 non
699 3389 992 3462 quemlibet
1032 3387 1300 3442 hominem
1322 3382 1738 3450 consolatorem,
1767 3378 1858 3450 qui

265 3495 438 3556 potest
469 3485 685 3542 tristitia
707 3498 802 3537 sua
827 3491 951 3536 ante
985 3479 1284 3544 tabescere,
1312 3491 1469 3547 quam
1496 3489 1584 3529 me
1612 3472 1854 3532 reficere.

267 3577 586 3634 Consoletur
635 3590 722 3630 tne
772 3573 935 3627 frater
961 3571 1122 3625 homo
1145 3584 1265 3625 cum
1294 3567 1460 3622 tristis
1507 3573 1590 3620 est
1614 3579 1854 3628 meeum;

267 3671 422 3728 simul
453 3683 753 3742 gemamus,
779 3665 936 3722 simul
963 3663 1212 3726 ﬂeamus,
1241 3659 1396 3716 simul
1422 3671 1668 3722 oremus,
1698 3654 1858 3709 simul

269 3765 664 3826 sustineamus;
692 3775 850 3832 quem
872 3801 888 3825 ,
915 3757 1016 3812 nisi
1045 3755 1320 3810 Dominum
1346 3752 1435 3822 qui
1463 3749 1724 3820 promissa
1751 3761 1858 3801 non

269 3859 480 3924 aufert,
524 3855 620 3910 sed
667 3851 882 3907 differt?
925 3847 1208 3904 Exhibebit
1253 3846 1509 3916 profecto,
1557 3839 1855 3902 exhibebit;

270 3951 390 4021 quia
429 3947 597 4003 multa
637 3945 750 4016 jam
792 3942 1032 3999 exhibuit
1063 3957 1076 3995 :
1105 3949 1156 3994 et
1201 3937 1333 3992 nihil
1362 3936 1430 3992 de
1464 3935 1558 3990 Dei
1587 3933 1814 3989 veritate
1837 3934 1858 3964 ²

271 4040 561 4096 formidare
586 4037 906 4093 deberemus
933 4075 948 4101 ,
975 4033 1181 4088 etiamsi
1209 4029 1334 4085 nihil
1364 4028 1537 4083 adhuc
1563 4025 1858 4082 exhiberet.

273 4136 411 4191 Ecce
433 4135 542 4205 jam
566 4142 818 4204 putemus
843 4129 933 4196 ita,
968 4127 1145 4183 omnia
1185 4123 1462 4195 promisit,
1505 4121 1739 4175 nondum
1768 4117 1866 4172 ali-

273 4228 397 4300 quid
419 4226 569 4282 dedit
598 4244 612 4280 :
641 4223 864 4279 idoneus
903 4219 1198 4292 promissor
1219 4225 1303 4271 est
1321 4256 1336 4281 ,
1383 4213 1555 4268 fidelis
1581 4211 1821 4267 redditor
1846 4225 1861 4276 ;

274 4330 332 4376 tu
361 4329 566 4375 tantum
589 4325 706 4373 esto
731 4315 850 4386 pius
880 4319 1124 4376 exactor,
1154 4308 1253 4363 etsi
1276 4305 1527 4378 parvulus
1547 4346 1562 4372 ,
1590 4304 1690 4359 etsi
1716 4302 1864 4357 inﬁr-

276 4431 416 4478 mus,
439 4415 597 4484 exige
627 4407 1066 4466 misericordiam.
1096 4402 1210 4458 Non
1239 4398 1387 4454 vides
1414 4408 1625 4452 teneros
1654 4395 1674 4426 ⁸
1699 4407 1867 4464 agnos

275 4508 541 4579 capitibus
581 4506 797 4575 pulsare
836 4501 1000 4555 ubera
1043 4505 1295 4559 matrum,
1325 4500 1382 4546 ut
1405 4491 1541 4545 laete
1567 4485 1867 4543 satientur?

279 4602 574 4663 Sustinens,
608 4596 798 4667 inquit,
827 4590 1043 4648 sustinui
1070 4587 1362 4643 Dominum.
1394 4583 1463 4639 Et
1486 4580 1611 4652 quid
1637 4579 1760 4635 ille?
1786 4579 1869 4632 An

277 4695 472 4752 avertit
492 4709 552 4749 se
583 4707 611 4746 a
650 4699 700 4744 te
719 4731 736 4756 ,
776 4703 842 4742 an
873 4685 1223 4742 sustinentem
1252 4675 1592 4746 contempsit,
1621 4688 1687 4727 an
1732 4670 1871 4726 forte

281 4805 390 4845 non
415 4785 581 4842 vidit?
607 4783 723 4839 Non
767 4781 922 4852 plane
948 4779 1042 4832 ita.
1072 4773 1179 4831 Sed
1194 4771 1357 4844 quid?
1393 4769 1467 4824 Et"
1487 4767 1698 4822 attendit
1723 4765 1868 4829 mihi,

279 4894 327 4938 et
350 4879 607 4937 exaudivit
639 4873 1040 4947 deprecationem
1065 4883 1250 4922 meam.
1282 4860 1553 4925 Attendit,
1583 4867 1637 4912 et
1657 4855 1874 4912 exaudi-

283 4978 381 5030 vit.
408 4975 546 5029 Ecce
573 4985 678 5025 non
723 4967 916 5022 frustra
943 4959 1238 5018 sustinuisti
1266 4975 1281 5012 :
1310 4971 1472 5025 super
1497 4963 1548 5008 te
1571 4951 1708 5006 oculi
1737 4948 1872 5019 ejus,

282 5069 352 5123 ad
382 5076 431 5124 te
464 5079 625 5121 aures
667 5063 804 5133 ejus.
853 5057 1002 5114 Oculi
1029 5055 1173 5112 enim
1214 5049 1420 5106 Domini
1454 5062 1604 5118 super
1617 5045 1804 5133 justas,
1831 5050 1879 5096 et

284 5171 437 5209 aures
461 5155 572 5225 ejus
597 5150 655 5204 in
674 5128 843 5220 preces
863 5159 1053 5199 eorum.
1083 5136 1221 5206 Quid
1239 5150 1367 5206 ergo
1383 5175 1398 5201 ,
1421 5147 1544 5189 cum
1569 5129 1709 5185 male
1736 5128 1880 5182 face-

285 5261 411 5309 res,
441 5222 565 5300 cum
590 5256 713 5297 eum
741 5235 1176 5306 blasphemares,
1208 5242 1314 5284 non
1347 5222 1597 5280 videbat?
1643 5234 1752 5275 non
1788 5233 1884 5271 au-

288 5335 511 5393 diebat?
559 5335 628 5390 Et
664 5331 755 5387 ubi
789 5336 876 5384 est
902 5323 1124 5396 quodin
1164 5321 1280 5392 ipso
1315 5317 1519 5389 psalmo
1545 5313 1747 5369 dictum
1776 5317 1878 5374 est,

300 5430 492 5486 Vultus
506 5437 674 5483 autem
694 5422 897 5478 Domini
913 5433 1067 5488 super
1078 5415 1314 5488 facientes
1335 5408 1507 5465 mala?
1532 5404 1639 5462 Sed
1665 5401 1885 5474 utquid?

299 5525 376 5583 Ut
397 5523 573 5598 perdat
591 5521 656 5576 de
689 5529 824 5574 terra
854 5512 1145 5570 memoriam
1168 5522 1340 5563 eorum
1371 5501 1540 5576 (Psal.
1567 5512 1732 5554 xxxm
1751 5536 1766 5562 ,
1797 5494 1885 5562 16,

370 5662 391 5698 ⁸
417 5669 493 5713 Er.
518 5667 571 5711 et
591 5659 777 5721 aliquot
794 5656 1104 5721 Mss.,__t_amen
1118 5656 1295 5721 anates!

375 5729 396 5758 ι
419 5701 571 5774 ἰὲιὶιὲῖ
583 5701 750 5770 ᾗξῗιέἷ
760 5701 978 5766 hauriam
1001 5726 1032 5762 e
1054 5709 1238 5774 Gallic,
1261 5704 1324 5756 de
1357 5701 1446 5752 aet
1466 5701 1712 5774 firmitate.

381 5788 399 5822 ³
583 5758 1236 5848 Iiiéﬁﬁd'é'ifs;Iph-breve;
1263 5777 1426 5832 agnos.
1451 5758 1584 5814 Coll).
1608 5758 1783 5820 codex,
1803 5769 1891 5824 per
1995 5762 2056 5802 ru

305 5863 480 5917 greges
502 5859 665 5914 agnos.

1285 296 1680 357 ENABRATIO
1732 295 1794 353 IN
1833 291 2154 356 PSALMUM
2193 295 2434 354 XXXIX.

1949 405 2062 480 17).
2089 408 2228 480 Ergo
2254 421 2448 466 etcum
2473 412 2643 468 malus
2671 426 2835 482 esses,
2865 415 3172 476 attendebat
3198 426 3266 490 te,
3299 422 3394 480 sed
3420 441 3528 483 non

1947 500 2253 556 attendebat
2281 501 2396 558 tibi.
2442 503 2672 560 Proinde
2716 506 2817 562 iste
2843 507 2932 578 qui
2975 511 3243 567 sustinens
3281 517 3534 575 sustinuit

1949 592 2262 660 Dominum,
2293 611 2476 664 parum
2498 597 2546 651 ei
2572 596 2670 651 fuit
2688 597 2898 665 dicere,
2931 601 3170 658 Attendit
3194 618 3319 662 me:
3351 609 3532 665 Atten—

1947 686 2022 739 dit
2048 687 2194 755 mihi,
2219 689 2406 758 inquit,
2442 689 2490 744 id
2513 699 2614 756 est,
2639 690 2966 747 consolando
2988 694 3004 725 ⁸
3028 697 3248 752 attendit
3273 739 3288 764 ,
3319 709 3374 755 ut
3399 702 3530 760 mihi

1947 779 2244 850 prodesset.
2286 780 2421 848 Quid
2457 781 2723 838 attendit?
2762 783 2828 838 Et
2856 785 3108 841 exaudivit
3133 788 3530 860 deprecationem

1947 888 1996 926 ιιι
2001 887 2108 926 eam
2115 912 2129 927 .

2018 966 2072 1021 5.
2106 966 2171 1021 Et
2195 966 2320 1038 quid
2342 966 2433 1023 tibi
2458 967 2746 1038 prmstitit?
2791 970 2916 1040 quid
2958 971 3050 1028 tibi
3075 973 3232 1030 fecit?
3265 975 3335 1031 Et
3359 979 3536 1036 eduxit

1948 1075 2028 1114 me
2072 1059 2136 1113 de
2170 1059 2285 1114 lacu
2325 1061 2572 1128 miserim,
2609 1070 2657 1116 et
2685 1062 2748 1116 de
2774 1061 2878 1118 luto
2907 1065 3016 1119 limi
3050 1081 3068 1121 :
3103 1075 3152 1121 et
3178 1071 3354 1124 statuit
3379 1089 3535 1143 supra

1949 1160 2143 1220 petram
2171 1151 2320 1220 pedes
2341 1168 2474 1206 meos
2493 1194 2508 1218 ,
2553 1161 2600 1207 et
2623 1153 2806 1208 direxit
2828 1172 3030 1226 gressus
3048 1174 3214 1226 meos.
3237 1161 3305 1216 Et
3331 1163 3535 1218 inmu'sit

1947 1244 2002 1298 in
2042 1259 2098 1297 os
2137 1259 2299 1298 meum
2350 1245 2601 1298 canticum
2643 1263 2826 1300 novum
2847 1289 2862 1314 ,
2908 1247 3152 1320 hymnum
3181 1250 3292 1307 Deo
3340 1267 3532 1312 nostra.

1948 1334 2135 1405 Magna
2175 1338 2311 1390 bona
2339 1337 2610 1406 praestitit,
2656 1347 2709 1392 et
2731 1337 2904 1394 adhuc
2934 1341 3144 1397 debitor
3166 1353 3250 1399 est
3281 1361 3295 1399 :
3328 1346 3422 1401 sed
3447 1347 3537 1416 qui

1950 1425 2066 1481 hare
2087 1426 2288 1482 reddita
2303 1427 2411 1496 jam
2433 1437 2596 1492 tenet,
2619 1428 2685 1484 de
2705 1430 2914 1486 cteteris
2929 1431 3132 1501 credat,
3159 1436 3246 1504 qui
3272 1437 3292 1468 ⁸
3314 1437 3536 1492 credere

1949 1517 2132 1574 debuit
2172 1527 2226 1574 et
2271 1529 2554 1590 antequam
2597 1520 2795 1590 aliquid
2840 1531 3096 1578 sumeret.
3149 1523 3330 1580 Rebus
3373 1527 3533 1582 etiam

1950 1611 2078 1682 ipsis
2123 1612 2388 1681 persuasit
2417 1611 2569 1668 nobis
2596 1612 2853 1669 Dominus
2887 1625 3068 1671 noster
3092 1615 3302 1672 fidelem
3329 1634 3389 1674 se
3413 1635 3536 1675 esse

1950 1705 2350 1776 promissorem,
2381 1705 2580 1776 largum
2603 1705 2863 1761 datorem.
2892 1706 3029 1774 Quid
3053 1723 3182 1779 ergo
3206 1725 3345 1765 nunc
3374 1710 3538 1766 fecit?

1952 1798 2142 1853 Eduxit
2171 1815 2248 1852 me
2294 1799 2357 1852 de
2381 1798 2494 1853 lacu
2536 1799 2767 1854 miseriae.
2809 1799 2939 1868 Quis
2971 1811 3052 1856 est
3085 1802 3229 1858 lacus
3261 1805 3489 1860 miserim
3511 1805 3539 1861 ?

1950 1889 2290 1945 Profunditas
2311 1890 2621 1960 iniquitatis,
2652 1906 2717 1946 ex
2738 1891 3042 1948 carnalibus
3065 1894 3536 1964 concupiscentiis.

1952 1983 2064 2038 Hoc
2091 1990 2173 2037 est
2192 1982 2356 2048 enim,
2385 1991 2432 2037 et
2457 1981 2520 2035 de
2543 1983 2648 2036 luto
2676 1983 2802 2036 limi.
2831 1981 2982 2038 Unde
3010 1995 3060 2038 te
3081 1983 3305 2040 eduxit?
3324 1987 3398 2040 De
3421 2001 3538 2056 pro-

1951 2075 2114 2130 fundo
2153 2075 2402 2146 quodam.
2445 2075 2598 2132 Unde
2627 2076 2680 2130 iu
2724 2076 2832 2131 alio
2878 2078 3081 2146 psalmo
3114 2079 3420 2134 clamabas:
3460 2079 3539 2136 De

1952 2171 2222 2243 profundis
2260 2169 2474 2224 clamavi
2499 2169 2566 2222 ad
2595 2179 2671 2236 tc,
2701 2168 2917 2223 Domine
2945 2169 3112 2241 (Psal.
3144 2186 3300 2226 cxxtx
3320 2215 3335 2239 ,
3367 2172 3440 2244 1).
3471 2173 3540 2228 Et

1951 2263 2042 2334 qui
2060 2262 2168 2331 jam
2195 2261 2261 2316 de
2293 2260 2554 2331 profundo
2579 2261 2830 2326 clamant,
2861 2275 2964 2316 non
2993 2261 3204 2333 penitus
3234 2263 3288 2317 in
3320 2263 3540 2334 profun-

1951 2355 2022 2412 do
2042 2364 2164 2411 sunt
2191 2372 2204 2408 :
2234 2353 2437 2409 clamor
2463 2353 2699 2425 ipseiam
2722 2353 2882 2409 levat.
2936 2353 3072 2410 Sunt
3107 2355 3193 2410 alii
3229 2354 3541 2427 profundius

1953 2449 2008 2504 in
2047 2446 2343 2518 profundo,
2394 2446 2485 2517 qui
2523 2460 2624 2501 nec
2649 2445 2882 2500 sentiunt
2911 2460 2970 2501 se
2999 2461 3118 2502 esse
3157 2447 3209 2501 in
3252 2448 3537 2520 profundo.

1952 2539 2112 2596 Tales
2144 2547 2268 2594 sunt
2295 2538 2507 2606 superbi
2532 2545 2960 2606 contemptores,
2993 2553 3098 2592 non
3127 2539 3195 2610 pii
3222 2539 3541 2611 deprecato-

1953 2649 2040 2690 res
2059 2675 2074 2700 ,
2103 2647 2207 2687 non
2238 2631 2515 2702 lacrymosi
2536 2630 2851 2685 clamatores
2881 2647 2893 2683 :
2922 2629 3016 2684 sed
3043 2630 3174 2685 tales
3193 2672 3206 2696 ,
3235 2633 3418 2701 quales
3437 2633 3543 2688 alio

1954 2725 2072 2781 loco
2102 2724 2376 2794 Scriptura
2408 2722 2650 2792 designat
2681 2740 2693 2776 :
2728 2720 2970 2776 Peccator
2989 2739 3102 2776 cum
3125 2725 3308 2778 venerit
3347 2725 3397 2777 in
3420 2741 3543 2794 pro-

1954 2820 2171 2894 fundum
2190 2820 2456 2885 malorum,
2483 2817 2752 2872 contemnit
2783 2816 2962 2888 (Prov.
2991 2833 3146 2881 xvut,
3176 2818 3253 2889 5).
3278 2816 3373 2873 Cui
3395 2819 3542 2875 enim

1955 2929 2143 2987 parum
2169 2921 2251 2968 est
2276 2926 2397 2967 esse
2417 2917 2752 2982 peccatorem
2770 2950 2785 2974 ,
2813 2909 2914 2963 nisi
2935 2909 3096 2964 etiam
3127 2924 3232 2964 non
3261 2911 3327 2964 sit
3349 2924 3542 2980 pecca-

1955 3016 2130 3064 torum
2159 3020 2375 3061 suorum
2399 3001 2698 3067 confessor,
2724 3000 2819 3056 sed
2842 2998 3111 3068 defensor,
3137 3000 3296 3054 altius
3325 3001 3376 3054 in
3410 3015 3541 3072 pro-

1956 3099 2122 3155 fundo
2160 3105 2260 3154 est.
2315 3095 2408 3151 ille
2435 3103 2614 3149 autem
2657 3093 2747 3164 qui
2793 3090 2860 3148 de
2906 3091 3166 3161 profundo
3203 3092 3540 3162 exclamavit,

1953 3192 2067 3264 jam
2092 3191 2159 3245 ab
2189 3190 2296 3244 imo
2337 3185 2588 3258 profundi
2617 3192 2777 3255 caput
2810 3191 2870 3238 ut
2896 3184 3149 3239 clamaret
3175 3182 3370 3239 levavit
3403 3202 3416 3239 :
3446 3199 3546 3239 au-

1957 3284 2100 3341 ditus
2118 3291 2220 3349 est,
2247 3280 2470 3338 eductus
2495 3285 2579 3334 est
2600 3277 2669 3333 de
2693 3277 2809 3331 lacu
2837 3275 3087 3342 miseriae,
3113 3283 3166 3330 et
3186 3274 3254 3330 de
3274 3276 3386 3332 luto
3408 3275 3545 3332 limi.

1958 3378 2076 3435 lam
2104 3377 2264 3432 habet
2307 3374 2466 3429 ﬁdem
2491 3413 2508 3438 ,
2553 3385 2714 3442 quam
2739 3384 2846 3424 non
2875 3368 3140 3436 habebat;
3189 3367 3348 3423 habet
3371 3383 3545 3438 spem,

1960 3472 2076 3528 sine
2095 3484 2198 3540 qua
2219 3475 2335 3524 erat
2359 3483 2374 3532 ;
2403 3466 2458 3520 in
2483 3462 2700 3518 Christo
2723 3461 2980 3524 ambulat,
3012 3461 3102 3531 qui
3134 3460 3186 3514 in
3216 3459 3427 3515 diabolo
3454 3474 3546 3515 er-

1958 3564 2133 3618 rabat.
2164 3556 2287 3615 Ideo
2315 3558 2456 3613 enim
2475 3595 2490 3620 ,
2523 3554 2738 3620 Posuit,
2767 3553 2970 3623 inquit,
2994 3567 3152 3622 supra
3174 3561 3367 3622 petram
3397 3550 3548 3622 pedes

1958 3671 2115 3719 meos,
2141 3661 2189 3706 et
2225 3650 2405 3704 direxit
2437 3662 2637 3720 gressus
2661 3650 2815 3700 meos.
2861 3643 3016 3698 Petra
3042 3651 3218 3697 autem
3244 3649 3363 3697 erat
3387 3642 3547 3697 Chri-

1960 3757 2074 3803 stus
2122 3744 2164 3818 (l
2191 3743 2308 3798 Cor.
2332 3757 2388 3808 x,
2418 3741 2495 3810 4).
2549 3738 2728 3793 Simus
2773 3749 2935 3804 super
2972 3743 3204 3804 petram,
3255 3732 3550 3804 dirigantur

1961 3852 2174 3910 gressus
2198 3837 2365 3891 nostri
2395 3851 2408 3889 :
2431 3845 2567 3902 opus
2593 3840 2675 3886 est
2705 3838 2882 3884 tamen
2908 3827 3082 3882 adhuc
3105 3834 3162 3881 ut
3194 3825 3547 3895 ambulemus,

1963 3941 2020 3986 ut
2059 3930 2126 3986 ad
2168 3926 2364 3999 aliquid
2408 3923 2802 3996 perveniamus.
2858 3919 2992 3975 Nam
3022 3919 3216 3974 Paulus
3255 3917 3548 3989 apostolus,

1959 4024 2069 4095 jam
2094 4037 2255 4093 super
2291 4030 2496 4090 petram
2522 4059 2537 4084 ,
2582 4015 2692 4086 jam
2730 4013 2947 4069 directis
2984 4011 3206 4082 pedibus
3236 4011 3382 4076 suis,
3423 4009 3552 4081 quid

1965 4115 2214 4173 dicebat?
2260 4113 2379 4167 Non
2403 4112 2520 4182 quia
2548 4112 2663 4181 jam
2693 4107 3010 4178 acceperim,
3052 4113 3141 4158 aut
3156 4105 3269 4176 jam
3304 4108 3554 4175 perfectus

1965 4211 2062 4264 sim
2093 4224 2112 4262 :
2137 4208 2318 4277 fratres
2336 4245 2350 4269 ,
2386 4219 2478 4274 ego
2507 4217 2608 4255 non
2633 4200 2851 4254 arbitror
2877 4213 2954 4251 me
2976 4195 3387 4266 apprehendisse.
3416 4193 3556 4263 Quid

1969 4318 2097 4373 ergo
2129 4300 2222 4356 tibi
2250 4297 2542 4369 praestitum
2566 4301 2702 4359 est,.
2726 4291 2772 4346 si
2802 4305 2909 4345 non
2935 4286 3376 4358 apprehendisti?
3400 4286 3556 4342 Unde

1969 4396 2166 4467 gratias
2187 4391 2299 4461 agis
2319 4431 2332 4454 ,
2361 4402 2482 4442 cum
2509 4384 2642 4440 dicis
2669 4400 2682 4438 :
2715 4382 2819 4437 Sed
2843 4378 3238 4433 misericordiam
3261 4387 3557 4431 consecutus

1970 4505 2080 4544 sum
2103 4487 2144 4559 (I
2179 4483 2310 4538 Tim.
2339 4497 2378 4547 ι,
2412 4479 2537 4550 ιδγρ
2563 4476 2695 4544 Quia
2723 4471 2911 4528 directi
2935 4480 3060 4526 sunt
3083 4469 3264 4540 pedes,
3293 4468 3416 4540 quia
3441 4468 3555 4539 jam

1971 4558 2130 4649 supra
2159 4584 2360 4645 petram
2387 4568 2642 4625 ambulat.
2683 4563 2820 4634 Quid
2857 4562 2997 4619 enim
3024 4560 3143 4616 ait?
3193 4558 3364 4615 Unum
3386 4569 3558 4614 autem

1972 4687 2086 4742 qua:
2121 4681 2253 4723 retro
2281 4664 2481 4720 oblitus.
2529 4660 2661 4729 Quze
2698 4656 2881 4713 retro?
2929 4653 3099 4710 Lacus
3129 4653 3375 4707 miseriae.
3420 4651 3559 4720 Quid

1975 4773 2087 4829 εει,
2115 4757 2298 4816 retro?
2347 4755 2532 4812 Limus
2555 4751 2648 4808 luti
2666 4793 2681 4818 ,
2709 4745 3152 4818 concupiscentia:
3176 4744 3450 4810 carnales,
3481 4753 3562 4798 te-

1976 4857 2157 4914 nebrae
2183 4853 2540 4924 iuiquitatum.
2585 4846 2712 4914 Quae
2741 4853 2874 4898 retro
2911 4840 3094 4896 oblitus
3114 4882 3129 4906 ,
3151 4840 3204 4894 in
3230 4856 3290 4895 ea
3313 4854 3426 4912 quin
3447 4848 3564 4893 ante

1978 4958 2094 5006 sunt
2121 4955 2365 5003 extentus.
2396 4942 2513 4998 Non
2542 4955 2602 4994 se
2625 4937 2823 4992 diceret
2852 4941 3146 4995 extentum,
3173 4931 3217 4986 si
3238 4931 3347 5003 jam
3374 4946 3564 5002 perve-

1981 5045 2168 5100 nisset.
2201 5037 2518 5096 Extenditur
2544 5032 2688 5090 enim
2725 5029 2934 5084 animus
2967 5025 3238 5081 desiderio
3263 5024 3339 5080 rei
3365 5039 3567 5079 concu-

1982 5139 2142 5209 pitze,
2183 5148 2290 5188 non
2339 5128 2517 5184 laetitia
2544 5131 2866 5181 consecutae.
2916 5117 2984 5173 In
3019 5134 3078 5172 ea
3115 5131 3228 5188 qua:
3267 5125 3383 5168 ante
3426 5122 3565 5180 sunt,

1985 5204 2186 5298 inquit,
2213 5231 2438 5279 extentus
2455 5261 2470 5286 ,
2498 5232 2676 5288 sequor
2699 5214 2766 5268 ad
2800 5212 3021 5281 palmam
3040 5222 3272 5278 superate
3293 5204 3571 5259 vocationis

1986 5297 2081 5374 Dei
2101 5319 2155 5371 in
2184 5315 2382 5370 Christo
2399 5311 2524 5366 Jesu
2555 5306 2773 5380 (Philip.
2803 5320 2879 5371 ιιι,
2908 5303 2996 5368 η,
3024 5301 3137 5370 15).
3163 5297 3442 5358 Currebat,
3479 5312 3570 5350 se.

1988 5409 2250 5482 quebatur
2295 5403 2360 5459 ad
2409 5405 2662 5474 palmam.
2716 5398 2782 5452 Et
2827 5397 2931 5451 alio
2974 5395 3094 5448 loco
3141 5390 3251 5461 jam
3297 5388 3573 5458 proximus

1990 5477 2181 5575 palma:
2205 5541 2220 5568 ,
2256 5497 2507 5561 Cursum,
2542 5491 2748 5563 inquit,
2786 5484 3144 5544 consummavi.
3197 5477 3421 5548 Quando
3445 5493 3575 5549 ergo

2057 5687 2075 5719 ί
2102 5682 2440 5747 Aliquot_1\_Iss.,
2474 5673 2764 5747 consulendo
2791 5684 2888 5747 {ac
2911 5656 3575 5747 paii‘lompostmplegiqucnfe-

2057 5725 2606 5809 ιιίξῖίῖἶιῖἡῖἷιίόιιέξδέὲι
2623 5725 2748 5808 qttod
2765 5725 2966 5787 attendit
2992 5741 3009 5781 .‘
3042 5725 3388 5784 Et’exaudivit,
3416 5731 3511 5772 etc.

2060 5813 2082 5844 ²
2101 5810 2238 5869 aditi,
2254 5817 2384 5872 quur.
2401 5811 2456 5856 Αι
2473 5811 2600 5864 Mss,
2620 5813 2717 5862 qui.
