4042 6528
448 429 553 488 ιδδ

447 540 697 607 dicebat;
727 540 924 608 Sequar
954 539 1022 593 ad
1046 540 1268 610 palmam
1295 555 1529 610 superna:
1555 539 1828 595 vocationis
1851 582 1866 606 ,
1908 541 2029 610 quia

446 633 555 706 jam
580 632 740 704 pedes
764 632 880 702 ejus
906 633 960 686 in
990 641 1138 703 petra
1175 633 1364 689 directi
1394 643 1546 689 erant
1570 676 1583 698 ,
1627 637 1736 704 jam
1765 634 1901 687 viam
1932 634 2032 687 bo-

446 741 572 792 nam
599 723 903 782 ambulabat
931 741 944 777 :
973 723 1166 789 habeat
1207 725 1346 780 unde
1385 725 1582 795 gratias
1612 733 1825 795 ageret,
1866 725 2032 779 habe-

448 816 545 874 bat
567 816 710 888 quod
737 824 974 887 peteret,
1003 815 1201 886 gratias
1234 831 1398 887 agens
1423 816 1490 870 de
1514 816 1765 884 acceptis,
1801 825 1986 886 petens
2017 815 2032 846 ί

450 909 652 965 debita.
697 909 772 963 De
797 908 990 979 quibus
1013 908 1282 977 acceptis?
1328 909 1401 962 De
1432 907 1753 978 indulgentia
1783 916 2033 978 peccato-

447 1016 594 1067 rum,
615 1000 680 1056 de
705 999 1087 1055 illuminatione
1109 999 1250 1065 fidei,
1269 1000 1336 1055 de
1361 1000 1551 1055 robore
1575 1000 1708 1069 spei,
1735 1000 1802 1056 de
1824 1001 2034 1054 flamma

449 1094 749 1152 cliaritatis.
802 1093 956 1152 Unde
999 1101 1174 1148 autem
1212 1094 1385 1149 adhuc
1412 1094 1692 1156 Dominum
1740 1094 2036 1150 debitorem

451 1187 702 1244 tenebat?
725 1186 803 1241 De
825 1197 1033 1251 cauere,
1064 1187 1250 1256 inquit,
1281 1198 1504 1256 superest
1530 1188 1656 1241 mihi
1677 1203 1863 1241 corona
1879 1188 2038 1258 justi.

451 1282 554 1337 tite.
588 1280 776 1336 Adhuc
796 1294 926 1349 ergo
950 1279 1080 1332 mibi
1107 1278 1306 1348 aliquid
1333 1278 1579 1334 debetur.
1610 1279 1748 1345 Quid
1773 1279 2037 1334 debetur?

451 1369 653 1427 Corona
668 1370 916 1441 justitite,
948 1385 1098 1438 quam
1136 1369 1308 1423 reddet
1337 1370 1459 1423 mihi
1482 1369 1730 1424 Dominus
1759 1370 1814 1424 in
1844 1371 1934 1424 illa
1959 1371 2040 1424 die

449 1467 613 1538 justus
627 1463 794 1534 judea:
822 1461 886 1534 (Il
910 1461 1043 1516 Tim.
1074 1478 1145 1528 iv,
1175 1461 1206 1515 7
1226 1503 1240 1528 ,
1269 1461 1348 1534 8).
1376 1462 1554 1518 Primo
1583 1462 1841 1532 benignus
1866 1472 2035 1532 pater,

450 1564 513 1616 ut
554 1565 764 1612 erueret
812 1556 879 1610 de
905 1556 1023 1610 lacu
1050 1555 1313 1622 miserim,
1359 1565 1418 1610 ut
1447 1556 1669 1612 donaret
1707 1567 1952 1625 peccata,
1982 1567 2040 1612 ut

450 1647 707 1704 liberaret
734 1648 802 1702 de
827 1649 940 1702 luto
969 1649 1080 1703 limi
1111 1665 1124 1701 :
1161 1660 1344 1718 postea
1368 1648 1543 1718 justus
1562 1649 1723 1719 judex
1750 1691 1764 1714 ,
1809 1649 2040 1706 reddens

451 1739 590 1794 bene
629 1739 920 1794 ambulanti
965 1739 1105 1808 quod
1155 1740 1436 1809 promisit,
1485 1741 1569 1795 cui
1599 1742 1771 1810 primo
1799 1750 1856 1796 ut
1901 1741 2040 1796 bene

450 1833 746 1888 ambularet
765 1833 1002 1888 donavit.
1022 1833 1232 1888 Reddet
1256 1848 1382 1903 ergo
1397 1835 1572 1903 justus
1589 1834 1750 1902 judex
1777 1851 1791 1886 :
1815 1835 1908 1890 sed
1924 1837 2042 1905 qni-

450 1925 597 1988 bus?
629 1925 731 1992 Qui
755 1925 1134 1997 perseveraverit
1160 1941 1314 1995 usque
1347 1927 1399 1980 in
1431 1927 1583 1996 ﬁnem
1603 1969 1617 1993 ,
1652 1927 1732 1979 hic
1754 1926 1922 1980 salvus
1947 1927 2040 1981 erit

451 2015 664 2088 (Matth.
693 2031 746 2081 ι,
774 2017 866 2081 22,
891 2025 941 2071 et
970 2033 1112 2080 sxw,
1144 2017 1254 2087 l5).

519 2110 573 2166 4.
605 2106 771 2181 [vers.
802 2107 890 2181 4.]
921 2108 989 2162 Et
1030 2110 1239 2163 immisit
1274 2110 1328 2163 in
1371 2126 1428 2164 os
1469 2126 1634 2164 meum
1663 2110 1914 2164 canticum
1945 2127 2040 2165 no-

448 2215 585 2256 vum.
634 2201 786 2269 Quod
831 2201 1095 2256 canticum
1140 2201 1376 2256 norum?
1409 2200 1671 2272 llymnum
1698 2201 1808 2255 Deo
1847 2211 2037 2257 nostra.

451 2289 678 2348 Dicebas
718 2291 857 2348 forte
889 2292 1116 2364 hymnos
1155 2292 1259 2347 diis
1281 2293 1494 2355 alienis.
1533 2300 1744 2348 veteres
1774 2294 2038 2364 hymnos;

453 2383 575 2453 quia
604 2392 755 2438 vetus
776 2382 935 2437 homo
957 2382 1190 2450 dicebat,
1214 2399 1322 2438 non
1344 2398 1514 2438 novus
1534 2383 1696 2438 homo
1720 2384 1808 2437 fiat
1834 2401 1848 2438 :
1874 2399 2041 2439 novus

449 2473 638 2539 homo,
667 2474 807 2529 dicat
844 2475 1109 2530 canticum
1140 2490 1333 2529 novum
1364 2493 1376 2529 :
1411 2476 1690 2532 innovatus
1728 2483 1871 2532 amet
1905 2491 2041 2530 nova

451 2567 646 2638 quibus
692 2576 995 2622 renovatur.
1027 2566 1160 2624 Nam
1203 2566 1326 2636 quid
1358 2567 1626 2637 antiquius
1667 2567 1806 2631 Deo,
1843 2569 1932 2636 qui
1959 2577 2043 2623 est

450 2672 576 2718 alite
597 2661 794 2726 omnia,
826 2670 880 2716 et
909 2662 1027 2716 sine
1057 2661 1182 2727 fine,
1210 2670 1264 2715 et
1288 2660 1402 2715 sine
1429 2659 1624 2714 initio?
1649 2660 1765 2717 Tibi
1793 2660 1851 2714 fit
1871 2675 2042 2717 novus

449 2753 692 2809 redeunti
720 2770 735 2819 ;
762 2753 882 2823 quia
914 2751 1242 2808 discedendo
1269 2751 1438 2806 factus
1465 2767 1585 2806 eras
1613 2762 1784 2818 vetus,
1812 2761 1865 2807 et
1891 2753 2042 2809 dixe-

449 2860 539 2902 ras
564 2861 580 2901 '.
607 2845 891 2902 Invetcravi
916 2846 968 2900 in
993 2845 1223 2899 omnibus
1264 2846 1484 2900 inimicis
1513 2847 1636 2901 meis
1661 2845 1831 2920 (Psal.
1859 2863 1932 2913 vr,
1957 2847 2037 2919 8).

446 2941 687 2996 Dicimus
712 2943 731 2973 ²
759 2956 887 3010 ergo
915 2940 1170 3012 hymnum
1203 2943 1313 2994 Deo
1341 2949 1545 3005 nostro,
1577 2949 1632 2995 et
1669 2941 1784 3009 ipse
1812 2940 2041 3010 hymnus

449 3031 639 3086 liberat
670 3046 788 3086 nos.
821 3030 1062 3085 Laudans
1107 3031 1248 3086 enim
1293 3031 1532 3084 invocabo
1563 3029 1835 3085 Dominum
1858 3072 1873 3097 ,
1906 3031 2040 3085 etab

446 3123 664 3192 inimicis
695 3124 817 3178 tneis
861 3122 1032 3176 salvus
1059 3139 1143 3176 ero
1187 3121 1341 3194 (Psal
1383 3137 1526 3188 xvn,
1555 3120 1634 3194 4).
1677 3121 1917 3193 Hymnus
1957 3131 2042 3178 est

449 3215 592 3269 enim
638 3215 903 3268 canticum
948 3213 1138 3267 laudis.
1185 3212 1434 3266 Laudans
1469 3213 1680 3281 invoca,
1707 3228 1814 3268 non
1856 3229 2042 3285 repre-

448 3305 710 3364 hendens.
740 3304 966 3370 Quando
991 3305 1133 3358 enim
1162 3303 1380 3358 invocas
1401 3305 1591 3371 Deum,
1623 3313 1682 3359 ut
1706 3315 1914 3374 premat
1939 3307 2042 3362 ini-

448 3399 648 3460 micum
677 3406 846 3462 tuum,
879 3396 1090 3467 quando
1119 3396 1187 3451 de
1215 3396 1353 3450 malo
1377 3396 1556 3451 alieno
1586 3397 1820 3467 gaudere
1849 3400 1958 3465 vis,
1986 3411 2042 3456 et

447 3491 513 3545 ad
559 3490 658 3544 hoc
687 3491 884 3545 malum
932 3490 1148 3544 invocas
1175 3489 1342 3544 Deum
1368 3529 1384 3556 ,
1415 3490 1728 3560 participem
1759 3506 1880 3547 eum
1909 3492 2040 3550 facis

449 3582 668 3638 malitiae
699 3589 822 3636 tum.
872 3580 928 3637 Si
970 3580 1281 3651 participem
1312 3596 1434 3636 eum
1478 3579 1608 3636 facis
1652 3567 1890 3651 malitias,
1931 3601 2039 3641 non

446 3687 577 3744 ergo
601 3672 822 3730 laudans
850 3673 1086 3740 invocas,
1110 3671 1203 3728 sed
1235 3673 1654 3743 reprehendens.
1683 3675 1866 3731 Talem
1893 3679 2037 3733 enim

445 3774 604 3837 putas
629 3766 814 3830 Deum,
841 3765 1011 3834 qualis
1040 3774 1094 3820 tu
1121 3779 1198 3819 es.
1228 3763 1382 3820 Unde
1407 3765 1500 3819 tibi
1527 3766 1632 3821 alio
1662 3766 1780 3821 loco
1804 3767 1997 3823 dicitur
2021 3787 2036 3825 :

449 3855 576 3920 Hau:
611 3856 808 3927 fecisti,
836 3865 880 3908 et
908 3855 1080 3918 tacui;
1109 3856 1390 3926 suspicatus
1413 3872 1466 3910 es
1489 3857 1804 3925 iniquitatem
1825 3859 1868 3923 ³,
1900 3861 2038 3929 quod

445 3965 532 4002 ero
561 3946 649 4001 tibi
674 3946 852 4000 similis
879 3943 1054 4016 (Psal.
1080 3961 1204 3999 XLIX
1229 3987 1240 4008 ,
1265 3947 1327 4000 21
1351 3946 1389 4015 ).
1419 3945 1664 4001 Laudans
1690 3963 1817 4018 ergo
1848 3948 2036 4004 invoca

444 4039 730 4096 Dominum
762 4055 774 4091 :
816 4037 924 4092 noli
963 4053 1084 4092 eum
1131 4045 1315 4106 putare
1342 4037 1567 4092 similem
1601 4038 1728 4106 tibi,
1763 4050 1817 4093 ut
1846 4040 2036 4096 similis

444 4136 545 4190 fias
587 4134 686 4188 illi.
736 4131 913 4187 Estatc
956 4131 1089 4186 enim
1118 4130 1247 4184 sicut
1278 4129 1435 4184 Pater
1477 4139 1635 4185 vester
1663 4133 1908 4202 perfecti,
1949 4135 2037 4202 qui

443 4227 603 4284 solem
626 4243 776 4280 suum
807 4225 930 4279 oriri
961 4225 1083 4296 facit
1109 4240 1264 4292 super
1295 4222 1452 4277 bonos
1490 4233 1536 4276 et
1574 4224 1734 4277 malos
1757 4265 1772 4290 ,
1819 4234 1865 4278 et
1907 4227 2036 4295 pluit

443 4337 598 4392 super
628 4319 798 4390 justas
841 4329 885 4372 et
925 4317 1142 4387 injustos
1177 4315 1386 4386 (Matth.
1413 4330 1466 4380 v,
1495 4315 1585 4380 48,
1614 4313 1728 4388 45).
1777 4315 1866 4372 Sic
1905 4332 2036 4388 ergo

441 4413 598 4468 lauda
623 4410 928 4475 Dominum,
956 4419 1010 4462 ut
1038 4408 1174 4463 nolis
1201 4407 1338 4463 male
1362 4407 1592 4463 inimicis
1616 4409 1740 4464 tuis.
1775 4409 1843 4464 Et
1867 4425 2035 4480 quan-

441 4513 556 4562 tum
587 4505 698 4571 eis,
735 4505 944 4573 inquis,
974 4503 1132 4558 velim
1165 4503 1405 4558 bonum?
1444 4502 1709 4570 Quantum
1753 4504 1867 4559 tibi.
1915 4505 2030 4561 Non

443 4599 586 4655 enim
617 4597 686 4652 de
717 4605 807 4650 tuo
833 4596 1106 4664 accepturi
1155 4604 1280 4648 sunt
1325 4604 1385 4650 ut
1430 4594 1556 4649 boni
1601 4596 1741 4660 sint,
1773 4605 1865 4651 aut
1890 4597 2033 4667 quod

443 4690 550 4745 illis
575 4689 806 4753 dabitur,
843 4687 935 4741 tibi
963 4687 1252 4740 minuetur.
1299 4685 1548 4742 Inimicus
1575 4695 1713 4753 tuus,
1754 4689 1877 4758 quia
1913 4705 2032 4744 ma-

441 4783 527 4839 lus
555 4791 658 4847 est,
689 4779 938 4834 inimicus
966 4789 1047 4833 est
1081 4797 1095 4832 :
1127 4780 1183 4833 fit
1226 4778 1400 4832 bonus
1423 4819 1436 4842 ,
1484 4786 1538 4833 et
1566 4779 1768 4834 amicus
1810 4782 1944 4849 erit,
1977 4793 2032 4838 et

443 4876 619 4931 socius
661 4873 802 4937 erit;
851 4882 908 4927 ut
946 4871 1105 4926 simul
1142 4871 1273 4926 velis
1304 4870 1580 4940 possidere
1608 4871 1751 4942 quod
1789 4877 2024 4944 amabas,

445 4966 546 5040 jam
578 4963 745 5018 frater
782 4964 904 5018 erit.
949 4963 1196 5018 Laudans
1239 4977 1367 5033 ergo
1410 4963 1620 5027 invoca,
1650 4962 1906 5034 hymnum
1940 4966 2027 5023 die

440 5058 553 5112 Deo
590 5041 702 5112 tuo.
747 5055 1068 5124 Sacri/icium
1113 5054 1310 5120 laudis,
1338 5055 1442 5121 ait,
1471 5055 1776 5126 gloriﬁcabit
1817 5073 1912 5112 me.
1959 5059 2026 5116 Et

435 5150 613 5222 quid?
656 5149 828 5218 major
865 5148 1034 5219 gloria
1077 5148 1179 5202 erit
1220 5147 1352 5212 Deo,
1394 5148 1516 5218 quia
1556 5147 1824 5227 glorificas
1860 5153 2026 5207 eum?

433 5251 530 5300 aut
555 5242 798 5298 addimus
826 5241 1048 5312 gloriam
1080 5241 1219 5309 Deo,
1245 5239 1459 5310 quando
1484 5240 1535 5296 ei
1563 5240 1810 5308 dicimus,
1841 5241 2022 5299 Glori-

433 5336 539 5391 ﬁco
571 5346 658 5401 te,
704 5335 844 5391 Deus
874 5333 1068 5389 meus?
1111 5340 1203 5387 aut
1247 5333 1570 5388 sanctiorem
1607 5349 1731 5389 eum
1777 5333 2018 5404 facimus,

432 5429 649 5500 quando
675 5429 919 5491 dicimus,
947 5426 1212 5482 Benedico
1241 5435 1312 5490 te,
1339 5426 1478 5482 Deus
1504 5426 1692 5482 meus?
1718 5425 1836 5497 Ipse
1856 5443 2022 5496 quan-

431 5519 506 5578 do
533 5537 628 5578 nos
655 5520 920 5576 benedicit
940 5560 956 5586 ,
987 5518 1110 5574 facit
1137 5533 1236 5574 nos
1265 5518 1560 5573 sanctiores
1579 5559 1593 5584 ,
1624 5518 1748 5573 facit
1771 5532 1870 5573 nos
1897 5517 2018 5574 feli-

495 5677 515 5709 ί
537 5683 671 5734 Lov.,
693 5682 854 5738 petens
882 5671 1062 5726 dimitti
1084 5670 1263 5725 debita.
1289 5671 1500 5723 Verbum
1514 5705 1530 5732 ,
1557 5668 1764 5734 dimitti,
1793 5671 1934 5722 abest
1955 5671 2018 5721 ab

427 5741 514 5833 υἱ
763 5805 816 5849 At
836 5805 968 5858 Lov.,
996 5796 1216 5847 dicamus
1245 5803 1335 5846 :et
1354 5794 1476 5845 infra
1494 5831 1508 5856 ,
1534 5794 1700 5858 liberet
1722 5808 1824 5847 nos.

425 5862 670 5977 ηξὶιῖῖἓη
694 5859 870 5924 ιηὶίιιιε.
895 5857 1100 5920 Atius,
1121 5858 1456 5925 iniquitatem;
1486 5859 1556 5908 sic
1599 5857 1792 5917 ipsimet
1821 5857 1934 5909 add.
1959 5859 2012 5910 tu

1673 426 1730 482 S.
1771 423 2137 482 AUGUSTI-Nl
2175 421 2483 480 EPISCOPI

3615 422 3734 480 456

2145 537 2320 592 ciores
2345 553 2359 602 ;
2401 535 2614 608 quando
2643 550 2740 592 nos
2769 537 3050 609 gloriﬁcat,
3083 536 3207 592 facit
3233 551 3329 592 nos
3355 537 3731 608 gloriosiores,

2139 628 2264 684 facit
2310 644 2406 685 nos
2455 631 2824 687 honoratiores
2864 651 2876 686 :
2919 631 3131 702 quando
3173 647 3294 688 eum
3339 632 3731 703 glorifiCamus,

2142 722 2293 778 nobis
2333 724 2569 792 prodest,
2612 741 2716 779 non
2751 725 2844 779 illi.
2878 725 3161 794 Quomodo
3187 726 3327 780 enim
3365 741 3484 779 cum
3519 723 3734 796 glorifi-

2139 815 2362 871 camus?
2403 816 2707 872 Gloriosum
2751 817 2998 884 dicendo,
3040 833 3146 872 non
3188 816 3452 873 faciendo.
3496 801 3736 872 Proinde

2139 907 2264 978 quid
2295 918 2507 962 secutus
2534 909 2628 974 ait,
2669 925 2789 964 cum
2815 909 3039 976 diceret,
3067 911 3390 979 Sacri/icium
3420 909 3585 964 laudis
3617 911 3732 980 glo-

2141 998 2355 1068 riﬁcabit
2396 1000 2521 1053 me?
2572 999 2650 1055 Ne
2692 1008 2910 1070 putares
2954 1009 3006 1056 te
3052 1001 3247 1071 aliquid
3295 1012 3549 1071 praestare
3588 1003 3730 1070 Deo,

2141 1090 2414 1148 offerendo
2441 1093 2515 1148 illi
2543 1095 2862 1148 sacrificium
2905 1093 3095 1160 laudis,
3123 1092 3190 1147 Et
3212 1095 3281 1148 ibi
3307 1103 3376 1148 est
3405 1095 3504 1158 via,
3533 1093 3734 1164 inquit,

2141 1183 2225 1236 ubi
2246 1185 2505 1238 ostendam
2525 1185 2604 1238 illi
2626 1187 2849 1240 salutare
2873 1202 3039 1240 meum
3063 1185 3233 1259 (Psal.
3259 1201 3399 1249 xm,
3424 1184 3540 1258 25).
3566 1186 3736 1241 Vides

2141 1275 2263 1345 quia
2296 1276 2390 1330 tibi
2436 1276 2676 1347 proderit
2719 1277 2933 1332 laudare
2974 1278 3172 1344 Deum,
3203 1293 3308 1332 non
3346 1278 3473 1332 Deo.
3519 1277 3738 1333 Laudas

2145 1366 2355 1422 Deum?
2400 1367 2655 1422 Ambulas
2681 1369 2842 1423 viam.
2884 1369 3253 1440 Reprehendis
3281 1369 3493 1424 Deum?
3540 1368 3737 1424 Perdi-

2142 1456 2264 1512 disti
2292 1460 2452 1512 viam.

2214 1549 2269 1603 5.
2299 1547 2364 1602 Et
2388 1550 2590 1604 immisit
2612 1550 2664 1604 in
2695 1567 2749 1604 os
2783 1568 2947 1605 meum
2983 1551 3236 1605 canticum
3255 1567 3460 1618 novum,
3489 1551 3740 1623 hymnum

2146 1644 2254 1698 Deo
2280 1655 2471 1699 nostra.
2509 1643 2671 1699 Forte
2697 1647 2887 1716 quterit
2910 1646 3116 1716 aliquis,
3147 1661 3268 1716 qua:
3290 1659 3518 1715 persona
3549 1646 3742 1716 loqua-

2143 1746 2230 1791 tur
2251 1738 2302 1792 in
2331 1738 2431 1792 hoc
2456 1737 2681 1808 psalmo.
2703 1738 2941 1793 Breviter
2966 1738 3211 1803 dixerim,
3233 1738 3473 1792 Christus
3499 1750 3600 1792 εει.
3628 1737 3742 1794 Sed

2145 1831 2280 1886 sicut
2308 1832 2496 1894 nostis,
2526 1830 2739 1899 fratres,
2781 1841 2834 1887 et
2860 1847 3005 1902 saepe
3033 1831 3318 1886 dicendum
3359 1839 3460 1897 est,
3490 1830 3742 1887 Christus

2145 1925 2430 1996 aliquando
2456 1926 2692 1996 loquitur
2715 1941 2778 1981 ex
2809 1940 2888 1992 se,
2921 1924 2973 1980 id
2998 1933 3079 1980 est
3107 1941 3172 1980 ex
3203 1925 3374 1994 capite
3400 1933 3586 1980 nostro
3617 1943 3632 1980 :
3659 1933 3745 1981 est

2145 2021 2287 2074 enim
2318 2022 2432 2090 ipse
2461 2020 2706 2076 Salvator
2733 2019 2972 2090 corporis
2997 2062 3013 2087 ,
3053 2029 3213 2089 caput
3252 2028 3490 2075 nostrum
3512 2060 3526 2085 ,
3568 2018 3743 2074 Filius

2145 2113 2239 2168 Dei
2270 2123 2426 2168 natus
2447 2129 2510 2168 ex
2533 2113 2768 2184 virgine,
2803 2129 2990 2182 passus
3016 2127 3112 2183 pro
3151 2112 3326 2178 nobis,
3358 2127 3648 2184 resurgens
3674 2113 3741 2167 ad

2145 2219 2245 2261 nos
2280 2204 2651 2274 justificandos
2669 2246 2684 2272 ,
2713 2205 2907 2260 sedens
2936 2204 3001 2258 ad
3028 2205 3300 2260 dexteram
3330 2205 3422 2260 Dei
3461 2205 3526 2259 ad
3568 2205 3743 2260 inter-

2146 2297 2454 2368 pellandum
2493 2312 2590 2367 pro
2630 2298 2802 2363 nobis,
2845 2298 3202 2353 retributurus
3235 2297 3412 2352 omnia
3442 2296 3495 2351 in
3536 2296 3744 2366 judicio

2147 2387 2285 2442 bona
2330 2388 2504 2453 bonis,
2541 2389 2679 2442 mala
2709 2389 2884 2444 malis.
2928 2388 3097 2458 Caput
3141 2398 3380 2444 nostrum
3427 2389 3545 2455 ille,
3581 2397 3744 2461 caput

2149 2478 2398 2548 dignatus
2433 2487 2516 2534 est
2555 2481 2796 2550 corporis
2832 2480 2968 2544 ﬁeri,
2996 2494 3212 2535 carnem
3244 2479 3564 2535 assumendo
3586 2494 3617 2533 a
3645 2496 3746 2534 no-

2148 2570 2252 2636 bis,
2299 2571 2349 2625 in
2371 2587 2473 2642 qua
2507 2583 2806 2626 moreretur
2831 2588 2925 2642 pro
2953 2572 3109 2626 nobis
3137 2589 3149 2624 :
3184 2588 3342 2643 quam
3369 2574 3530 2628 etiam
3556 2588 3742 2628 resus-

2146 2662 2332 2717 citavit.
2375 2672 2591 2733 propter
2626 2679 2756 2728 nos,
2800 2671 2858 2718 ut
2895 2664 2950 2718 in
2997 2664 3085 2718 illa
3123 2678 3286 2719 carne
3325 2664 3744 2719 resurrectionis

2148 2754 2301 2810 nobis
2344 2755 2612 2826 praeberet
2661 2755 2968 2824 exemplum
2994 2797 3007 2821 ,
3042 2763 3100 2809 ut
3143 2768 3359 2824 sperare
3405 2755 3744 2811 disceremus

2147 2846 2290 2916 quod
2317 2845 2767 2916 desperabamus,
2792 2855 2846 2900 et
2875 2845 3195 2901 haberemus
3216 2846 3323 2914 jam
3364 2846 3530 2917 pedes
3566 2847 3622 2900 in
3650 2860 3744 2915 pe-

2147 2945 2250 3002 tra,
2275 2938 2668 2994 ambularemus
2691 2939 2742 2992 in
2763 2937 2994 2992 Christo.
3027 2938 3282 3008 Loquitur
3301 2952 3428 3007 ergo
3455 2938 3743 3008 aliquando

2146 3044 2214 3084 ex
2239 3030 2413 3099 capite
2439 3038 2645 3092 nostro,
2677 3028 2913 3098 loquitur
2950 3027 3235 3099 aliquando
3273 3037 3328 3083 et
3368 3044 3433 3082 ex
3472 3028 3654 3095 nobis,
3692 3028 3742 3084 id

2147 3129 2320 3176 estex
2350 3119 2607 3175 membris
2625 3120 2776 3175 suis:
2807 3120 2929 3189 quia
2961 3121 3120 3174 etiam
3163 3119 3376 3190 quando
3401 3119 3570 3186 dixit,
3603 3119 3741 3173 Esu-

2145 3213 2259 3278 riui,
2303 3221 2350 3265 et
2377 3211 2586 3265 dedistis
2619 3210 2744 3264 mihi
2776 3211 3086 3264 manducare
3123 3210 3339 3280 (Matth.
3362 3226 3490 3275 xxv,
3513 3209 3644 3283 55),
3677 3226 3740 3267 ex

2148 3306 2405 3361 membris
2425 3306 2537 3360 suis
2559 3305 2894 3375 loquebatur,
2923 3320 3029 3360 non
3053 3321 3123 3361 ex
3147 3320 3224 3360 se.
3249 3306 3318 3360 Et
3345 3306 3557 3376 quando
3585 3307 3740 3372 dixit,

2149 3395 2330 3462 Saule,
2359 3395 2538 3462 Saule,
2579 3397 2703 3467 quid
2739 3413 2819 3450 me
2845 3397 3158 3468 persequeris
3187 3395 3326 3467 (Act.
3351 3413 3423 3460 Ix,
3449 3396 3550 3468 4)?
3584 3407 3741 3467 caput

2147 3503 2247 3559 pro
2287 3487 2542 3542 membris
2581 3487 2846 3542 clamabat
2883 3505 2897 3542 :
2935 3496 2990 3540 et
3033 3495 3208 3541 tamen
3253 3501 3360 3542 non
3403 3486 3561 3557 dixit,
3604 3488 3740 3557 Quid

2146 3581 2486 3652 persequeris
2511 3581 2750 3636 membra
2782 3580 2938 3635 mea?
2967 3572 3232 3649 sed,'quid
3265 3597 3344 3634 me
3383 3580 3740 3650 persequeris?

2144 3673 2201 3729 Si
2244 3673 2299 3728 in
2340 3673 2493 3728 nobis
2529 3673 2642 3742 ipse
2680 3671 2894 3742 patitur,
2918 3679 2975 3727 et
3003 3685 3100 3726 nos
3134 3671 3188 3725 in
3219 3671 3310 3725 illo
3335 3672 3740 3726 coronabimur.

2145 3764 2272 3820 Htcc
2296 3773 2378 3819 est
2398 3763 2630 3818 charitas
2646 3763 2869 3818 Christi.
2895 3761 3034 3828 Quid
3055 3761 3180 3816 huic
3204 3762 3502 3832 comparari
3525 3763 3740 3832 potest?

2145 3857 2314 3928 Ilujus
2353 3855 2434 3911 rei
2463 3855 2718 3928 hymnum
2760 3855 2982 3910 immisit
3025 3855 3077 3909 in
3119 3869 3182 3910 os
3223 3864 3489 3923 nostrum,
3532 3865 3587 3912 et
3610 3857 3740 3912 dicit

2143 3947 2247 4004 hoc
2275 3964 2343 4004 ex
2370 3949 2626 4004 membris
2649 3948 2782 4003 suis.

2213 4043 2268 4095 6.
2302 4039 2547 4094 Videbunt
2563 4041 2713 4111 justi,
2745 4049 2791 4094 et
2816 4039 3076 4107 timebunt,
3105 4049 3152 4094 et
3191 4041 3462 4111 sperabunt
3480 4041 3534 4095 in
3553 4039 3739 4095 Domi-

2142 4148 2281 4186 num.
2317 4130 2563 4185 Videbunt
2592 4132 2743 4202 justi.
2783 4130 2883 4198 Qui
2918 4130 3090 4200 justi?
3117 4131 3365 4186 Fideles:
3394 4132 3518 4202 quia
3557 4131 3737 4202 justus

2141 4238 2205 4278 ex
2247 4222 2353 4278 ﬁde
2390 4222 2521 4277 vivit
2557 4221 2784 4291 (Habac.
2809 4238 2866 4288 ll,
2893 4223 2950 4288 4,
2976 4233 3020 4276 et
3043 4221 3194 4277 Rom.
3222 4240 3269 4290 1,
3299 4223 3409 4296 l7).
3439 4225 3651 4280 Etenim
3682 4225 3737 4282 in

2141 4315 2380 4370 Ecclesia
2422 4315 2523 4369 iste
2561 4315 2694 4369 ordo
2723 4321 2846 4370 est:
2881 4316 2971 4370 alii
3004 4315 3327 4385 praecedunt,
3373 4317 3464 4371 alii
3494 4333 3733 4388 sequun-

2139 4418 2264 4464 tur:
2293 4416 2348 4464 et
2380 4408 2469 4478 qui
2497 4407 2827 4478 praecedunt,
2874 4409 3120 4478 exemplo
3150 4424 3208 4464 se
3241 4409 3478 4479 praebent
3501 4424 3736 4480 sequen-

2138 4505 2318 4571 tibus;
2349 4514 2403 4561 et
2428 4507 2517 4577 qui
2546 4516 2860 4576 sequuntur,
2898 4507 3172 4561 imitantur
3203 4507 3588 4577 praecedentes.
3623 4508 3730 4564 Sed

2140 4607 2195 4652 et
2223 4598 2297 4652 illi
2322 4599 2411 4668 qui
2437 4613 2498 4654 se
2529 4599 2776 4668 exemplo
2803 4599 3044 4668 praebent
3076 4599 3444 4670 sequentibus,
3473 4599 3732 4672 numquid
3819 4637 3822 4641 ι

2137 4691 2404 4745 neminem
2448 4692 2791 4762 sequuntur?
2819 4691 2876 4749 Si
2919 4693 3187 4749 neminem
3219 4701 3541 4763 sequuntur,
3576 4710 3730 4750 erra.

2135 4785 2288 4840 bunt.
2331 4785 2640 4855 Sequuntur
2666 4800 2795 4857 ergo
2837 4795 2892 4842 et
2935 4787 3009 4842 illi
3055 4788 3311 4858 aliquem,
3359 4789 3528 4857 ipsum
3566 4788 3725 4844 Chri-

2134 4886 2293 4932 stum.
2323 4877 2569 4933 Meliores
2589 4878 2787 4949 quique
2809 4877 2863 4933 in
2885 4878 3146 4945 Ecclesia,
3170 4879 3364 4948 quibus
3387 4895 3490 4934 non
3513 4896 3727 4935 reman-

2133 4969 2202 5024 sit
2221 4969 2332 5040 jam
2357 4968 2518 5024 homo
2537 4985 2696 5040 quem
2723 4969 3016 5034 imitentur,
3040 4970 3162 5040 quia
3183 4984 3371 5026 omnes
3392 4970 3723 5041 proficiendo

2131 5069 2537 5130 superaverunt,
2569 5061 2681 5130 ipse
2706 5061 2950 5116 Christus
2976 5061 3054 5115 eis
3079 5070 3340 5128 remanet,
3364 5077 3524 5132 quem
3554 5079 3723 5133 usque

2129 5154 2184 5208 in
2232 5155 2391 5208 finem
2441 5163 2752 5224 sequantur.
2803 5153 2870 5209 Et
2911 5154 3131 5210 cernitis
3161 5155 3177 5187 ⁸
3205 5155 3480 5210 ordinatos
3521 5156 3720 5226 gradus

2128 5262 2226 5318 per
2238 5247 2455 5302 Paulum
2473 5247 2770 5317 apostolum
2793 5246 3057 5303 dicentem
3079 5265 3091 5300 :
3113 5247 3404 5302 Imitatores
3424 5249 3521 5303 mei
3542 5258 3711 5312 estote,

2126 5341 2255 5395 sicut
2279 5349 2326 5394 et
2353 5357 2444 5409 ego
2471 5339 2656 5395 Christi
2679 5339 2699 5414 (
2719 5340 2733 5394 l
2757 5339 2877 5397 Cor.
2903 5357 2975 5410 tv,
3006 5341 3118 5412 16).
3150 5342 3289 5415 ΕΓᾳο
3314 5343 3404 5413 qui
3432 5342 3540 5411 jam
3569 5342 3714 5396 dire-

2126 5444 2242 5490 ctos
2269 5449 2486 5504 gressus
2530 5434 2729 5490 habent
2776 5437 2828 5489 in
2875 5444 3045 5505 petra,
3094 5434 3263 5489 forma
3293 5435 3398 5490 sint
3426 5434 3712 5491 fidelibus:

2126 5525 2235 5582 Sed
2261 5527 2448 5597 forma,
2495 5525 2683 5596 inquit,
2714 5534 2816 5580 esto
2857 5526 3090 5596 ﬁdelibus
3135 5525 3188 5598 (Ι
3210 5525 3342 5581 Tim.
3367 5543 3438 5594 tv,
3472 5525 3580 5600 Η).
3611 5528 3712 5598 Ipsi

2124 5617 2310 5672 fideles
2337 5624 2460 5671 sunt
2482 5617 2640 5688 justi,
2672 5618 2760 5687 qui
2800 5618 3137 5674 attendentes
3164 5633 3256 5674 eos
3282 5620 3371 5690 qui
3402 5634 3458 5674 se
3489 5620 3539 5677 in
3571 5620 3712 5676 bono

2123 5709 2450 5781 prtecedunt,
2499 5709 2756 5764 imitando
2800 5720 3116 5779 sequuntur.
3165 5713 3444 5778 Quomodo
3473 5728 3708 5783 sequun-

2121 5790 2250 5860 tur?
2289 5801 2539 5857 Videbunt
2575 5803 2723 5876 justi,
2771 5813 2818 5859 et
2859 5803 3120 5858 timebunt.
3143 5805 3428 5873 Videbunt,
3458 5815 3511 5862 et
3551 5808 3678 5863 time

2191 5919 2206 5950 ί
2228 5917 2426 5968 Maxima
2438 5930 2550 5982 pars
2561 5924 2689 5970 Mss:
2717 5924 2770 5969 ιῑι
2794 5915 3007 5968 charitas
3028 5917 3220 5971 ordinat
3243 5919 3328 5973 hos
3350 5919 3550 5987 gradus.
