4042 6498
298 469 401 527 ιότ

298 586 432 642 bunt
457 581 611 655 sequi
650 581 766 639 vias
796 580 984 644 malas,
1015 594 1136 639 eum
1164 576 1347 637 vident
1368 592 1609 651 quosque
1637 575 1890 635 meliores

296 679 411 750 jam
452 677 686 748 elegisse
715 676 828 732 vias
873 674 1083 740 bonas;
1129 680 1184 737 et
1226 670 1413 742 dicunt
1453 671 1508 729 in
1545 670 1726 737 animo
1768 683 1895 745 suo,

296 767 754 841 quemadmodum
798 766 975 825 solent
1015 765 1194 825 dicere
1236 763 1470 821 viatores
1494 803 1508 828 ,
1555 760 1893 823 attendentes

296 862 435 917 alios
459 875 584 915 cum
618 852 1037 930 prmsumptione
1060 855 1394 921 ambulantes
1432 855 1487 913 in
1515 855 1597 911 via
1616 896 1632 923 ,
1664 853 1764 925 ipsi
1790 852 1888 913 ad-.

298 954 407 1009 huc
433 952 619 1009 incerti
649 950 770 1017 vim,
798 959 849 1007 et
879 949 1030 1021 quasi
1059 946 1381 1009 ﬂuctuantes
1403 962 1507 1018 qua
1534 953 1678 1013 eant,
1708 945 1895 1011 dicunt.

296 1044 400 1107 sibi
426 1062 438 1096 :
476 1040 596 1103 Non
628 1039 829 1105 frustra
857 1036 931 1101 illi
965 1038 1062 1095 hac
1099 1047 1248 1106 eunt,
1276 1036 1487 1111 quando
1513 1037 1605 1095 illo
1628 1045 1756 1095 eunt
1784 1050 1890 1109 quo

298 1152 398 1191 nus
442 1134 522 1190 ire
558 1133 842 1199 volumus;
885 1140 938 1201 et
980 1146 1143 1207 quare
1181 1145 1303 1187 eum
1346 1144 1536 1202 magna
1564 1127 1754 1187 fiducia
1792 1128 1892 1191 hac

297 1237 448 1295 eunt,
499 1228 599 1285 nisi
644 1228 769 1299 quia
813 1227 934 1283 illac
971 1229 1048 1283 ire
1073 1227 1431 1299 perniciosum
1476 1224 1602 1285 est?
1641 1223 1891 1289 Videbunt

298 1336 427 1391 ergo
472 1320 621 1389 iusti,
667 1330 713 1377 et
744 1320 1004 1381 timebunt,
1037 1322 1330 1391 Angustam
1369 1318 1507 1374 viam
1549 1316 1730 1375 vident
1765 1317 1893 1389 hac,

300 1413 459 1471 latam
516 1412 657 1469 viain
705 1410 889 1473 vident
935 1412 1099 1469 illac:
1139 1412 1239 1471 hac
1280 1409 1463 1471 vident
1509 1424 1723 1481 paucos,
1772 1407 1893 1475 illac

299 1506 499 1565 multos
539 1502 757 1577 (Matth.
786 1521 884 1571 vn,
915 1505 979 1563 15
999 1546 1017 1571 ,
1061 1504 1128 1563 Ν
1148 1502 1190 1577 ).
1236 1502 1343 1565 Sed
1372 1502 1415 1559 si
1442 1502 1618 1573 justus
1646 1516 1740 1571 es,
1781 1500 1891 1569 noli

301 1615 618 1667 numerare,
647 1597 741 1654 sed
773 1598 1050 1673 appende;
1091 1607 1344 1657 stateram
1367 1596 1498 1653 all'er
1523 1610 1753 1667 aequam,
1784 1610 1890 1663 non

299 1690 565 1756 dolosam,
597 1692 720 1767 quia
745 1692 920 1767 justus
944 1691 1242 1765 appellatus
1270 1707 1328 1747 es
1356 1708 1370 1745 :
1401 1688 1652 1746 Videbunt
1668 1688 1818 1763 justi,
1845 1698 1893 1751 et

301 1788 568 1855 timebunt,
592 1787 794 1851 dictum
817 1795 902 1845 est
925 1787 992 1845 de
1018 1796 1089 1851 te,
1111 1786 1231 1845 Noli
1257 1801 1386 1856 ergo
1407 1800 1692 1851 numerare
1714 1785 1895 1849 turbas

300 1879 583 1939 hominum
616 1879 929 1947 incedentes
954 1880 1087 1939 latas
1113 1879 1244 1948 vias,
1277 1879 1561 1949 implentes
1601 1877 1893 1939 crastinum

301 1972 531 2041 circum,
566 1971 799 2027 civitatis
819 1970 1058 2035 Natalem
1084 1969 1364 2031 clamando
1391 1969 1743 2038 celebrantes,
1766 1968 1897 2027 civi.-

303 2074 466 2119 tatem
500 2063 675 2134 ipsam
705 2063 844 2121 male
871 2061 1099 2127 vivendo
1140 2070 1432 2141 turpanles.
1471 2058 1589 2115 Noli
1620 2075 1747 2133 ergo
1775 2059 1896 2123 illos

299 2156 621 2225 attendere;
654 2157 806 2217 multi
830 2167 974 2223 sunt,
1002 2166 1054 2219 et
1081 2157 1198 2229 quis
1226 2153 1512 2219 numerat?
1538 2154 1696 2219 Pauci
1717 2162 1894 2211 autem

300 2265 400 2322 per
424 2250 564 2311 viam
603 2258 902 2323 augustam.
946 2247 1133 2309 Profer
1152 2289 1166 2318 ,
1199 2247 1411 2319 inquam
1437 2289 1452 2314 ,
1480 2255 1734 2311 Stateram
1760 2287 1775 2311 ,
1802 2260 1896 2315 ap-

303 2343 479 2425 pende
524 2361 538 2398 :
582 2342 704 2399 vide
749 2350 933 2403 contra
980 2356 1147 2419 pauca
1188 2355 1351 2411 grana
1394 2347 1649 2411 quantam
1692 2340 1896 2409 paleam

304 2437 470 2495 leves.
514 2433 631 2495 Hoc
666 2442 827 2511 agant
857 2432 1040 2509 ﬁdeles
1076 2431 1203 2505 justi
1245 2431 1333 2502 qui
1378 2440 1690 2501 sequuntur.
1719 2428 1895 2499 Quid‘

304 2530 381 2589 illi
412 2510 502 2605 qui
534 2526 885 2609 praecedunt?
928 2526 1040 2583 Non
1068 2526 1399 2601 superbiant,
1424 2540 1532 2581 non
1559 2539 1618 2581 se
1639 2523 1895 2590 exaltent,

302 2638 417 2685 non
441 2621 716 2693 decipiant
745 2626 1052 2689 sequentes.
1090 2615 1368 2693 Quomodo
1396 2624 1615 2687 possunt
1652 2615 1899 2687 decipere

304 2712 638 2787 sequentes?
681 2709 1049 2775 Promittendo
1101 2709 1209 2767 illis
1258 2708 1310 2763 in
1366 2722 1426 2775 se
1465 2705 1709 2773 salutem,
1764 2706 1901 2783 Quid

305 2820 443 2889 ergo:
477 2803 679 2863 debent
730 2802 805 2858 illi
850 2800 937 2879 qui
977 2798 1313 2885 sequuntur?
1359 2788 1607 2861 Videbunt
1644 2799 1813 2871 justi,
1854 2809 1901 2854 et

307 2892 571 2960 timebunt,
605 2903 652 2951 et
681 2892 953 2966 sperabunt
973 2891 1025 2971 in
1052 2889 1320 2949 Dominum
1344 2906 1363 2946 :
1396 2905 1502 2946 non
1530 2890 1581 2955 in
1609 2904 1703 2945 eos
1724 2905 1752 2953 a
1781 2889 1899 2961 qui~

308 2986 410 3043 bus
449 2986 826 3067 prmedttntur
864 3001 878 3039 :
918 2981 1014 3045 sed
1056 2970 1378 3041 attendendo
1422 2981 1782 3054 praecedentes
1820 2997 1898 3050 se,

306 3086 607 3150 seqnmtur
643 3076 858 3150 quidem
885 3084 940 3133 et
979 3075 1277 3145 imitantur,
1308 3073 1402 3133 sed
1443 3074 1564 3149 quia
1602 3072 1838 3151 cogitant
1870 3088 1900 3135 a

306 3187 416 3246 quo
452 3171 759 3243 acceperint
804 3168 877 3237 illi
900 3177 959 3225 ut
986 3166 1309 3241 praecedant,
1340 3175 1395 3223 et
1424 3166 1476 3225 in
1515 3181 1635 3231 eum
1664 3154 1898 3236 sperani.

306 3261 564 3334 Quamvis
600 3276 728 3335 ergo
768 3259 897 3317 istos
924 3259 1219 3329 imitentur,
1265 3274 1413 3333 spem
1454 3272 1603 3313 suam
1646 3250 1900 3321 tamenin

308 3336 402 3412 illo
428 3364 654 3427 ponunt,
682 3370 710 3417 a
741 3369 847 3428 quo
873 3363 927 3410 et
964 3353 1051 3408 isti
1076 3359 1401 3425 acceperunt
1432 3350 1574 3407 unde
1600 3349 1731 3419 tales
1758 3344 1899 3419 sunt.

317 3450 570 3505 Videbunt
600 3449 753 3521 justi,
777 3458 821 3503 et
853 3448 1115 3511 timebunt,
1139 3456 1184 3502 et
1207 3443 1479 3517 sperabunt
1513 3444 1565 3503 in
1586 3440 1861 3501 Dominum
1882 3459 1902 3498 :

307 3534 764 3613 quemadmodum
794 3541 845 3596 in
867 3540 972 3595 alio
1000 3539 1207 3611 psalmo
1226 3580 1242 3606 ,
1266 3528 1447 3592 Levavi
1473 3537 1643 3599 oculos
1678 3532 1812 3591 meas
1849 3534 1903 3591 in

307 3644 523 3701 metues,
567 3631 915 3701 intelligimus
945 3639 1176 3698 montes,
1222 3628 1398 3697 claros
1427 3643 1668 3701 quosque
1704 3634 1758 3685 et
1785 3642 1901 3683 ma-

307 3741 444 3799 gnos
485 3723 743 3780 Ecclesim
782 3721 1087 3800 Spiritnales
1131 3720 1306 3786 viros,
1352 3736 1571 3790 magnos
1611 3719 1899 3789 soliditate,

307 3834 419 3874 non
444 3826 673 3872 tumore.
718 3814 819 3871 Per
847 3815 989 3884 ipsos
1012 3811 1166 3868 nobis
1188 3810 1458 3882 Scriptura
1488 3809 1662 3865 omnis
1687 3811 1904 3885 dispen-

308 3920 429 3967 sata
457 3919 573 3977 est;
623 3904 903 3977 Propheta:
938 3914 1081 3975 sunt,
1107 3900 1457 3975 Evangelistze
1479 3913 1599 3959 sunt
1617 3946 1632 3973 ,
1655 3894 1905 3962 doctores

309 4000 440 4059 boni
479 4009 608 4058 sunt
645 4019 658 4057 :
702 4000 826 4056 illnc
867 3998 1022 4055 levavi
1064 3999 1236 4054 oculos
1263 4015 1397 4055 meos
1435 3997 1489 4067 in
1518 4008 1743 4065 montes,
1770 3997 1907 4052 unde

309 4093 472 4149 veniet
504 4090 755 4146 auxilium
782 4090 924 4145 milii.
968 4088 1033 4145 Et
1072 4104 1141 4145 ne
1179 4087 1468 4144 humanum
1506 4098 1717 4159 putares
1755 4087 1906 4143 ausi-

310 4184 464 4253 lium,
500 4182 763 4261 sequitur,
804 4191 857 4241 et
892 4182 1059 4237 dicit:
1085 4179 1348 4236 Auxilium
1388 4198 1553 4235 meum
1590 4198 1622 4235 a
1660 4179 1901 4248 Domino,

310 4277 404 4351 qui
428 4276 544 4347 fecit
570 4276 751 4333 caelum
790 4284 834 4329 et
873 4284 1061 4328 terram
1099 4270 1269 4349 (Psal.
1295 4289 1394 4329 cxx
1417 4315 1432 4340 ,
1462 4273 1483 4328 l
1509 4314 1525 4340 ,
1546 4269 1625 4348 Ξ).
1658 4266 1905 4331 Videbunt

312 4368 460 4445 fusti,
485 4376 531 4427 et
559 4358 826 4434 timebunt,
852 4374 897 4420 et
925 4363 1195 4443 sperabunt
1217 4360 1269 4423 in
1294 4360 1586 4421 Dominum.

389 4485 444 4539 7.
471 4480 625 4556 [vam
647 4478 728 4554 5,]
761 4479 853 4543 Eia
881 4480 971 4553 qui
1008 4479 1194 4541 volunt
1245 4492 1463 4550 sperare
1499 4480 1552 4543 in
1589 4477 1902 4547 Dominum,

313 4580 410 4649 qui
439 4576 620 4635 vident
656 4583 712 4629 et
750 4572 966 4639 timent,
998 4571 1219 4631 timeant
1244 4571 1521 4637 ambulare
1556 4570 1671 4629 vias
1705 4572 1902 4639 malas,

317 4671 436 4737 vias
463 4669 632 4735 latas;
664 4666 861 4742 eligant
886 4668 1027 4723 viam
1052 4676 1352 4739 angustam,
1380 4662 1471 4727 ubi
1489 4665 1601 4737 jam
1622 4681 1782 4737 supra
1807 4681 1906 4739 pe-

317 4772 455 4825 tram
484 4758 837 4833 quorumdam
883 4758 1074 4827 directi
1113 4767 1238 4823 sunt
1273 4771 1525 4829 gressus:
1570 4757 1694 4829 quid
1735 4758 1908 4831 facere

316 4851 584 4915 debeant,
615 4850 834 4917 audiant
876 4849 1057 4915 modo,
1103 4848 1291 4919 Beatus
1332 4848 1407 4905 vir
1445 4849 1591 4922 cujus
1627 4858 1700 4925 est
1728 4867 1910 4915 nomen

318 4943 527 5005 Domini
541 4962 660 5017 spes
674 4945 801 5016 ejus,
830 4953 992 5003 etnon
1017 4942 1231 5015 respexit
1260 4943 1312 5007 in
1341 4945 1583 5011 vanitates
1609 4948 1657 5009 et
1685 4945 1910 5009 insanias

319 5037 751 5101 intendaca.Ecce
766 5052 866 5109 qua
883 5035 1099 5095 volebas
1112 5035 1214 5105 ire,
1225 5050 1352 5099 ecce
1365 5036 1515 5097 turba
1529 5038 1625 5094 via:
1639 5038 1786 5103 latre:
1803 5055 1908 5105 non

320 5130 514 5187 frustra
538 5130 652 5201 ipsa
677 5129 824 5189 ducit
847 5128 913 5193 ad
943 5127 1412 5200 amphitheatrum.
1447 5144 1552 5193 non
1580 5130 1771 5193 frustra
1798 5132 1910 5207 ipsa

319 5224 467 5293 ducit
487 5223 552 5287 ad
579 5232 831 5285 mortem.
857 5221 953 5283 Via
975 5222 1081 5281 lata
1103 5223 1372 5283 mortifera
1398 5229 1520 5281 est:
1552 5223 1775 5287 latitudo
1795 5223 1912 5305 ejus

319 5314 552 5375 delectat
576 5314 643 5373 ad
675 5323 916 5384 tempus,
948 5313 1070 5383 finis
1106 5314 1222 5383 ejus
1246 5321 1505 5384 angustus
1543 5312 1597 5381 in
1625 5324 1907 5377 :eternnm.

319 5405 427 5463 Sed
456 5406 623 5463 turba:
647 5414 914 5476 strepunt,
946 5406 1116 5462 turbae
1143 5403 1417 5475 festinant,
1448 5406 1617 5475 turba:
1639 5406 1913 5477 eollzetan-

321 5507 408 5555 tnr
438 5500 480 5550 '.
524 5498 695 5561 turba:
733 5506 1075 5563 concurrunt.
1118 5495 1239 5557 Noli
1280 5494 1505 5573 imitari,
1554 5498 1662 5569 noli
1709 5497 1907 5567 averti;

323 5589 584 5645 vanitates
621 5597 779 5657 sunt,
826 5598 880 5645 et
923 5589 1143 5644 insaniae
1184 5589 1489 5644 mendaces.
1534 5589 1615 5646 Sit
1657 5590 1911 5647 Dominus

322 5680 469 5737 Deus
496 5689 615 5738 tuus
652 5692 777 5753 spes
806 5688 892 5736 tua
920 5698 935 5738 :
966 5692 1071 5737 non
1101 5678 1242 5747 aliud
1271 5678 1466 5751 aliquid
1490 5695 1520 5736 a
1550 5678 1774 5741 Domino
1801 5682 1911 5738 Deo

393 5831 412 5863 ι
434 5830 761 5905 supter-tque
782 5840 914 5905 μέμ,
932 5840 1003 5905 -Αι
1024 5832 1137 5891 uda.
1160 5845 1175 5884 :
1200 5841 1302 5885 Hoc
1323 5838 1471 5900 agam
1485 5830 1656 5899 fideles
1687 5833 1813 5900 justi
1830 5835 1916 5903 ιιεά

320 5892 606 5960 sequuntur,
633 5892 761 5960 quod
776 5892 868 5956 illi,
895 5892 991 5960 etc.

395 5956 505 6008 ἐκ
524 5955 693 6021 plures
715 5967 819 6011 uss.
842 5955 899 6011 At
917 5956 1052 6023 ωτι,
1071 5955 1408 6011 conviciantur.

1372 458 1773 527 ΕΝΑΒΒΛΤΙΟ
1810 458 1876 515 ΙΝ
1916 456 2233 515 ΡΞΑωΗέῘνΞ
2278 455 2519 512 ΧΧΧιΧ.

3474 472 3580 531 438

2000 582 2092 637 tuo
2118 589 2324 649 speres,
2352 575 2445 631 sed
2472 577 2587 649 ipse
2610 577 2863 637 Dominus
2886 588 3006 639 tuus
3033 581 3101 639 sit
3126 598 3251 661 spes
3279 594 3387 643 tua.
3415 586 3576 647 Nam-

1994 684 2101 747 que
2137 669 2289 727 multi
2331 668 2399 727 de
2441 670 2552 728 Deo
2599 683 2815 744 sperant
2850 676 3157 749 pecuniam,
3188 678 3338 741 multi
3375 679 3442 741 de
3468 679 3579 738 Deo

1995 772 2214 839 sperant
2236 764 2470 827 honores
2488 765 2719 824 eaducos
2743 775 2798 827 et
2823 768 3111 840 perituros,
3140 770 3282 839 aliud
3306 772 3579 845 quodlibet

1993 870 2026 935 ᾳ
2055 856 2164 915 Deo
2185 866 2381 930 praeter
2407 852 2578 933 ipsum
2605 860 2773 921 Deum
2797 876 2811 914 :
2840 859 2936 917 sed
2963 871 3016 921 tu
3042 860 3213 932 ipsum
3239 863 3400 921 Deum
3431 872 3579 922 tuum

1992 959 2162 1023 pete:
2201 951 2310 1011 imo
2350 967 2477 1011 vero
2519 954 2840 1035 contemptis
2882 954 3035 1021 aliis,
3078 970 3241 1031 perge
3282 956 3349 1019 ad
3395 958 3578 1025 illum;

1994 1041 2313 1103 Oblivisceris
2358 1045 2500 1115 alia,
2548 1055 2817 1107 memento
2862 1047 3033 1114 illius;
3086 1049 3391 1120 relinquens
3437 1059 3583 1113 retro

1993 1134 2121 1205 alia,
2149 1134 2442 1196 extendere
2467 1138 2518 1205 in
2548 1140 2718 1203 illum.
2742 1140 2859 1217 Ipse
2882 1149 3029 1198 certe
3051 1156 3298 1199 aversum
3323 1144 3585 1219 correxit,

1994 1227 2110 1300 ipse
2135 1229 2281 1291 ducit
2307 1241 2511 1295 rectum
2543 1233 2585 1303 ί,
2617 1233 2732 1305 ipse
2759 1234 3041 1313 perducit:
3075 1249 3204 1308 ergo
3225 1235 3295 1292 sit
3324 1236 3437 1309 ipse
3462 1252 3587 1306 sues
3605 1219 3618 1229 ’

1994 1327 2085 1385 tua
2104 1361 2121 1390 ,
2152 1322 2243 1392 qui
2271 1321 2418 1379 ducit
2443 1334 2497 1385 et
2524 1323 2786 1401 perducit.
2819 1324 2936 1399 Quo
2963 1325 3110 1384 ducit
3131 1336 3186 1384 et
3214 1342 3321 1398 quo
3346 1327 3589 1398 perducit

1996 1416 2205 1471 terrena
2233 1413 2487 1469 avaritia?
2512 1412 2728 1471 Fundos
2753 1416 3053 1487 qurerebas,
3086 1427 3279 1475 terram
3309 1417 3587 1493 possidere

1994 1503 2268 1575 cupiebas,
2302 1506 2505 1563 vicinos
2534 1507 2886 1575 excludebas;
2917 1508 3021 1564 illis
3049 1509 3279 1575 exclusis
3298 1551 3316 1578 ,
3354 1510 3473 1567 aliis
3504 1510 3585 1569 vi-

1994 1596 2130 1659 cinis
2158 1596 2432 1668 inhiabas;
2460 1610 2514 1657 et
2539 1601 2736 1665 tatttdiu
2760 1601 3016 1659 tendchas
3036 1604 3057 1635 ’
3086 1604 3384 1673 avaritiam,
3413 1605 3587 1663 donec

1996 1687 2063 1745 ad
2092 1688 2266 1747 littora
2292 1693 2644 1769 lpervenires:
2678 1695 2997 1765 perveniens
3036 1695 3102 1750 ad
3141 1696 3350 1764 littora,
3384 1697 3595 1763 insulas

1996 1781 2362 1850 concupiscis;
2412 1797 2655 1855 possessa
2692 1794 2832 1847 terra
2856 1827 2869 1848 .
2899 1786 3092 1847 caelum
3124 1786 3262 1844 forte
3299 1787 3381 1853 vis
3429 1804 3588 1859 pren.

1995 1870 2145 1931 dere.
2185 1872 2446 1951 Relinque
2477 1891 2666 1935 omnes
2692 1892 2941 1937 amores:
2970 1879 3243 1955 pulchrior
3271 1890 3355 1945 est
3381 1880 3471 1945 ille
3495 1866 3587 1961 qui

1997 1963 2121 2033 iecit
2146 1965 2340 2023 ccelum
2369 1976 2424 2023 et
2452 1976 2672 2029 terram.

2069 2057 2123 2115 8.
2150 2057 2338 2117 Beatus
2372 2060 2464 2128 vir,
2491 2064 2637 2134 cujus
2664 2071 2737 2123 est
2772 2080 2952 2121 nomen
2983 2062 3196 2121 Domini
3219 2081 3334 2137 spes
3362 2067 3473 2139 ejus
3492 2108 3508 2141 ,
3539 2075 3588 2131 et

1998 2165 2101 2217 non
2125 2153 2343 2222 respexit
2386 2154 2438 2209 in
2478 2154 2719 2210 vanitates
2759 2165 2806 2210 et
2848 2155 3075 2212 insanias
3119 2142 3403 2215 mendaces.
3436 2152 3590 2223 Unde

1998 2240 2141 2305 enim
2190 2240 2409 2301 insaniae
2454 2244 2778 2302 mendaces?
2825 2244 3032 2303 Insania
3081 2246 3342 2329 mendax,
3389 2248 3594 2321 sanitas

2000 2349 2183 2399 verax.
2215 2334 2345 2407 Quae
2372 2336 2521 2395 vides
2547 2336 2684 2394 bona
2731 2346 2885 2410 putas
2922 2339 2967 2406 ³,
3011 2332 3249 2396 falleris:
3281 2356 3441 2396 sanus
3485 2358 3594 2415 nou

2000 2441 2080 2501 es,
2114 2427 2273 2489 nimia
2297 2427 2446 2489 febre
2473 2430 2813 2499 phreneticus
2840 2430 3010 2491 factus
3035 2446 3094 2489 es
3118 2448 3133 2501 ς
3166 2448 3350 2499 verum
3380 2449 3488 2499 uno
3513 2446 3595 2495 est

2001 2517 2143 2595 quod
2172 2533 2339 2577 amas.
2368 2518 2580 2576 Laudas
2609 2521 2846 2595 aurigam
2879 2520 2988 2594 (α),
3033 2523 3234 2579 clamas
3260 2523 3483 2597 θυι-ἴξιν,
3516 2526 3595 2587 in—

2002 2610 2146 2671 sanis
2183 2611 2235 2666 in
2265 2611 2525 2683 aurigam.
2552 2611 2776 2679 Vanitas
2820 2623 2937 2682 est,
2980 2613 3183 2671 insania
3229 2618 3461 2679 mendax
3489 2627 3593 2679 est.

2002 2702 2120 2761 Non
2146 2713 2260 2769 est,
2289 2702 2401 2762 ait:
2436 2705 2567 2762 nihil
2596 2706 2823 2774 melius,
2868 2706 3001 2763 nihil
3041 2706 3429 2766 delaetabilius.
3460 2710 3596 2780 Quid

2001 2793 2140 2859 facio
2166 2794 2445 2857 febr-lenti?
2472 2796 2527 2853 Si
2549 2805 2633 2853 est
2658 2798 2708 2853 in
2736 2797 2886 2853 vobis
2913 2798 3303 2871 misericordia,
3328 2812 3480 2859 orate
3498 2818 3597 2876 pro

2006 2885 2217 2947 talibus.
2250 2886 2382 2959 Quia
2419 2896 2475 2944 et
2498 2888 2611 2958 ipse
2640 2887 2881 2953 medicus
2909 2890 3225 2963 plerumque
3254 2897 3303 2949 in
3341 2891 3598 2967 despera-

2006 2976 2151 3032 tione
2171 2980 2506 3034 convertitur
2534 2976 2599 3034 ad
2631 2994 2726 3035 eos
2751 2981 2840 3051 qui
2865 2980 3217 3038 circumstant
3242 2984 3597 3061 lacrytnantes

2006 3067 2060 3135 in
2087 3067 2268 3136 domo,
2300 3069 2390 3140 qui
2423 3068 2654 3139 pendent
2692 3087 2759 3125 es
2793 3085 2887 3125 ore
2918 3069 3035 3143 ejus
3062 3068 3251 3133 audire
3276 3068 3596 3143 sententiam

2006 3158 2073 3215 de
2102 3164 2302 3233 aegroto
2337 3170 2392 3216 et
2421 3159 2756 3237 periclitante
2782 3180 2795 3217 :
2824 3158 2929 3217 stat
2956 3178 3155 3237 anceps
3185 3162 3423 3222 medicus
3443 3207 3458 3234 ,
3491 3180 3597 3233 non
3635 3227 3639 3231 ,

2006 3240 2150 3308 videt
2179 3250 2375 3308 bonum
2407 3253 2547 3335 quod
2588 3254 2894 3329 promittat,
2930 3254 3085 3311 tltnet
3118 3256 3315 3312 malum
3358 3272 3598 3335 pronun-

2006 3340 2161 3409 tiare,
2194 3358 2262 3409 ne
2293 3350 2522 3412 terreat;
2556 3343 2854 3400 modestam
2888 3343 3047 3425 plane
3073 3346 3173 3403 iste
3202 3348 3435 3421 concipit
3470 3365 3599 3406 sen—

2008 3434 2225 3501 lentiam
2254 3454 2265 3491 :
2296 3436 2474 3493 Bonus
2514 3436 2652 3494 Deus
2694 3439 2869 3497 omnia
2915 3447 3123 3517 potest,
3157 3452 3304 3499 orate
3346 3460 3440 3515 pro
3484 3430 3598 3507 illo.

2005 3526 2175 3595 Quem
2233 3526 2411 3600 itaque
2465 3529 2920 3601 comprehendam
2980 3532 3199 3589 istorum
3257 3526 3600 3607 insanorum?

2006 3617 2136 3687 Quis
2163 3634 2247 3673 me
2275 3616 2494 3675 audiat?
2518 3620 2638 3691 quis
2677 3637 2860 3676 eorum
2890 3637 2990 3679 nos
3017 3640 3120 3678 non
3163 3625 3391 3681 miseros
3419 3624 3602 3685 dicat?

2006 3708 2139 3779 Quia
2169 3727 2288 3765 cum
2333 3710 2412 3767 eis
2457 3726 2563 3766 non
2613 3711 2942 3781 insanimus,
2986 3713 3230 3770 amisisSc
3277 3731 3374 3772 nos
3414 3720 3602 3789 putant

2005 3818 2227 3876 magnas
2251 3812 2302 3859 et
2326 3804 2502 3860 varias
2523 3804 2843 3876 voluptates,
2872 3804 2923 3860 in
2947 3806 3142 3878 quibus
3162 3806 3261 3880 ipsi
3288 3800 3559 3877 insaniunt
3583 3828 3598 3866 :

2008 3911 2106 3951 nec
2137 3894 2318 3953 vident
2343 3898 2463 3968 quia
2495 3898 2782 3955 mendaces
2808 3904 2951 3955 sunt.
2983 3900 3211 3979 Quando
3238 3901 3310 3957 illi
3341 3914 3499 3959 ovum
3529 3898 3601 3961 do

2006 3988 2090 4046 vel
2122 3988 2319 4057 invito,
2353 3990 2438 4047 vel
2467 3990 2688 4047 calicem
2715 3992 3006 4049 Salutarem
3039 3994 3258 4067 porrigo
3286 3994 3499 4064 saucio;
3544 4002 3602 4055 et

2008 4078 2276 4156 quomodo
2303 4084 2570 4154 reficiam,
2603 4086 2816 4161 quando
2857 4084 3113 4144 invenio?
3140 4088 3217 4146 Ne
3251 4088 3423 4147 inedia
3462 4084 3603 4148 deﬂ-

2009 4176 2142 4253 ciat,
2183 4184 2237 4231 et
2272 4175 2338 4232 ad
2378 4176 2657 4235 sanitatem
2688 4196 2791 4234 non
2840 4182 3149 4251 perveniat,
3179 4180 3365 4239 hortor
3390 4191 3448 4239 ut
3472 4172 3601 4240 reﬂ-

2009 4262 2116 4324 eiat
2141 4265 2161 4298 ⁸
2187 4285 2199 4322 :
2227 4283 2435 4340 pugnos
2472 4279 2656 4341 parat,
2688 4270 2880 4327 saevire
2908 4271 3023 4327 Vult
3053 4273 3106 4327 in
3147 4273 3432 4339 medicum.
3465 4270 3531 4330 Et
3556 4268 3605 4332 si

2011 4360 2354 4437 percusserit,
2387 4358 2666 4435 diligatur;
2700 4362 2754 4417 et
2783 4360 2828 4417 si
2861 4360 3111 4432 lnjmiam
3144 4362 3344 4429 fecerit,
3379 4370 3486 4419 non
3514 4372 3605 4422 re-

2010 4444 2277 4523 linquatur
2302 4466 2315 4506 :
2346 4448 2613 4506 rediturus
2637 4458 2718 4506 est
2746 4448 2810 4506 ad
2840 4460 3104 4517 mentem,
3137 4452 3334 4523 gratias
3362 4454 3600 4511 aettitus.

2008 4540 2178 4608 Quam
2210 4539 2359 4595 multi
2392 4538 2478 4596 hic
2519 4549 2847 4613 cognoscunt
2876 4554 2968 4611 se,
3007 4542 3193 4598 vident
3234 4555 3294 4599 se
3337 4543 3600 4616 invicem,

2010 4638 2064 4689 et
2088 4634 2376 4703 loquuntur
2397 4632 2465 4689 de
2494 4644 2553 4689 se
2594 4633 2649 4689 in
2687 4628 2922 4690 Ecclesia
2953 4633 3085 4702 Dei;
3114 4633 3167 4691 in
3194 4630 3451 4693 Ecclesiae
3476 4644 3606 4694 san-

2011 4736 2111 4783 cta:
2138 4724 2343 4805 gremio
2370 4723 2653 4785 attendunt
2675 4726 2851 4795 studia
2887 4742 2980 4784 sua
3003 4727 3115 4799 jam
3140 4727 3281 4786 bona
3314 4729 3455 4786 circa
3481 4744 3606 4788 ver-

2078 4973 2099 5048 ξ
2120 4971 2503 5048 amnt-es.
2516 4977 2739 5048 ωηερε·
2758 4970 3104 5048 φζΐωόιηέ
3121 4970 3256 5048 βασεδ

2079 5037 2100 5068 ²
2124 5042 2256 5096 Lov.,
2279 5033 2588 5100 eagtendebas.
2614 5032 2804 5099 Aliquot
2818 5032 2945 5098 uss,
2972 5032 3218 5095 tendebus.
3254 5034 3342 5093 Alii
3364 5032 3475 5099 cum

2017 5103 2070 5148 et
2090 5103 2186 5158 Ern,
2211 5088 2433 5147 ιὲηεῦαεζ
2488 5088 2495 5100 ’
2562 5088 2585 5097 ’7
2656 5088 2662 5090 Ἴ
2698 5088 2716 5099 ’
2932 5088 2943 5098 ’

2080 5161 2301 5222 Ϋοωπθθ
2321 5165 2427 5222 a'35:
2638 5157 2808 5222 "id!!!
2831 5164 2991 5222 Μ

2078 5220 2101 5259 4
2128 5228 2217 5285 t_:r.:
2251 5217 2449 5285 Quando
2478 5217 2552 5275 illi
2591 5232 2729 5285 avum
2755 5217 2945 5285 invito,
2967 5218 3308 5285 ΔυςξιΔςςιιιὶρεξῃ
3338 5218 3606 5285 salutarem

2014 5281 2210 5395 zzz-riga
2231 5273 2398 5353 sancio
2426 5292 2443 5330 :
2479 5287 2524 5331 et
2562 5280 2796 5353 qnopuido
2837 5273 3058 5353 reﬁciant
3074 5273 3113 5333 ρ’
3140 5280 3264 5344 Quid
3288 5276 3501 5342 invenio,
3545 5294 3609 5334 ne

2096 5343 2182 5394 dra
2203 5341 2467 5395 delicate!
2479 5342 2547 5394 ad
2566 5346 2818 5395 smtdatem
2832 5350 3077 5395 metuat
3093 5342 3117 5395 ?
3135 5351 3330 5395 Hortatu
3355 5351 3452 5395 etc.
3476 5351 3601 5395 'l‘res

2072 5341 2467 5431 Ξάῖδηξῖξθὲείξὲιεί
2474 5342 2547 5431 1'1"

2015 5413 2143 5479 tisse
2167 5402 2365 5479 Quando
2379 5402 2453 5467 illi
2472 5417 2611 5477 ovum
2631 5406 2695 5459 do
2718 5404 2789 5457 vel
2816 5402 2991 5480 invito,
3023 5402 3176 5477 calice
3198 5402 3402 5459 salutari
3421 5419 3472 5456 se
3489 5402 3607 5463 sau-

2017 5460 2141 5540 ςιίξέν
2179 5465 2414 5540 diem?
2450 5465 2668 5540 τείίεεσηι
2689 5465 2934 5540 ΐρτιςξηάο
2956 5479 3190 5540 summa
3228 5474 3329 5540 βίᾳ
3376 5468 3506 5540 ταῖς
3552 5476 3607 5540 et

2015 5528 2180 5579 Uolb.:
2211 5528 2429 5601 pumilio
2447 5527 2526 5579 illi
2542 5529 2606 5601 do
2626 5528 2701 5601 vel
2711 5527 2866 5601 inuno
2888 5527 3523 5601 calicemsatutut'isnsucci,
3561 5535 3610 5581 et

2015 5588 2253 5667 ςιιρξηοαρ
2274 5588 2527 5667 relieve,
2545 5590 2762 5667 sec-alii
2801 5589 3389 5667 9999¥11i3_9’t9'?d°j"i
3402 5588 3516 5667 ορξσ
3535 5604 3609 5667 ut:

2016 5644 2709 5779 εάέὶιέιήέαιιιιατὶδ
2749 5650 2974 5717 accipiat.
3021 5644 3238 5715 Quidam,
3265 5644 3506 5715 Qtwintido
3532 5648 3604 5705 itii

2081 5772 2406 5845 (a)'.4uriqam
2428 5777 2681 5845 vocabant,
2703 5776 2788 5845 qui
2823 5772 3028 5845 curules
3045 5788 3199 5845 equos
3220 5776 3424 5845 ideirco
3445 5791 3598 5845 roge-

2017 5836 2101 5891 hat
2117 5836 2176 5912 et
2198 5836 2435 5912 agitabat.
2452 5836 2736 5912 tuant‘igas;
2751 5837 2857 5889 sive
2875 5836 2979 5905 (qui
3000 5836 3144 5912 iideln
3159 5842 3307 5912 sunt).
3320 5836 3603 5912 agitatoﬁis,

2021 5908 2184 5951 exstat
2204 5897 2392 5950 Cbncilii
2419 5897 2710 5952 Arelatensis
2721 5897 2894 5969 'prum,’
2912 5897 3021 5953 ian.
3046 5900 3094 5969 4,
3125 5908 3177 5954 et
3200 5897 3498 5961 Arelatensis
3514 5897 3605 5955 une

2019 5963 2215 6027 decimi,
2237 5975 2343 6013 ean.
2369 5962 2447 6015 20.
