4042 6470
484 361 590 419 659

483 473 610 531 bum
638 473 762 541 Dei,
797 475 938 529 circa
963 473 1138 531 officia
1157 483 1214 530 et
1241 475 1496 548 obsequia
1525 473 1802 530 charitatis
1819 514 1836 540 ,
1863 471 1928 527 ad
1961 470 2072 527 fre-

485 566 850 640 quentandum
877 584 1094 640 gregem
1121 571 1319 627 Christi
1363 586 1468 625 non
1501 568 1752 625 recedere
1777 569 1844 623 de
1885 566 2071 622 Eccle-

484 662 585 726 sia,
615 660 797 716 vident
823 669 878 716 et
904 662 1190 732 loquuntur
1218 662 1283 718 ad
1315 662 1543 718 invicem
1569 661 1637 717 de
1664 661 1910 716 invicem.
1943 657 2073 727 Quis

484 763 570 810 est
591 755 692 811 iste
712 755 1088 812 circissarius?
1117 755 1248 825 Quis
1273 765 1356 810 est
1385 756 1485 809 iste
1511 765 1716 809 amator
1739 762 1795 810 et
1833 752 2074 808 laudator

485 845 632 903 illius
653 849 922 904 venatoris
948 848 1049 920 (a),
1081 849 1217 904 illius
1250 848 1560 904 histrionis?
1591 848 1664 902 De
1689 847 1795 902 alio
1818 846 2070 917 loquitur,

484 948 534 994 et
564 939 653 995 ille
693 940 762 994 de
791 942 925 1010 ipso.
959 940 1117 995 Certe
1158 941 1258 996 ista
1287 949 1444 1006 sunt,
1496 948 1639 994 certe
1682 938 1975 1010 gaudemus
2006 937 2075 993 de

485 1031 697 1087 talibus.
728 1031 782 1086 Si
812 1031 1106 1102 gaudemus
1132 1032 1199 1088 de
1227 1031 1420 1086 talibus
1439 1073 1452 1097 ,
1483 1045 1590 1085 non
1633 1029 1981 1099 desperemus
2007 1027 2075 1083 de

487 1123 703 1178 talibus.
736 1122 966 1179 Oremus
1011 1139 1106 1194 pro
1149 1123 1309 1193 ipsis,
1360 1122 1554 1178 fratres
1597 1121 1906 1177 carissimi:
1953 1118 2076 1175 inde

485 1217 683 1272 crescit
707 1232 961 1274 numerus
986 1227 1290 1272 sanctorum
1309 1256 1324 1283 ,
1355 1215 1424 1272 de
1467 1231 1690 1270 numero
1716 1213 1808 1284 qui
1832 1221 1947 1268 erat
1970 1213 2075 1266 im-

485 1311 719 1381 piorum.
748 1309 816 1366 Et
855 1328 954 1366 non
983 1311 1201 1384 respexit
1230 1311 1283 1364 in
1310 1311 1554 1364 vanitates
1593 1318 1640 1364 et
1673 1309 1898 1363 insanias
1932 1297 2076 1361 men?

488 1405 658 1458 duces.
697 1404 788 1460 llle
816 1405 972 1472 vicit,
1017 1405 1174 1460 talem
1217 1421 1414 1476 equum
1455 1404 1631 1472 junxit
1660 1404 1702 1472 ¹,
1735 1402 2072 1474 pronuntiat,

486 1497 638 1566 quasi
659 1495 870 1552 divinus
889 1497 999 1551 vult
1018 1512 1140 1553 esse
1164 1515 1177 1550 :
1203 1495 1415 1552 affectat
1433 1496 1761 1551 divinitatem
1783 1493 2076 1548 amittendo

487 1585 690 1643 fontem
721 1587 1009 1644 divinitatis
1036 1607 1048 1643 :
1082 1598 1136 1645 et
1162 1603 1304 1658 szrpe
1331 1587 1656 1658 pronuntiat,
1690 1595 1744 1641 et
1769 1600 1912 1656 smpe
1939 1584 2077 1639 fallis

487 1690 595 1736 tur.
620 1681 797 1748 Quare
823 1681 970 1737 hoc?
1000 1681 1133 1750 Quia
1167 1682 1388 1736 insaniae
1419 1680 1706 1736 mendaces
1726 1688 1866 1734 sunt.
1901 1678 2077 1744 Quare

487 1786 666 1831 autem
711 1775 996 1844 aliquando
1042 1776 1363 1846 proveniunt
1393 1789 1512 1845 qua:
1557 1773 1772 1828 dicunt?
1813 1771 1885 1828 Ut
1913 1769 2079 1825 alidu-

488 1877 615 1925 cant
636 1869 873 1937 insanos,
903 1877 960 1924 ut
988 1870 1217 1924 amando
1247 1869 1315 1924 ibi
1347 1869 1579 1938 speciem
1605 1867 1874 1934 veritatis,
1902 1866 2080 1921 incur-

488 1970 613 2016 rant
643 1961 889 2032 laqueum
921 1962 1198 2017 falsitatis:
1231 1970 1375 2016 retro
1400 1962 1525 2026 sint,
1555 1961 1941 2031 relinquantur,
1967 1974 2079 2012 am-

487 2061 760 2122 putentur.
809 2052 866 2108 Si
915 2054 1156 2108 membra
1204 2064 1385 2108 nostra
1425 2062 1613 2120 erant,
1646 2052 2075 2107 mortiﬁcentur:

490 2139 820 2210 Mortiﬁcate,
851 2141 1050 2212 inquit,
1080 2141 1302 2196 membra
1329 2153 1488 2196 vestra
1516 2158 1628 2213 qua:
1656 2152 1771 2196 sunt
1800 2159 1952 2213 super
1975 2150 2078 2195 ter-

488 2250 604 2288 ram
635 2233 853 2304 (Coloss.
888 2251 942 2290 ιιι
961 2277 974 2302 ,
1003 2233 1081 2309 5).
1105 2234 1186 2291 Sit
1215 2251 1340 2305 spes
1375 2243 1555 2289 nostra
1582 2235 1721 2289 Deus
1748 2243 1949 2290 noster.
1977 2235 2080 2303 Qui

487 2323 616 2380 fecit
649 2327 826 2382 omnia
847 2368 862 2393 ,
894 2327 1086 2382 melior
1122 2335 1206 2382 est
1243 2325 1525 2391 omnibus;
1553 2327 1642 2398 qui
1672 2326 1890 2397 pulchra
1933 2326 2076 2394 fecit,

485 2418 764 2489 pulchrior
806 2428 890 2474 est
932 2419 1212 2486 omnibus;
1255 2420 1344 2492 qui
1383 2420 1571 2486 fortia,
1619 2419 1807 2475 fortior
1841 2427 1958 2487 est;
1990 2422 2078 2491 qui

486 2526 677 2582 magna
699 2552 713 2576 ,
747 2511 919 2581 major
947 2520 1030 2568 est
1060 2531 1074 2567 :
1105 2513 1361 2584 quidquid
1388 2513 1676 2572 amaveris.
1710 2513 1800 2568 ille
1835 2512 1926 2568 tibi
1956 2514 2076 2568 erit.

485 2603 646 2659 Disce
686 2619 865 2660 amare
912 2607 964 2659 in
1015 2613 1255 2660 creatura
1301 2613 1630 2670 creatorem,
1680 2614 1734 2658 et
1779 2603 1831 2657 in
1876 2603 2080 2659 factura

486 2695 786 2764 factorem;
838 2715 906 2755 ne
942 2709 1118 2756 teneat
1160 2709 1211 2755 te
1239 2699 1379 2770 quod
1419 2699 1487 2756 ab
1523 2699 1612 2754 illo
1650 2700 1842 2754 factum
1877 2705 1995 2766 est,
2025 2705 2082 2753 et

486 2791 703 2846 amittas
729 2806 850 2846 eum
875 2807 904 2846 a
930 2807 1038 2864 quo
1064 2801 1119 2848 et
1143 2793 1256 2863 ipse
1281 2792 1448 2847 factus
1477 2805 1554 2846 es.
1588 2791 1728 2862 Ergo
1746 2833 1761 2858 ,
1791 2789 1979 2845 Beatus
2003 2789 2081 2844 uir

485 2887 636 2955 cujus
675 2894 747 2939 est
783 2902 967 2940 nomen
1005 2885 1213 2941 Domini
1237 2903 1350 2957 spes
1379 2886 1518 2958 ejus,
1559 2893 1606 2940 et
1643 2902 1745 2940 non
1774 2883 2001 2958 respexit
2024 2884 2080 2940 in

486 2979 730 3035 vanitates
756 2989 802 3033 et
830 2980 1056 3034 insanias
1083 2979 1367 3035 mendaces.

557 3071 610 3128 9.
642 3069 795 3144 [uers.
833 3071 980 3145 6-9.]
1011 3071 1172 3127 Forte
1199 3073 1352 3128 nobis
1377 3071 1620 3128 dicturus
1645 3079 1754 3136 est,
1785 3071 1879 3142 qui
1916 3085 2080 3128 versu

486 3166 592 3223 isto
621 3181 904 3238 percussus
932 3167 1126 3237 corrigi
1162 3166 1422 3234 voluerit,
1455 3174 1510 3222 et
1551 3181 1710 3237 quem
1739 3165 2081 3237 occupaverit

486 3259 651 3314 timor
691 3259 783 3314 ille
808 3259 1030 3329 iustitiae
1070 3258 1229 3325 ﬁdei,
1261 3266 1317 3314 et
1340 3259 1527 3314 volens
1554 3259 1780 3330 ceperit
1805 3259 2079 3316 ambulare

486 3359 768 3424 angustam
801 3352 979 3417 viam;
1011 3350 1248 3406 dicturus
1287 3359 1370 3406 est
1409 3350 1563 3406 nobis
1589 3370 1604 3407 :
1635 3351 1923 3408 Ambulare
1967 3367 2078 3407 non

485 3443 715 3511 durubo,
738 3444 782 3498 si
808 3443 940 3498 nihil
966 3442 1240 3514 spectabo.
1268 3441 1407 3510 Quid
1433 3457 1562 3514 ergo
1587 3442 1829 3512 facimus,
1853 3441 2078 3499 fratres?

484 3537 769 3594 Dimissuri
798 3553 919 3593 eum
947 3552 1132 3593 sumus
1154 3537 1270 3593 sine
1297 3535 1640 3607 spectaculo?
1666 3536 1937 3603 Morietur,
1969 3551 2077 3592 non

485 3633 762 3700 subsistet,
794 3648 900 3688 non
929 3646 1030 3687 nos
1059 3640 1331 3702 sequetur.
1357 3629 1497 3698 Quid
1525 3643 1654 3701 ergo
1682 3627 1944 3685 facimus?
1975 3629 2077 3685 Dc-

485 3741 608 3782 mus
653 3740 750 3796 pro
793 3724 1109 3795 spectaculis
1137 3723 1462 3793 spectacula.
1509 3723 1572 3776 Et
1613 3736 1732 3791 qua:
1773 3721 2076 3792 spectacula

485 3819 662 3876 daturi
693 3832 879 3873 sumus
919 3817 1212 3872 christiano
1255 3814 1498 3882 homini,
1539 3829 1697 3885 quem
1724 3813 1969 3869 volumus
2009 3813 2077 3869 ab

485 3912 593 3968 illis
621 3909 943 3981 spectaculis
983 3909 1276 3965 revocare?
1307 3906 1520 3963 Gratias
1557 3920 1656 3975 ago
1703 3905 1928 3960 Domino
1966 3905 2077 3961 Deo

487 4015 711 4062 nostro:
744 4004 988 4075 sequenti
1028 4018 1185 4058 versu
1226 4000 1421 4057 Psalmi
1451 3999 1685 4055 ostendit
1726 3999 1913 4066 nobis,
1958 4015 2078 4072 quae

486 4096 882 4169 spectatoribus
905 4103 1147 4166 spectare
1169 4093 1474 4149 volentibus
1503 4092 1803 4162 spectacula
1838 4091 2078 4161 praebere

487 4198 544 4248 et
573 4177 856 4246 ostendere
882 4189 1191 4246 debeamus.
1221 4188 1362 4243 Ecce
1389 4203 1612 4244 aversus
1647 4185 1806 4242 fuerit
1830 4201 1859 4240 a
1894 4186 2039 4242 circo
2057 4229 2074 4255 ,

485 4298 520 4339 a
564 4283 808 4350 theatro,
852 4282 922 4338 ab
949 4281 1364 4352 amphitheatro,
1410 4289 1615 4352 quaerat
1656 4278 2075 4350 quod‘spectet,

485 4389 706 4447 prorsus
732 4384 971 4446 quaerat;
1004 4389 1110 4428 non
1153 4387 1274 4428 eum
1319 4370 1671 4443 relinquimus
1713 4369 1830 4426 sine
1864 4379 2078 4441 specta-

486 4471 630 4527 culo.
663 4469 800 4538 Quid
845 4483 939 4539 pro
982 4467 1085 4522 illis
1130 4466 1416 4523 dabimus?
1457 4465 1596 4521 Audi
1632 4463 1758 4536 quid
1797 4465 2074 4535 sequitur:

485 4561 656 4618 Multa
695 4545 856 4630 fecisti
901 4569 984 4625 tu,
1029 4559 1241 4613 Domine
1278 4557 1418 4613 Deus
1457 4574 1627 4622 meus,
1670 4557 1925 4611 mirabilia
1968 4566 2075 4612 tua.

484 4655 736 4714 Miracula
757 4653 1031 4708 hominum
1059 4652 1381 4718 intuebatur,
1407 4649 1643 4706 intendat
1672 4649 1933 4704 mirabilia
1960 4650 2075 4706 Dei.

485 4749 651 4806 Multa
697 4747 822 4802 fecit
867 4745 1124 4800 Dominus
1164 4742 1430 4798 mirabilia
1472 4757 1600 4808 sua;
1644 4741 1760 4796 inec
1802 4741 2074 4812 respiciat.

488 4841 664 4910 Quare
699 4839 776 4893 illi
813 4835 1111 4892 viluerunt?
1137 4836 1388 4906 Aurigam
1425 4833 1607 4889 laudat
1633 4841 1908 4905 regentem
1948 4849 2079 4904 qua-

486 4945 610 4990 tuor
636 4947 834 5003 equos,
861 4939 915 4986 et
943 4930 1060 4986 sine
1099 4929 1220 4986 labe
1248 4939 1406 5000 atque
1433 4927 1729 4983 offensione
1753 4935 2032 4985 currentes
2059 4946 2074 4985 :

487 5027 627 5082 forte
655 5025 778 5079 talia
819 5023 1072 5078 miracula
1121 5022 1413 5093 spiritualia
1457 5034 1564 5076 non
1612 5019 1738 5076 fecit
1784 5021 2076 5078 Dominus?

485 5120 658 5190 Regat
681 5117 949 5171 luxuriam
971 5158 986 5184 ,
1019 5123 1169 5186 regat
1193 5113 1484 5184 ignaviam,
1527 5121 1678 5183 regat
1715 5113 2033 5182 iniustitiam
2056 5155 2072 5181 ,

483 5221 636 5282 regat
666 5210 1113 5282 imprudentiam,
1163 5216 1340 5263 motus
1378 5207 1507 5262 istos
1545 5207 1634 5276 qui
1680 5207 1902 5262 nimium
1939 5206 2075 5277 lapsi

488 5303 604 5358 haec
635 5303 762 5358 vitia
793 5303 1010 5368 faciunt,
1039 5308 1190 5370 regat
1213 5308 1268 5354 et
1293 5297 1486 5353 subdat
1511 5297 1642 5364 sibi,
1673 5306 1727 5352 et
1765 5306 1948 5353 teneat
1976 5300 2074 5352 ha—

485 5395 673 5462 benas,
702 5403 756 5450 et
784 5408 891 5450 non
915 5393 1180 5464 rapiatur;
1212 5391 1372 5447 ducat
1399 5406 1506 5462 quo
1536 5391 1668 5456 vult,
1695 5405 1803 5445 non
1832 5390 2075 5448 trahatur

486 5504 594 5560 quo
616 5503 724 5543 non
750 5488 882 5542 vult.
923 5487 1175 5558 Aurigam
1205 5483 1488 5550 laudabat,
1517 5483 1696 5555 auriga
1728 5483 2033 5540 laudabitur
2057 5503 2072 5541 :

485 5581 751 5638 clamabat
776 5588 833 5634 ut
856 5579 1039 5651 auriga
1062 5587 1210 5634 veste
1249 5576 1638 5648 cooperiretur,
1671 5573 2074 5633 immortalitate

549 5699 565 5732 ¹
595 5705 660 5748 Ita
675 5696 806 5748 Colb.
827 5696 982 5747 codex
1010 5701 1062 5746 et
1083 5693 1141 5744 ad
1160 5707 1270 5744 eam
1292 5692 1554 5742 lectionem
1572 5704 1723 5754 prope
1739 5691 2073 5754 acceduntali-

484 5767 604 5823 quot
617 5768 722 5810 Mss.
743 5766 797 5809 At
811 5759 945 5811 Edd.:
971 5757 1056 5823 ille
1072 5755 1213 5807 vincit
1236 5755 1396 5823 talem,
1409 5760 1453 5823 ᾳ
1468 5752 1583 5823 curti
1595 5752 1753 5823 vincit,
1778 5753 2068 5817 pronuntiat.

481 5817 854 5936 ίὲὶῗέιγθιιειιοι·
875 5823 951 5874 hic
972 5822 1060 5871 loci
1086 5827 1181 5881 est,
1197 5819 1282 5883 qui
1303 5832 1414 5870 cum
1427 5817 1603 5869 bestiis
1618 5818 1668 5867 in
1689 5829 1840 5867 arena
1863 5829 2072 5881 congre-

534 5897 564 5936 θ
649 5898 724 5934 ur.

1727 355 1788 412 S.
1819 352 2182 414 AUGUSTINl
2223 352 2526 411 EPISCOPI

3659 363 3765 420 440

2175 472 2455 527 vestietur.
2495 471 2621 528 [huc
2656 487 2908 542 munera,
2937 471 3054 531 haec
3088 477 3388 547 spectacula
3416 477 3527 535 edit
3553 479 3570 512 ¹
3602 478 3763 536 Deus.

2177 563 2382 621 Clamat
2406 564 2475 622 de
2500 566 2637 623 caelo
2665 584 2679 622 :
2725 566 2920 636 Specto
2948 582 3079 635 vos;
3113 569 3421 640 luctamini,
3463 574 3766 644 adjuvabo;

2177 659 2395 726 vincite,
2422 659 2710 715 coronabo.
2728 659 2895 714 Multa
2915 660 3075 730 fecisti
3103 670 3178 729 tu,
3206 661 3423 720 Domine
3441 665 3580 722 Deus
3603 686 3768 736 meus,

2177 750 2433 806 mirabilia
2459 759 2580 819 tua;
2607 761 2654 807 et
2682 753 3064 824 cogitationibus
3097 757 3198 810 tuis
3227 774 3328 813 non
3357 769 3430 814 est
3464 763 3551 830 qui
3583 762 3773 818 similis

2180 843 2243 898 sit
2270 841 2378 896 tibi.
2409 841 2561 898 Nunc
2589 855 2769 915 specta
2814 843 3152 903 histrionem.
3191 849 3383 905 Didicit
3422 853 3564 908 enim
3603 853 3773 913 homo

2179 950 2374 1006 magno
2393 935 2569 992 studio
2589 936 2642 991 in
2667 936 2790 993 fune
2809 939 3103 1006 ambulare,
3127 951 3181 998 et
3208 944 3447 1014 pendens
3469 955 3518 1002 te
3542 963 3728 1022 suspe:
3745 981 3774 997 -

2180 1028 2276 1084 dit.
2308 1027 2458 1097 illum
2488 1029 2703 1086 attende
2728 1030 2987 1088 editorcm
3019 1033 3283 1106 majorum
3314 1043 3768 1108 spectaculorum.

2181 1117 2376 1174 Didicit
2401 1120 2502 1177 iste
2538 1121 2591 1175 in
2619 1121 2744 1177 fune
2769 1123 3042 1180 ambulare
3062 1168 3077 1194 ,
3123 1129 3382 1198 numquid
3408 1130 3533 1189 fecit
3555 1135 3606 1190 in
3634 1139 3773 1194 mari

2181 1213 2494 1268 ambulare?
2522 1213 2848 1272 Obliviscere
2890 1220 3157 1277 theatrum
3188 1229 3334 1279 tuum
3354 1266 3370 1292 ,
3418 1230 3635 1287 attende
3665 1233 3773 1288 Pe-

2180 1311 2322 1360 trum
2349 1315 2621 1373 nostrum,
2663 1323 2765 1364 non
2796 1308 3184 1382 funambulum,
3216 1316 3332 1384 sed,
3364 1327 3422 1373 ut
3451 1319 3520 1374 ita
3553 1321 3727 1378 dicam
3753 1368 3769 1390 ,

2181 1398 2610 1454 mariambulum.
2641 1400 2865 1457 Ambula
2908 1412 2964 1459 et
3001 1413 3055 1459 ιιι
3086 1421 3191 1461 non
3238 1407 3289 1462 in
3319 1409 3423 1464 illis
3462 1415 3643 1482 aquis,
3681 1415 3774 1471 ubi

2182 1491 2372 1548 Petrus
2392 1493 2588 1564 aliquid
2613 1495 2917 1565 significans
2940 1498 3248 1567 ambulavit,
3273 1501 3366 1557 sed
3393 1503 3443 1557 in
3466 1504 3616 1569 aliis;
3643 1508 3775 1578 quia

2182 1589 2287 1662 hoc
2311 1592 2564 1645 Steculum
2593 1606 2742 1648 mare
2765 1601 2868 1648 est.
2904 1593 3075 1650 Habet
3097 1596 3506 1654 amaritudinem
3531 1603 3773 1669 noxiam,

2183 1680 2343 1738 habet
2364 1681 2554 1738 ﬂuctus
2575 1684 2992 1750 tribulationum,
3017 1697 3364 1758 tempestates
3384 1694 3774 1765 tentationum;

2184 1773 2346 1830 habet
2386 1775 2631 1833 homines
2657 1777 2799 1833 velut
2826 1779 2999 1850 pisces
3025 1779 3094 1836 de
3133 1796 3231 1837 suo
3272 1785 3414 1840 malo
3442 1787 3739 1855 gaudentes
3759 1833 3775 1859 ,

2183 1876 2238 1922 et
2263 1876 2515 1938 tanquam
2541 1883 2602 1925 se
2640 1869 2870 1926 invicem
2897 1871 3248 1941 devorantes;
3282 1875 3366 1930 hic
3403 1878 3635 1947 ambula,
3669 1881 3777 1938 hoc

2183 1961 2350 2015 calca.
2381 1960 2638 2032 Spectare
2677 1963 2795 2027 vis,
2844 1973 2961 2020 esto
3002 1967 3384 2036 spectaculum.
3416 1969 3494 2025 Ne
3518 1971 3776 2040 delicias,

2183 2057 2306 2113 vide
2329 2057 2720 2130 praecedentem
2750 2067 2805 2115 et
2827 2059 3094 2117 dicentem
3122 2081 3135 2118 :
3166 2061 3524 2132 Spectaculum
3549 2070 3677 2139 facti
3695 2086 3781 2124 su-

2183 2167 2294 2204 mus
2319 2150 2436 2203 huic
2459 2151 2667 2218 mundo,
2691 2160 2738 2206 et
2760 2151 2987 2224 Angelis,
3014 2162 3063 2208 et
3081 2155 3364 2211 hominibus
3385 2158 3426 2229 (Ι
3449 2157 3566 2214 Cor.
3597 2177 3668 2226 tv,
3694 2160 3778 2233 9).

2183 2241 2341 2299 Calca
2372 2259 2542 2310 mare,
2573 2260 2640 2300 ne
2667 2247 2924 2317 mergaris
2948 2247 2998 2302 in
3030 2249 3185 2304 mari.
3211 2248 3325 2305 Non
3359 2251 3491 2320 ibis,
3521 2269 3629 2309 non
3656 2257 3778 2311 cal-

2185 2335 2366 2403 cabis,
2399 2337 2500 2392 nisi
2542 2337 2630 2393 ille
2651 2337 2874 2408 jusserit
2896 2340 2985 2410 qui
3025 2341 3173 2411 prior
3211 2341 3264 2398 in
3296 2345 3427 2399 mari
3456 2347 3777 2404 ambulavit.

2185 2426 2276 2482 Sic
2301 2428 2444 2483 enim
2469 2429 2544 2483 ait
2570 2429 2758 2484 Petrus
2782 2448 2795 2484 :
2825 2431 2888 2487 Si
2917 2442 2973 2486 tu
3001 2449 3071 2500 es,
3095 2434 3221 2506 jube
3249 2451 3328 2490 me
3348 2437 3515 2493 uenire
3533 2440 3603 2494 ad
3623 2449 3672 2496 te
3691 2459 3782 2496 su-

2185 2535 2276 2590 per
2296 2535 2474 2590 aquas.
2506 2520 2576 2576 Et
2596 2522 2718 2591 quia
2749 2521 2865 2592 ipse
2885 2533 3020 2591 erat,
3044 2525 3248 2582 audivit
3271 2537 3560 2599 petentem,
3592 2533 3782 2591 tribuit

2184 2610 2543 2682 desideranti,
2575 2615 2785 2670 vocavit
2812 2616 3173 2674 ambulantem
3194 2661 3210 2687 ,
3245 2622 3418 2677 erexit
3443 2633 3780 2692 mergentem

2185 2703 2401 2774 (Matth.
2445 2723 2555 2775 xtv,
2587 2707 2804 2783 28-3l).
2848 2710 2974 2768 Hzec
3013 2712 3272 2770 mirabilia
3318 2714 3442 2772 fecit
3483 2718 3780 2790 Dominus,

2183 2794 2299 2868 ipsa
2323 2797 2566 2866 intuere;
2591 2802 2778 2856 oculus
2807 2805 3100 2873 Spectantis
3126 2805 3260 2862 fides
3283 2808 3371 2863 sit.
3405 2809 3474 2864 Et
3498 2809 3580 2867 fac
3612 2820 3668 2868 tu
3701 2823 3784 2870 ta-

2182 2887 2288 2958 lia;
2313 2891 2436 2963 quia
2463 2891 2564 2948 etsi
2589 2893 2736 2948 venti
2761 2894 3105 2963 turbaverint,
3139 2901 3238 2953 etsi
3265 2898 3456 2957 ﬂuctus
3479 2902 3782 2963 infremue-

2181 2981 2312 3048 rint,
2339 2992 2394 3040 et
2418 2991 2471 3040 te
2497 2983 2728 3040 humana
2759 2984 3016 3058 fragilitas
3038 2989 3106 3045 ad
3130 2991 3358 3063 aliquam
3385 2993 3781 3055 dubitationem

2182 3082 2288 3130 tuae
2314 3077 2503 3133 salutis
2531 3077 2848 3147 adduxerit,
2895 3079 3060 3138 habes
3100 3081 3332 3141 clamare
3369 3087 3426 3153 ’ς
3457 3087 3623 3159 dicis,
3666 3091 3780 3147 Do-

2182 3169 2348 3236 mine,
2375 3185 2559 3242 pereo.
2584 3171 2700 3228 Non
2723 3173 2850 3229 sinit
2873 3175 2961 3230 ille
2987 3177 3161 3246 perire
3179 3219 3195 3244 ,
3223 3180 3312 3250 qui
3332 3181 3493 3251 jussit
3520 3192 3570 3239 te
3589 3186 3782 3242 ambu-

2181 3261 2314 3319 lare.
2341 3262 2473 3332 Quia
2500 3263 2641 3320 enim
2663 3265 2775 3336 jam
2807 3267 2860 3322 in
2887 3277 3040 3340 petra
3070 3271 3343 3339 ambulas,
3387 3289 3488 3331 nec
3530 3277 3582 3332 in
3626 3294 3783 3337 mare

2182 3356 2338 3413 times
2364 3375 2377 3413 :
2409 3357 2453 3413 si
2479 3358 2596 3414 sine
2643 3369 2795 3429 petra
2842 3359 3027 3431 fueris,
3074 3363 3126 3418 in
3155 3379 3305 3421 mare
3331 3370 3623 3439 mergeris,
3651 3374 3781 3443 quia

2182 3449 2236 3506 in
2283 3450 2376 3506 tali
2426 3460 2577 3520 petra
2626 3452 3007 3510 ambulandum
3053 3465 3169 3524 est,
3224 3473 3343 3530 qua:
3386 3461 3440 3516 in
3482 3464 3616 3519 mari
3663 3481 3780 3522 non

2181 3558 2360 3600 mersa
2389 3553 2490 3600 88!.

2255 3636 2343 3692 10.
2379 3636 2510 3693 Vide
2539 3638 2803 3696 mirabilia
2829 3639 2943 3697 Dei.
2971 3641 3309 3711 Annuntiaui,
3339 3655 3389 3700 et
3407 3647 3605 3704 locutus
3631 3668 3773 3719 sum,

2179 3731 2506 3802 multiplicati
2532 3743 2649 3787 sunt
2688 3750 2840 3803 super
2863 3751 3148 3789 numerum.
3180 3735 3276 3793 Est
3313 3754 3567 3796 numerus
3587 3784 3603 3808 ,
3649 3755 3781 3803 sunt

2181 3837 2344 3894 super
2371 3839 2675 3880 numerum.
2700 3825 2968 3882 Numerus
2995 3837 3172 3883 certus
3192 3837 3294 3896 est,
3328 3832 3600 3900 pertinens
3623 3835 3693 3891 ad
3719 3837 3780 3892 il~

2180 3914 2286 3970 lam
2311 3914 2587 3970 etelestem
2617 3914 2940 3972 Jerusalem.
2971 3917 3126 3974 Novit
3167 3920 3312 3975 enim
3343 3921 3636 3994 Dominus,
3684 3928 3780 3998 qui

2182 4019 2307 4063 sunt
2353 4007 2471 4078 ejus
2519 4005 2603 4080 (ll
2643 4005 2781 4063 Tim.
2833 4025 2906 4076 tt,
2949 4010 3064 4082 i9),
3115 4009 3438 4070 christianos
3483 4017 3779 4088 timentes,

2181 4099 2498 4156 christianos
2536 4100 2749 4166 fideles,
2794 4101 3114 4159 christianos
3155 4116 3418 4178 prtecepta
3462 4119 3778 4182 servantes,

2183 4192 2278 4248 Dei
2307 4192 2421 4247 vias
2456 4192 2814 4261 ambulantes,
2845 4209 2874 4249 a
2906 4197 3138 4266 peccatis
3165 4197 3525 4270 abstinentes,
3553 4203 3599 4257 si
3629 4205 3781 4261 ceci-

2182 4283 2359 4341 derint
2395 4287 2710 4344 conlitentes
2739 4306 2753 4344 :
2787 4288 2888 4360 ipsi
2931 4288 2999 4344 ad
3034 4306 3313 4347 numerum
3346 4295 3631 4364 pertinent.
3665 4297 3779 4355 Sed

2182 4379 2436 4451 numquid
2456 4380 2557 4434 soli
2583 4381 2744 4436 sunt?
2765 4381 2898 4438 Sunt
2925 4391 2978 4438 et
2998 4397 3158 4454 super
3181 4401 3482 4443 numerum.
3511 4388 3644 4446 Nam
3670 4395 3780 4449 etsi

2184 4470 2344 4525 modo
2376 4471 2527 4540 pauci
2555 4478 2699 4537 sunt,
2731 4473 2883 4541 pauci
2921 4473 2972 4527 in
2994 4477 3394 4544 comparatione
3422 4479 3781 4539 multitudinis

2184 4565 2444 4634 majorum
2473 4563 2495 4596 ⁸
2525 4564 2938 4636 frequentiarum
2978 4583 2992 4620 :
3021 4567 3231 4637 quantis
3273 4569 3440 4625 turbis
3487 4572 3780 4642 implentur

2183 4656 2462 4724 ecclesiae,
2503 4658 2766 4729 stipantur
2815 4658 3044 4728 parietes
3067 4701 3082 4727 ,
3125 4664 3389 4730 pressuris
3429 4679 3489 4721 se
3540 4679 3777 4737 urgent,

2181 4764 2350 4822 prope
2378 4765 2436 4806 se
2463 4750 2726 4806 sull'ucant
2766 4753 3128 4810 multitudine.
3166 4755 3370 4811 Rursus
3395 4756 3464 4812 ah
3500 4758 3578 4813 eis
3608 4760 3776 4830 ipsis,

2182 4843 2227 4898 si
2254 4857 2448 4898 munus
2466 4841 2489 4874 ‘
2508 4850 2609 4907 est,
2633 4843 2864 4898 curritur
2887 4845 2955 4900 ad
2973 4845 3422 4916 amphitheatrum
3447 4867 3459 4904 :
3495 4850 3578 4904 isti
3608 4865 3780 4922 super

2184 4950 2465 4990 numerum
2495 4942 2639 4990 sunt.
2665 4933 2770 4991 Sed
2801 4935 2922 4992 ideo
2950 4939 3047 4992 ista
3075 4937 3322 5005 dicimus,
3368 4949 3426 4995 ut
3464 4942 3515 4995 in
3544 4957 3780 5000 numero

2181 5028 2288 5084 sint
2312 5045 2326 5082 :
2353 5029 2476 5100 quia
2501 5043 2607 5084 non
2634 5028 2845 5094 adsunt,
2874 5044 2977 5084 non
3004 5030 3227 5086 audiunt
3253 5047 3282 5086 a
3307 5033 3492 5100 nobis;
3526 5034 3618 5090 sed
3646 5051 3780 5094 cum

2181 5120 2437 5186 exicritis,
2475 5119 2694 5175 audiant
2719 5135 2749 5174 a
2781 5119 2954 5176 vobis.
2977 5121 3311 5191 Annuntiavi,
3341 5125 3529 5195 inquit,
3561 5136 3608 5180 et
3629 5127 3779 5182 locu-

2181 5221 2262 5266 tus
2303 5226 2436 5266 sum.
2475 5211 2719 5268 Christus
2760 5211 2889 5268 dicit
2916 5231 2930 5268 :
2961 5214 3293 5271 annuntiavit
3337 5216 3452 5287 ipse
3489 5232 3552 5272 ex
3594 5220 3778 5289 capite

2181 5311 2366 5358 nostro
2385 5346 2401 5372 ,
2429 5303 2544 5376 ipse
2571 5304 2903 5359 annuntiavit
2927 5319 2994 5359 ex
3023 5305 3279 5361 membris
3307 5309 3439 5375 snis,
3483 5308 3596 5378 ipse
3625 5311 3774 5367 misit

2180 5397 2606 5465 annuntiatores,
2647 5397 2760 5468 ipse
2803 5395 2950 5452 misit
2977 5397 3263 5467 Apostolos
3293 5416 3305 5450 :
3339 5398 3390 5453 in
3417 5415 3628 5454 omnem
3659 5413 3777 5456 ter-

2183 5505 2297 5548 ram
2332 5491 2496 5548 exivit
2521 5505 2684 5547 sonus
2703 5505 2912 5559 eorum,
2940 5499 2996 5547 et
3019 5491 3073 5546 in
3099 5491 3232 5547 fines
3251 5492 3396 5548 orbis
3419 5502 3573 5550 terra:
3601 5497 3774 5554 verba

2242 5627 2262 5692 ξ
2282 5624 2416 5692 Edd._,
2438 5623 2590 5676 dedit.
2617 5633 2673 5678 At
2689 5625 2914 5692 plerique
2931 5634 3062 5691 Mss,
3085 5625 3203 5689 edit,
3223 5625 3322 5690 vel,
3346 5626 3516 5681 edidit.

2241 5689 2262 5721 ³
2286 5687 2510 5750 Plerique
2534 5696 2660 5747 Mss,
2684 5687 2960 5741 clamorem.

2243 5752 2264 5813 ἓ
2290 5752 2362 5800 sic
2385 5758 2492 5802 Mss.
2531 5759 2587 5802 At
2608 5753 2742 5813 Edd.,
2765 5753 3022 5804 malarum.

2240 5812 2418 5886 tEdtL,
2436 5883 2443 5886 _
2464 5814 2510 5864 si
2528 5814 2686 5867 minus
2721 5812 2807 5867 est.
2833 5823 2883 5867 Αι
2905 5823 3013 5867 Mss.
3036 5855 3050 5880 ,
3075 5813 3134 5869 ‘si
3154 5829 3328 5870 munus
3350 5821 3422 5871 est
3439 5829 3460 5870 .°
3481 5817 3575 5872 hoc
3596 5821 3696 5886 est,
3721 5821 3769 5874 si

2175 5875 2274 5933 ludi
2299 5876 2526 5927 eduntur.
