4042 6460
198 405 298 464 ul

199 534 382 580 eorum
411 515 584 589 (Psal.
617 531 767 584 xvtn,
794 512 871 587 5).
894 511 1088 583 Quanti
1129 509 1314 566 ﬁdeles
1338 506 1789 580 agglomerantur,

199 623 411 688 quanta:
439 610 611 667 turbze
633 619 977 675 concurrunt,
1009 605 1160 662 multi
1189 620 1314 660 vere
1339 599 1604 665 conversi,
1637 595 1793 651 multi

201 708 335 762 falso
383 702 666 768 conversi;
719 708 773 756 ct
827 700 1108 771 pauciores
1158 705 1282 752 sunt
1331 709 1457 748 vere
1505 688 1792 756 conversi,

204 799 380 869 plures
425 794 562 850 falso
599 792 890 858 conversi;
941 790 1063 863 quia
1112 787 1436 861 multiplicati
1480 793 1597 840 sunt
1645 797 1795 854 super

203 907 272 945 nu
277 904 467 942 merum
475 926 490 940 ο

276 983 363 1038 Η.
390 979 702 1038 Annuntiavi
727 986 773 1033 et
795 978 994 1032 locutus
1019 992 1128 1030 sum
1147 1016 1163 1042 ,
1208 970 1532 1042 multiplicati
1559 977 1676 1023 sunt
1706 970 1806 1022 suo'

205 1093 295 1148 ρετ
314 1091 604 1130 numerum.
645 1071 970 1142 Sacriﬁcium
1000 1080 1046 1125 et
1075 1068 1378 1124 oblationem
1410 1063 1636 1118 noluisti.
1669 1061 1797 1116 Haec

204 1169 461 1225 miracula
484 1167 578 1222 Dei
608 1176 766 1233 sunt,
795 1165 879 1219 hae
913 1163 1259 1234 cogitationes
1291 1159 1384 1214 Dei
1423 1165 1566 1224 sunt,
1604 1153 1798 1226 quibus

204 1273 361 1316 nemo
387 1266 473 1314 est
493 1257 684 1314 similis
708 1274 721 1310 :
753 1265 808 1310 ut
832 1262 1103 1328 spectator
1129 1253 1220 1309 ille
1249 1250 1541 1306 abducatur
1567 1263 1596 1303 a
1622 1245 1798 1301 curio-

205 1351 360 1406 sitate
393 1351 446 1417 ‘,
495 1358 550 1404 et
588 1357 792 1418 quaerat
822 1348 920 1401 ista
949 1345 1224 1401 nobiscum
1268 1343 1482 1398 meliora
1504 1383 1520 1408 ,
1558 1338 1797 1394 fructuo-

205 1443 342 1498 siora
363 1484 380 1510 ,
412 1442 484 1497 de
513 1443 706 1512 quibus
743 1439 970 1496 inventis
999 1439 1246 1510 gaudebit
1271 1454 1286 1505 ;
1338 1446 1392 1492 et
1420 1437 1498 1491 sic
1525 1432 1794 1506 gaudebit,

207 1544 392 1590 utnon
436 1534 624 1590 timeat
663 1549 729 1589 ne
771 1535 1024 1588 vincatur'
1060 1547 1217 1602 quem
1261 1538 1404 1584 amat
1435 1535 1616 1582 :amat
1655 1525 1799 1580 enim

204 1627 441 1697 aurigam
470 1670 486 1695 ,
518 1641 626 1698 quo
643 1626 786 1680 victo
815 1625 1188 1680 insultationes
1224 1622 1376 1677 ferat.
1425 1619 1649 1690 Quando
1677 1618 1798 1673 vin-

203 1718 274 1774 cit
314 1719 501 1790 auriga
529 1761 545 1785 ,
601 1719 714 1788 ipse
760 1717 1005 1772 vestitur.
1053 1713 1318 1784 Numquid
1365 1727 1566 1784 pauper
1591 1710 1680 1782 qui
1723 1709 1800 1766 illl

204 1811 438 1867 clamat?
473 1811 654 1866 Victor
683 1811 796 1881 ipse
822 1810 1062 1874 vestitur,
1098 1823 1196 1879 pro
1224 1807 1363 1862 victo
1391 1805 1462 1860 illi
1494 1804 1798 1860 insultatur.

205 1903 383 1971 Quare
431 1917 532 1972 pro
578 1902 667 1956 illo
717 1901 947 1972 percipis
987 1900 1496 1971 reprehensionem,
1544 1911 1666 1952 cum
1695 1909 1802 1967 quo

207 2013 311 2054 non
341 1997 542 2052 dividis
565 1996 810 2052 vestem?
836 1995 947 2051 Hac
972 1995 1113 2050 aliud
1145 1993 1198 2048 in
1230 1989 1548 2063 spectaculis
1577 1988 1799 2045 nostris.

209 2090 396 2146 Omnes
426 2091 632 2162 quidem
677 2099 918 2156 currunt,
975 2088 1171 2144 Paulus
1219 2085 1494 2157 apostolus
1530 2082 1704 2148 dixit,
1746 2080 1802 2137 in

205 2187 297 2242 illo
323 2186 500 2241 stadio
519 2227 535 2254 ,
567 2186 619 2240 in
643 2184 736 2240 illo
759 2183 1094 2254 spectaculo,
1128 2197 1258 2236 unus
1281 2189 1448 2234 tamen
1474 2177 1660 2248 accipit
1687 2175 1804 2230 bra-

206 2281 338 2333 sium
371 2295 392 2332 :
417 2278 602 2334 ueteri
633 2277 757 2334 victi
793 2275 1073 2332 discedunt
1100 2274 1141 2348 (1
1171 2272 1288 2330 Cor.
1318 2289 1370 2328 ix
1392 2314 1406 2339 ,
1427 2271 1547 2343 24).
1587 2272 1653 2326 Ει
1680 2284 1803 2341 per-

208 2378 596 2426 severaverunt
638 2369 691 2423 in
718 2367 984 2424 currendo
1017 2385 1030 2420 :
1060 2365 1153 2421 sed
1183 2379 1305 2421 cum
1335 2362 1604 2434 acceperit
1645 2375 1801 2426 unus,

210 2470 496 2519 remanent
519 2461 700 2517 cmteri
728 2461 817 2532 qui
853 2459 1099 2515 similiter
1123 2457 1524 2512 laboraverunt.
1554 2452 1666 2508 Hac
1695 2466 1804 2508 non

209 2565 290 2612 est
331 2557 430 2610 sic.
482 2553 756 2624 Qnotquot
801 2560 1056 2617 currunt,
1113 2557 1519 2620 perseveranter
1563 2549 1802 2609 currant,

207 2661 398 2702 omnes
421 2645 693 2716 accipiunt
723 2663 736 2699 :
764 2652 817 2699 et
857 2643 944 2714 qui
978 2642 1124 2713 prior
1151 2639 1392 2705 venerit,
1439 2644 1715 2707 exspectat
1746 2644 1806 2689 ut

208 2753 327 2794 cum
358 2738 658 2810 posteriore
684 2746 992 2792 coronetur.
1030 2737 1270 2806 Agonem
1296 2733 1494 2804 quippe
1511 2732 1671 2786 istum
1699 2743 1804 2785 non

208 2831 498 2902 cupiditas,
529 2830 626 2886 sed
649 2829 882 2884 charitas
915 2827 1039 2883 facit
1071 2847 1084 2884 :
1111 2841 1300 2883 omnes
1325 2833 1602 2881 currentes
1624 2829 1806 2880 amant

209 2939 289 2992 se,
319 2934 373 2980 et
405 2924 519 2995 ipse
546 2938 702 2978 amor
725 2935 912 2976 cursus
938 2929 1039 2979 est.

282 3015 374 3070 12.
400 3015 728 3084 Sacri/icium
753 3022 800 3068 et
829 3012 1131 3067 oblationem
1171 3010 1414 3076 noluisti,
1456 3011 1532 3064 ait
1573 3007 1807 3080 psalmus

211 3109 345 3165 Deo.
377 3109 595 3179 Antiqui
623 3108 766 3163 enim
795 3149 810 3173 ,
841 3105 1055 3178 quando
1083 3104 1259 3160 adhuc
1284 3102 1602 3159 sacrificium
1623 3115 1807 3157 verum

213 3202 355 3275 quod
379 3201 566 3257 ﬁdeles
587 3209 816 3266 norunt,
849 3199 903 3254 in
935 3198 1118 3270 ﬁguris
1150 3195 1633 3268 praenuntiabatur,
1660 3193 1806 3250 cele-

212 3295 443 3350 brabant
469 3296 666 3365 figuras
714 3291 906 3347 futura?
944 3291 1022 3346 rei
1051 3308 1064 3345 :
1090 3289 1240 3345 multi
1266 3287 1496 3344 scientes
1521 3328 1534 3351 ,
1565 3285 1658 3342 sed
1686 3285 1810 3357 plu--

215 3401 302 3442 res
343 3387 676 3456 ignorantes.
732 3382 864 3438 Nam
893 3381 1174 3452 Propheta:
1201 3388 1257 3434 et
1293 3377 1465 3435 sancti
1490 3377 1810 3433 Patriarcha:

216 3485 483 3533 noverant
507 3474 650 3547 quod
677 3473 1022 3530 celebrabant
1057 3490 1068 3525 :
1100 3479 1294 3527 caetera
1322 3479 1500 3525 autem
1531 3467 1811 3523 multitudo

219 3570 400 3640 iniqua
426 3611 440 3636 ,
467 3569 702 3624 carnalis
728 3567 806 3622 sic
826 3576 964 3634 erat,
997 3574 1057 3620 ut
1084 3563 1238 3619 ﬁeret
1265 3561 1334 3617 de
1354 3563 1445 3616 illa
1474 3559 1615 3632 quod
1642 3559 1809 3630 signi-

219 3661 404 3717 ﬁcaret
431 3660 729 3731 posteriora
766 3668 988 3714 ventura
1023 3676 1036 3712 ε
1067 3665 1124 3712 ει
1147 3655 1294 3710 venit
1323 3655 1344 3685 ⁸
1371 3652 1584 3708 sublato
1610 3651 1702 3707 illo
1723 3666 1812 3706 sa-

222 3754 424 3809 criﬁcio
451 3752 628 3823 primo
650 3793 668 3818 ,
719 3750 943 3806 sublatis
973 3747 1301 3804 holocaustis
1327 3747 1552 3801 arietum
1575 3786 1591 3810 ,
1632 3743 1813 3799 hirco-

221 3861 339 3902 rum
360 3887 378 3912 ,
410 3844 703 3899 vitulorum
728 3884 745 3910 ,
773 3850 1196 3910 eaeterarumquc
1223 3838 1559 3893 victimarum
1584 3853 1598 3901 ;
1647 3835 1816 3890 noluit

222 3939 309 3994 illa
336 3938 501 3993 Deus.
523 3935 703 4006 Quare
731 3935 821 3990 illa
847 3933 1055 3989 noluit?
1075 3947 1240 4003 quare
1262 3931 1434 4002 primo
1453 3929 1663 3984 voluit?
1682 3927 1816 3996 Quia

225 4032 310 4088 illa
337 4031 517 4086 omnia
543 4029 695 4102 quasi
726 4029 887 4084 verba
928 4035 1083 4082 erant
1118 4022 1517 4095 promittentis;
1562 4028 1616 4077 et
1654 4020 1815 4075 verba

225 4125 540 4196 promissiva
565 4166 582 4192 ,
628 4138 752 4180 cum
780 4122 988 4177 venerit
1013 4119 1154 4192 quod
1181 4118 1533 4189 promittunt,
1575 4131 1680 4172 non
1705 4116 1816 4186 jam

227 4219 594 4274 enuntiantur.
648 4214 874 4272 Tamdiu
919 4215 1143 4284 quisque
1186 4211 1484 4282 promissor
1511 4217 1615 4277 est,
1647 4207 1820 4264 donec

235 4311 324 4366 det
351 4325 368 4365 :
395 4325 517 4366 cum
567 4307 809 4373 dederit,
854 4315 1024 4361 mutat
1065 4303 1245 4359 verba.
1298 4302 1413 4358 Non
1454 4301 1582 4356 dicit
1621 4300 1817 4367 adhuc,

231 4402 411 4468 Dabo,
459 4401 600 4472 quod
628 4415 689 4456 se
711 4399 958 4455 daturum
997 4397 1248 4462 dicebat;
1295 4395 1388 4450 sed
1427 4393 1597 4460 dicit,
1643 4392 1818 4449 Dedi:

233 4495 453 4550 mutavit
472 4493 719 4548 verbum.
743 4491 919 4560 Quare
947 4490 1019 4544 illi
1039 4489 1211 4560 primo
1235 4487 1434 4559 placuit
1455 4485 1556 4540 hoc
1572 4485 1817 4551 verbum,

235 4597 289 4644 et
315 4603 481 4658 quare
506 4585 638 4642 illud
679 4583 946 4640 mutavit?
996 4582 1130 4648 Quia
1179 4578 1436 4651 temporis
1476 4580 1556 4632 sui
1598 4576 1819 4630 verbum

236 4680 365 4747 fuit,
408 4689 464 4735 et
490 4692 590 4750 pro
617 4687 865 4748 tempore,
885 4689 983 4730 suo
1012 4672 1228 4744 placuit.
1276 4668 1498 4738 Quando
1539 4667 1821 4738 promitte-

235 4777 422 4842 batur,
469 4783 598 4830 tunc
640 4771 916 4827 dicebatur
945 4788 958 4825 :
984 4783 1105 4823 cum
1145 4773 1322 4820 autem
1352 4763 1534 4818 datum
1572 4770 1656 4817 est
1679 4760 1823 4832 quod

236 4872 554 4945 promissum
584 4877 667 4924 est
686 4909 702 4934 ,
755 4866 927 4921 ablata
958 4870 1082 4918 sunt
1107 4860 1268 4916 verba
1301 4857 1616 4930 promissiva
1640 4897 1656 4924 ,
1699 4855 1823 4910 data

237 4974 358 5020 sunt
380 4961 720 5034 completiva.
762 4955 1031 5013 Sacrificia
1059 4969 1186 5026 ergo
1213 4951 1332 5016 illa,
1381 4958 1632 5020 tanquam
1663 4947 1824 5003 verba

238 5059 546 5131 promissiva
572 5098 588 5124 ,
635 5053 810 5109 ablata
855 5059 997 5105 sunt.
1049 5047 1186 5116 Quid,
1226 5053 1309 5100 est
1355 5041 1498 5115 quod
1528 5041 1712 5097 datum
1742 5048 1827 5096 est

235 5148 654 5224 completivum?
683 5146 893 5216 Corpus
917 5141 1057 5215 quod
1090 5141 1256 5195 nostis
1277 5181 1292 5208 ,
1335 5135 1476 5210 quod
1502 5152 1608 5192 non
1637 5151 1825 5192 omnes

239 5249 407 5306 nostis
439 5246 557 5320 (a);
603 5240 748 5314 quod
781 5239 982 5295 utinam
1023 5235 1113 5306 qui
1145 5233 1313 5290 nostis
1337 5274 1352 5298 ,
1399 5245 1588 5287 omnes
1618 5244 1723 5284 non
1757 5228 1826 5283 ad

231 5319 490 5410 judicium
521 5333 798 5391 noveritis.
823 5329 1016 5386 Videte
1044 5325 1256 5398 quando
1285 5323 1484 5380 dictum
1511 5330 1628 5386 est;
1669 5319 1827 5375 Cbri-

235 5441 353 5488 stus
389 5430 530 5485 enim
562 5427 654 5482 ille
679 5433 762 5480 est
791 5421 1047 5479 Dominus
1070 5425 1253 5474 noster
1273 5458 1290 5484 ,
1319 5414 1480 5472 modo
1504 5414 1734 5484 loquens
1759 5427 1826 5467 ex

236 5522 498 5580 membris
523 5519 638 5577 suis
657 5559 673 5586 ,
714 5515 875 5572 modo
903 5513 1126 5584 loquens
1154 5524 1218 5566 ex
1248 5520 1476 5581 persona
1500 5520 1616 5562 sua.
1646 5504 1826 5561 Sacri-

303 5710 320 5736 ι
346 5710 525 5752 onlnes
548 5699 656 5749 fere
671 5704 802 5755 Mss,
827 5666 1104 5755 adducatur
1123 5687 1190 5755 ad
1214 5685 1556 5739 curiositatem.

299 5769 320 5799 ⁸
341 5751 461 5814 ires
481 5770 606 5812 Mss;
628 5769 698 5810 En
721 5751 843 5809 venit
865 5754 1039 5806 veritas
1060 5751 1260 5808 sublato,
1286 5758 1381 5800 etc.

297 5805 985 5893 (ai-uvae—uneudidormula
1019 5805 1405 5867 catechumenos
1437 5813 1712 5874 praesentes
1732 5805 1825 5858 de-

232 5898 414 5956 uenat.

1267 384 1666 449 ENARRATIO
1703 383 1770 441 IN
1808 379 2134 442 PSALMUM
2173 385 2418 444 XXXIX.

3381 391 3490 450 ΜΞ

1906 502 2094 572 ﬁcium,
2125 504 2315 576 inquit,
2344 512 2392 559 et
2419 503 2722 559 oblationem
2750 504 2981 560 noluisti.
3026 503 3164 574 Quid
3191 505 3362 578 ergo?
3386 506 3493 562 Nos

1898 597 2010 668 jam
2038 597 2140 654 hoc
2169 608 2409 670 tempore
2426 598 2542 654 sine
2562 598 2824 654 sacriﬁcio
2846 599 3050 654 dimissi
3077 601 3298 655 sumus?
3319 600 3491 655 Absit.

1906 688 2103 760 Corpus
2132 699 2300 744 autem
2329 689 2587 762 perfecisti
2614 690 2756 743 mihi.
2793 688 2918 744 Ideo
2947 689 3034 745 illa
3063 691 3274 745 noluisti
3307 701 3362 744 ut
3393 691 3494 746 hoc

1905 781 2240 854 perﬁceres:
2289 782 2375 837 illa
2425 781 2642 837 voluisti
2691 791 2976 852 antequam
3035 781 3135 836 hoc
3189 781 3489 851 perﬁceres.

1904 875 2166 931 Perlectio
2204 873 2591 948 promissorum
2639 875 2859 930 abstulit
2899 874 3062 929 verba
3105 874 3490 944 promittentia.

1904 966 2036 1023 Nam
2068 968 2112 1022 si
2153 967 2328 1023 adhuc
2354 976 2476 1023 sunt
2522 966 2886 1038 promittentia
2907 1009 2922 1034 ,
2953 973 3188 1022 nontnm
3218 967 3494 1036 impletum

1904 1070 1986 1116 est
2009 1059 2150 1131 quod
2195 1061 2514 1133 promissum
2545 1068 2649 1115 est.
2699 1058 2811 1114 Hoc
2843 1057 3254 1130 promittebatur
3276 1059 3496 1129 quibus.

1905 1151 2028 1208 dam
2043 1141 2216 1223 signis
2248 1171 2262 1208 :
2293 1153 2468 1208 ablata
2491 1161 2615 1208 sunt
2640 1153 2790 1223 signa
2823 1153 3184 1223 promittentia
3210 1194 3228 1220 ,
3255 1153 3375 1222 quia
3401 1167 3498 1207 ex-

1905 1242 2070 1300 hibita
2113 1254 2196 1300 est
2220 1244 2414 1300 veritas
2454 1245 2741 1315 promissa.
2797 1244 2854 1299 In
2902 1243 3004 1299 hoc
3030 1259 3260 1314 corpore
3289 1259 3496 1310 sumus,

1906 1334 2066 1406 hujus
2091 1337 2334 1408 corporis
2363 1337 2651 1408 participes
2677 1351 2885 1402 sumus,
2911 1335 3051 1406 quod
3086 1336 3374 1406 accipimus
3405 1351 3500 1389 no-

1906 1429 2081 1485 vimus
2108 1446 2122 1482 :
2152 1436 2206 1484 et
2235 1429 2323 1500 qui
2351 1445 2456 1484 non
2488 1430 2657 1484 nostis
2689 1428 2942 1483 noveritis
2965 1471 2978 1492 ,
3011 1437 3066 1484 et
3097 1443 3217 1482 cum
3249 1428 3499 1483 didiceri-

1907 1523 2014 1592 tis,
2069 1523 2269 1578 utinam
2315 1539 2420 1578 non
2460 1522 2526 1578 ad
2569 1521 2825 1592 judicium
2867 1521 3159 1592 accipiatis.
3212 1521 3313 1588 Qui
3357 1521 3498 1575 enim

1907 1614 2196 1670 manducat
2219 1623 2273 1670 et
2299 1615 2434 1670 bibit
2465 1614 2699 1685 indigne,
2723 1613 2980 1683 judicium
3009 1612 3110 1668 sibi
3135 1613 3422 1668 manducat
3447 1623 3496 1668 et

1906 1705 2040 1761 bibit
2066 1704 2108 1780 (Ι
2138 1705 2256 1761 Cor.
2286 1705 2494 1777 x,129).
2527 1705 2826 1762 Perfectum
2853 1713 2936 1762 est
2960 1705 3113 1761 nobis
3141 1718 3357 1776 corpus,
3382 1719 3496 1776 per-

1907 1797 2150 1854 ﬁciamur
2176 1799 2229 1854 in
2258 1813 2504 1870 corpore.

1980 1892 2068 1947 l3.
2100 1891 2422 1962 Sacrificium
2449 1900 2496 1946 et
2521 1890 2824 1946 oblationem
2867 1890 3093 1958 noluisti,
3119 1905 3305 1962 corpus
3333 1900 3498 1944 autent

1908 1985 2169 2056 perfecisﬂ
2199 1985 2348 2038 mihi.
2399 1979 2716 2038 Holocausta
2754 1984 2904 2038 etiam
2944 1999 3038 2054 pro
3069 1982 3250 2037 delicto
3279 1998 3381 2036 non
3412 1999 3499 2052 pe-

1907 2077 2011 2132 tisti
2040 2084 2203 2132 :tuttc
2241 2075 2351 2130 dixi
2374 2117 2389 2141 ,
2434 2073 2570 2130 Ecce
2607 2076 2768 2129 venio.
2825 2074 3094 2145 Numquid
3123 2073 3496 2144 exponendum

1909 2179 1993 2226 est
2013 2213 2030 2238 ,
2064 2162 2392 2240 Sacriﬁcium
2419 2179 2466 2224 et
2493 2169 2794 2224 oblationem
2824 2168 3065 2233 noluisti,
3114 2185 3298 2238 corpus
3329 2179 3498 2223 autem

1909 2261 2163 2332 ρει-[θείειὶ
2209 2262 2335 2315 mihi
2351 2262 2377 2316 ἵ
2419 2259 2734 2316 Holocausta
2757 2261 2908 2315 etiam
2947 2277 3040 2332 pro
3065 2259 3249 2315 delicto
3277 2276 3377 2314 non
3408 2277 3499 2332 pe‘

1911 2355 2012 2410 tisti
2037 2371 2056 2408 :
2083 2369 2202 2424 quae
2246 2353 2461 2424 petebat
2493 2355 2508 2386 ¹
2542 2363 2718 2409 antea.
2777 2352 2920 2407 Tunc
2958 2353 3102 2421 dixi,
3157 2351 3291 2407 Ecce
3334 2353 3496 2406 uenio.

1909 2447 2149 2520 Tempus,
2167 2456 2250 2505 est
2276 2456 2333 2502 ut
2356 2447 2572 2504 veniant
2597 2462 2717 2518 quze
2742 2445 3186 2517 promittebantur
3204 2487 3217 2510 ,
3247 2445 3368 2514 quia
3395 2460 3495 2499 au-

1909 2539 2152 2596 feruntur
2173 2554 2236 2596 ea
2263 2554 2359 2610 per
2383 2555 2502 2610 qua:
2524 2538 2991 2608 promittebantur.
3023 2536 3090 2592 Et
3117 2551 3244 2592 vere
3263 2578 3277 2602 ,
3309 2535 3500 2590 fratres

1909 2634 2037 2702 mei,
2067 2633 2325 2689 attendite
2343 2632 2429 2687 illa
2453 2631 2650 2699 ablata,
2678 2630 2793 2686 haec
2814 2630 3047 2700 impleta.
3077 2629 3172 2684 Det
3190 2628 3318 2684 mihi
3341 2628 3499 2682 modo

1907 2739 2041 2798 gens
2057 2724 2268 2794 judaica
2297 2722 2652 2778 sacerdotem.
2681 2721 2783 2778 Ubi
2810 2731 2934 2777 sunt
2959 2720 3217 2776 sacriﬁcia
3249 2718 3498 2774 illorum?

1909 2815 2070 2872 Certe
2099 2814 2412 2885 perierunt,
2460 2821 2610 2869 certe
2651 2812 2826 2867 ablata
2863 2819 2988 2865 sunt
3029 2824 3190 2864 nunc.
3233 2807 3497 2878 Numquid

1911 2917 2040 2965 tunc
2063 2906 2478 2978 reprobaremus
2516 2919 2579 2960 ea
2603 2903 2628 2957 Ἰ
2671 2903 3039 2974 Reprobamus
3069 2900 3229 2955 modo
3258 2916 3272 2953 :
3304 2899 3424 2968 quia
3454 2899 3498 2954 si

1911 3001 2072 3058 modo
2091 3000 2224 3056 velis
2248 2997 2445 3064 facere,
2476 2996 2827 3067 intemporale
2851 3005 2936 3051 est
2960 3036 2973 3060 ,
2998 3011 3104 3049 non
3132 3002 3216 3050 est
3237 3002 3502 3064 opportu-

1911 3109 2073 3161 num,
2122 3107 2228 3148 non
2272 3091 2534 3162 congruit.
2565 3089 2769 3146 ,Adhue
2802 3087 3095 3160 promittis,
3143 3089 3253 3157 jam
3296 3086 3498 3155 accepi.

1911 3187 2190 3244 Remansit
2231 3184 2340 3240 illis
2379 3182 2630 3255 quiddam
2660 3181 2804 3252 quod
2829 3180 3139 3246 celebrent,
3188 3193 3258 3234 ne
3282 3177 3503 3233 omnino

1912 3281 2029 3337 sine
2055 3280 2207 3351 signo
2231 3285 2598 3333 remanerent.
2643 3273 2774 3329 Cain
2802 3273 2948 3328 enim
2987 3272 3162 3342 major
3190 3269 3386 3337 frater,
3413 3270 3504 3341 qui

1913 3374 2109 3432 occidit
2153 3374 2414 3429 minorem
2460 3369 2712 3434 fratrem,
2757 3366 2966 3436 accepit
3011 3365 3260 3435 signum,
3290 3379 3358 3418 ne
3384 3364 3506 3434 quis

1914 3486 2036 3527 eum
2064 3466 2331 3524 occideret
2357 3507 2372 3530 ,
2417 3465 2555 3520 sicut
2577 3464 2833 3534 scriptum
2860 3470 2943 3516 est
2977 3461 3029 3515 in
3056 3458 3249 3516 Genesi
3280 3477 3295 3517 :
3324 3456 3506 3514 Posuit

1914 3561 2056 3620 Deus
2082 3561 2209 3618 Cain
2236 3560 2460 3632 signum,
2491 3566 2545 3612 ut
2573 3573 2718 3612 nemo
2747 3572 2864 3610 eum
2893 3554 3161 3610 occideret.
3194 3552 3425 3608 Proinde
3451 3561 3508 3610 et

1914 3654 2030 3728 ipsa
2049 3667 2180 3726 gens
2202 3652 2377 3724 judzea
2399 3657 2579 3706 manet
2608 3650 2651 3704 ‘.
2718 3645 2918 3702 Omnes
2943 3654 3128 3717 gentes
3155 3644 3380 3700 subdita:
3398 3645 3506 3715 juri

1917 3761 2161 3814 romano,
2185 3745 2239 3800 in
2259 3746 2348 3817 jus
2374 3758 2651 3800 romanum
2682 3740 3077 3805 conﬂuxerunt,
3103 3738 3508 3810 superstitiones

1919 3840 2482 3903 communicaverunt;
2509 3845 2694 3909 postea
2721 3834 2843 3890 inde
2869 3842 3260 3904 emperuntper
3286 3831 3508 3903 gratiam

1922 3933 2135 3990 Domini
2183 3931 2352 3988 nostri
2390 3930 2519 3986 Jesu
2565 3928 2762 3985 Christi
2803 3926 3084 3998 separari:
3116 3925 3205 3980 illa
3257 3941 3384 3980 vero
3433 3926 3511 3981 sie

1921 4026 2113 4081 mansit
2142 4039 2263 4080 eum
2292 4023 2444 4095 signo
2469 4035 2587 4089 suo,
2611 4035 2732 4075 cum
2749 4018 2900 4090 signo
2928 4017 3368 4084 circumcisionis,
3387 4031 3510 4071 cum

1922 4119 2074 4190 signo
2101 4131 2411 4189 azymorum
2461 4115 2539 4169 sic
2579 4112 2820 4169 mansit:
2852 4125 2958 4165 non
2999 4117 3084 4166 est
3121 4111 3330 4165 occisus
3354 4106 3509 4175 Cain,

1923 4224 2029 4265 non
2057 4217 2140 4264 est
2163 4208 2392 4273 occisus,
2430 4206 2592 4262 habet
2625 4206 2836 4275 signum
2867 4217 3044 4257 suum.
3097 4200 3406 4256 Maledictus
3429 4210 3513 4256 est

1909 4289 1954 4358 \a
1995 4312 2134 4358 terra
2159 4343 2174 4368 ,
2221 4316 2340 4372 qua:
2382 4299 2592 4369 aperuit
2619 4313 2682 4352 os
2705 4310 2860 4351 suum
2903 4295 3152 4364 excipere
3199 4292 3511 4361 sanguinem

1923 4394 2101 4451 fratris
2133 4393 2250 4463 ejus
2271 4391 2340 4447 de
2365 4405 2524 4446 manu
2555 4389 2689 4457 ejus.
2725 4386 2817 4441 Ille
2843 4384 2986 4440 enim
3016 4383 3150 4437 ludit
3173 4381 3510 4452 sanguinem,

1925 4504 2030 4546 non
2059 4486 2270 4557 excepit
2300 4501 2314 4538 :
2343 4483 2431 4538 ille
2467 4481 2636 4544 fudit,
2687 4478 2790 4534 alia
2821 4485 2960 4533 terra
2994 4475 3204 4544 excepit
3233 4489 3246 4526 :
3275 4472 3418 4528 etab
3448 4487 3512 4528 ea

1927 4593 2070 4639 terra
2098 4597 2215 4652 qua:
2244 4593 2307 4634 os
2329 4576 2539 4648 aperuit
2561 4582 2616 4629 et
2644 4572 2888 4642 excepit,
2935 4568 3024 4623 ille
3049 4564 3361 4622 maledictus
3389 4573 3472 4619 est
3497 4581 3510 4618 :

1925 4683 1981 4731 et
2016 4673 2130 4745 ipsa
2172 4680 2313 4726 terra
2353 4683 2472 4740 qua:
2511 4680 2606 4721 ore
2640 4663 2851 4734 excepit
2881 4660 3229 4732 sanguinem,
3274 4656 3514 4712 Ecclesia

1926 4775 2027 4824 est.
2057 4764 2140 4821 Ab
2167 4762 2269 4818 hac
2293 4775 2423 4831 ergo
2452 4758 2539 4814 ille
2577 4755 2892 4813 maledictus
2917 4763 3018 4808 est.
3072 4751 3140 4805 Et
3177 4751 3265 4806 ille
3301 4749 3516 4818 sanguis

1927 4861 2124 4918 clamat
2144 4858 2211 4914 de
2239 4866 2379 4912 terra
2409 4851 2474 4908 ad
2503 4866 2610 4906 me.
2660 4849 2736 4904 De
2762 4848 2862 4902 hac
2897 4847 3038 4900 enim
3070 4853 3215 4899 terra
3247 4841 3377 4897 dixit
3411 4841 3514 4895 Do-

1929 4956 2107 5012 minus
2126 4994 2140 5018 ,
2179 4949 2293 5005 Vox
2313 4945 2576 5019 sanguinis
2603 4941 2778 5015 fratris
2799 4940 2872 4993 tui
2893 4940 3076 4992 clamat
3104 4936 3171 4990 ad
3199 4953 3278 4990 me
3299 4937 3362 4989 de
3387 4944 3518 4988 terra

1931 5048 2084 5121 (Gen.
2119 5061 2170 5102 tv
2194 5085 2209 5111 ,
2240 5044 2342 5108 15,
2368 5038 2480 5113 10).
2529 5037 2768 5098 Clamat,
2816 5031 3015 5103 inquit,
3055 5029 3121 5084 ad
3149 5045 3234 5084 me
3259 5028 3326 5084 de
3353 5035 3514 5082 terra.

1929 5118 2226 5198 Clamatad
2269 5132 2553 5190 Dominum
2583 5147 2595 5182 :
2629 5125 2723 5182 sed
2759 5122 2953 5179 surdus
2988 5129 3073 5177 est
3096 5123 3186 5193 qui
3211 5118 3514 5190 sanguinem

1931 5232 2084 5297 ludit,
2112 5229 2232 5302 quia
2247 5241 2356 5282 non
2381 5221 2568 5280 bibit“.
2591 5218 2671 5276 Illi
2696 5218 2908 5290 ergoita
2936 5223 3080 5281 sunt,
3115 5223 3362 5284 tanquam
3384 5209 3517 5264 Cain

1931 5341 2056 5382 cum
2101 5323 2275 5394 signo.
2327 5315 2598 5375 Sacriﬁcia
2640 5328 2772 5369 vero
2815 5327 2935 5384 qua:
2974 5310 3048 5367 ibi
3074 5307 3300 5374 ﬁebant,
3342 5305 3516 5360 ablata

1933 5425 2092 5484 sunt;
2120 5424 2176 5471 et
2196 5409 2339 5485 quod
2368 5409 2448 5466 eis
2469 5404 2726 5464 remansit
2747 5402 2814 5459 ad
2841 5403 3047 5474 signum
3073 5399 3202 5455 Cain
3223 5438 3240 5465 ,
3266 5397 3373 5467 jam
3397 5409 3518 5465 pcr-

1999 5551 2015 5584 ι
2033 5549 2106 5599 sic
2126 5541 2346 5596 nonnulli
2368 5549 2474 5592 Mss.
2499 5538 2585 5590 Alii
2603 5572 2620 5599 ,
2642 5543 2689 5589 et
2711 5547 2822 5600 qua!
2841 5530 3138 5599 petebantur.
3177 5526 3310 5588 Edd.,
3335 5529 3381 5576 et
3405 5536 3516 5590 quc

1933 5611 2176 5730 “$211K;
2198 5673 2357 5721 manet
2376 5678 2463 5730 per
2485 5676 2647 5716 mnes
2668 5666 2830 5730 gentes
2852 5655 3043 5730 subdita
3080 5653 3190 5717 juri
3211 5661 3436 5703 Romano.
3465 5658 3521 5702 In

1924 5737 2013 5802 ius
2037 5710 2831 5802 EWMeE-iéaiiﬁiil
2856 5710 3163 5802 εἰδξιίξέωὶιὲ·

2000 5774 2324 5862 satis;
2737 5793 2792 5862 et
3183 5785 3288 5830 ωεεο
3310 5774 3520 5842 aliqua.

1913 5841 2324 5930 ηπίίῗιῖἧιῖἱὺίί
2347 5841 2449 5909 Ern
2466 5852 2576 5904 aliis
2589 5857 2721 5913 Iss.,
2736 5841 2876 5913 quem
2898 5857 2992 5897 non
3017 5841 3152 5896 bibit.
