4042 6502
513 474 618 533 445

515 588 710 647 fectum
748 589 866 650 est,
912 586 969 637 et
1005 572 1269 637 nesciunt.
1322 574 1529 645 Actium
1570 561 1858 631 occidunt,
1909 571 2099 631 azyma

516 676 847 735 comedunt:
888 668 1094 727 Pascha
1132 674 1359 723 nostrum
1402 657 1693 717 immolatus
1737 662 1807 710 est
1847 649 2098 708 Christus.

520 774 660 830 Ecce
705 780 937 839 agnosco
979 775 1172 833 agnum
1209 757 1443 837 occisum
1468 795 1484 819 ,
1528 751 1650 831 quia
1691 744 1996 839 immolatus
2020 747 2104 798 est

521 837 781 920 Christus.
809 856 944 926 Quid
966 855 1034 912 de
1052 848 1289 926 alymis?
1311 846 1515 916 Itaque,
1542 840 1728 915 inquit,
1763 837 1896 899 diem
1921 838 2105 908 festum

521 954 863 1015 celebremus,
901 964 1005 1003 non
1037 947 1090 1001 in
1129 947 1374 1019 fermento
1399 937 1572 1006 ceteri,
1599 947 1755 1007 neque
1781 930 1835 984 iu
1861 928 2104 1019 fermento

524 1073 539 1106 ς·
557 1048 733 1104 ωιὶιὶω
765 1054 812 1101 et
841 1014 1169 1112 malignitatis
1200 1051 1219 1090 :
1240 1030 1470 1101 ostendit
1497 1026 1622 1100 quid
1652 1025 1722 1080 sit
1765 1030 1915 1077 vetus
1940 1014 1983 1087 ‘,
2010 1018 2131 1112 ve_—'

524 1151 610 1197 tus
637 1138 801 1194 farina
828 1142 910 1191 est
929 1175 945 1202 ,
966 1108 1111 1187 acuit
1138 1147 1153 1187 :
1181 1126 1268 1184 sed
1288 1126 1342 1181 in
1361 1121 1554 1194 azymis
1585 1115 1885 1176 sinceritatis
1914 1121 1959 1166 et
1980 1108 2109 1164 veri-

527 1233 648 1290 tatis
678 1230 721 1305 (ι
749 1229 867 1284 Cor.
893 1243 928 1283 v
950 1267 964 1291 ,
992 1226 1022 1283 Ἰ
1044 1264 1059 1289 ,
1087 1222 1166 1295 8).
1210 1219 1266 1277 ln
1298 1216 1485 1273 umbra
1514 1214 1906 1305 remanserunt,
1939 1203 2108 1261 solem

527 1302 714 1399 gloriae
750 1323 890 1378 ferre
922 1334 1028 1375 non
1067 1320 1291 1387 possunt
1321 1309 1471 1381 ;jam
1514 1319 1613 1362 nos
1645 1302 1862 1405 induce

528 1387 772 1474 vtenemus
798 1426 992 1482 corpus
1016 1404 1246 1473 Christi,
1279 1412 1521 1459 tenemus
1545 1392 1857 1467 sanguinem
1886 1387 2107 1443 Christi.

530 1508 589 1566 Si
613 1507 870 1564 habemus
897 1514 1086 1558 novam
1105 1497 1289 1558 vitam.
1311 1499 1588 1553 cantemus
1604 1483 1866 1579 canticum
1893 1490 2112 1579 novum,

530 1601 788 1675 hymnum
830 1598 939 1652 Deo
969 1600 1174 1650 nostro.
1222 1586 1536 1647 Holocausla
1565 1596 1657 1655 pro
1691 1575 1873 1634 delicto
1900 1588 2000 1627 non
2023 1575 2114 1645 pe-

533 1694 635 1751 tisti
660 1709 680 1748 :
701 1701 817 1746 tunc
837 1687 945 1745 dixi
963 1728 979 1754 ,
1018 1684 1150 1740 Ecce
1178 1679 1338 1743 venio.
1553 1754 1562 1768 1
1833 1736 1850 1768 ὲ
1911 1755 1924 1768 ⁹

606 1785 694 1840 ib.
722 1781 789 1836 In
817 1780 980 1851 capite
1009 1776 1122 1831 libri
1150 1772 1392 1843 scriptum
1422 1774 1493 1822 est
1529 1765 1593 1855 de
1619 1768 1801 1856 me,‘ut
1823 1761 2007 1831 faciam
2032 1766 2121 1856 vo-

536 1875 779 1933 luntatem
814 1882 956 1927 tuam
987 1884 1007 1925 :
1039 1867 1175 1923 Deus
1202 1878 1343 1923 meus
1366 1901 1380 1929 ,
1421 1852 1559 1914 uolui
1582 1898 1599 1925 ,
1640 1861 1689 1909 et
1717 1852 1875 1924 legem
1902 1855 2038 1904 tuam
2065 1852 2120 1898 in

535 1968 703 2025 medio
722 1964 888 2022 cordis
909 1962 1025 2019 mei.
1077 1960 1214 2021 Ecce
1242 1954 1307 2011 ad
1352 1949 1591 2031 membra
1630 1941 2123 2043 respexit,.ecce.et

535 2062 652 2133 ipse
681 2059 806 2115 fecit
833 2056 1156 2127 voluntatem
1190 2046 1382 2106 Patris.
1436 2040 1545 2140 Sed
1578 2040 1630 2125 in
1657 2032 1761 2140 quo
1798 2033 1980 2140 capite.
2000 2030 2122 2140 libri

537 2126 797 2224 scriptum
845 2156 927 2205 est
965 2147 1032 2202 de
1079 2126 1209 2201 illo?
1253 2140 1506 2197 Fortasse
1532 2134 1585 2191 in
1618 2130 1793 2209 capite
1822 2126 2125 2231 librinliujus

538 2214 897 2304 Psaimorum.
946 2237 1084 2309 Quid
1116 2234 1256 2295 enim
1286 2233 1442 2301 longe
1484 2235 1726 2309 petamus
1745 2264 1759 2288 ,
1788 2228 1880 2275 aut
1903 2218 2035 2275 alios
2061 2214 2127 2271 li-

1022 2292 1204 2385 ?Ecce
1216 2292 1269 2383 in
1280 2292 1453 2395 capite
1470 2317 1587 2373 libri
1606 2292 1762 2413 hujus
1774 2311 2126 2413 Psalmprmn,

541 2402 797 2498 scriptum
815 2432 918 2489 est,
946 2419 1131 2476 Beatus
1151 2418 1226 2473 vir
1253 2413 1338 2487 qui
1361 2427 1461 2473 non
1481 2408 1602 2464 abiit
1622 2404 1675 2506 in
1703 2402 1913 2506 consilio
1937 2402 2126 2506 impio-

543 2491 692 2585 νυνι..
738 2526 783 2572 et
828 2516 882 2571 in
921 2513 1001 2567 via
1034 2517 1353 2582 peccatorum
1394 2518 1497 2557 non
1538 2497 1705 2573 stetit,
1746 2503 1791 2549 et
1819 2493 1871 2585 in
1891 2491 2131 2585 catheer

546 2582 947 2685 pestilentiarum
980 2618 1082 2659 non
1118 2598 1282 2671 sedit,
1326 2596 1413 2685 sed
1442 2594 1495 2649 in
1533 2591 1639 2690 lege
1665 2584 1867 2690 Domini
1899 2582 2131 2690 voluntas

547 2682 658 2776 ejus
686 2702 781 2775 fuit
810 2717 829 2755 :
859 2699 962 2754 hoc
987 2705 1088 2762 est,
1113 2692 1246 2747 Deus
1274 2682 1443 2755 meus,
1475 2686 1630 2785 volui,
1662 2682 1893 2785 etlegem
1916 2682 2133 2785 in

544 2772 710 2857 medio
729 2794 896 2853 cordis
924 2792 1021 2849 uici
1052 2806 1071 2845 :
1099 2788 1202 2847 hoc
1227 2791 1312 2843 est
1329 2824 1345 2850 ,
1385 2790 1435 2838 el
1468 2780 1521 2839 in
1547 2779 1654 2851 lege
1679 2777 1786 2859 ejus
1813 2772 2134 2830 meditabitur

547 2874 1329 2957 dieacnocts(Psal.t,l,2)-
1379 2968 1391 2973 Δ
1461 2966 1528 2973 Η
1621 2963 1673 2973 __
1804 2968 1814 2973 Α
1963 2958 1976 2973 ,

621 2982 709 3039 15.
736 2978 888 3052 [vers.
910 2955 1036 3048 ‘10.}
1078 2972 1212 3028 Bene
1246 2966 1473 3025 nuntiaoi
1501 2963 1756 3052 justitiam
1796 2968 1934 3017 tuam
1958 2958 2010 3013 in
2036 2955 2137 3052 Ec:-

550 3073 703 3130 clesia
727 3040 928 3142 magna.
960 3040 1261 3134 Alloquitur
1290 3057 1528 3116 membra
1562 3070 1656 3110 sua
1679 3096 1694 3121 ,
1727 3040 1970 3107 hortatur
1993 3046 2136 3123 quod

553 3163 696 3230 fecit,
709 3171 766 3223 ut
778 3160 988 3217 iaciant.
1007 3150 1374 3218 Annuntiavit,
1401 3146 1775 3245 annuntiemus
1789 3160 1805 3213 ;
1817 3154 2013 3245 pass-us
2031 3146 2135 3211 est,

554 3253 984 3325 compatiamur;
1041 3244 1370 3317 glorilicatus
1419 3248 1540 3304 est,
1596 3233 2135 3325 conglurilicabimur.

553 3323 862 3404 Annuntiavi
883 3339 1141 3413 justitiam
1182 3343 1319 3391 tuam
1357 3331 1409 3387 in
1449 3324 1679 3384 Ecclesia
1719 3341 1923 3398 magna.
1969 3323 2138 3413 Quam

556 3434 787 3509 magna?
811 3412 950 3490 Toto
970 3430 1100 3491 urbe
1126 3434 1408 3483 terrarum.
1436 3422 1603 3493 Quam
1627 3433 1817 3520 magus
1882 3416 1938 3520 in
1968 3412 2142 3520 omni-

554 3508 659 3587 bus
694 3525 961 3599 gentibus.
1006 3520 1181 3595 Quare
1220 3516 1273 3573 in
1313 3514 1558 3571 omnibus
1583 3508 1865 3583 gentibus?
1894 3508 2027 3580 Quia
2055 3522 2144 3565 se-

555 3637 680 3679 men
707 3626 792 3676 est
829 3613 1060 3672 Abrahae
1078 3654 1093 3678 ,
1127 3610 1180 3666 in
1202 3624 1310 3683 quo
1331 3604 1713 3665 benedicentur
1740 3614 1929 3663 omnes
1956 3606 2142 3672 gentes

557 3714 711 3791 (Gen.
739 3720 836 3778 ιιι,
864 3710 919 3777 '5,
947 3717 993 3762 et
1020 3714 1149 3772 uti,
1179 3703 1293 3776 i8).
1317 3702 1492 3775 Quare
1519 3700 1569 3754 in
1594 3697 1842 3753 omnibus
1860 3694 2143 3791 gentibus?

557 3782 692 3878 Quia
741 3806 794 3862 in
840 3816 1053 3861 omnem
1098 3809 1293 3855 terram
1340 3793 1502 3850 exivit
1548 3807 1710 3847 sonus
1756 3804 1941 3845 eorum
1971 3782 2140 3861 (Psal.

558 3916 713 3966 xvnt,
742 3897 818 3969 5).
849 3893 916 3951 In
938 3893 1172 3948 Ecclesia
1208 3904 1411 3960 magna.
1441 3884 1575 3941 Ecce
1598 3884 1732 3940 labia
1759 3899 1868 3937 mea
1897 3899 1997 3937 non
2020 3896 2142 3954 pro-

559 3990 771 4055 hibebo,
802 3987 1020 4045 Domine
1061 3993 1116 4041 tu
1159 3978 1453 4054 cognovisti.
1498 3974 1659 4031 Labia
1693 3988 1809 4029 mea
1833 3974 2141 4044 loquuntur,

560 4100 668 4149 non
695 4098 757 4143 ea
779 4076 1074 4154 prohibebo
1109 4072 1273 4147 loqui.
1315 4066 1747 4140 Sonantquidem
1770 4064 1905 4121 labia
1935 4079 2051 4154 mea
2077 4063 2145 4119 ad

561 4192 718 4234 aures
746 4152 1019 4232 hominum
1044 4210 1061 4237 ,
1107 4164 1201 4224 sed
1231 4152 1285 4220 tu
1312 4159 1608 4234 cognovisti
1643 4173 1735 4213 cor
1760 4172 1958 4212 meum.
1987 4152 2147 4210 Labla

563 4287 672 4329 mea
710 4284 812 4324 non
850 4260 1141 4336 prohibebo,
1182 4255 1401 4312 Domine
1424 4263 1478 4309 tu
1497 4249 1789 4325 cognovisti.
1820 4246 1975 4303 Aliud
2003 4244 2149 4302 audit

565 4364 761 4425 homo,
806 4354 948 4413 aliud
988 4348 1229 4423 agnoscit
1272 4347 1433 4403 Deus.
1482 4342 1561 4400 Ne
1586 4340 1830 4406 in,labiis
1854 4336 1983 4397 solis
2007 4346 2148 4394 esset

562 4428 893 4513 annuntiatio
914 4488 931 4516 ,
961 4454 1016 4507 et
1038 4443 1305 4500 diceretur
1333 4438 1400 4495 de
1427 4437 1602 4494 nobis.
1638 4432 1766 4503 Quae
1790 4434 1962 4489 dicunt
1991 4430 2145 4498 vobis,

565 4546 744 4619 facite,
786 4555 898 4615 qum
925 4546 1090 4595 autem
1131 4528 1324 4604 faciunt
1348 4572 1362 4597 ,
1392 4528 1558 4600 facere
1579 4527 1732 4582 nolite
1760 4523 1970 4601 (Matth.
1997 4538 2145 4619 χχιιι,

567 4616 624 4707 3)
657 4653 671 4690 :
703 4642 793 4689 aut
822 4630 922 4701 ipsi
961 4625 1152 4699 populo
1174 4667 1187 4690 ,
1225 4623 1460 4680 laudanti
1495 4622 1661 4676 Deum
1684 4634 1806 4684 ore,
1836 4633 1944 4673 non
1965 4616 2146 4684 corde,

565 4728 868 4785 diceretur,
912 4719 1144 4789 Populus
1170 4716 1250 4770 Itic
1296 4715 1440 4771 labiis
1476 4729 1553 4767 me
1581 4711 1831 4777 honorat,
1869 4722 1956 4765 cor
1983 4717 2150 4762 autem

567 4834 742 4876 eorum
792 4814 940 4886 longe
976 4823 1051 4866 est
1077 4826 1110 4863 a
1146 4824 1225 4862 me
1251 4806 1401 4878 (Isai.
1446 4820 1602 4869 xxxx,
1643 4800 1732 4875 15)
1761 4819 1774 4854 :
1803 4815 1932 4855 sona
1974 4798 2148 4868 labiis,

570 4910 864 4985 propinqua
909 4901 1089 4961 corde.
1131 4897 1304 4956 Corde
1345 4895 1485 4951 enim
1511 4889 1837 4985 creditur-ad
1871 4888 2149 4985 justitiam,

571 4980 681 5061 ure
712 4980 891 5057 autem
933 4994 1199 5052 confessio
1241 4990 1299 5045 lit
1341 4986 1407 5043 ad
1438 4984 1665 5041 salutem
1705 4982 1879 5056 (Rom.
1922 4997 1995 5048 ι,
2041 4980 2150 5053 10).

573 5093 757 5166 Qualis
788 5091 877 5148 ille
902 5090 1039 5145 latro
1068 5086 1318 5140 inventus
1340 5086 1423 5136 est
1442 5121 1456 5145 ,
1484 5074 1730 5150 pendens
1766 5075 1818 5130 in
1844 5088 2003 5166 cruce
2031 5086 2152 5130 cum

578 5163 833 5249 llutniuo,
872 5190 1168 5253 agnoscens
1202 5174 1255 5229 in
1281 5185 1441 5227 cruce
1467 5164 1770 5268 Dominum:
1803 5163 1907 5268 bII-li
1934 5178 2160 5268 nonco—

573 5280 874 5350 gnuverunt
911 5265 1167 5325 miracula
1209 5261 1493 5318 facientem
1519 5300 1535 5327 ,
1578 5257 1790 5350 agnovit
1816 5254 1905 5311 ille
1934 5255 1985 5310 in
2013 5255 2158 5350 ligno

574 5346 916 5440 pendentem.
968 5357 1100 5415 Erat
1152 5354 1240 5411 ille
1296 5351 1538 5435 conlisus
1586 5348 1833 5440 omnibus
1868 5346 2155 5413 membris;

576 5436 768 5516 manus
794 5452 957 5510 clavis
997 5447 1361 5512 inhaerebant,
1403 5440 1567 5513 pedes
1590 5436 1828 5495 transllxi
1857 5444 2042 5505 erant,
2081 5444 2161 5492 to-

579 5561 691 5605 tum
719 5560 913 5617 corpus
943 5537 1330 5611 adiungebatur
1356 5534 1528 5605 ligno;
1564 5544 1758 5601 corpus
1783 5527 1908 5595 illud
1933 5544 2040 5589 non
2067 5542 2159 5581 va-

576 5644 733 5701 cabat
755 5638 967 5699 cretosis
996 5631 1250 5691 membris
1269 5673 1284 5701 ,
1312 5628 1493 5699 lingua
1518 5625 1733 5680 racabat
1757 5632 1814 5681 et
1839 5638 1932 5683 cor
1962 5639 1975 5676 :
2002 5621 2164 5678 corde

581 5735 828 5803 credidit,
855 5744 951 5788 ore
975 5726 1251 5784 confessus
1277 5728 1378 5779 est.
1410 5719 1662 5774 Memento
1681 5718 1776 5781 mei
1794 5755 1810 5784 ,
1837 5714 2027 5786 inquit,
2054 5712 2165 5769 Do-

579 5870 831 5988 “t‘ssun,
875 5864 993 5933 quid
1036 5858 1604 5923 domum.
1647 5849 2164 5915 m.mm,

1742 449 1801 507 S.
1841 436 2208 503 AUGUSTINI
2246 434 2553 496 EPISCOPI

2207 548 2372 621 mine,
2421 570 2535 609 cum
2578 555 2769 612 ueneris
2810 557 2865 614 in
2906 558 3115 633 regnum
3142 569 3304 619 tuum.
3357 562 3593 624 Salutem
3642 586 3802 631 suam

2207 644 2364 716 longe
2403 644 2632 736 futuram
2672 646 2959 721 sperabat,
3002 661 3056 709 et
3082 666 3201 727 post
3225 655 3438 731 longum
3467 670 3676 736 tempus
3701 683 3803 725 ac-

2209 738 2387 812 cipere
2412 732 2696 797 conlentus
2719 750 2836 799 erat
2863 761 2877 798 :
2908 744 2960 801 in
2990 745 3204 821 longum
3232 753 3497 824 Sperabat,
3543 732 3659 817 dies
3687 777 3803 816 non

2211 840 2295 887 est
2320 829 2534 887 dilatus.
2576 832 2672 889 Ille
2704 832 2866 905 dixit,
2911 835 3167 896 Memento
3193 844 3324 912 mei,
3362 864 3479 904 cum
3514 855 3707 913 veneris
3746 854 3804 915 its,

2211 937 2420 1009 regnum
2450 931 2592 979 tuum
2617 941 2637 981 :
2664 926 2755 987 ille
2798 930 3074 999 respondit
3099 953 3113 988 :
3136 932 3296 991 Amen
3331 938 3445 993 dico
3481 942 3605 1011 tibi,
3648 946 3806 1003 hodie

2213 1004 2410 1073 mecum
2434 1017 2532 1072 eris
2556 1017 2607 1073 in
2629 1021 2886 1089 paradiso.
2919 1012 3123 1096 Hodie,
3159 1028 3360 1101 inquit,
3404 1051 3599 1091 mecum
3625 1040 3726 1094 eris
3752 1038 3807 1097 in

2214 1110 2631 1205 paradiso(Luc.
2659 1130 2788 1173 mu
2813 1158 2827 1185 ,
2856 1114 2956 1187 42,
2988 1118 3105 1193 45).
3152 1120 3436 1187 Paradisus
3467 1126 3623 1189 habet
3661 1133 3809 1205 ligna

2216 1200 2390 1258 felicia
2419 1221 2433 1258 :
2465 1204 2622 1263 hodie
2643 1224 2851 1268 mecum
2881 1211 2936 1269 in
2979 1213 3124 1288 ligno
3158 1219 3366 1287 crucis,
3410 1219 3571 1283 hodie
3594 1200 3809 1291 mecum

2219 1294 2275 1350 in
2306 1295 2447 1369 ligno
2475 1298 2682 1356 salutis.

2290 1388 2378 1455 16.
2419 1388 2554 1447 Ecce
2585 1392 2721 1450 labia
2752 1413 2863 1453 utea
2901 1415 3003 1455 non
3028 1400 3297 1473 prohibebo
3316 1447 3330 1471 ,
3364 1404 3607 1480 Domine,
3637 1420 3695 1466 tu
3720 1430 3813 1471 co—

2220 1481 2434 1551 gnovisti
2459 1498 2477 1536 :
2506 1498 2573 1539 ne
2598 1486 2779 1542 credat
2809 1488 2971 1546 corde
2995 1533 3009 1557 ,
3034 1502 3089 1548 et
3116 1510 3225 1571 pra:
3252 1495 3443 1556 timore
3466 1499 3601 1559 labia
3622 1504 3816 1573 probi,

2221 1570 2348 1626 beat
2375 1576 2693 1632 annuntiare
2721 1578 2863 1653 quod
2888 1570 3131 1641 credidit.
3161 1586 3297 1643 Sunt
3321 1591 3463 1651 enim
3491 1570 3811 1671 christiani,

2223 1660 2425 1721 habent
2450 1663 2607 1721 ﬁdem
2637 1668 2690 1723 in
2718 1670 2881 1727 corde
2905 1713 2921 1741 ,
2964 1683 3021 1731 et
3044 1675 3061 1707 ¹
3107 1674 3246 1735 inter
3282 1695 3511 1753 paganos
3551 1660 3815 1763 amaros,

2224 1753 2423 1811 misere
2452 1756 2685 1815 urbanos
2708 1802 2723 1829 ,
2752 1763 3000 1821 sordidos
3024 1809 3039 1834 ,
3070 1766 3314 1827 infideles
3333 1814 3349 1840 ,
3373 1769 3580 1845 ineptus
3603 1819 3617 1843 ,
3644 1753 3819 1842 insul;

2227 1853 2430 1911 tatores
2453 1888 2469 1915 ,
2498 1849 2543 1904 si
2570 1853 2825 1923 exagitari
2851 1859 3115 1928 casperiut
3134 1902 3151 1928 ,
3179 1862 3299 1935 quia
3330 1864 3604 1925 christiani
3645 1880 3815 1940 sunt;

2227 1935 2426 2039 habent
2452 1938 2509 2037 in
2530 1943 2692 2039 corde
2718 1945 2873 2002 [idem
2902 1989 2919 2016 ,
2942 1958 2996 2005 et
3016 1952 3202 2011 timent
3225 1957 3465 2015 confiteri
3498 1976 3595 2037 per
3618 1963 3763 2025 labia

2228 2026 2517 2115 prohibent
2560 2028 2695 2090 labia
2746 2052 2841 2093 sua
2893 2055 3085 2100 sonare
3130 2046 3273 2117 quod
3328 2026 3567 2119 norunt,
3621 2026 3825 2119 sonare

2229 2121 2370 2217 quod
2398 2118 2542 2180 intus
2573 2122 2791 2183 habent.
2837 2128 2941 2187 Sed
2979 2136 3325 2206 reprehendit
3368 2140 3467 2197 hos
3514 2118 3822 2217 Dominus,

2234 2210 2338 2278 Qui
2364 2229 2443 2268 me
2466 2219 2708 2289 confusus
2729 2222 2880 2293 fuerit
2902 2241 3073 2280 coram
3095 2229 3379 2288 hominibus
3403 2274 3420 2302 ,
3446 2237 3741 2309 confundor
3762 2224 3831 2296 de

2230 2300 2321 2356 illo
2341 2314 2514 2360 coram
2534 2302 2690 2364 Patre
2708 2320 2816 2367 meo
2851 2313 2869 2383 (
2898 2313 3063 2371 Marc.
3118 2335 3211 2374 vm
3233 2363 3251 2395 ρ
3296 2320 3365 2379 38
3387 2300 3427 2401 )ﬁ,
3462 2326 3513 2381 id
3543 2300 3629 2383 est
3656 2373 3671 2399 ,
3716 2348 3824 2388 non

2234 2400 2353 2449 eum
2402 2412 2761 2470 cognoscam:
2802 2408 2924 2476 quia
2969 2411 3181 2467 erubuit
3222 2429 3309 2469 me
3351 2400 3591 2476 cnnliteri
3631 2437 3822 2481 coram

2235 2485 2580 2559 hominibus,
2613 2508 2719 2549 non
2748 2511 2872 2551 eum
2911 2501 3208 2558 conﬁtebor
3247 2520 3431 2562 coram
3479 2500 3635 2567 Patre
3678 2529 3825 2572 meo.

2236 2580 2427 2638 Dicant
2452 2597 2580 2655 ergo
2611 2576 2749 2643 labia
2777 2589 2920 2661 quod
2949 2591 3112 2650 habet
3134 2610 3265 2652 cor:
3296 2596 3399 2655 hoc
3438 2611 3621 2658 contra
3664 2606 3828 2662 timo-

2239 2686 2353 2728 rem
2381 2674 2424 2729 ”.
2466 2672 2671 2734 Habeat
2714 2695 2813 2735 cor
2859 2682 3000 2754 quod
3047 2684 3234 2744 dicunt
3279 2689 3458 2747 labia:
3491 2694 3594 2751 hoc
3635 2708 3831 2759 contra

2239 2764 2657 2825 simulationem.
2708 2768 3010 2844 Aliquando
3057 2779 3200 2834 enim
3255 2781 3414 2838 timor
3440 2794 3559 2854 est,
3615 2796 3676 2844 ct
3725 2807 3832 2847 non

2238 2857 2613 2953 audesqdicere
2636 2861 2778 2933 quod
2806 2867 2945 2922 nosti
2970 2909 2984 2933 ,
3012 2869 3154 2943 quod
3180 2871 3393 2929 credis:
3435 2876 3731 2953 aliquando
3757 2880 3833 2938 si-

2194 2987 2207 2995 .
2240 2949 2465 3007 mulatio
2490 2961 2608 3021 est,
2635 2954 2771 3010 dicis
2796 2997 2811 3023 ,
2841 2966 2897 3012 et
2924 2974 3031 3014 non
3070 2959 3237 3019 habes
3281 2964 3333 3019 in
3369 2949 3551 3025 corde.
3585 2969 3833 3033 Consen-

2242 3036 2374 3099 tlaut
2402 3044 2542 3101 labia
2575 3056 2662 3103 tua
2686 3048 2834 3106 cordi
2865 3060 2975 3108 tuo.
3004 3053 3262 3127 Quzerens
3289 3064 3471 3130 pacem
3494 3076 3522 3116 a
3556 3063 3669 3122 Deo
3690 3108 3708 3132 ,
3740 3067 3835 3131 tibi

2242 3130 2358 3207 ipse
2382 3144 2497 3192 esto
2526 3148 2786 3210 pacatus:
2834 3158 2940 3198 non
2984 3144 3053 3201 sit
3099 3144 3286 3207 inter’
3333 3166 3396 3206 os
3443 3160 3593 3212 tuum
3641 3130 3703 3213 et
3743 3173 3836 3215 cor

2243 3232 2393 3284 tuum
2422 3230 2560 3285 mala
2586 3231 2726 3287 rixa.
2758 3230 2892 3289 Ecce
2913 3236 3047 3292 labia
3080 3252 3192 3293 mea
3230 3256 3330 3296 non
3362 3243 3632 3313 prohibebo
3653 3289 3672 3313 ,
3715 3244 3834 3303 Do-

2244 3319 2400 3387 mine,
2430 3328 2483 3376 tu
2509 3325 2802 3396 cognovisti.
2830 3326 3107 3396 Quomodo
3135 3331 3268 3389 ille?
3299 3334 3422 3405 q‘uid
3454 3338 3707 3410 cognovit
3736 3338 3838 3398 Do-

2244 3411 2464 3469 minus?
2491 3414 2635 3472 intus
2661 3416 2713 3472 in
2739 3418 2904 3476 corde
2926 3462 2942 3487 ,
2972 3418 3057 3477 ubi
3088 3437 3191 3480 non
3220 3424 3364 3483 videt
3405 3426 3585 3484 homo.
3622 3429 3753 3488 Ideo
3783 3436 3838 3489 et

2246 3508 2377 3578 ille,
2418 3511 2660 3582 Credidi,
2711 3514 2901 3586 inquit.
2943 3516 3085 3575 Ecce
3129 3534 3223 3575 cor
3270 3516 3473 3592 habet,
3511 3521 3622 3601 jam
3676 3526 3839 3583 habet

2246 3600 2388 3679 quod
2431 3602 2609 3662 videat
2652 3604 2832 3667 Deus:
2884 3624 2990 3664 non
3039 3610 3321 3681 prohibeat
3361 3612 3498 3669 labia
3542 3631 3660 3672 sua.
3722 3617 3838 3685 Non

2246 3697 2513 3777 prohibet.
2546 3699 2681 3771 Quid
2712 3700 2857 3758 enim
2887 3702 3058 3763 dicit?
3084 3702 3298 3778 Propter
3322 3708 3457 3779 quod
3476 3709 3679 3766 locutus
3703 3729 3838 3768 sum.

2248 3791 2317 3847 Et
2344 3794 2467 3867 quia
2499 3793 2709 3851 locutus
2733 3806 2817 3851 est
2843 3796 2985 3871 quod
3011 3798 3239 3854 credidit
3263 3841 3279 3865 ,
3321 3816 3567 3873 quaerens
3592 3802 3725 3877 quid
3752 3822 3840 3873 re—

2252 3885 2706 3969 tribuat_Domino
2728 3905 2823 3965 pro
2846 3888 3094 3948 omnibus
3114 3909 3232 3966 qua:
3258 3892 3506 3951 retribuit
3530 3897 3577 3951 ei
3604 3937 3619 3967 ,
3647 3896 3844 3969 adjun-

2247 3978 2324 4051 git
2349 3997 2362 4034 :
2391 3958 2611 4039 Calicem
2626 3981 2866 4040 salutaris
2887 3986 3134 4059 accipiam
3150 4028 3167 4059 ,
3194 3996 3240 4043 et
3261 4005 3443 4044 nomen
3463 3987 3675 4045 Domini
3699 3993 3847 4049 inoo-

2249 4071 2395 4129 eabo.
2446 4071 2564 4141 Non
2603 4073 2882 4133 exhorruit
2924 4074 3207 4135 Dominum
3249 4079 3516 4140 dicentem
3559 4102 3571 4136 :
3618 4081 3846 4143 Potestis

2252 4164 2415 4221 bibere
2455 4166 2665 4225 calicem
2701 4186 2849 4241 quem
2888 4188 2978 4249 ego
3015 4171 3261 4228 bibiturus
3298 4192 3412 4237 sum
3470 4172 3697 4249 (Matth.
3731 4195 3805 4235 xx
3826 4220 3846 4249 ,

2252 4257 2326 4314 22
2347 4257 2366 4332 )
2388 4260 2410 4315 ?
2435 4258 2731 4319 Conlitetur
2758 4265 2899 4321 enim
2929 4280 3024 4345 per
3050 4266 3188 4322 labia
3212 4266 3353 4339 quod
3384 4269 3614 4328 habebat
3642 4271 3698 4329 in
3728 4288 3845 4339 cor-

2251 4350 2320 4407 de
2346 4393 2361 4420 ,
2394 4355 2636 4422 pervenit
2662 4354 2728 4411 ad
2757 4357 3083 4427 passionem.
3110 4354 3176 4415 Et
3203 4360 3325 4433 quia
3358 4364 3599 4437 pervenit
3624 4356 3694 4425 ad
3730 4381 3845 4437 pas-

2252 4442 2459 4499 sionem
2488 4487 2503 4513 ,
2536 4443 2705 4502 hostis
2734 4446 2859 4518 quid
2888 4447 3113 4505 nocuit?
3154 4450 3357 4524 Nempe
3385 4455 3604 4527 pretiosa
3632 4449 3689 4511 in
3728 4473 3845 4523 coa-

2252 4548 2426 4615 spectu
2450 4537 2660 4595 Domini
2678 4552 2814 4596 mors
2826 4542 3085 4613 justorum
3106 4545 3215 4616 ejus
3238 4544 3257 4619 (
3280 4542 3429 4602 Psal.
3451 4563 3575 4633 cxv,
3606 4547 3674 4604 10
3690 4549 3784 4605 ο15

2253 4630 2447 4689 Mortes
2474 4633 2525 4689 in
2552 4649 2683 4706 quas
2708 4633 2904 4706 Pagaui
2931 4636 3222 4693 smvierunt
3246 4680 3261 4709 ,
3294 4638 3346 4694 in
3376 4638 3483 4697 illis
3518 4632 3678 4698 hodie
3723 4630 3847 4705 rell-

2254 4727 2427 4783 cimur
2448 4724 2495 4781 ⁶.
2545 4725 2785 4799 Natalem
2837 4738 3133 4803 martyrum
3180 4730 3512 4790 celebramus
3539 4775 3554 4802 ,
3602 4732 3850 4809 exempla

2256 4827 2551 4891 martyrum
2601 4819 2756 4874 nobis
2804 4816 3193 4897 proponimus,
3251 4825 3578 4881 attendimus
3642 4826 3851 4896 iidem,

2257 4910 2526 4979 quomodo
2552 4908 2751 4966 inventi
2778 4952 2794 4980 ,
2826 4911 3096 4983 quomodo
3122 4915 3334 4971 attracti
3361 4958 3377 4985 ,
3427 4917 3703 4989 quomodo
3746 4933 3855 4975 stc-

2260 5006 2440 5055 terunt
2467 5006 2589 5056 ante
2613 5000 2839 5071 judiccs.
2865 5001 2920 5059 In
2946 5000 3187 5065 Ecclesia
3210 5006 3471 5063 catholica
3495 5008 3623 5063 nihil
3648 5008 3856 5064 habun-

2263 5098 2344 5149 tes
2369 5090 2725 5151 simulationis
2747 5137 2763 5164 ,
2790 5096 3147 5171 compaginati
3175 5095 3420 5171 iunctura
3444 5098 3658 5154 unitatis
3680 5141 3697 5167 ,
3727 5117 3857 5155 con-

2326 5291 2499 5359 fhuss”
2526 5294 2572 5341 et
2591 5289 2635 5343 si
2662 5303 2683 5342 :
2702 5290 2944 5359 pauloque

3056 5299 3103 5357 t,
3137 5294 3245 5347 loco
3274 5308 3466 5358 amaros
3496 5293 3670 5348 misere
3687 5330 3705 5358 ,
3734 5294 3863 5348 no‘n-

2262 5350 2383 5423 nulli
2408 5350 2570 5403 ferunt
2586 5386 2602 5413 ,
2638 5350 2774 5405 carior
2806 5350 2877 5406 esi

3029 5355 3113 5408 ere
3147 5368 3167 5409 :
3201 5364 3255 5409 et
3289 5355 3515 5422 quidam,
3542 5355 3865 5411 mor'estse

2262 5427 2506 5558 ἬἘέ
2531 5472 3261 5558 .¹ΞΕ’Ξ.Ε⁰¹²ῙζΕΞῐἮ9ἴΕἾὶ¹¹Ξ⁸ἔΨ
3282 5495 3404 5558 ςρτε.
3418 5480 3561 5558 Mi.
3579 5480 3752 5558 άξεῖιηι
3795 5482 3866 5558 '9:

2268 5537 2347 5588 δια
2374 5536 2503 5610 :_hoc_
2526 5544 2693 5610 contra
3110 5538 3316 5610 habeant
3340 5536 3467 5596 me.
3486 5581 3500 5605 ,
3543 5545 3673 5610 quod
3699 5545 3867 5599 credit

2266 5611 2367 5651 cor.
2392 5600 2692 5671 sententiam
2716 5599 3035 5671 labelaculmt
3056 5607 3325 5671 verborum
3338 5599 3867 5671 prava'in'terpunctio,

2266 5674 2459 5732 necnon
2480 5661 2701 5732 ineptum
2722 5664 2772 5714 in
2797 5663 2895 5717 tiae
2916 5665 3177 5731 glossema,
3201 5661 3617 5732 quod'meliorum
3781 5661 3871 5721 an;

2267 5725 2490 5775 ctoritate
2509 5725 2821 5776 removimus.

2334 5785 2628 5853 fParticula,
2650 5787 2795 5853 inter.
2819 5789 2959 5853 abest
2979 5791 3041 5853 ab
3062 5794 3288 5853 omnibus
3312 5799 3422 5845 llas.

3225 5854 3444 5909 παιαιευι
3472 5859 3706 5924 παίων
3735 5856 3871 5925 ne»
