4042 6488
203 449 301 508 με

204 563 325 623 fessi
352 568 482 620 sunt
502 558 816 631 Christum:
853 568 1015 632 caput
1051 554 1192 633 quod
1234 568 1580 631 praecesserat
1602 600 1617 624 ,
1646 558 1784 621 sicut

202 657 436 716 membra
457 694 476 723 ,
499 655 653 728 sequi
672 653 1076 725 concupierunt.
1098 651 1206 710 Sed
1223 653 1310 725 qui
1328 651 1710 725 concupierunt
1732 651 1786 706 ιι

206 752 258 811 In
300 747 590 813 tormentis
636 747 936 819 patientes.
979 746 1031 802 in
1076 743 1412 801 confessione
1461 743 1686 810 ﬁdeles,
1732 742 1784 797 in

203 854 451 900 sermone
477 853 719 903 veraces.
751 835 1130 903 iaculabantur
1158 836 1301 893 enim
1341 834 1391 890 in
1433 850 1524 890 ora
1559 835 1786 893 interro-

202 934 435 1006 gantiam
465 946 527 991 se
570 931 793 1002 sagittas
834 929 925 989 Dei
951 970 965 996 ,
1009 916 1064 984 et
1102 928 1451 987 vulnerabant
1495 926 1559 983 ad
1605 927 1783 995 iram;

203 1024 393 1081 multos
447 1022 869 1089 vulneraverunt
912 1028 966 1076 et
1013 1019 1081 1081 ad
1129 1019 1375 1079 Salutem.
1430 1016 1557 1075 Haec
1603 1016 1781 1073 omnia

206 1113 557 1189 proponimus
586 1112 744 1169 nobis
762 1153 780 1179 ,
803 1121 857 1167 et
886 1111 1264 1167 intuemur‘illa
1284 1153 1300 1179 ,
1323 1117 1377 1166 et
1397 1118 1642 1180 optamus
1666 1108 1785 1164 imi-

199 1210 311 1266 tari.
346 1208 476 1264 Haec
505 1215 632 1265 sunt
657 1205 958 1277 spectacula
988 1204 1278 1263 christiana
1301 1243 1316 1270 ,
1358 1203 1475 1259 haec
1514 1201 1656 1258 videt
1684 1199 1782 1256 de-

202 1317 357 1373 super
384 1301 532 1359 Deus
556 1342 573 1368 ,
601 1298 670 1357 ad
701 1298 815 1354 hinc
841 1297 1084 1355 hortatur
1106 1338 1124 1366 ,
1154 1295 1220 1352 ad
1250 1294 1364 1353 haec
1406 1293 1657 1366 adjuvat;
1700 1290 1782 1348 his

200 1395 579 1455 certaminibus
625 1392 844 1467 prtemia
892 1390 1141 1473 praponit
1178 1398 1232 1446 et
1273 1388 1458 1445 donat.
1492 1387 1624 1442 Ecce
1647 1386 1781 1442 labia

202 1504 300 1544 mea
332 1504 438 1544 non
460 1484 759 1557 prohibebo.
788 1483 922 1541 Vide
950 1498 1017 1541 ne
1046 1483 1232 1539 timeas
1258 1523 1274 1551 ,
1311 1490 1366 1539 et
1389 1479 1672 1552 prohibeas
1699 1478 1778 1537 la-

199 1580 271 1644 bia
300 1589 411 1634 tua.
441 1576 699 1651 Domine,
725 1587 779 1631 tu
800 1574 1076 1649 cognouisti
1102 1591 1122 1632 :
1146 1574 1267 1646 quia
1309 1583 1393 1630 est
1434 1581 1489 1631 et
1528 1573 1582 1628 in
1619 1570 1780 1631 corde

200 1672 329 1747 quod
362 1681 523 1729 sonat
547 1680 603 1727 et
630 1672 681 1727 in
714 1670 887 1727 labiis.

256 1767 343 1822 17.
370 1763 526 1839 [vers.
556 1760 671 1837 11.]
691 1761 951 1817 Justitiant
972 1777 1136 1817 meam
1164 1777 1265 1815 non
1294 1757 1533 1814 abscondi
1553 1757 1606 1813 in
1626 1756 1777 1815 corde

199 1875 324 1917 meo.
351 1855 494 1925 Quid
525 1865 611 1915 est
639 1897 654 1921 ,
677 1854 932 1927 justitiam
956 1853 1156 1908 meam?
1184 1850 1367 1908 Fidem
1398 1865 1570 1905 meam
1595 1869 1609 1904 ;
1653 1848 1777 1920 quia

196 1953 358 2023 justus
381 1966 450 2011 ex
480 1950 587 2005 lide
631 1949 762 2004 vivit
808 1946 1052 2018 (Habac.
1086 1961 1123 2001 ιι
1152 1987 1167 2013 ,
1195 1946 1231 2005 4
1254 1987 1269 2011 ,
1297 1954 1345 2001 et
1376 1944 1525 2000 Rom.
1556 1959 1612 2012 ι,
1638 1943 1771 2013 17).

198 2044 254 2113 Ut
279 2055 405 2116 puta
432 2084 447 2110 ,
480 2043 778 2112 interrogat
819 2039 919 2095 sub
957 2054 1113 2110 paena
1154 2046 1465 2109 persecutor
1485 2078 1502 2105 ,
1529 2035 1671 2108 quod
1698 2036 1775 2093 eis

194 2137 327 2192 licuit
355 2132 647 2206 aliquando
666 2174 684 2205 ,
728 2131 866 2200 Quid
891 2131 993 2189 es?
1022 2146 1254 2203 paganus
1275 2171 1291 2199 ,
1320 2146 1386 2186 an
1417 2127 1777 2187 Christianus?

194 2228 537 2289 Christianus.
572 2226 796 2301 Ipsaest
820 2225 1024 2297 justitia
1061 2225 1176 2297 ejus
1206 2243 1218 2279 :
1255 2223 1521 2291 credidit,
1558 2238 1627 2279 ex
1667 2222 1774 2279 ﬁde

194 2320 326 2379 vivit.
349 2318 469 2375 Non
491 2316 773 2373 abscondit
798 2317 849 2371 in
873 2315 1035 2372 corde
1062 2331 1157 2371 suo
1173 2315 1432 2387 justitiam
1459 2330 1629 2371 suam.
1657 2314 1772 2370 Non

195 2413 308 2469 dixit
331 2412 479 2484 apud
505 2426 567 2467 se
595 2427 607 2467 :
638 2408 816 2466 Credo
841 2409 1056 2481 quidem
1096 2409 1146 2463 in
1173 2408 1440 2465 Christum
1466 2451 1481 2476 ,
1518 2408 1612 2465 sed
1651 2407 1774 2465 huic

196 2503 516 2580 persecutori
544 2517 669 2561 meo
698 2501 938 2557 servienti
966 2510 1021 2557 ct
1047 2500 1269 2557 minanti
1298 2517 1403 2558 non
1435 2500 1606 2557 dicam
1632 2500 1774 2572 quod

194 2595 425 2657 credidi:
458 2593 611 2651 novit
639 2592 781 2649 Deus
818 2608 969 2648 meus
1016 2592 1156 2648 intus
1197 2593 1249 2648 in
1286 2593 1449 2663 corde
1492 2609 1614 2650 meo
1650 2591 1772 2665 quia

194 2691 340 2748 credo
361 2733 379 2759 ,
410 2691 530 2763 ipse
552 2689 653 2745 scit
671 2688 796 2761 quia
823 2687 899 2743 illi
920 2702 1028 2744 non
1054 2687 1323 2744 renuntio.
1348 2684 1488 2743 Ecce
1510 2686 1613 2743 hoc
1639 2684 1774 2744 dicis

194 2787 401 2849 teintus
428 2783 632 2840 habere
660 2783 715 2839 in
756 2780 957 2837 corde:
1000 2781 1052 2836 in
1093 2779 1246 2837 labiis
1284 2772 1456 2851 quid?
1496 2779 1613 2836 Non
1655 2796 1770 2839 sum

195 2875 553 2934 christianus?
599 2874 799 2930 Contra
843 2888 937 2930 cor
980 2882 1127 2929 tuum
1177 2871 1541 2929 testimonium
1588 2871 1773 2929 dicunt

194 2969 314 3033 labia
342 2978 456 3027 tua.
483 2967 752 3022 Justitiam
772 2982 934 3022 meum
955 2982 1055 3020 non
1078 2964 1322 3020 abscondi
1348 2966 1402 3020 in
1426 2963 1576 3019 corde
1601 2980 1730 3023 meo.

255 3062 341 3119 18.
394 3060 670 3119 Veritatem
698 3070 836 3115 tuam
861 3067 910 3113 et
937 3058 1161 3113 salutare
1181 3064 1322 3112 tuum
1348 3055 1477 3112 dixi.
1503 3055 1771 3115 Christum

194 3165 329 3217 tuum
358 3153 512 3218 dixi,
547 3152 651 3208 hoc
675 3158 760 3207 est
784 3192 800 3218 ,
838 3147 1115 3205 Veritatem
1142 3158 1283 3204 tuam
1311 3159 1358 3204 et
1384 3150 1607 3205 salutare
1630 3158 1772 3209 tuum

335 3244 496 3302 Unde
519 3241 717 3299 veritas
742 3241 1028 3299 Christus?
1066 3239 1180 3313 Ego
1218 3258 1333 3297 sum
1366 3243 1547 3299 veritas
1572 3240 1767 3316 (Joan.

195 3353 314 3405 xiv,
344 3337 445 3407 6).
496 3334 653 3399 Unde
708 3333 942 3391 salutare
994 3332 1162 3403 ipsius
1204 3330 1502 3389 Christus?
1551 3332 1769 3397 Simeon

193 3431 398 3505 agnovit
443 3429 700 3487 infantem
749 3428 803 3484 in
842 3426 1090 3484 manibus
1129 3426 1317 3485 matris
1355 3426 1407 3481 in
1450 3427 1686 3497 templo,
1719 3434 1773 3487 et

191 3522 346 3583 dixit:
374 3521 631 3589 Quoniam
653 3518 884 3575 viderunt
908 3518 1042 3577 oeuli
1069 3519 1166 3574 mei
1190 3518 1412 3573 salutare
1431 3527 1572 3574 tuum
1594 3517 1614 3597 (
1640 3518 1769 3581 Luc,

192 3617 352 3685 p.50
378 3615 423 3689 ).
460 3614 693 3687 Agnovit
739 3612 995 3673 infantem
1038 3626 1240 3679 senex,
1291 3611 1462 3668 iactus
1506 3611 1558 3666 in
1605 3626 1772 3683 puero

193 3723 311 3789 puer
336 3751 355 3775 ,
385 3708 671 3764 innovatus
694 3704 818 3760 lide.
841 3704 1137 3773 Acceperat
1161 3703 1303 3759 enim
1328 3718 1644 3774 responsum
1669 3745 1685 3771 ,
1719 3714 1773 3769 et

192 3800 445 3861 hocdixit
482 3819 497 3857 :
539 3800 748 3859 dixerat
781 3798 830 3855 ei
872 3797 1126 3853 Dominus
1151 3838 1166 3865 ,
1215 3796 1338 3868 quia
1383 3811 1487 3853 non
1532 3799 1772 3859 exiturus

191 3903 292 3959 erat
311 3893 384 3950 de
407 3892 508 3949 hac
529 3892 635 3947 vita
660 3931 676 3957 ,
700 3889 1009 3960 priusquam
1036 3887 1240 3943 videret
1266 3886 1495 3944 salutare
1517 3888 1632 3945 Dei.
1659 3889 1771 3947 Hoc

191 3987 417 4043 salutare
461 3984 557 4040 Dei
603 3984 803 4039 bonum
848 3989 930 4036 est
971 3988 1033 4035 ut
1075 3979 1387 4039 ostendatur
1422 3979 1766 4043 hominibus;

193 4079 274 4137 sed
296 4079 576 4145 clament,
606 4074 827 4131 Ostende
852 4072 993 4129 nobis
1021 4113 1038 4141 ,
1081 4069 1300 4127 Domine
1321 4110 1338 4140 ,
1375 4072 1771 4133 misericordiam

191 4180 358 4236 uani,
390 4179 437 4226 et
465 4169 692 4225 salutare
726 4177 866 4223 tuum
908 4166 975 4221 da
1012 4164 1152 4221 nobis
1198 4166 1217 4238 (
1243 4163 1388 4220 Psat.
1416 4180 1638 4233 LXXXIV,
1665 4165 1766 4238 8).

190 4259 424 4321 Salutate
446 4269 630 4317 autem
659 4257 752 4315 Dei
782 4259 833 4313 in
862 4255 1110 4313 omnibus
1146 4255 1395 4328 gentibus
1425 4274 1439 4311 :
1484 4258 1604 4329 quia
1647 4274 1768 4315 cum

188 4354 400 4413 dixisset
426 4353 659 4428 quodam
690 4352 809 4409 loco
832 4394 846 4418 ,
868 4350 1007 4409 Deus
1028 4350 1321 4409 misereatur
1344 4350 1488 4406 nobis
1511 4390 1525 4416 ,
1555 4360 1600 4405 et
1624 4350 1768 4407 bene-

189 4446 312 4503 ὀίεαι
338 4462 434 4501 nos
455 4488 472 4512 ,
499 4444 752 4500 illuminet
780 4442 969 4497 vultum
993 4457 1140 4497 suum
1165 4456 1317 4513 super
1343 4457 1436 4497 nos
1457 4482 1473 4509 ,
1504 4449 1556 4495 ut
1581 4457 1770 4514 cogno-

186 4548 383 4597 scamus
407 4541 460 4595 in
486 4550 620 4595 terra
642 4539 774 4593 uiam
800 4545 938 4591 tuam
960 4577 977 4605 ,
1004 4535 1199 4608 adjecit
1226 4554 1238 4589 :
1267 4532 1335 4590 In
1359 4534 1587 4591 omnibus
1607 4537 1769 4608 genti-

186 4622 268 4695 Μιᾶ
296 4633 530 4691 salutare
571 4643 735 4689 tuum.
776 4631 954 4687 Primo
991 4629 1163 4699 dixit,
1211 4628 1280 4687 Ut
1317 4646 1675 4703 cognoscamus
1713 4632 1766 4689 in

184 4736 310 4781 terra
336 4727 474 4781 viam
504 4735 681 4790 tuam,
712 4732 766 4779 et
794 4731 1008 4779 secutus
1036 4703 1160 4778 est?
1191 4720 1260 4777 In
1290 4722 1517 4778 omnibus
1539 4724 1767 4795 gentibus

182 4819 400 4874 salutare
421 4829 565 4873 tuum
583 4816 603 4890 (
624 4815 770 4872 Psal.
800 4830 928 4872 vat
949 4856 964 4881 ,
990 4814 1026 4869 2
1052 4856 1067 4881 ,
1088 4814 1121 4870 ’ὅ
1144 4816 1185 4886 ).
1208 4814 1369 4882 Quasi
1390 4815 1658 4875 diceretur
1678 4818 1725 4872 ci
1744 4857 1762 4886 ,

181 4908 301 4976 Qua:
328 4918 416 4966 est
438 4910 521 4963 via
548 4923 707 4980 quam
727 4906 879 4978 cupis
906 4905 1237 4977 agnoscere?
1258 4905 1511 4962 Homines
1536 4905 1602 4961 ad
1627 4909 1764 4971 viam

182 5001 434 5068 veniunt,
463 4998 720 5069 numquid
745 5000 829 5051 via
853 4998 1003 5053 venit
1036 4996 1103 5050 ad
1144 4995 1432 5053 homines?
1458 4995 1552 5052 Via
1582 5007 1764 5054 nostra

178 5093 314 5147 venit
356 5090 425 5146 ad
466 5072 712 5147 homines
736 5128 753 5157 ,
795 5088 997 5145 invenit
1042 5096 1317 5155 errantes,
1358 5090 1564 5145 vocavit
1600 5090 1665 5147 ad
1707 5105 1766 5149 se

179 5196 323 5239 extra
363 5183 773 5239 ambulantes’.
822 5181 881 5236 1η
926 5196 1052 5250 me,
1100 5180 1310 5252 inquit,
1357 5180 1664 5251 ambulate,
1710 5193 1765 5240 et

177 5291 277 5332 non
304 5277 593 5333 errabitis:
627 5274 738 5347 Ego
757 5291 869 5330 sum
891 5275 974 5329 uia
996 5316 1011 5342 ,
1043 5284 1090 5329 et
1114 5276 1295 5329 ueritas
1318 5315 1332 5339 ,
1363 5288 1413 5331 et
1438 5278 1540 5331 vita
1567 5276 1760 5349 (Joan.

174 5382 279 5436 xiv,
307 5369 346 5425 ϐ
370 5369 414 5439 ).
444 5366 525 5423 Ne
542 5366 754 5423 diceres
773 5408 789 5434 ,
815 5366 913 5423 Ubi
941 5374 1022 5423 est
1043 5366 1128 5421 via
1152 5366 1290 5422 Dei?
1314 5367 1379 5422 ad
1403 5380 1560 5439 quam
1588 5370 1764 5441 regio-

176 5479 293 5518 nem
322 5464 417 5519 ibo
434 5462 461 5517 ?
480 5474 636 5534 quem
666 5469 900 5516 montem
927 5459 1258 5516 ascendam?
1280 5475 1411 5532 quos
1432 5476 1648 5533 campos
1679 5463 1762 5518 in-

172 5555 430 5625 quiram?
456 5554 608 5611 Viam
633 5553 727 5611 Dei
749 5553 975 5623 inquiris
994 5554 1019 5608 ?
1039 5553 1281 5610 Salutare
1306 5554 1397 5609 Dei
1418 5564 1500 5610 est
1525 5558 1605 5610 vis
1631 5558 1760 5626 Dei,

173 5657 225 5703 et
249 5647 452 5721 ubique
475 5645 592 5704 hac
612 5653 733 5704 est:
761 5644 884 5717 quia
913 5645 968 5701 in
993 5644 1240 5702 omnibus
1258 5645 1506 5719 gentibus
1532 5647 1764 5706 salutare

232 5847 252 5880 ι
277 5850 337 5895 tn
356 5843 601 5896 nonnullis
618 5848 728 5896 llss.
752 5842 915 5908 deest;
940 5822 1032 5895 séd
1057 5843 1142 5908 qui
1162 5843 1509 5908 concupierant
1522 5843 1548 5895 r

176 5908 625 6023 “unquam,
648 5906 910 5961 accusauit
931 5920 999 5960 se.
1024 5905 1764 5971 Extremutaaninmem-

1272 442 1668 503 ENARRATIO
1708 443 1773 501 ΙΝ
1815 444 2131 502 ΡειΑιΜυιι
2168 446 2411 513 XXXIX.

3373 426 3477 513 ne

1896 564 2066 619 tuum.
2110 558 2374 625 Veritatem
2403 572 2539 621 tuam
2566 576 2615 627 et
2642 566 2864 629 salutare
2891 577 3033 627 tuum
3053 568 3179 627 dixi.
3268 618 3273 621 .

1965 652 2053 711 19.
2095 653 2218 713 Non
2268 656 2427 717 celaui
2476 660 2874 723 miscricordiam
2936 670 3076 721 tuam
3122 673 3168 719 et
3223 658 3477 720 ueritatem

1891 753 2032 805 tuam
2051 764 2082 803 a
2102 751 2482 822 congregatione
2504 752 2683 811 multa.
2717 752 2788 810 lbi
2820 753 2985 810 simus
3003 796 3016 821 ,
3054 755 3104 811 in
3134 753 3235 810 hoc
3253 771 3475 828 corpore

1891 854 2238 907 numeremur
2263 853 2316 901 et
2342 859 2441 909 nos
2463 885 2479 913 ,
2506 860 2613 905 non
2643 845 2881 907 celamus
2921 846 3338 903 misericordiam
3374 848 3476 904 Do-

1890 930 2020 995 mini
2050 943 2104 989 et
2135 934 2415 997 veritatem
2445 936 2676 1001 Domini.
2724 936 2817 994 Vis
2842 938 3025 994 audire
3056 938 3472 995 misericordiam

1892 1023 2147 1083 Domini?
2197 1026 2410 1087 Recede
2459 1044 2489 1089 a
2536 1032 2805 1103 peccatis,
2848 1030 3069 1088 donabit
3102 1039 3340 1104 peccata.
3384 1031 3474 1088 Vis

1888 1113 2075 1172 audire
2097 1112 2375 1183 veritatem
2405 1120 2657 1177 Domini?
2687 1121 2833 1178 Tene
2862 1123 3119 1193 justitiam
3146 1164 3162 1194 ,
3192 1123 3472 1183 coronabi-

1889 1213 1975 1261 tur
1996 1205 2223 1279 justitia.
2253 1210 2408 1267 Modo
2438 1213 2578 1277 enim
2610 1210 2976 1271 misericordia
3006 1214 3098 1271 tibi
3132 1214 3471 1286 prtedicatur,

1888 1305 2072 1367 postea
2115 1299 2310 1356 veritas
2346 1299 2705 1359 exhibebitur.
2739 1303 2853 1359 Non
2902 1304 3043 1360 enim
3089 1306 3167 1361 sic
3212 1314 3292 1360 est
3335 1304 3474 1362 Deus

1888 1388 2197 1446 misericors
2223 1431 2240 1459 ,
2271 1402 2329 1448 ut
2354 1392 2580 1464 injustus
2605 1394 2711 1461 sit;
2746 1410 2844 1452 nec
2883 1395 2961 1452 sic
2981 1394 3154 1467 justus
3178 1438 3193 1461 ,
3222 1404 3279 1451 ut
3310 1396 3471 1451 mise-

1884 1480 2052 1537 ricors
2091 1496 2197 1538 non
2243 1483 2332 1541 sit.
2383 1485 2627 1542 Parvaue
2672 1484 3032 1545 misericordia
3080 1486 3171 1543 tibi
3201 1487 3327 1544 est?
3354 1487 3470 1544 Non

1885 1572 2169 1644 imputabit
2196 1575 2213 1608 ¹
2241 1576 2419 1649 priora
2450 1578 2625 1634 omnia
2655 1596 2668 1632 :
2702 1579 2840 1634 male
2869 1579 3046 1643 vixisti
3084 1594 3250 1651 usque
3288 1580 3340 1635 in
3371 1576 3472 1636 ho-

1883 1661 2127 1720 diernum
2154 1666 2293 1722 diem
2320 1709 2334 1734 ,
2366 1666 2541 1724 adhuc
2564 1668 2698 1725 vivis
2722 1712 2738 1737 ,
2770 1669 2905 1726 bene
2941 1668 3062 1731 vive
3101 1670 3259 1726 hodie
3284 1712 3299 1737 ,
3332 1668 3472 1728 hanc

1882 1756 2302 1815 misericordiam
2331 1776 2436 1817 non
2466 1759 2680 1819 celabis.
2710 1757 2764 1817 Si
2791 1760 2908 1821 haec
2949 1769 3032 1817 est
3064 1756 3425 1818 misericordia
3452 1778 3467 1818 :

1881 1858 2003 1917 qua:
2039 1849 2281 1906 veritas?
2317 1850 2795 1931 Congregabuutur
2822 1861 2947 1913 ante
2974 1869 3094 1909 eum
3125 1868 3313 1911 omnes
3339 1869 3470 1926 gen-

1881 1945 1962 1993 tes
1984 1979 2000 2005 ,
2029 1948 2083 1995 et
2104 1938 2305 1999 dividet
2329 1957 2423 1999 eas
2445 1942 2582 1999 sicut
2603 1952 2782 2014 pastor
2802 1938 2988 2000 dividit
3011 1959 3140 2000 oves
3163 1943 3230 1999 ab
3255 1944 3464 2013 haedis;

1879 2045 2009 2088 oves
2033 2042 2197 2103 ponet
2225 2033 2291 2091 ad
2316 2034 2592 2091 dexteram
2617 2078 2632 2104 ,
2679 2035 2869 2093 haedos
2910 2036 2976 2093 ad
3020 2030 3311 2095 sinistram.
3337 2038 3467 2096 Ovi-

1879 2121 1979 2178 bus
2003 2124 2175 2195 quid?
2224 2125 2398 2182 Venite
2417 2170 2432 2195 ,
2458 2128 2704 2189 benedicti
2733 2128 2905 2186 Patris
2946 2130 3083 2200 mei,
3114 2133 3354 2204 percipite
3380 2149 3464 2187 re-

1878 2232 2035 2288 gnum
2074 2218 2210 2293 quod
2254 2221 2389 2275 vobis
2430 2230 2663 2291 paratum
2715 2230 2806 2277 est.
2855 2221 3039 2289 Haedis
3071 2220 3241 2295 quid?
3289 2222 3369 2279 Ite
3410 2225 3467 2279 in

1876 2307 2043 2383 ignem
2070 2321 2312 2369 teternum
2341 2312 2361 2386 (
2384 2310 2567 2370 Matth.
2602 2330 2725 2382 xxv,
2754 2315 2824 2372 52
2845 2356 2859 2382 ,
2888 2315 2959 2372 54
2981 2358 2998 2385 ,
3023 2315 3086 2372 41
3190 2316 3266 2372 lbi
3296 2316 3468 2389 pmni-

1879 2403 2058 2458 tentia:
2087 2404 2236 2459 locus
2264 2420 2367 2460 non
2399 2415 2502 2460 est.
2552 2405 2685 2474 Quia
2736 2405 3157 2463 misericordiam
3201 2406 3294 2463 Dei
3332 2423 3465 2464 con-

1877 2496 2135 2570 tempsisti
2163 2540 2179 2564 ,
2208 2499 2484 2557 veritatem
2510 2503 2745 2557 senties:
2775 2501 2819 2556 si
2863 2506 3041 2557 autem
3079 2517 3185 2558 non
3220 2502 3466 2560 contem-

1877 2588 2027 2657 psisti
2059 2588 2479 2646 misericordiam
2508 2632 2522 2657 ,
2554 2590 2778 2651 veritate
2804 2590 3080 2665 gaudebis.

1946 2679 2035 2736 20.
2079 2678 2243 2755 [vers.
2278 2680 2506 2759 12-14.]
2538 2682 2613 2738 Tu
2634 2693 2803 2739 autem
2824 2726 2841 2752 ,
2870 2683 3089 2742 Domine
3109 2726 3125 2752 ,
3154 2700 3218 2740 ne
3236 2684 3467 2757 elongin-

1875 2775 2103 2845 quavcris
2125 2776 2495 2833 misericordias
2516 2788 2629 2834 tuas
2650 2796 2682 2832 a
2701 2795 2798 2833 me.
2819 2778 3075 2850 Respexit
3093 2778 3159 2834 ad
3181 2778 3421 2835 membra
3442 2780 3466 2813 '

1876 2867 2077 2924 saucia.
2106 2867 2240 2937 Quia
2272 2869 2691 2926 misericordiam
2736 2880 2877 2926 tuam
2926 2879 2981 2927 et
3015 2872 3293 2928 veritatem
3319 2880 3465 2929 tuam

1876 2975 1980 3014 non
2011 2961 2178 3016 celavi
2205 2976 2234 3016 a
2265 2963 2677 3036 congregatione
2702 2962 2865 3020 multa
2890 3006 2905 3032 ,
2935 2962 3003 3019 ab
3029 2964 3265 3021 Ecclesia
3293 2963 3468 3022 unita-

1878 3052 1944 3108 tis
1971 3052 2118 3109 orbis
2143 3064 2408 3111 terrarum
2439 3074 2454 3112 :
2486 3054 2701 3111 attende
2728 3054 2969 3112 membra
3005 3055 3181 3113 saucia
3206 3098 3221 3124 ,
3251 3054 3467 3113 attende

1874 3142 2164 3202 delictores
2187 3155 2241 3203 et
2266 3155 2577 3221 peccatores
2601 3190 2618 3217 ,
2645 3157 2700 3205 et
2726 3148 2833 3205 noli
2858 3164 3139 3205 removere
3165 3148 3468 3206 miscricor-

1874 3235 1992 3293 dias
2022 3246 2161 3294 tuns.
2196 3238 2550 3295 Misericordia
2579 3250 2665 3296 tua
2692 3251 2737 3298 et
2763 3243 2945 3298 veritas
2971 3252 3058 3297 tua
3075 3260 3270 3315 semper
3292 3259 3466 3299 susce-

1876 3340 2175 3405 peruntme.
2202 3331 2317 3389 Non
2356 3333 2611 3391 auderem
2655 3335 2937 3403 converti,
2991 3334 3093 3390 nisi
3133 3350 3354 3392 securus
3396 3335 3466 3393 de

1874 3422 2191 3481 remissione
2223 3443 2238 3480 :
2266 3440 2373 3481 non
2400 3424 2649 3481 durarem
2677 3440 3021 3496 perseverare
3045 3468 3062 3496 ,
3098 3425 3200 3482 nisi
3246 3440 3466 3482 securus

1876 3513 1945 3570 de
1970 3515 2344 3585 promissione.
2376 3514 2731 3573 Misericordia
2759 3526 2845 3571 tua
2872 3525 2918 3571 et
2946 3517 3129 3571 ueritas
3153 3527 3239 3570 tua
3267 3534 3466 3588 semper

1874 3602 2195 3677 insceperunt
2216 3624 2314 3665 me.
2346 3606 2577 3663 Attende
2600 3607 2720 3679 quia
2751 3608 2924 3663 bonus
2950 3623 3010 3665 es
3032 3648 3049 3676 ,
3095 3607 3313 3664 attendo
3339 3608 3463 3679 quia

1870 3694 2049 3771 justus
2068 3715 2128 3757 es
2153 3718 2166 3754 :
2194 3715 2318 3757 amo
2337 3700 2535 3758 bonum
2558 3742 2573 3767 ,
2598 3701 2759 3757 timeo
2780 3692 3005 3773 justum.
3037 3703 3201 3756 Amor
3224 3710 3277 3757 et
3307 3703 3465 3758 timor

1875 3792 2174 3863 perducunt
2202 3808 2290 3850 me
2320 3811 2333 3849 :
2364 3793 2485 3865 quia
2509 3836 2524 3862 ,
2555 3793 2899 3850 misericordia
2918 3803 2967 3849 et
2992 3796 3169 3850 veritas
3205 3805 3291 3849 tua
3327 3810 3463 3849 scm-

1876 3899 1967 3957 per
1986 3896 2312 3956 susceperunt
2341 3901 2439 3941 me.
2470 3884 2648 3953 Quare
2695 3885 2805 3957 ipsa
2846 3886 3180 3957 suscipiunt,
3210 3895 3265 3941 et
3289 3884 3357 3940 ab
3384 3885 3464 3945 eis

1876 3978 2063 4034 oculus
2089 3978 2411 4036 avertendus
2441 3994 2547 4035 non
2574 3978 2698 4035 est?
2741 3977 2991 4048 Quoniam
3028 3978 3465 4036 circumdederunt

1874 4087 1954 4126 me
1973 4073 2109 4127 mata
2128 4114 2143 4138 ,
2168 4089 2381 4145 quorum
2403 4090 2503 4129 non
2524 4083 2596 4129 est
2616 4090 2876 4130 numerus.
2906 4073 3036 4144 Quis
3064 4080 3307 4130 numerat
3335 4089 3463 4146 pec-

1873 4162 2033 4225 cata?
2064 4163 2188 4234 quis
2217 4173 2463 4219 numerat
2496 4162 2801 4237 iniquitates
2844 4164 3044 4221 alienas
3088 4174 3142 4220 et
3182 4164 3462 4237 proprias?

1872 4252 1984 4311 Sub
2010 4270 2117 4326 quo
2136 4256 2352 4311 cumulo
2370 4256 2617 4327 gemebat
2636 4258 2723 4326 qui
2747 4256 2956 4312 dicebat
2985 4275 2997 4310 :
3021 4255 3096 4311 Ab
3113 4257 3322 4311 occultis
3340 4258 3461 4312 meis

1872 4347 2065 4423 munda
2080 4364 2159 4403 me
2181 4389 2195 4415 ,
2218 4345 2438 4405 Domine
2457 4388 2472 4415 ,
2495 4349 2621 4403 etab
2635 4349 2816 4404 alienis
2837 4365 2988 4421 parce
3005 4366 3145 4404 servo
3165 4359 3249 4402 tuo
3275 4346 3457 4419 (Psul.

1874 4455 2000 4497 xvnt
2026 4482 2040 4507 ,
2074 4440 2140 4495 15
2166 4482 2183 4510 ,
2213 4442 2282 4497 id
2306 4441 2347 4517 ).
2375 4440 2541 4497 Parva
2564 4450 2716 4497 erant
2736 4450 2937 4510 nostra,
2962 4441 3308 4511 imponuntur
3326 4439 3461 4496 alie-

1872 4546 1940 4587 na
1969 4548 1982 4584 :
2011 4530 2174 4588 timeo
2206 4532 2336 4588 mihi
2363 4574 2378 4601 ,
2431 4533 2591 4588 timeo
2631 4531 2772 4589 bono
2811 4532 3001 4598 fratri,
3050 4532 3220 4588 tolero
3259 4524 3457 4587 malum

1831 4677 1835 4681 .
1871 4616 2129 4692 iratrem;
2161 4636 2215 4681 et
2241 4625 2340 4682 sub
2378 4625 2482 4682 isto
2523 4626 2741 4687 cumulo
2779 4625 2904 4697 quid
2948 4625 3148 4683 erimus
3173 4668 3188 4695 ,
3216 4625 3259 4681 si
3285 4632 3461 4682 cesset

1871 4716 2238 4781 misericordia
2266 4716 2406 4775 Dei?
2435 4714 2510 4772 Tu
2539 4728 2738 4786 autem,
2767 4716 3014 4783 Domine,
3044 4733 3107 4772 ne
3131 4717 3462 4791 elonginqua-

1872 4811 1999 4873 veris
2024 4826 2045 4866 .'
2078 4825 2244 4884 prope
2272 4821 2408 4869 esto.
2439 4809 2535 4867 Cui
2571 4828 2734 4884 prope
2775 4821 2858 4869 est
2900 4811 3201 4871 Dominus?
3237 4810 3331 4868 His
3368 4812 3457 4886 qui

1871 4904 2205 4963 obtriverunt
2225 4921 2319 4961 cor
2342 4904 2524 4993 (Psal.
2551 4923 2715 4965 χχχιιι
2742 4949 2756 4974 ,
2783 4905 2850 4964 19
2872 4905 2914 4978 ).
2935 4907 3119 4985 Longe
3133 4922 3162 4963 a
3188 4909 3458 4981 superbis,

1870 5014 2038 5083 prope
2062 4996 2130 5085 ad
2169 4996 2414 5055 humiles.
2458 4998 2722 5057 Excelsus
2759 5008 2842 5055 est
2879 4998 3020 5057 enim
3065 4996 3321 5081 Dominus
3348 5042 3364 5069 ,
3407 5009 3459 5055 et

1871 5089 2087 5147 humilia
2112 5087 2350 5160 respicit.
2381 5090 2486 5148 Sed
2511 5106 2617 5145 non
2646 5106 2705 5146 se
2732 5099 2915 5161 putent
2942 5091 3108 5147 latere
3132 5092 3220 5163 qui
3244 5093 3456 5165 superbi

1869 5193 1993 5241 sunt
2021 5202 2033 5238 :
2064 5184 2275 5243 excelsa
2301 5184 2442 5238 enim
2470 5198 2501 5237 a
2528 5182 2686 5256 longe
2714 5185 2990 5256 cognoscit
3012 5184 3032 5256 (
3055 5184 3200 5245 Psal.
3222 5200 3383 5241 cxxxx
3401 5202 3456 5250 ιι,

1871 5260 1968 5349 6).
1993 5274 2360 5347 Cognoscebat
2389 5274 2418 5333 ti
2460 5276 2616 5347 longe
2653 5276 2947 5349 jactantem
2988 5293 3047 5334 se
3084 5277 3412 5334 Pharismum
3440 5319 3456 5345 ,

1869 5360 2218 5426 subveniebat
2263 5368 2331 5424 de
2361 5369 2608 5441 proximo
2646 5370 2921 5429 conﬁtenti
2968 5372 3258 5428 Puhlicano
3286 5370 3456 5444 (Luc.

1868 5480 2002 5527 xvnt
2027 5505 2043 5532 ,
2072 5465 2133 5519 11
2161 5463 2203 5536 ).
2235 5463 2478 5523 Jaetabat
2505 5466 2594 5525 ille
2624 5467 2813 5523 merita
2840 5483 2936 5525 sua
2958 5509 2973 5534 ,
3013 5476 3069 5524 et
3106 5466 3313 5538 tegebat
3342 5464 3455 5520 vui.

1869 5570 1999 5612 nera
2034 5570 2129 5613 sua
2170 5572 2184 5611 :
2234 5570 2341 5612 non
2376 5555 2614 5628 jactabat
2649 5559 2739 5617 ille
2774 5561 2962 5616 merita
2988 5600 3005 5627 ,
3050 5554 3145 5618 sed
3197 5558 3458 5615 offerebat

1868 5647 2109 5706 vulnera.
2137 5647 2220 5711 Ad.
2246 5647 2511 5707 medicum
2538 5660 2797 5719 venerat,
2819 5650 3094 5708 sciebatse
3109 5648 3415 5723 languidum
3437 5692 3455 5719 ,

1936 5845 3455 5923 3_Pluresm.mbmmu:etmm,mcetau,tm

1868 5891 1964 5960 han
1979 5891 2181 5962 ὶὶῖαόἷςξ

1936 5976 1959 6005 δ
1980 5972 2115 6039 Each,
2138 5975 2452 6029 mentorum
2470 5975 2639 6029 stultia
2672 5980 2838 6044 Abest,
2857 5993 2966 6045 sua,
2987 5994 3017 6034 a
3038 5989 3130 6038 Mm
