  <div class='ocr_page' id='page_1' title='image "/cluster/home/n/w/nwhite01/storage/ocr_20150623/36/hvd.32044015471469/229.png"; bbox 0 0 4042 6488; ppageno 0'>
   <div class='ocr_carea' id='block_1_1' title="bbox 550 376 655 436">
    <p class='ocr_par' dir='ltr' id='par_1_1' title="bbox 550 376 655 436">
     <span class='ocr_line' id='line_1_1' title="bbox 550 376 655 436; baseline -0.038 0"><span class='ocrx_word' id='word_1_1' title='bbox 550 376 655 436; x_wconf 71' lang='grc'><strong>447</strong></span> 
     </span>
    </p>
   </div>
   <div class='ocr_carea' id='block_1_2' title="bbox 551 480 2130 548">
    <p class='ocr_par' dir='ltr' id='par_1_2' title="bbox 551 480 2130 548">
     <span class='ocr_line' id='line_1_2' title="bbox 551 480 2130 548; baseline -0.009 -1"><span class='ocrx_word' id='word_1_2' title='bbox 551 490 752 548; x_wconf 77' lang='lat' dir='ltr'><strong>sciebat</strong></span> <span class='ocrx_word' id='word_1_3' title='bbox 775 502 834 546; x_wconf 88' lang='lat' dir='ltr'><strong>se</strong></span> <span class='ocrx_word' id='word_1_4' title='bbox 860 485 1198 545; x_wconf 84' lang='lat' dir='ltr'><strong>sanandum:</strong></span> <span class='ocrx_word' id='word_1_5' title='bbox 1241 483 1430 542; x_wconf 88' lang='lat' dir='ltr'><strong>oculos</strong></span> <span class='ocrx_word' id='word_1_6' title='bbox 1465 481 1534 540; x_wconf 87' lang='lat' dir='ltr'><strong>ad</strong></span> <span class='ocrx_word' id='word_1_7' title='bbox 1571 482 1769 540; x_wconf 65' lang='lat' dir='ltr'><strong>caelum</strong></span> <span class='ocrx_word' id='word_1_8' title='bbox 1813 480 1990 536; x_wconf 88' lang='lat' dir='ltr'><strong>levare</strong></span> <span class='ocrx_word' id='word_1_9' title='bbox 2021 492 2130 533; x_wconf 86' lang='lat' dir='ltr'><strong>non</strong></span> 
     </span>
    </p>
   </div>
   <div class='ocr_carea' id='block_1_3' title="bbox 549 573 2140 654">
    <p class='ocr_par' dir='ltr' id='par_1_3' title="bbox 549 573 2140 654">
     <span class='ocr_line' id='line_1_3' title="bbox 549 573 2140 654; baseline -0.009 -14"><span class='ocrx_word' id='word_1_10' title='bbox 549 584 776 640; x_wconf 91' lang='lat' dir='ltr'><strong>audebat</strong></span> <span class='ocrx_word' id='word_1_11' title='bbox 799 625 816 652; x_wconf 95' lang='lat'><strong>,</strong></span> <span class='ocrx_word' id='word_1_12' title='bbox 861 591 1045 654; x_wconf 89' lang='lat' dir='ltr'><strong>pectus</strong></span> <span class='ocrx_word' id='word_1_13' title='bbox 1075 580 1407 653; x_wconf 88' lang='lat' dir='ltr'><strong>percutiebat</strong></span> <span class='ocrx_word' id='word_1_14' title='bbox 1435 596 1450 634; x_wconf 91' lang='lat'><strong>:</strong></span> <span class='ocrx_word' id='word_1_15' title='bbox 1482 577 1582 634; x_wconf 86' lang='lat' dir='ltr'><strong>sibi</strong></span> <span class='ocrx_word' id='word_1_16' title='bbox 1611 592 1717 632; x_wconf 93' lang='lat' dir='ltr'><strong>non</strong></span> <span class='ocrx_word' id='word_1_17' title='bbox 1747 573 2036 646; x_wconf 90' lang='lat' dir='ltr'><strong>parcebat,</strong></span> <span class='ocrx_word' id='word_1_18' title='bbox 2081 580 2140 627; x_wconf 91' lang='lat' dir='ltr'><strong>ut</strong></span> 
     </span>
    </p>
   </div>
   <div class='ocr_carea' id='block_1_4' title="bbox 549 670 2138 748">
    <p class='ocr_par' dir='ltr' id='par_1_4' title="bbox 549 670 2138 748">
     <span class='ocr_line' id='line_1_4' title="bbox 549 670 2138 748; baseline -0.007 -14"><span class='ocrx_word' id='word_1_19' title='bbox 549 679 639 735; x_wconf 92' lang='lat' dir='ltr'><strong>ille</strong></span> <span class='ocrx_word' id='word_1_20' title='bbox 669 686 943 748; x_wconf 76' lang='lat' dir='ltr'><strong>parceret;</strong></span> <span class='ocrx_word' id='word_1_21' title='bbox 972 690 1031 731; x_wconf 90' lang='lat' dir='ltr'><strong>se</strong></span> <span class='ocrx_word' id='word_1_22' title='bbox 1073 674 1437 746; x_wconf 90' lang='lat' dir='ltr'><strong>agnoscebat,</strong></span> <span class='ocrx_word' id='word_1_23' title='bbox 1481 679 1539 726; x_wconf 93' lang='lat' dir='ltr'><strong>ut</strong></span> <span class='ocrx_word' id='word_1_24' title='bbox 1578 670 1670 726; x_wconf 88' lang='lat' dir='ltr'><strong>ille</strong></span> <span class='ocrx_word' id='word_1_25' title='bbox 1713 671 2045 740; x_wconf 77' lang='lat' dir='ltr'><strong>ignosceret;</strong></span> <span class='ocrx_word' id='word_1_26' title='bbox 2077 681 2138 723; x_wconf 87' lang='lat' dir='ltr'><strong>se</strong></span> 
     </span>
    </p>
   </div>
   <div class='ocr_carea' id='block_1_5' title="bbox 548 764 2138 845">
    <p class='ocr_par' dir='ltr' id='par_1_5' title="bbox 548 764 2138 845">
     <span class='ocr_line' id='line_1_5' title="bbox 548 764 2138 845; baseline -0.008 -18"><span class='ocrx_word' id='word_1_27' title='bbox 548 773 839 845; x_wconf 88' lang='lat' dir='ltr'><strong>puniebat,</strong></span> <span class='ocrx_word' id='word_1_28' title='bbox 871 779 928 825; x_wconf 92' lang='lat' dir='ltr'><strong>ut</strong></span> <span class='ocrx_word' id='word_1_29' title='bbox 953 769 1042 825; x_wconf 91' lang='lat' dir='ltr'><strong>ille</strong></span> <span class='ocrx_word' id='word_1_30' title='bbox 1064 768 1336 823; x_wconf 86' lang='lat' dir='ltr'><strong>liberaret.</strong></span> <span class='ocrx_word' id='word_1_31' title='bbox 1365 765 1524 820; x_wconf 87' lang='lat' dir='ltr'><strong>Tales</strong></span> <span class='ocrx_word' id='word_1_32' title='bbox 1551 764 1637 819; x_wconf 91' lang='lat' dir='ltr'><strong>hic</strong></span> <span class='ocrx_word' id='word_1_33' title='bbox 1662 776 1822 818; x_wconf 85' lang='lat' dir='ltr'><strong>voces</strong></span> <span class='ocrx_word' id='word_1_34' title='bbox 1846 769 2007 824; x_wconf 91' lang='lat' dir='ltr'><strong>sunt;</strong></span> <span class='ocrx_word' id='word_1_35' title='bbox 2042 775 2138 814; x_wconf 88' lang='lat' dir='ltr'><strong>au-</strong></span> 
     </span>
    </p>
   </div>
   <div class='ocr_carea' id='block_1_6' title="bbox 546 855 2134 934">
    <p class='ocr_par' dir='ltr' id='par_1_6' title="bbox 546 855 2134 934">
     <span class='ocr_line' id='line_1_6' title="bbox 546 855 2134 934; baseline -0.009 -13"><span class='ocrx_word' id='word_1_36' title='bbox 546 867 756 928; x_wconf 71' lang='lat' dir='ltr'><strong>diamus</strong></span> <span class='ocrx_word' id='word_1_37' title='bbox 804 879 896 920; x_wconf 82' lang='lat' dir='ltr'><strong>eas</strong></span> <span class='ocrx_word' id='word_1_38' title='bbox 936 864 1060 934; x_wconf 91' lang='lat' dir='ltr'><strong>pie,</strong></span> <span class='ocrx_word' id='word_1_39' title='bbox 1105 871 1160 918; x_wconf 90' lang='lat' dir='ltr'><strong>et</strong></span> <span class='ocrx_word' id='word_1_40' title='bbox 1195 873 1438 916; x_wconf 83' lang='lat' dir='ltr'><strong>amemus</strong></span> <span class='ocrx_word' id='word_1_41' title='bbox 1488 859 1616 930; x_wconf 89' lang='lat' dir='ltr'><strong>pie:</strong></span> <span class='ocrx_word' id='word_1_42' title='bbox 1661 855 1863 920; x_wconf 87' lang='lat' dir='ltr'><strong>corde,</strong></span> <span class='ocrx_word' id='word_1_43' title='bbox 1914 855 2090 926; x_wconf 82' lang='lat' dir='ltr'><strong>lingua</strong></span> <span class='ocrx_word' id='word_1_44' title='bbox 2117 895 2134 922; x_wconf 89' lang='lat'><strong>,</strong></span> 
     </span>
    </p>
   </div>
   <div class='ocr_carea' id='block_1_7' title="bbox 545 946 2136 1016">
    <p class='ocr_par' dir='ltr' id='par_1_7' title="bbox 545 946 2136 1016">
     <span class='ocr_line' id='line_1_7' title="bbox 545 946 2136 1016; baseline -0.008 -2"><span class='ocrx_word' id='word_1_45' title='bbox 545 960 794 1016; x_wconf 89' lang='lat' dir='ltr'><strong>omnibus</strong></span> <span class='ocrx_word' id='word_1_46' title='bbox 841 956 1091 1012; x_wconf 90' lang='lat' dir='ltr'><strong>medullis</strong></span> <span class='ocrx_word' id='word_1_47' title='bbox 1138 953 1334 1009; x_wconf 81' lang='lat' dir='ltr'><strong>nostris</strong></span> <span class='ocrx_word' id='word_1_48' title='bbox 1377 951 1493 1007; x_wconf 76' lang='lat' dir='ltr'><strong>hzec</strong></span> <span class='ocrx_word' id='word_1_49' title='bbox 1556 950 1817 1005; x_wconf 88' lang='lat' dir='ltr'><strong>dicamus.</strong></span> <span class='ocrx_word' id='word_1_50' title='bbox 1856 946 2024 1003; x_wconf 87' lang='lat' dir='ltr'><strong>Nemo</strong></span> <span class='ocrx_word' id='word_1_51' title='bbox 2077 960 2136 1002; x_wconf 89' lang='lat' dir='ltr'><strong>se</strong></span> 
     </span>
    </p>
   </div>
   <div class='ocr_carea' id='block_1_8' title="bbox 542 1043 2131 1125">
    <p class='ocr_par' dir='ltr' id='par_1_8' title="bbox 542 1043 2131 1125">
     <span class='ocr_line' id='line_1_8' title="bbox 542 1043 2131 1125; baseline -0.006 -20"><span class='ocrx_word' id='word_1_52' title='bbox 542 1051 743 1125; x_wconf 84' lang='lat' dir='ltr'><strong>justum</strong></span> <span class='ocrx_word' id='word_1_53' title='bbox 783 1059 934 1122; x_wconf 88' lang='lat' dir='ltr'><strong>putet</strong></span> <span class='ocrx_word' id='word_1_54' title='bbox 963 1069 977 1105; x_wconf 89' lang='lat'><strong>:</strong></span> <span class='ocrx_word' id='word_1_55' title='bbox 1010 1050 1138 1104; x_wconf 84' lang='lat' dir='ltr'><strong>vivit</strong></span> <span class='ocrx_word' id='word_1_56' title='bbox 1177 1049 1264 1118; x_wconf 88' lang='lat' dir='ltr'><strong>qui</strong></span> <span class='ocrx_word' id='word_1_57' title='bbox 1311 1046 1582 1118; x_wconf 88' lang='lat' dir='ltr'><strong>loquitur;</strong></span> <span class='ocrx_word' id='word_1_58' title='bbox 1616 1044 1790 1112; x_wconf 92' lang='lat' dir='ltr'><strong>vivit,</strong></span> <span class='ocrx_word' id='word_1_59' title='bbox 1837 1051 1894 1100; x_wconf 89' lang='lat' dir='ltr'><strong>et</strong></span> <span class='ocrx_word' id='word_1_60' title='bbox 1929 1043 2131 1098; x_wconf 89' lang='lat' dir='ltr'><strong>utinam</strong></span> 
     </span>
    </p>
   </div>
   <div class='ocr_carea' id='block_1_9' title="bbox 545 1136 2136 1208">
    <p class='ocr_par' dir='ltr' id='par_1_9' title="bbox 545 1136 2136 1208">
     <span class='ocr_line' id='line_1_9' title="bbox 545 1136 2136 1208; baseline -0.005 -10"><span class='ocrx_word' id='word_1_61' title='bbox 545 1145 728 1199; x_wconf 86' lang='lat' dir='ltr'><strong>vivat!</strong></span> <span class='ocrx_word' id='word_1_62' title='bbox 759 1144 947 1200; x_wconf 84' lang='lat' dir='ltr'><strong>Adhuc</strong></span> <span class='ocrx_word' id='word_1_63' title='bbox 972 1143 1060 1198; x_wconf 90' lang='lat' dir='ltr'><strong>hic</strong></span> <span class='ocrx_word' id='word_1_64' title='bbox 1084 1141 1214 1196; x_wconf 86' lang='lat' dir='ltr'><strong>vivit</strong></span> <span class='ocrx_word' id='word_1_65' title='bbox 1240 1181 1258 1208; x_wconf 93' lang='lat'><strong>,</strong></span> <span class='ocrx_word' id='word_1_66' title='bbox 1287 1138 1462 1194; x_wconf 90' lang='lat' dir='ltr'><strong>adhuc</strong></span> <span class='ocrx_word' id='word_1_67' title='bbox 1489 1153 1612 1194; x_wconf 91' lang='lat' dir='ltr'><strong>cum</strong></span> <span class='ocrx_word' id='word_1_68' title='bbox 1651 1144 1824 1193; x_wconf 89' lang='lat' dir='ltr'><strong>morte</strong></span> <span class='ocrx_word' id='word_1_69' title='bbox 1869 1136 1998 1191; x_wconf 86' lang='lat' dir='ltr'><strong>vivit</strong></span> <span class='ocrx_word' id='word_1_70' title='bbox 2022 1153 2035 1188; x_wconf 91' lang='lat'><strong>:</strong></span> <span class='ocrx_word' id='word_1_71' title='bbox 2081 1144 2136 1191; x_wconf 91' lang='lat' dir='ltr'><strong>et</strong></span> 
     </span>
    </p>
   </div>
   <div class='ocr_carea' id='block_1_10' title="bbox 545 1232 2134 1308">
    <p class='ocr_par' dir='ltr' id='par_1_10' title="bbox 545 1232 2134 1308">
     <span class='ocr_line' id='line_1_10' title="bbox 545 1232 2134 1308; baseline -0.005 -16"><span class='ocrx_word' id='word_1_72' title='bbox 545 1239 590 1294; x_wconf 91' lang='lat' dir='ltr'><strong>si</strong></span> <span class='ocrx_word' id='word_1_73' title='bbox 619 1237 838 1308; x_wconf 78' lang='lat' dir='ltr'><strong>Spiritus</strong></span> <span class='ocrx_word' id='word_1_74' title='bbox 863 1238 971 1292; x_wconf 82' lang='lat' dir='ltr'><strong>vita</strong></span> <span class='ocrx_word' id='word_1_75' title='bbox 1002 1244 1084 1292; x_wconf 92' lang='lat' dir='ltr'><strong>est</strong></span> <span class='ocrx_word' id='word_1_76' title='bbox 1124 1244 1342 1305; x_wconf 88' lang='lat' dir='ltr'><strong>propter</strong></span> <span class='ocrx_word' id='word_1_77' title='bbox 1376 1232 1634 1302; x_wconf 88' lang='lat' dir='ltr'><strong>justitiam</strong></span> <span class='ocrx_word' id='word_1_78' title='bbox 1661 1273 1677 1300; x_wconf 94' lang='lat'><strong>,</strong></span> <span class='ocrx_word' id='word_1_79' title='bbox 1715 1245 1908 1302; x_wconf 89' lang='lat' dir='ltr'><strong>corpus</strong></span> <span class='ocrx_word' id='word_1_80' title='bbox 1957 1239 2134 1284; x_wconf 91' lang='lat' dir='ltr'><strong>tamen</strong></span> 
     </span>
    </p>
   </div>
   <div class='ocr_carea' id='block_1_11' title="bbox 545 1322 2136 1400">
    <p class='ocr_par' dir='ltr' id='par_1_11' title="bbox 545 1322 2136 1400">
     <span class='ocr_line' id='line_1_11' title="bbox 545 1322 2136 1400; baseline -0.007 -13"><span class='ocrx_word' id='word_1_81' title='bbox 545 1341 818 1387; x_wconf 90' lang='lat' dir='ltr'><strong>mortuum</strong></span> <span class='ocrx_word' id='word_1_82' title='bbox 845 1339 927 1385; x_wconf 85' lang='lat' dir='ltr'><strong>est</strong></span> <span class='ocrx_word' id='word_1_83' title='bbox 958 1337 1177 1400; x_wconf 89' lang='lat' dir='ltr'><strong>propter</strong></span> <span class='ocrx_word' id='word_1_84' title='bbox 1200 1335 1475 1398; x_wconf 88' lang='lat' dir='ltr'><strong>peccatum</strong></span> <span class='ocrx_word' id='word_1_85' title='bbox 1507 1325 1526 1396; x_wconf 94' lang='lat'><strong>(</strong></span> <span class='ocrx_word' id='word_1_86' title='bbox 1553 1325 1704 1380; x_wconf 84' lang='lat' dir='ltr'><strong>Rom.</strong></span> <span class='ocrx_word' id='word_1_87' title='bbox 1732 1340 1824 1378; x_wconf 87' lang='lat' dir='ltr'><strong>vut</strong></span> <span class='ocrx_word' id='word_1_88' title='bbox 1847 1365 1864 1390; x_wconf 93' lang='lat'><strong>,</strong></span> <span class='ocrx_word' id='word_1_89' title='bbox 1896 1322 2026 1394; x_wconf 77' lang='grc'><strong>10).</strong></span> <span class='ocrx_word' id='word_1_90' title='bbox 2069 1322 2136 1377; x_wconf 88' lang='lat' dir='ltr'><strong>Et</strong></span> 
     </span>
    </p>
   </div>
   <div class='ocr_carea' id='block_1_12' title="bbox 546 1417 2136 1496">
    <p class='ocr_par' dir='ltr' id='par_1_12' title="bbox 546 1417 2136 1496">
     <span class='ocr_line' id='line_1_12' title="bbox 546 1417 2136 1496; baseline -0.005 -16"><span class='ocrx_word' id='word_1_91' title='bbox 546 1440 740 1496; x_wconf 90' lang='lat' dir='ltr'><strong>corpus</strong></span> <span class='ocrx_word' id='word_1_92' title='bbox 782 1422 924 1495; x_wconf 91' lang='lat' dir='ltr'><strong>quod</strong></span> <span class='ocrx_word' id='word_1_93' title='bbox 965 1421 1322 1492; x_wconf 83' lang='lat' dir='ltr'><strong>corrumpitur</strong></span> <span class='ocrx_word' id='word_1_94' title='bbox 1363 1428 1614 1490; x_wconf 86' lang='lat' dir='ltr'><strong>aggravat</strong></span> <span class='ocrx_word' id='word_1_95' title='bbox 1655 1419 1888 1474; x_wconf 89' lang='lat' dir='ltr'><strong>animam</strong></span> <span class='ocrx_word' id='word_1_96' title='bbox 1912 1459 1927 1484; x_wconf 98' lang='lat'><strong>,</strong></span> <span class='ocrx_word' id='word_1_97' title='bbox 1961 1424 2017 1471; x_wconf 88' lang='lat' dir='ltr'><strong>et</strong></span> <span class='ocrx_word' id='word_1_98' title='bbox 2041 1417 2136 1472; x_wconf 84' lang='lat' dir='ltr'><strong>de-</strong></span> 
     </span>
    </p>
   </div>
   <div class='ocr_carea' id='block_1_13' title="bbox 547 1509 2134 1588">
    <p class='ocr_par' dir='ltr' id='par_1_13' title="bbox 547 1509 2134 1588">
     <span class='ocr_line' id='line_1_13' title="bbox 547 1509 2134 1588; baseline -0.004 -18"><span class='ocrx_word' id='word_1_99' title='bbox 547 1517 728 1588; x_wconf 84' lang='lat' dir='ltr'><strong>primit</strong></span> <span class='ocrx_word' id='word_1_100' title='bbox 759 1525 969 1572; x_wconf 89' lang='lat' dir='ltr'><strong>terrena</strong></span> <span class='ocrx_word' id='word_1_101' title='bbox 1000 1514 1314 1569; x_wconf 88' lang='lat' dir='ltr'><strong>inhabitatio</strong></span> <span class='ocrx_word' id='word_1_102' title='bbox 1357 1527 1573 1568; x_wconf 86' lang='lat' dir='ltr'><strong>sensum</strong></span> <span class='ocrx_word' id='word_1_103' title='bbox 1611 1511 1776 1565; x_wconf 91' lang='lat' dir='ltr'><strong>multa</strong></span> <span class='ocrx_word' id='word_1_104' title='bbox 1809 1509 2134 1580; x_wconf 84' lang='lat' dir='ltr'><strong>cogitantem</strong></span> 
     </span>
    </p>
   </div>
   <div class='ocr_carea' id='block_1_14' title="bbox 546 1602 2133 1679">
    <p class='ocr_par' dir='ltr' id='par_1_14' title="bbox 546 1602 2133 1679">
     <span class='ocr_line' id='line_1_14' title="bbox 546 1602 2133 1679; baseline -0.006 -15"><span class='ocrx_word' id='word_1_105' title='bbox 546 1610 565 1679; x_wconf 91' lang='lat'><strong>(</strong></span> <span class='ocrx_word' id='word_1_106' title='bbox 593 1608 720 1677; x_wconf 88' lang='lat' dir='ltr'><strong>Sap.</strong></span> <span class='ocrx_word' id='word_1_107' title='bbox 751 1623 804 1661; x_wconf 66' lang='grc' dir='ltr'>ιχ</span> <span class='ocrx_word' id='word_1_108' title='bbox 833 1648 847 1670; x_wconf 88' lang='grc'><strong>.</strong></span> <span class='ocrx_word' id='word_1_109' title='bbox 877 1607 946 1663; x_wconf 81' lang='lat' dir='ltr'><strong>l5</strong></span> <span class='ocrx_word' id='word_1_110' title='bbox 970 1607 1010 1679; x_wconf 89' lang='lat'><strong>).</strong></span> <span class='ocrx_word' id='word_1_111' title='bbox 1043 1605 1284 1661; x_wconf 87' lang='lat' dir='ltr'><strong>Pertinet</strong></span> <span class='ocrx_word' id='word_1_112' title='bbox 1311 1618 1438 1674; x_wconf 91' lang='lat' dir='ltr'><strong>ergo</strong></span> <span class='ocrx_word' id='word_1_113' title='bbox 1467 1602 1534 1657; x_wconf 89' lang='lat' dir='ltr'><strong>ad</strong></span> <span class='ocrx_word' id='word_1_114' title='bbox 1572 1611 1624 1658; x_wconf 91' lang='lat' dir='ltr'><strong>te</strong></span> <span class='ocrx_word' id='word_1_115' title='bbox 1661 1602 1895 1656; x_wconf 90' lang='lat' dir='ltr'><strong>clamare</strong></span> <span class='ocrx_word' id='word_1_116' title='bbox 1919 1643 1935 1670; x_wconf 90' lang='lat'><strong>,</strong></span> <span class='ocrx_word' id='word_1_117' title='bbox 1964 1602 2133 1673; x_wconf 86' lang='lat' dir='ltr'><strong>perti-</strong></span> 
     </span>
    </p>
   </div>
   <div class='ocr_carea' id='block_1_15' title="bbox 545 1693 2134 1772">
    <p class='ocr_par' dir='ltr' id='par_1_15' title="bbox 545 1693 2134 1772">
     <span class='ocr_line' id='line_1_15' title="bbox 545 1693 2134 1772; baseline -0.006 -16"><span class='ocrx_word' id='word_1_118' title='bbox 545 1709 638 1756; x_wconf 89' lang='lat' dir='ltr'><strong>net</strong></span> <span class='ocrx_word' id='word_1_119' title='bbox 668 1713 884 1772; x_wconf 90' lang='lat' dir='ltr'><strong>gemere</strong></span> <span class='ocrx_word' id='word_1_120' title='bbox 908 1739 924 1765; x_wconf 93' lang='lat'><strong>,</strong></span> <span class='ocrx_word' id='word_1_121' title='bbox 947 1698 1178 1770; x_wconf 88' lang='lat' dir='ltr'><strong>pertinet</strong></span> <span class='ocrx_word' id='word_1_122' title='bbox 1204 1694 1451 1752; x_wconf 84' lang='lat' dir='ltr'><strong>confiteri</strong></span> <span class='ocrx_word' id='word_1_123' title='bbox 1472 1738 1486 1760; x_wconf 95' lang='lat'><strong>,</strong></span> <span class='ocrx_word' id='word_1_124' title='bbox 1514 1710 1620 1750; x_wconf 91' lang='lat' dir='ltr'><strong>non</strong></span> <span class='ocrx_word' id='word_1_125' title='bbox 1649 1703 1702 1750; x_wconf 91' lang='lat' dir='ltr'><strong>te</strong></span> <span class='ocrx_word' id='word_1_126' title='bbox 1721 1693 1960 1750; x_wconf 79' lang='lat' dir='ltr'><strong>exaltare</strong></span> <span class='ocrx_word' id='word_1_127' title='bbox 1983 1735 1998 1758; x_wconf 92' lang='lat'><strong>,</strong></span> <span class='ocrx_word' id='word_1_128' title='bbox 2028 1709 2134 1748; x_wconf 91' lang='lat' dir='ltr'><strong>non</strong></span> 
     </span>
    </p>
   </div>
   <div class='ocr_carea' id='block_1_16' title="bbox 547 1787 2135 1865">
    <p class='ocr_par' dir='ltr' id='par_1_16' title="bbox 547 1787 2135 1865">
     <span class='ocr_line' id='line_1_16' title="bbox 547 1787 2135 1865; baseline -0.004 -15"><span class='ocrx_word' id='word_1_129' title='bbox 547 1802 600 1850; x_wconf 87' lang='lat' dir='ltr'><strong>te</strong></span> <span class='ocrx_word' id='word_1_130' title='bbox 625 1795 828 1865; x_wconf 87' lang='lat' dir='ltr'><strong>jactare</strong></span> <span class='ocrx_word' id='word_1_131' title='bbox 851 1833 869 1862; x_wconf 96' lang='lat'><strong>,</strong></span> <span class='ocrx_word' id='word_1_132' title='bbox 898 1807 1005 1847; x_wconf 91' lang='lat' dir='ltr'><strong>non</strong></span> <span class='ocrx_word' id='word_1_133' title='bbox 1053 1800 1106 1850; x_wconf 93' lang='lat' dir='ltr'><strong>te</strong></span> <span class='ocrx_word' id='word_1_134' title='bbox 1151 1791 1254 1846; x_wconf 83' lang='lat' dir='ltr'><strong>tuis</strong></span> <span class='ocrx_word' id='word_1_135' title='bbox 1306 1789 1510 1846; x_wconf 92' lang='lat' dir='ltr'><strong>meritis</strong></span> <span class='ocrx_word' id='word_1_136' title='bbox 1555 1787 1814 1860; x_wconf 89' lang='lat' dir='ltr'><strong>gloriari:</strong></span> <span class='ocrx_word' id='word_1_137' title='bbox 1860 1789 1982 1860; x_wconf 87' lang='lat' dir='ltr'><strong>quia</strong></span> <span class='ocrx_word' id='word_1_138' title='bbox 2010 1796 2064 1843; x_wconf 92' lang='lat' dir='ltr'><strong>ct</strong></span> <span class='ocrx_word' id='word_1_139' title='bbox 2091 1789 2135 1844; x_wconf 90' lang='lat' dir='ltr'><strong>si</strong></span> 
     </span>
    </p>
   </div>
   <div class='ocr_carea' id='block_1_17' title="bbox 546 1879 2136 1956">
    <p class='ocr_par' dir='ltr' id='par_1_17' title="bbox 546 1879 2136 1956">
     <span class='ocr_line' id='line_1_17' title="bbox 546 1879 2136 1956; baseline -0.003 -16"><span class='ocrx_word' id='word_1_140' title='bbox 546 1886 714 1942; x_wconf 89' lang='lat' dir='ltr'><strong>habes</strong></span> <span class='ocrx_word' id='word_1_141' title='bbox 740 1884 938 1956; x_wconf 90' lang='lat' dir='ltr'><strong>aliquid</strong></span> <span class='ocrx_word' id='word_1_142' title='bbox 963 1882 1301 1956; x_wconf 90' lang='lat' dir='ltr'><strong>gaudendum</strong></span> <span class='ocrx_word' id='word_1_143' title='bbox 1326 1923 1341 1948; x_wconf 95' lang='lat'><strong>,</strong></span> <span class='ocrx_word' id='word_1_144' title='bbox 1368 1880 1496 1954; x_wconf 84' lang='lat' dir='ltr'><strong>quid</strong></span> <span class='ocrx_word' id='word_1_145' title='bbox 1527 1889 1611 1937; x_wconf 89' lang='lat' dir='ltr'><strong>est</strong></span> <span class='ocrx_word' id='word_1_146' title='bbox 1647 1879 1789 1952; x_wconf 90' lang='lat' dir='ltr'><strong>quod</strong></span> <span class='ocrx_word' id='word_1_147' title='bbox 1823 1895 1932 1936; x_wconf 91' lang='lat' dir='ltr'><strong>non</strong></span> <span class='ocrx_word' id='word_1_148' title='bbox 1978 1894 2136 1936; x_wconf 88' lang='lat' dir='ltr'><strong>acce-</strong></span> 
     </span>
    </p>
   </div>
   <div class='ocr_carea' id='block_1_18' title="bbox 545 1973 2135 2051">
    <p class='ocr_par' dir='ltr' id='par_1_18' title="bbox 545 1973 2135 2051">
     <span class='ocr_line' id='line_1_18' title="bbox 545 1973 2135 2051; baseline -0.003 -17"><span class='ocrx_word' id='word_1_149' title='bbox 545 1979 670 2051; x_wconf 90' lang='lat' dir='ltr'><strong>pisti</strong></span> <span class='ocrx_word' id='word_1_150' title='bbox 702 1978 720 2050; x_wconf 95' lang='lat'><strong>(</strong></span> <span class='ocrx_word' id='word_1_151' title='bbox 745 1979 764 2034; x_wconf 95' lang='lat' dir='ltr'><strong>l</strong></span> <span class='ocrx_word' id='word_1_152' title='bbox 788 1978 906 2032; x_wconf 84' lang='lat' dir='ltr'><strong>Cor.</strong></span> <span class='ocrx_word' id='word_1_153' title='bbox 941 1993 1014 2045; x_wconf 88' lang='lat' dir='ltr'><strong>tv,</strong></span> <span class='ocrx_word' id='word_1_154' title='bbox 1043 1975 1146 2049; x_wconf 87' lang='lat'><strong>7)?</strong></span> <span class='ocrx_word' id='word_1_155' title='bbox 1175 1975 1429 2044; x_wconf 84' lang='lat' dir='ltr'><strong>Quoniam</strong></span> <span class='ocrx_word' id='word_1_156' title='bbox 1453 1973 1889 2031; x_wconf 84' lang='lat' dir='ltr'><strong>circumdederunt</strong></span> <span class='ocrx_word' id='word_1_157' title='bbox 1919 1991 1998 2029; x_wconf 88' lang='lat' dir='ltr'><strong>me</strong></span> <span class='ocrx_word' id='word_1_158' title='bbox 2022 1991 2135 2030; x_wconf 87' lang='lat' dir='ltr'><strong>ma-</strong></span> 
     </span>
    </p>
   </div>
   <div class='ocr_carea' id='block_1_19' title="bbox 549 2071 1386 2142">
    <p class='ocr_par' dir='ltr' id='par_1_19' title="bbox 549 2071 1386 2142">
     <span class='ocr_line' id='line_1_19' title="bbox 549 2071 1386 2142; baseline -0.005 -16"><span class='ocrx_word' id='word_1_159' title='bbox 549 2071 600 2126; x_wconf 86' lang='lat' dir='ltr'><strong>la</strong></span> <span class='ocrx_word' id='word_1_160' title='bbox 625 2114 640 2136; x_wconf 97' lang='lat'><strong>,</strong></span> <span class='ocrx_word' id='word_1_161' title='bbox 667 2087 878 2142; x_wconf 84' lang='lat' dir='ltr'><strong>quarunt</strong></span> <span class='ocrx_word' id='word_1_162' title='bbox 908 2086 1010 2124; x_wconf 87' lang='lat' dir='ltr'><strong>non</strong></span> <span class='ocrx_word' id='word_1_163' title='bbox 1034 2077 1106 2124; x_wconf 86' lang='lat' dir='ltr'><strong>est</strong></span> <span class='ocrx_word' id='word_1_164' title='bbox 1131 2085 1386 2124; x_wconf 87' lang='lat' dir='ltr'><strong>numerus.</strong></span> 
     </span>
    </p>
   </div>
   <div class='ocr_carea' id='block_1_20' title="bbox 616 2159 2134 2235">
    <p class='ocr_par' dir='ltr' id='par_1_20' title="bbox 616 2159 2134 2235">
     <span class='ocr_line' id='line_1_20' title="bbox 616 2159 2134 2235; baseline -0.004 -16"><span class='ocrx_word' id='word_1_165' title='bbox 616 2165 706 2220; x_wconf 70' lang='lat' dir='ltr'><strong>2L</strong></span> <span class='ocrx_word' id='word_1_166' title='bbox 747 2162 1244 2235; x_wconf 86' lang='lat' dir='ltr'><strong>Comprehenderunt</strong></span> <span class='ocrx_word' id='word_1_167' title='bbox 1287 2177 1368 2215; x_wconf 89' lang='lat' dir='ltr'><strong>me</strong></span> <span class='ocrx_word' id='word_1_168' title='bbox 1405 2159 1695 2231; x_wconf 77' lang='lat' dir='ltr'><strong>iniquitates</strong></span> <span class='ocrx_word' id='word_1_169' title='bbox 1737 2173 1891 2224; x_wconf 74' lang='lat' dir='ltr'><strong>mete,</strong></span> <span class='ocrx_word' id='word_1_170' title='bbox 1937 2167 1986 2213; x_wconf 90' lang='lat' dir='ltr'><strong>et</strong></span> <span class='ocrx_word' id='word_1_171' title='bbox 2031 2176 2134 2214; x_wconf 87' lang='lat' dir='ltr'><strong>non</strong></span> 
     </span>
    </p>
   </div>
   <div class='ocr_carea' id='block_1_21' title="bbox 552 2251 2138 2332">
    <p class='ocr_par' dir='ltr' id='par_1_21' title="bbox 552 2251 2138 2332">
     <span class='ocr_line' id='line_1_21' title="bbox 552 2251 2138 2332; baseline -0.004 -19"><span class='ocrx_word' id='word_1_172' title='bbox 552 2259 691 2332; x_wconf 80' lang='lat' dir='ltr'><strong>potui</strong></span> <span class='ocrx_word' id='word_1_173' title='bbox 731 2266 785 2313; x_wconf 89' lang='lat' dir='ltr'><strong>ut</strong></span> <span class='ocrx_word' id='word_1_174' title='bbox 825 2257 1064 2311; x_wconf 80' lang='lat' dir='ltr'><strong>viderem.</strong></span> <span class='ocrx_word' id='word_1_175' title='bbox 1113 2255 1211 2310; x_wconf 85' lang='lat' dir='ltr'><strong>Est</strong></span> <span class='ocrx_word' id='word_1_176' title='bbox 1251 2253 1451 2324; x_wconf 87' lang='lat' dir='ltr'><strong>aliquid</strong></span> <span class='ocrx_word' id='word_1_177' title='bbox 1490 2253 1632 2325; x_wconf 91' lang='lat' dir='ltr'><strong>quod</strong></span> <span class='ocrx_word' id='word_1_178' title='bbox 1671 2251 2138 2323; x_wconf 78' lang='lat' dir='ltr'><strong>videamuszquid</strong></span> 
     </span>
    </p>
   </div>
   <div class='ocr_carea' id='block_1_22' title="bbox 549 2343 2140 2423">
    <p class='ocr_par' dir='ltr' id='par_1_22' title="bbox 549 2343 2140 2423">
     <span class='ocr_line' id='line_1_22' title="bbox 549 2343 2140 2423; baseline -0.004 -17"><span class='ocrx_word' id='word_1_179' title='bbox 549 2350 746 2423; x_wconf 83' lang='lat' dir='ltr'><strong>premit</strong></span> <span class='ocrx_word' id='word_1_180' title='bbox 774 2357 832 2405; x_wconf 90' lang='lat' dir='ltr'><strong>ut</strong></span> <span class='ocrx_word' id='word_1_181' title='bbox 861 2363 966 2404; x_wconf 91' lang='lat' dir='ltr'><strong>non</strong></span> <span class='ocrx_word' id='word_1_182' title='bbox 996 2346 1310 2402; x_wconf 88' lang='lat' dir='ltr'><strong>videamus?</strong></span> <span class='ocrx_word' id='word_1_183' title='bbox 1357 2345 1543 2400; x_wconf 88' lang='lat' dir='ltr'><strong>Nonne</strong></span> <span class='ocrx_word' id='word_1_184' title='bbox 1583 2344 1870 2415; x_wconf 85' lang='lat' dir='ltr'><strong>iniquitas?</strong></span> <span class='ocrx_word' id='word_1_185' title='bbox 1915 2343 2140 2400; x_wconf 92' lang='lat' dir='ltr'><strong>Oculum</strong></span> 
     </span>
    </p>
   </div>
   <div class='ocr_carea' id='block_1_23' title="bbox 551 2434 2138 2510">
    <p class='ocr_par' dir='ltr' id='par_1_23' title="bbox 551 2434 2138 2510">
     <span class='ocr_line' id='line_1_23' title="bbox 551 2434 2138 2510; baseline -0.004 -13"><span class='ocrx_word' id='word_1_186' title='bbox 551 2454 700 2497; x_wconf 90' lang='lat' dir='ltr'><strong>tuum</strong></span> <span class='ocrx_word' id='word_1_187' title='bbox 728 2485 744 2510; x_wconf 95' lang='lat'><strong>,</strong></span> <span class='ocrx_word' id='word_1_188' title='bbox 794 2456 862 2496; x_wconf 89' lang='lat' dir='ltr'><strong>ne</strong></span> <span class='ocrx_word' id='word_1_189' title='bbox 892 2440 1046 2496; x_wconf 88' lang='lat' dir='ltr'><strong>istam</strong></span> <span class='ocrx_word' id='word_1_190' title='bbox 1077 2439 1250 2494; x_wconf 87' lang='lat' dir='ltr'><strong>lucem</strong></span> <span class='ocrx_word' id='word_1_191' title='bbox 1278 2436 1460 2492; x_wconf 88' lang='lat' dir='ltr'><strong>videre</strong></span> <span class='ocrx_word' id='word_1_192' title='bbox 1491 2451 1694 2507; x_wconf 88' lang='lat' dir='ltr'><strong>posses,</strong></span> <span class='ocrx_word' id='word_1_193' title='bbox 1725 2435 2003 2507; x_wconf 89' lang='lat' dir='ltr'><strong>premebat</strong></span> <span class='ocrx_word' id='word_1_194' title='bbox 2029 2434 2138 2490; x_wconf 86' lang='lat' dir='ltr'><strong>for-</strong></span> 
     </span>
    </p>
   </div>
   <div class='ocr_carea' id='block_1_24' title="bbox 551 2527 2137 2600">
    <p class='ocr_par' dir='ltr' id='par_1_24' title="bbox 551 2527 2137 2600">
     <span class='ocr_line' id='line_1_24' title="bbox 551 2527 2137 2600; baseline -0.006 -10"><span class='ocrx_word' id='word_1_195' title='bbox 551 2535 711 2590; x_wconf 90' lang='lat' dir='ltr'><strong>tassis</strong></span> <span class='ocrx_word' id='word_1_196' title='bbox 766 2533 961 2588; x_wconf 90' lang='lat' dir='ltr'><strong>humor</strong></span> <span class='ocrx_word' id='word_1_197' title='bbox 1019 2532 1269 2598; x_wconf 88' lang='lat' dir='ltr'><strong>irruens,</strong></span> <span class='ocrx_word' id='word_1_198' title='bbox 1322 2528 1601 2600; x_wconf 89' lang='lat' dir='ltr'><strong>premebat</strong></span> <span class='ocrx_word' id='word_1_199' title='bbox 1656 2528 1880 2583; x_wconf 75' lang='lat' dir='ltr'><strong>fortasse</strong></span> <span class='ocrx_word' id='word_1_200' title='bbox 1933 2527 2137 2596; x_wconf 88' lang='lat' dir='ltr'><strong>fumus,</strong></span> 
     </span>
    </p>
   </div>
   <div class='ocr_carea' id='block_1_25' title="bbox 551 2618 2138 2695">
    <p class='ocr_par' dir='ltr' id='par_1_25' title="bbox 551 2618 2138 2695">
     <span class='ocr_line' id='line_1_25' title="bbox 551 2618 2138 2695; baseline -0.005 -14"><span class='ocrx_word' id='word_1_201' title='bbox 551 2625 746 2694; x_wconf 86' lang='lat' dir='ltr'><strong>pulvis,</strong></span> <span class='ocrx_word' id='word_1_202' title='bbox 775 2623 973 2695; x_wconf 89' lang='lat' dir='ltr'><strong>aliquid</strong></span> <span class='ocrx_word' id='word_1_203' title='bbox 1007 2623 1294 2694; x_wconf 86' lang='lat' dir='ltr'><strong>injectum;</strong></span> <span class='ocrx_word' id='word_1_204' title='bbox 1327 2630 1382 2676; x_wconf 89' lang='lat' dir='ltr'><strong>et</strong></span> <span class='ocrx_word' id='word_1_205' title='bbox 1422 2621 1603 2676; x_wconf 84' lang='lat' dir='ltr'><strong>levare</strong></span> <span class='ocrx_word' id='word_1_206' title='bbox 1643 2619 1855 2676; x_wconf 89' lang='lat' dir='ltr'><strong>oculum</strong></span> <span class='ocrx_word' id='word_1_207' title='bbox 1898 2618 2138 2674; x_wconf 88' lang='lat' dir='ltr'><strong>saucium</strong></span> 
     </span>
    </p>
   </div>
   <div class='ocr_carea' id='block_1_26' title="bbox 551 2709 2139 2787">
    <p class='ocr_par' dir='ltr' id='par_1_26' title="bbox 551 2709 2139 2787">
     <span class='ocr_line' id='line_1_26' title="bbox 551 2709 2139 2787; baseline -0.004 -15"><span class='ocrx_word' id='word_1_208' title='bbox 551 2733 658 2774; x_wconf 88' lang='lat' dir='ltr'><strong>non</strong></span> <span class='ocrx_word' id='word_1_209' title='bbox 686 2727 897 2787; x_wconf 87' lang='lat' dir='ltr'><strong>poteras</strong></span> <span class='ocrx_word' id='word_1_210' title='bbox 920 2715 988 2770; x_wconf 91' lang='lat' dir='ltr'><strong>ad</strong></span> <span class='ocrx_word' id='word_1_211' title='bbox 1017 2716 1170 2770; x_wconf 91' lang='lat' dir='ltr'><strong>istam</strong></span> <span class='ocrx_word' id='word_1_212' title='bbox 1197 2715 1367 2769; x_wconf 91' lang='lat' dir='ltr'><strong>lucem</strong></span> <span class='ocrx_word' id='word_1_213' title='bbox 1396 2731 1408 2767; x_wconf 87' lang='lat'><strong>:</strong></span> <span class='ocrx_word' id='word_1_214' title='bbox 1432 2713 1558 2784; x_wconf 91' lang='lat' dir='ltr'><strong>quid</strong></span> <span class='ocrx_word' id='word_1_215' title='bbox 1581 2727 1708 2783; x_wconf 86' lang='lat' dir='ltr'><strong>ergo</strong></span> <span class='ocrx_word' id='word_1_216' title='bbox 1731 2752 1748 2777; x_wconf 93' lang='lat'><strong>,</strong></span> <span class='ocrx_word' id='word_1_217' title='bbox 1779 2727 1874 2767; x_wconf 91' lang='lat' dir='ltr'><strong>cor</strong></span> <span class='ocrx_word' id='word_1_218' title='bbox 1899 2709 2139 2766; x_wconf 90' lang='lat' dir='ltr'><strong>saucium</strong></span> 
     </span>
    </p>
   </div>
   <div class='ocr_carea' id='block_1_27' title="bbox 551 2803 2144 2878">
    <p class='ocr_par' dir='ltr' id='par_1_27' title="bbox 551 2803 2144 2878">
     <span class='ocr_line' id='line_1_27' title="bbox 551 2803 2144 2878; baseline -0.005 -12"><span class='ocrx_word' id='word_1_219' title='bbox 551 2810 754 2866; x_wconf 88' lang='lat' dir='ltr'><strong>levabis</strong></span> <span class='ocrx_word' id='word_1_220' title='bbox 797 2809 864 2865; x_wconf 93' lang='lat' dir='ltr'><strong>ad</strong></span> <span class='ocrx_word' id='word_1_221' title='bbox 917 2809 1119 2864; x_wconf 90' lang='lat' dir='ltr'><strong>Deum?</strong></span> <span class='ocrx_word' id='word_1_222' title='bbox 1163 2807 1352 2864; x_wconf 86' lang='lat' dir='ltr'><strong>Nonne</strong></span> <span class='ocrx_word' id='word_1_223' title='bbox 1403 2807 1552 2878; x_wconf 91' lang='lat' dir='ltr'><strong>prius</strong></span> <span class='ocrx_word' id='word_1_224' title='bbox 1607 2803 1904 2862; x_wconf 87' lang='lat' dir='ltr'><strong>sanandum</strong></span> <span class='ocrx_word' id='word_1_225' title='bbox 1952 2811 2034 2860; x_wconf 91' lang='lat' dir='ltr'><strong>est</strong></span> <span class='ocrx_word' id='word_1_226' title='bbox 2085 2810 2144 2858; x_wconf 92' lang='lat' dir='ltr'><strong>ut</strong></span> 
     </span>
    </p>
   </div>
   <div class='ocr_carea' id='block_1_28' title="bbox 550 2895 2142 2971">
    <p class='ocr_par' dir='ltr' id='par_1_28' title="bbox 550 2895 2142 2971">
     <span class='ocr_line' id='line_1_28' title="bbox 550 2895 2142 2971; baseline -0.006 -11"><span class='ocrx_word' id='word_1_227' title='bbox 550 2903 775 2960; x_wconf 89' lang='lat' dir='ltr'><strong>videas?</strong></span> <span class='ocrx_word' id='word_1_228' title='bbox 799 2902 986 2958; x_wconf 91' lang='lat' dir='ltr'><strong>Nonne</strong></span> <span class='ocrx_word' id='word_1_229' title='bbox 1013 2901 1280 2971; x_wconf 89' lang='lat' dir='ltr'><strong>superbus</strong></span> <span class='ocrx_word' id='word_1_230' title='bbox 1311 2899 1586 2963; x_wconf 89' lang='lat' dir='ltr'><strong>inveniris,</strong></span> <span class='ocrx_word' id='word_1_231' title='bbox 1616 2912 1737 2953; x_wconf 91' lang='lat' dir='ltr'><strong>cum</strong></span> <span class='ocrx_word' id='word_1_232' title='bbox 1765 2896 1901 2952; x_wconf 89' lang='lat' dir='ltr'><strong>dicis</strong></span> <span class='ocrx_word' id='word_1_233' title='bbox 1926 2915 1939 2952; x_wconf 88' lang='lat'><strong>:</strong></span> <span class='ocrx_word' id='word_1_234' title='bbox 1961 2895 2142 2952; x_wconf 84' lang='lat' dir='ltr'><strong>Primo</strong></span> 
     </span>
    </p>
   </div>
   <div class='ocr_carea' id='block_1_29' title="bbox 551 2989 2142 3060">
    <p class='ocr_par' dir='ltr' id='par_1_29' title="bbox 551 2989 2142 3060">
     <span class='ocr_line' id='line_1_29' title="bbox 551 2989 2142 3060; baseline -0.004 -9"><span class='ocrx_word' id='word_1_235' title='bbox 551 2995 766 3051; x_wconf 89' lang='lat' dir='ltr'><strong>videam</strong></span> <span class='ocrx_word' id='word_1_236' title='bbox 787 3036 800 3058; x_wconf 88' lang='lat'><em>.</em></span> <span class='ocrx_word' id='word_1_237' title='bbox 845 3003 900 3050; x_wconf 93' lang='lat' dir='ltr'><strong>et</strong></span> <span class='ocrx_word' id='word_1_238' title='bbox 929 2994 1007 3049; x_wconf 90' lang='lat' dir='ltr'><strong>sic</strong></span> <span class='ocrx_word' id='word_1_239' title='bbox 1034 2991 1292 3049; x_wconf 86' lang='lat' dir='ltr'><strong>credam?</strong></span> <span class='ocrx_word' id='word_1_240' title='bbox 1317 2991 1446 3060; x_wconf 87' lang='lat' dir='ltr'><strong>Quis</strong></span> <span class='ocrx_word' id='word_1_241' title='bbox 1471 2991 1635 3046; x_wconf 87' lang='lat' dir='ltr'><strong>dicit?</strong></span> <span class='ocrx_word' id='word_1_242' title='bbox 1662 2989 1790 3058; x_wconf 86' lang='lat' dir='ltr'><strong>Quis</strong></span> <span class='ocrx_word' id='word_1_243' title='bbox 1819 2990 1961 3045; x_wconf 90' lang='lat' dir='ltr'><strong>enim</strong></span> <span class='ocrx_word' id='word_1_244' title='bbox 1991 2989 2142 3044; x_wconf 87' lang='lat' dir='ltr'><strong>visu-</strong></span> 
     </span>
    </p>
   </div>
   <div class='ocr_carea' id='block_1_30' title="bbox 552 3081 2142 3152">
    <p class='ocr_par' dir='ltr' id='par_1_30' title="bbox 552 3081 2142 3152">
     <span class='ocr_line' id='line_1_30' title="bbox 552 3081 2142 3152; baseline -0.004 -9"><span class='ocrx_word' id='word_1_245' title='bbox 552 3103 647 3144; x_wconf 88' lang='lat' dir='ltr'><strong>rus</strong></span> <span class='ocrx_word' id='word_1_246' title='bbox 672 3085 803 3143; x_wconf 90' lang='lat' dir='ltr'><strong>dicit</strong></span> <span class='ocrx_word' id='word_1_247' title='bbox 827 3104 839 3140; x_wconf 89' lang='lat'>:</span> <span class='ocrx_word' id='word_1_248' title='bbox 865 3085 1110 3152; x_wconf 84' lang='lat' dir='ltr'><strong>Videam,</strong></span> <span class='ocrx_word' id='word_1_249' title='bbox 1139 3093 1192 3139; x_wconf 91' lang='lat' dir='ltr'><strong>et</strong></span> <span class='ocrx_word' id='word_1_250' title='bbox 1222 3084 1298 3138; x_wconf 91' lang='lat' dir='ltr'><strong>sic</strong></span> <span class='ocrx_word' id='word_1_251' title='bbox 1327 3081 1578 3137; x_wconf 83' lang='lat' dir='ltr'><strong>credam?</strong></span> <span class='ocrx_word' id='word_1_252' title='bbox 1607 3081 1804 3136; x_wconf 89' lang='lat' dir='ltr'><strong>Lucem</strong></span> <span class='ocrx_word' id='word_1_253' title='bbox 1830 3090 2142 3136; x_wconf 87' lang='lat' dir='ltr'><strong>ostensurus</strong></span> 
     </span>
    </p>
   </div>
   <div class='ocr_carea' id='block_1_31' title="bbox 552 3172 2142 3246">
    <p class='ocr_par' dir='ltr' id='par_1_31' title="bbox 552 3172 2142 3246">
     <span class='ocr_line' id='line_1_31' title="bbox 552 3172 2142 3246; baseline -0.003 -11"><span class='ocrx_word' id='word_1_254' title='bbox 552 3194 694 3246; x_wconf 84' lang='lat' dir='ltr'><strong>sum,</strong></span> <span class='ocrx_word' id='word_1_255' title='bbox 724 3179 832 3233; x_wconf 93' lang='lat' dir='ltr'><strong>imo</strong></span> <span class='ocrx_word' id='word_1_256' title='bbox 857 3191 985 3232; x_wconf 90' lang='lat' dir='ltr'><strong>vero</strong></span> <span class='ocrx_word' id='word_1_257' title='bbox 1013 3177 1124 3246; x_wconf 89' lang='lat' dir='ltr'><strong>ipsa</strong></span> <span class='ocrx_word' id='word_1_258' title='bbox 1155 3191 1215 3230; x_wconf 90' lang='lat' dir='ltr'><strong>se</strong></span> <span class='ocrx_word' id='word_1_259' title='bbox 1243 3176 1333 3230; x_wconf 90' lang='lat' dir='ltr'><strong>lux</strong></span> <span class='ocrx_word' id='word_1_260' title='bbox 1361 3173 1646 3228; x_wconf 88' lang='lat' dir='ltr'><strong>ostendere</strong></span> <span class='ocrx_word' id='word_1_261' title='bbox 1670 3173 1800 3227; x_wconf 90' lang='lat' dir='ltr'><strong>vult.</strong></span> <span class='ocrx_word' id='word_1_262' title='bbox 1828 3172 1962 3228; x_wconf 88' lang='lat' dir='ltr'><strong>Cui?</strong></span> <span class='ocrx_word' id='word_1_263' title='bbox 1985 3173 2142 3230; x_wconf 66' lang='lat' dir='ltr'><strong>Caeco</strong></span> 
     </span>
    </p>
   </div>
   <div class='ocr_carea' id='block_1_32' title="bbox 552 3264 2142 3341">
    <p class='ocr_par' dir='ltr' id='par_1_32' title="bbox 552 3264 2142 3341">
     <span class='ocr_line' id='line_1_32' title="bbox 552 3264 2142 3341; baseline -0.004 -14"><span class='ocrx_word' id='word_1_264' title='bbox 552 3287 660 3328; x_wconf 91' lang='lat' dir='ltr'><strong>non</strong></span> <span class='ocrx_word' id='word_1_265' title='bbox 697 3278 906 3341; x_wconf 91' lang='lat' dir='ltr'><strong>potest,</strong></span> <span class='ocrx_word' id='word_1_266' title='bbox 960 3282 1066 3323; x_wconf 91' lang='lat' dir='ltr'><strong>non</strong></span> <span class='ocrx_word' id='word_1_267' title='bbox 1112 3266 1277 3321; x_wconf 89' lang='lat' dir='ltr'><strong>videt.</strong></span> <span class='ocrx_word' id='word_1_268' title='bbox 1321 3265 1472 3322; x_wconf 89' lang='lat' dir='ltr'><strong>Unde</strong></span> <span class='ocrx_word' id='word_1_269' title='bbox 1523 3280 1626 3320; x_wconf 92' lang='lat' dir='ltr'><strong>non</strong></span> <span class='ocrx_word' id='word_1_270' title='bbox 1671 3264 1858 3320; x_wconf 87' lang='lat' dir='ltr'><strong>videt?</strong></span> <span class='ocrx_word' id='word_1_271' title='bbox 1910 3264 2142 3321; x_wconf 88' lang='lat' dir='ltr'><strong>Gravato</strong></span> 
     </span>
    </p>
   </div>
   <div class='ocr_carea' id='block_1_33' title="bbox 551 3355 2142 3428">
    <p class='ocr_par' dir='ltr' id='par_1_33' title="bbox 551 3355 2142 3428">
     <span class='ocr_line' id='line_1_33' title="bbox 551 3355 2142 3428; baseline -0.004 -12"><span class='ocrx_word' id='word_1_272' title='bbox 551 3363 710 3416; x_wconf 92' lang='lat' dir='ltr'><strong>oculo</strong></span> <span class='ocrx_word' id='word_1_273' title='bbox 737 3359 919 3414; x_wconf 89' lang='lat' dir='ltr'><strong>multis</strong></span> <span class='ocrx_word' id='word_1_274' title='bbox 949 3361 1203 3428; x_wconf 86' lang='lat' dir='ltr'><strong>peccatis.</strong></span> <span class='ocrx_word' id='word_1_275' title='bbox 1235 3355 1373 3427; x_wconf 86' lang='lat' dir='ltr'><strong>Quid</strong></span> <span class='ocrx_word' id='word_1_276' title='bbox 1416 3357 1558 3412; x_wconf 91' lang='lat' dir='ltr'><strong>enim</strong></span> <span class='ocrx_word' id='word_1_277' title='bbox 1587 3356 1699 3412; x_wconf 88' lang='lat' dir='ltr'><strong>ait?</strong></span> <span class='ocrx_word' id='word_1_278' title='bbox 1737 3355 2142 3426; x_wconf 81' lang='lat' dir='ltr'><strong>Comprehende-</strong></span> 
     </span>
    </p>
   </div>
   <div class='ocr_carea' id='block_1_34' title="bbox 549 3445 2141 3522">
    <p class='ocr_par' dir='ltr' id='par_1_34' title="bbox 549 3445 2141 3522">
     <span class='ocr_line' id='line_1_34' title="bbox 549 3445 2141 3522; baseline -0.004 -14"><span class='ocrx_word' id='word_1_279' title='bbox 549 3462 670 3508; x_wconf 88' lang='lat' dir='ltr'><strong>runt</strong></span> <span class='ocrx_word' id='word_1_280' title='bbox 698 3467 779 3505; x_wconf 89' lang='lat' dir='ltr'><strong>me</strong></span> <span class='ocrx_word' id='word_1_281' title='bbox 802 3450 1090 3522; x_wconf 77' lang='lat' dir='ltr'><strong>iniquitates</strong></span> <span class='ocrx_word' id='word_1_282' title='bbox 1115 3464 1260 3515; x_wconf 74' lang='lat' dir='ltr'><strong>metu,</strong></span> <span class='ocrx_word' id='word_1_283' title='bbox 1281 3457 1339 3503; x_wconf 82' lang='lat' dir='ltr'><strong>.et</strong></span> <span class='ocrx_word' id='word_1_284' title='bbox 1369 3463 1470 3502; x_wconf 88' lang='lat' dir='ltr'><strong>non</strong></span> <span class='ocrx_word' id='word_1_285' title='bbox 1509 3447 1651 3519; x_wconf 84' lang='lat' dir='ltr'><strong>potui</strong></span> <span class='ocrx_word' id='word_1_286' title='bbox 1679 3456 1734 3501; x_wconf 89' lang='lat' dir='ltr'><strong>ut</strong></span> <span class='ocrx_word' id='word_1_287' title='bbox 1762 3446 2001 3504; x_wconf 83' lang='lat' dir='ltr'><strong>viderem.</strong></span> <span class='ocrx_word' id='word_1_288' title='bbox 2031 3445 2141 3502; x_wconf 82' lang='lat' dir='ltr'><strong>Be-</strong></span> 
     </span>
    </p>
   </div>
   <div class='ocr_carea' id='block_1_35' title="bbox 556 3537 2140 3612">
    <p class='ocr_par' dir='ltr' id='par_1_35' title="bbox 556 3537 2140 3612">
     <span class='ocr_line' id='line_1_35' title="bbox 556 3537 2140 3612; baseline -0.006 -12"><span class='ocrx_word' id='word_1_289' title='bbox 556 3552 876 3602; x_wconf 90' lang='lat' dir='ltr'><strong>moveantur</strong></span> <span class='ocrx_word' id='word_1_290' title='bbox 927 3556 1057 3612; x_wconf 86' lang='lat' dir='ltr'><strong>ergo</strong></span> <span class='ocrx_word' id='word_1_291' title='bbox 1103 3538 1444 3610; x_wconf 86' lang='lat' dir='ltr'><strong>iniquitates,</strong></span> <span class='ocrx_word' id='word_1_292' title='bbox 1496 3537 1830 3593; x_wconf 90' lang='lat' dir='ltr'><strong>dimittantur</strong></span> <span class='ocrx_word' id='word_1_293' title='bbox 1883 3545 2140 3607; x_wconf 87' lang='lat' dir='ltr'><strong>peccata,</strong></span> 
     </span>
    </p>
   </div>
   <div class='ocr_carea' id='block_1_36' title="bbox 551 3629 2139 3707">
    <p class='ocr_par' dir='ltr' id='par_1_36' title="bbox 551 3629 2139 3707">
     <span class='ocr_line' id='line_1_36' title="bbox 551 3629 2139 3707; baseline -0.006 -14"><span class='ocrx_word' id='word_1_294' title='bbox 551 3638 758 3694; x_wconf 87' lang='lat' dir='ltr'><strong>levetur</strong></span> <span class='ocrx_word' id='word_1_295' title='bbox 786 3634 997 3707; x_wconf 89' lang='lat' dir='ltr'><strong>pondus</strong></span> <span class='ocrx_word' id='word_1_296' title='bbox 1021 3632 1089 3688; x_wconf 88' lang='lat' dir='ltr'><strong>ab</strong></span> <span class='ocrx_word' id='word_1_297' title='bbox 1116 3634 1272 3688; x_wconf 90' lang='lat' dir='ltr'><strong>oculo</strong></span> <span class='ocrx_word' id='word_1_298' title='bbox 1298 3673 1314 3700; x_wconf 95' lang='lat'><strong>,</strong></span> <span class='ocrx_word' id='word_1_299' title='bbox 1341 3641 1559 3687; x_wconf 84' lang='lat' dir='ltr'><strong>sanetur</strong></span> <span class='ocrx_word' id='word_1_300' title='bbox 1584 3630 1725 3702; x_wconf 91' lang='lat' dir='ltr'><strong>quod</strong></span> <span class='ocrx_word' id='word_1_301' title='bbox 1752 3629 1991 3685; x_wconf 90' lang='lat' dir='ltr'><strong>saucium</strong></span> <span class='ocrx_word' id='word_1_302' title='bbox 2019 3637 2101 3685; x_wconf 90' lang='lat' dir='ltr'><strong>est</strong></span> <span class='ocrx_word' id='word_1_303' title='bbox 2123 3671 2139 3698; x_wconf 90' lang='lat'><strong>,</strong></span> 
     </span>
    </p>
   </div>
   <div class='ocr_carea' id='block_1_37' title="bbox 553 3722 2144 3796">
    <p class='ocr_par' dir='ltr' id='par_1_37' title="bbox 553 3722 2144 3796">
     <span class='ocr_line' id='line_1_37' title="bbox 553 3722 2144 3796; baseline -0.003 -14"><span class='ocrx_word' id='word_1_304' title='bbox 553 3728 869 3783; x_wconf 86' lang='lat' dir='ltr'><strong>adhibeatur</strong></span> <span class='ocrx_word' id='word_1_305' title='bbox 889 3725 1109 3784; x_wconf 79' lang='lat' dir='ltr'><strong>mordax</strong></span> <span class='ocrx_word' id='word_1_306' title='bbox 1133 3731 1460 3796; x_wconf 62' lang='lat' dir='ltr'><strong>pragceptum</strong></span> <span class='ocrx_word' id='word_1_307' title='bbox 1487 3723 1637 3794; x_wconf 90' lang='lat' dir='ltr'><strong>quasi</strong></span> <span class='ocrx_word' id='word_1_308' title='bbox 1665 3722 1970 3795; x_wconf 87' lang='lat' dir='ltr'><strong>collyrium.</strong></span> <span class='ocrx_word' id='word_1_309' title='bbox 1988 3723 2144 3778; x_wconf 90' lang='lat' dir='ltr'><strong>Prius</strong></span> 
     </span>
    </p>
   </div>
   <div class='ocr_carea' id='block_1_38' title="bbox 555 3816 2140 3890">
    <p class='ocr_par' dir='ltr' id='par_1_38' title="bbox 555 3816 2140 3890">
     <span class='ocr_line' id='line_1_38' title="bbox 555 3816 2140 3890; baseline -0.004 -13"><span class='ocrx_word' id='word_1_310' title='bbox 555 3820 710 3877; x_wconf 80' lang='lat' dir='ltr'><strong>efﬁce</strong></span> <span class='ocrx_word' id='word_1_311' title='bbox 756 3819 899 3890; x_wconf 91' lang='lat' dir='ltr'><strong>quod</strong></span> <span class='ocrx_word' id='word_1_312' title='bbox 942 3818 1034 3873; x_wconf 89' lang='lat' dir='ltr'><strong>tibi</strong></span> <span class='ocrx_word' id='word_1_313' title='bbox 1084 3817 1394 3888; x_wconf 88' lang='lat' dir='ltr'><strong>praecipitur</strong></span> <span class='ocrx_word' id='word_1_314' title='bbox 1419 3835 1432 3871; x_wconf 94' lang='lat'>:</span> <span class='ocrx_word' id='word_1_315' title='bbox 1457 3830 1584 3871; x_wconf 89' lang='lat' dir='ltr'><strong>sana</strong></span> <span class='ocrx_word' id='word_1_316' title='bbox 1611 3831 1742 3881; x_wconf 90' lang='lat' dir='ltr'><strong>cor,</strong></span> <span class='ocrx_word' id='word_1_317' title='bbox 1783 3816 1980 3870; x_wconf 92' lang='lat' dir='ltr'><strong>munda</strong></span> <span class='ocrx_word' id='word_1_318' title='bbox 2011 3831 2140 3884; x_wconf 88' lang='lat' dir='ltr'><strong>cor,</strong></span> 
     </span>
    </p>
   </div>
   <div class='ocr_carea' id='block_1_39' title="bbox 554 3909 2141 3984">
    <p class='ocr_par' dir='ltr' id='par_1_39' title="bbox 554 3909 2141 3984">
     <span class='ocr_line' id='line_1_39' title="bbox 554 3909 2141 3984; baseline -0.004 -14"><span class='ocrx_word' id='word_1_319' title='bbox 554 3913 716 3984; x_wconf 87' lang='lat' dir='ltr'><strong>dilige</strong></span> <span class='ocrx_word' id='word_1_320' title='bbox 755 3913 1026 3966; x_wconf 86' lang='lat' dir='ltr'><strong>inimicum</strong></span> <span class='ocrx_word' id='word_1_321' title='bbox 1064 3921 1211 3966; x_wconf 90' lang='lat' dir='ltr'><strong>tuum</strong></span> <span class='ocrx_word' id='word_1_322' title='bbox 1244 3909 1453 3982; x_wconf 81' lang='lat' dir='ltr'><strong>(Matth.</strong></span> <span class='ocrx_word' id='word_1_323' title='bbox 1481 3926 1514 3963; x_wconf 83' lang='grc' dir='ltr'><strong>ν</strong></span> <span class='ocrx_word' id='word_1_324' title='bbox 1533 3953 1548 3977; x_wconf 90' lang='grc'>,</span> <span class='ocrx_word' id='word_1_325' title='bbox 1580 3911 1649 3965; x_wconf 72' lang='grc'><strong>44</strong></span> <span class='ocrx_word' id='word_1_326' title='bbox 1668 3953 1683 3975; x_wconf 88' lang='grc'><em>,</em></span> <span class='ocrx_word' id='word_1_327' title='bbox 1725 3917 1771 3962; x_wconf 88' lang='lat' dir='ltr'><strong>et</strong></span> <span class='ocrx_word' id='word_1_328' title='bbox 1796 3909 1924 3965; x_wconf 89' lang='lat' dir='ltr'><strong>Luc.</strong></span> <span class='ocrx_word' id='word_1_329' title='bbox 1951 3925 2023 3974; x_wconf 76' lang='lat' dir='ltr'><strong>Vl,</strong></span> <span class='ocrx_word' id='word_1_330' title='bbox 2049 3909 2141 3975; x_wconf 71' lang='lat'><strong>27,</strong></span> 
     </span>
    </p>
   </div>
   <div class='ocr_carea' id='block_1_40' title="bbox 556 3993 2143 4076">
    <p class='ocr_par' dir='ltr' id='par_1_40' title="bbox 556 3993 2143 4076">
     <span class='ocr_line' id='line_1_40' title="bbox 556 3993 2143 4076; baseline -0.003 -15"><span class='ocrx_word' id='word_1_331' title='bbox 556 4006 670 4076; x_wconf 78' lang='lat'><strong>35).</strong></span> <span class='ocrx_word' id='word_1_332' title='bbox 695 4004 763 4060; x_wconf 87' lang='lat' dir='ltr'><strong>Et</strong></span> <span class='ocrx_word' id='word_1_333' title='bbox 782 4004 901 4075; x_wconf 91' lang='lat' dir='ltr'><strong>quis</strong></span> <span class='ocrx_word' id='word_1_334' title='bbox 927 4003 1100 4074; x_wconf 85' lang='lat' dir='ltr'><strong>diligit</strong></span> <span class='ocrx_word' id='word_1_335' title='bbox 1128 4001 1400 4056; x_wconf 90' lang='lat' dir='ltr'><strong>inimicum</strong></span> <span class='ocrx_word' id='word_1_336' title='bbox 1431 4003 1630 4057; x_wconf 92' lang='lat' dir='ltr'><strong>suum?</strong></span> <span class='ocrx_word' id='word_1_337' title='bbox 1661 3993 1770 4056; x_wconf 77' lang='grc' dir='ltr'>ιισο</span> <span class='ocrx_word' id='word_1_338' title='bbox 1795 4001 1943 4072; x_wconf 90' lang='lat' dir='ltr'><strong>jubet</strong></span> <span class='ocrx_word' id='word_1_339' title='bbox 1970 4001 2143 4056; x_wconf 89' lang='lat' dir='ltr'><strong>medi-</strong></span> 
     </span>
    </p>
   </div>
   <div class='ocr_carea' id='block_1_41' title="bbox 555 4092 2142 4162">
    <p class='ocr_par' dir='ltr' id='par_1_41' title="bbox 555 4092 2142 4162">
     <span class='ocr_line' id='line_1_41' title="bbox 555 4092 2142 4162; baseline -0.003 -9"><span class='ocrx_word' id='word_1_340' title='bbox 555 4112 686 4161; x_wconf 87' lang='lat' dir='ltr'><strong>eus;</strong></span> <span class='ocrx_word' id='word_1_341' title='bbox 739 4110 980 4150; x_wconf 90' lang='lat' dir='ltr'><strong>amarum</strong></span> <span class='ocrx_word' id='word_1_342' title='bbox 1027 4101 1140 4159; x_wconf 91' lang='lat' dir='ltr'><strong>est,</strong></span> <span class='ocrx_word' id='word_1_343' title='bbox 1190 4093 1284 4148; x_wconf 91' lang='lat' dir='ltr'><strong>sed</strong></span> <span class='ocrx_word' id='word_1_344' title='bbox 1313 4093 1545 4149; x_wconf 89' lang='lat' dir='ltr'><strong>salubre.</strong></span> <span class='ocrx_word' id='word_1_345' title='bbox 1591 4092 1730 4162; x_wconf 88' lang='lat' dir='ltr'><strong>Quid</strong></span> <span class='ocrx_word' id='word_1_346' title='bbox 1773 4093 1866 4147; x_wconf 86' lang='lat' dir='ltr'><strong>tibi</strong></span> <span class='ocrx_word' id='word_1_347' title='bbox 1913 4093 2142 4160; x_wconf 81' lang='lat' dir='ltr'><strong>faciam,</strong></span> 
     </span>
    </p>
   </div>
   <div class='ocr_carea' id='block_1_42' title="bbox 557 4182 2141 4260">
    <p class='ocr_par' dir='ltr' id='par_1_42' title="bbox 557 4182 2141 4260">
     <span class='ocr_line' id='line_1_42' title="bbox 557 4182 2141 4260; baseline -0.003 -16"><span class='ocrx_word' id='word_1_348' title='bbox 557 4187 765 4260; x_wconf 90' lang='lat' dir='ltr'><strong>inquit?</strong></span> <span class='ocrx_word' id='word_1_349' title='bbox 796 4186 870 4242; x_wconf 87' lang='lat' dir='ltr'><strong>ita</strong></span> <span class='ocrx_word' id='word_1_350' title='bbox 896 4193 1116 4240; x_wconf 88' lang='lat' dir='ltr'><strong>vexatus</strong></span> <span class='ocrx_word' id='word_1_351' title='bbox 1142 4197 1223 4250; x_wconf 87' lang='lat' dir='ltr'><strong>es,</strong></span> <span class='ocrx_word' id='word_1_352' title='bbox 1251 4192 1308 4239; x_wconf 91' lang='lat' dir='ltr'><strong>ut</strong></span> <span class='ocrx_word' id='word_1_353' title='bbox 1339 4183 1460 4239; x_wconf 89' lang='lat' dir='ltr'><strong>inde</strong></span> <span class='ocrx_word' id='word_1_354' title='bbox 1486 4184 1708 4239; x_wconf 90' lang='lat' dir='ltr'><strong>saneris.</strong></span> <span class='ocrx_word' id='word_1_355' title='bbox 1743 4182 1811 4238; x_wconf 88' lang='lat' dir='ltr'><strong>Et</strong></span> <span class='ocrx_word' id='word_1_356' title='bbox 1839 4183 1956 4254; x_wconf 90' lang='lat' dir='ltr'><strong>plus</strong></span> <span class='ocrx_word' id='word_1_357' title='bbox 1976 4184 2104 4239; x_wconf 88' lang='lat' dir='ltr'><strong>dicit</strong></span> <span class='ocrx_word' id='word_1_358' title='bbox 2128 4201 2141 4240; x_wconf 91' lang='lat'><strong>:</strong></span> 
     </span>
    </p>
   </div>
   <div class='ocr_carea' id='block_1_43' title="bbox 557 4274 2146 4346">
    <p class='ocr_par' dir='ltr' id='par_1_43' title="bbox 557 4274 2146 4346">
     <span class='ocr_line' id='line_1_43' title="bbox 557 4274 2146 4346; baseline -0.004 -10"><span class='ocrx_word' id='word_1_359' title='bbox 557 4281 756 4338; x_wconf 88' lang='lat' dir='ltr'><strong>Sanato</strong></span> <span class='ocrx_word' id='word_1_360' title='bbox 783 4293 887 4333; x_wconf 93' lang='lat' dir='ltr'><strong>non</strong></span> <span class='ocrx_word' id='word_1_361' title='bbox 918 4278 1021 4333; x_wconf 91' lang='lat' dir='ltr'><strong>crit</strong></span> <span class='ocrx_word' id='word_1_362' title='bbox 1049 4290 1334 4331; x_wconf 89' lang='lat' dir='ltr'><strong>onerosum</strong></span> <span class='ocrx_word' id='word_1_363' title='bbox 1356 4316 1372 4342; x_wconf 93' lang='lat'><strong>,</strong></span> <span class='ocrx_word' id='word_1_364' title='bbox 1400 4274 1716 4345; x_wconf 88' lang='lat' dir='ltr'><strong>voluptuose</strong></span> <span class='ocrx_word' id='word_1_365' title='bbox 1745 4274 1934 4346; x_wconf 90' lang='lat' dir='ltr'><strong>diliges</strong></span> <span class='ocrx_word' id='word_1_366' title='bbox 1964 4275 2146 4330; x_wconf 89' lang='lat' dir='ltr'><strong>inimi-</strong></span> 
     </span>
    </p>
   </div>
   <div class='ocr_carea' id='block_1_44' title="bbox 557 4368 2144 4436">
    <p class='ocr_par' dir='ltr' id='par_1_44' title="bbox 557 4368 2144 4436">
     <span class='ocr_line' id='line_1_44' title="bbox 557 4368 2144 4436; baseline -0.004 -7"><span class='ocrx_word' id='word_1_367' title='bbox 557 4388 679 4429; x_wconf 91' lang='lat' dir='ltr'><strong>cum</strong></span> <span class='ocrx_word' id='word_1_368' title='bbox 709 4381 960 4436; x_wconf 86' lang='lat' dir='ltr'><strong>sanatus;</strong></span> <span class='ocrx_word' id='word_1_369' title='bbox 992 4385 1188 4425; x_wconf 90' lang='lat' dir='ltr'><strong>conare</strong></span> <span class='ocrx_word' id='word_1_370' title='bbox 1228 4378 1282 4424; x_wconf 91' lang='lat' dir='ltr'><strong>tu</strong></span> <span class='ocrx_word' id='word_1_371' title='bbox 1321 4377 1379 4424; x_wconf 94' lang='lat' dir='ltr'><strong>ut</strong></span> <span class='ocrx_word' id='word_1_372' title='bbox 1417 4369 1644 4425; x_wconf 89' lang='lat' dir='ltr'><strong>saneris.</strong></span> <span class='ocrx_word' id='word_1_373' title='bbox 1687 4368 1746 4424; x_wconf 83' lang='lat' dir='ltr'><strong>In</strong></span> <span class='ocrx_word' id='word_1_374' title='bbox 1787 4369 2144 4426; x_wconf 87' lang='lat' dir='ltr'><strong>tribulationi-</strong></span> 
     </span>
    </p>
   </div>
   <div class='ocr_carea' id='block_1_45' title="bbox 557 4462 2146 4534">
    <p class='ocr_par' dir='ltr' id='par_1_45' title="bbox 557 4462 2146 4534">
     <span class='ocr_line' id='line_1_45' title="bbox 557 4462 2146 4534; baseline -0.001 -13"><span class='ocrx_word' id='word_1_375' title='bbox 557 4465 692 4531; x_wconf 87' lang='lat' dir='ltr'><strong>bus,</strong></span> <span class='ocrx_word' id='word_1_376' title='bbox 723 4465 774 4519; x_wconf 91' lang='lat' dir='ltr'><strong>in</strong></span> <span class='ocrx_word' id='word_1_377' title='bbox 803 4463 1094 4534; x_wconf 88' lang='lat' dir='ltr'><strong>angustiis,</strong></span> <span class='ocrx_word' id='word_1_378' title='bbox 1142 4464 1194 4519; x_wconf 93' lang='lat' dir='ltr'><strong>in</strong></span> <span class='ocrx_word' id='word_1_379' title='bbox 1225 4463 1607 4519; x_wconf 88' lang='lat' dir='ltr'><strong>tentationihus</strong></span> <span class='ocrx_word' id='word_1_380' title='bbox 1646 4462 1798 4519; x_wconf 91' lang='lat' dir='ltr'><strong>fortis</strong></span> <span class='ocrx_word' id='word_1_381' title='bbox 1839 4473 1988 4531; x_wconf 91' lang='lat' dir='ltr'><strong>esto,</strong></span> <span class='ocrx_word' id='word_1_382' title='bbox 2022 4479 2146 4534; x_wconf 87' lang='lat' dir='ltr'><strong>per-</strong></span> 
     </span>
    </p>
   </div>
   <div class='ocr_carea' id='block_1_46' title="bbox 559 4555 2143 4624">
    <p class='ocr_par' dir='ltr' id='par_1_46' title="bbox 559 4555 2143 4624">
     <span class='ocr_line' id='line_1_46' title="bbox 559 4555 2143 4624; baseline -0.003 -10"><span class='ocrx_word' id='word_1_383' title='bbox 559 4558 693 4615; x_wconf 89' lang='lat' dir='ltr'><strong>dura</strong></span> <span class='ocrx_word' id='word_1_384' title='bbox 719 4577 732 4612; x_wconf 91' lang='lat'>:</span> <span class='ocrx_word' id='word_1_385' title='bbox 758 4556 949 4612; x_wconf 89' lang='lat' dir='ltr'><strong>medici</strong></span> <span class='ocrx_word' id='word_1_386' title='bbox 977 4571 1166 4611; x_wconf 90' lang='lat' dir='ltr'><strong>manus</strong></span> <span class='ocrx_word' id='word_1_387' title='bbox 1194 4565 1297 4621; x_wconf 91' lang='lat' dir='ltr'><strong>est,</strong></span> <span class='ocrx_word' id='word_1_388' title='bbox 1341 4571 1447 4611; x_wconf 91' lang='lat' dir='ltr'><strong>non</strong></span> <span class='ocrx_word' id='word_1_389' title='bbox 1487 4555 1726 4610; x_wconf 88' lang='lat' dir='ltr'><strong>latronis.</strong></span> <span class='ocrx_word' id='word_1_390' title='bbox 1759 4556 1917 4623; x_wconf 89' lang='lat' dir='ltr'><strong>Ecce,</strong></span> <span class='ocrx_word' id='word_1_391' title='bbox 1951 4555 2143 4624; x_wconf 90' lang='lat' dir='ltr'><strong>inquit,</strong></span> 
     </span>
    </p>
   </div>
   <div class='ocr_carea' id='block_1_47' title="bbox 563 4646 2148 4719">
    <p class='ocr_par' dir='ltr' id='par_1_47' title="bbox 563 4646 2148 4719">
     <span class='ocr_line' id='line_1_47' title="bbox 563 4646 2148 4719; baseline -0.001 -16"><span class='ocrx_word' id='word_1_392' title='bbox 563 4648 848 4719; x_wconf 72' lang='lat' dir='ltr'><strong>prteceptis</strong></span> <span class='ocrx_word' id='word_1_393' title='bbox 876 4648 1131 4718; x_wconf 82' lang='lat' dir='ltr'><strong>acceptis,</strong></span> <span class='ocrx_word' id='word_1_394' title='bbox 1162 4655 1214 4702; x_wconf 90' lang='lat' dir='ltr'><strong>et</strong></span> <span class='ocrx_word' id='word_1_395' title='bbox 1244 4646 1346 4701; x_wconf 88' lang='lat' dir='ltr'><strong>lide</strong></span> <span class='ocrx_word' id='word_1_396' title='bbox 1370 4655 1576 4702; x_wconf 87' lang='lat' dir='ltr'><strong>retenta</strong></span> <span class='ocrx_word' id='word_1_397' title='bbox 1601 4688 1617 4715; x_wconf 93' lang='lat'><strong>,</strong></span> <span class='ocrx_word' id='word_1_398' title='bbox 1648 4647 1795 4716; x_wconf 91' lang='lat' dir='ltr'><strong>prius</strong></span> <span class='ocrx_word' id='word_1_399' title='bbox 1821 4647 1956 4701; x_wconf 88' lang='lat' dir='ltr'><strong>sicut</strong></span> <span class='ocrx_word' id='word_1_400' title='bbox 1989 4646 2148 4716; x_wconf 89' lang='lat' dir='ltr'><strong>jubes</strong></span> 
     </span>
    </p>
   </div>
   <div class='ocr_carea' id='block_1_48' title="bbox 565 4736 2148 4803">
    <p class='ocr_par' dir='ltr' id='par_1_48' title="bbox 565 4736 2148 4803">
     <span class='ocr_line' id='line_1_48' title="bbox 565 4736 2148 4803; baseline -0.001 -8"><span class='ocrx_word' id='word_1_401' title='bbox 565 4740 766 4796; x_wconf 90' lang='lat' dir='ltr'><strong>sanabo</strong></span> <span class='ocrx_word' id='word_1_402' title='bbox 791 4754 906 4803; x_wconf 90' lang='lat' dir='ltr'><strong>cor,</strong></span> <span class='ocrx_word' id='word_1_403' title='bbox 939 4748 996 4794; x_wconf 93' lang='lat' dir='ltr'><strong>ut</strong></span> <span class='ocrx_word' id='word_1_404' title='bbox 1024 4738 1158 4793; x_wconf 90' lang='lat' dir='ltr'><strong>dicis</strong></span> <span class='ocrx_word' id='word_1_405' title='bbox 1183 4755 1196 4791; x_wconf 90' lang='lat'><strong>:</strong></span> <span class='ocrx_word' id='word_1_406' title='bbox 1225 4745 1410 4793; x_wconf 86' lang='lat' dir='ltr'><strong>sanato</strong></span> <span class='ocrx_word' id='word_1_407' title='bbox 1438 4736 1600 4792; x_wconf 90' lang='lat' dir='ltr'><strong>corde</strong></span> <span class='ocrx_word' id='word_1_408' title='bbox 1624 4746 1680 4792; x_wconf 91' lang='lat' dir='ltr'><strong>et</strong></span> <span class='ocrx_word' id='word_1_409' title='bbox 1706 4737 1961 4792; x_wconf 91' lang='lat' dir='ltr'><strong>mundato</strong></span> <span class='ocrx_word' id='word_1_410' title='bbox 1986 4737 2148 4793; x_wconf 89' lang='lat' dir='ltr'><strong>corde</strong></span> 
     </span>
    </p>
   </div>
   <div class='ocr_carea' id='block_1_49' title="bbox 563 4828 2149 4903">
    <p class='ocr_par' dir='ltr' id='par_1_49' title="bbox 563 4828 2149 4903">
     <span class='ocr_line' id='line_1_49' title="bbox 563 4828 2149 4903; baseline 0.001 -18"><span class='ocrx_word' id='word_1_411' title='bbox 563 4831 690 4903; x_wconf 92' lang='lat' dir='ltr'><strong>quid</strong></span> <span class='ocrx_word' id='word_1_412' title='bbox 715 4829 944 4885; x_wconf 83' lang='lat' dir='ltr'><strong>videbo?</strong></span> <span class='ocrx_word' id='word_1_413' title='bbox 973 4830 1119 4885; x_wconf 88' lang='lat' dir='ltr'><strong>Beati</strong></span> <span class='ocrx_word' id='word_1_414' title='bbox 1149 4828 1348 4884; x_wconf 90' lang='lat' dir='ltr'><strong>mundo</strong></span> <span class='ocrx_word' id='word_1_415' title='bbox 1372 4828 1554 4895; x_wconf 89' lang='lat' dir='ltr'><strong>corde,</strong></span> <span class='ocrx_word' id='word_1_416' title='bbox 1582 4829 1831 4900; x_wconf 89' lang='lat' dir='ltr'><strong>quoniam</strong></span> <span class='ocrx_word' id='word_1_417' title='bbox 1860 4831 1958 4900; x_wconf 89' lang='lat' dir='ltr'><strong>ipsi</strong></span> <span class='ocrx_word' id='word_1_418' title='bbox 1983 4831 2149 4886; x_wconf 89' lang='lat' dir='ltr'><strong>Deum</strong></span> 
     </span>
    </p>
   </div>
   <div class='ocr_carea' id='block_1_50' title="bbox 563 4921 2153 4995">
    <p class='ocr_par' dir='ltr' id='par_1_50' title="bbox 563 4921 2153 4995">
     <span class='ocr_line' id='line_1_50' title="bbox 563 4921 2153 4995; baseline 0.002 -18"><span class='ocrx_word' id='word_1_419' title='bbox 563 4923 822 4979; x_wconf 87' lang='lat' dir='ltr'><strong>videbunt</strong></span> <span class='ocrx_word' id='word_1_420' title='bbox 847 4921 1061 4993; x_wconf 79' lang='lat' dir='ltr'><strong>(Matth.</strong></span> <span class='ocrx_word' id='word_1_421' title='bbox 1093 4939 1146 4989; x_wconf 89' lang='lat' dir='ltr'><strong>v,</strong></span> <span class='ocrx_word' id='word_1_422' title='bbox 1181 4921 1258 4995; x_wconf 86' lang='lat'><strong>8).</strong></span> <span class='ocrx_word' id='word_1_423' title='bbox 1303 4921 1414 4977; x_wconf 82' lang='lat' dir='ltr'><strong>Hoc</strong></span> <span class='ocrx_word' id='word_1_424' title='bbox 1453 4921 1631 4986; x_wconf 90' lang='lat' dir='ltr'><strong>modo,</strong></span> <span class='ocrx_word' id='word_1_425' title='bbox 1665 4923 1855 4994; x_wconf 90' lang='lat' dir='ltr'><strong>inquit,</strong></span> <span class='ocrx_word' id='word_1_426' title='bbox 1890 4938 1994 4978; x_wconf 93' lang='lat' dir='ltr'><strong>non</strong></span> <span class='ocrx_word' id='word_1_427' title='bbox 2028 4940 2153 4994; x_wconf 89' lang='lat' dir='ltr'><strong>pos-</strong></span> 
     </span>
    </p>
   </div>
   <div class='ocr_carea' id='block_1_51' title="bbox 564 5013 2150 5086">
    <p class='ocr_par' dir='ltr' id='par_1_51' title="bbox 564 5013 2150 5086">
     <span class='ocr_line' id='line_1_51' title="bbox 564 5013 2150 5086; baseline 0.001 -16"><span class='ocrx_word' id='word_1_428' title='bbox 564 5029 704 5071; x_wconf 90' lang='lat' dir='ltr'><strong>sum.</strong></span> <span class='ocrx_word' id='word_1_429' title='bbox 750 5013 1248 5084; x_wconf 86' lang='lat' dir='ltr'><strong>Comprehenderunt</strong></span> <span class='ocrx_word' id='word_1_430' title='bbox 1294 5029 1374 5069; x_wconf 87' lang='lat' dir='ltr'><strong>me</strong></span> <span class='ocrx_word' id='word_1_431' title='bbox 1419 5013 1710 5086; x_wconf 76' lang='lat' dir='ltr'><strong>iniquitates</strong></span> <span class='ocrx_word' id='word_1_432' title='bbox 1755 5031 1907 5083; x_wconf 78' lang='lat' dir='ltr'><strong>mete,</strong></span> <span class='ocrx_word' id='word_1_433' title='bbox 1954 5025 2001 5070; x_wconf 89' lang='lat' dir='ltr'><strong>et</strong></span> <span class='ocrx_word' id='word_1_434' title='bbox 2047 5033 2150 5072; x_wconf 90' lang='lat' dir='ltr'><strong>non</strong></span> 
     </span>
    </p>
   </div>
   <div class='ocr_carea' id='block_1_52' title="bbox 566 5108 1048 5180">
    <p class='ocr_par' dir='ltr' id='par_1_52' title="bbox 566 5108 1048 5180">
     <span class='ocr_line' id='line_1_52' title="bbox 566 5108 1048 5180; baseline -0.004 -16"><span class='ocrx_word' id='word_1_435' title='bbox 566 5108 710 5180; x_wconf 80' lang='lat' dir='ltr'><strong>potui</strong></span> <span class='ocrx_word' id='word_1_436' title='bbox 734 5117 789 5163; x_wconf 89' lang='lat' dir='ltr'><strong>ut</strong></span> <span class='ocrx_word' id='word_1_437' title='bbox 813 5108 1048 5162; x_wconf 81' lang='lat' dir='ltr'><strong>viderem.</strong></span> 
     </span>
    </p>
   </div>
   <div class='ocr_carea' id='block_1_53' title="bbox 634 5199 2147 5273">
    <p class='ocr_par' dir='ltr' id='par_1_53' title="bbox 634 5199 2147 5273">
     <span class='ocr_line' id='line_1_53' title="bbox 634 5199 2147 5273; baseline 0.001 -18"><span class='ocrx_word' id='word_1_438' title='bbox 634 5201 725 5255; x_wconf 71' lang='lat'><strong>22.</strong></span> <span class='ocrx_word' id='word_1_439' title='bbox 780 5199 1139 5270; x_wconf 74' lang='lat' dir='ltr'><strong>Multiplicata:</strong></span> <span class='ocrx_word' id='word_1_440' title='bbox 1180 5208 1296 5255; x_wconf 90' lang='lat' dir='ltr'><strong>sunt</strong></span> <span class='ocrx_word' id='word_1_441' title='bbox 1342 5217 1496 5273; x_wconf 83' lang='lat' dir='ltr'><strong>super</strong></span> <span class='ocrx_word' id='word_1_442' title='bbox 1540 5200 1753 5272; x_wconf 83' lang='lat' dir='ltr'><strong>capillos</strong></span> <span class='ocrx_word' id='word_1_443' title='bbox 1803 5200 1982 5271; x_wconf 84' lang='lat' dir='ltr'><strong>capitis</strong></span> <span class='ocrx_word' id='word_1_444' title='bbox 2029 5203 2147 5256; x_wconf 91' lang='lat' dir='ltr'><strong>mei.</strong></span> 
     </span>
    </p>
   </div>
   <div class='ocr_carea' id='block_1_54' title="bbox 564 5293 2149 5366">
    <p class='ocr_par' dir='ltr' id='par_1_54' title="bbox 564 5293 2149 5366">
     <span class='ocr_line' id='line_1_54' title="bbox 564 5293 2149 5366; baseline 0 -15"><span class='ocrx_word' id='word_1_445' title='bbox 564 5293 798 5365; x_wconf 88' lang='lat' dir='ltr'><strong>Capillos</strong></span> <span class='ocrx_word' id='word_1_446' title='bbox 840 5295 1027 5366; x_wconf 86' lang='lat' dir='ltr'><strong>capitis</strong></span> <span class='ocrx_word' id='word_1_447' title='bbox 1091 5294 1158 5350; x_wconf 87' lang='lat' dir='ltr'><strong>ad</strong></span> <span class='ocrx_word' id='word_1_448' title='bbox 1203 5295 1410 5351; x_wconf 90' lang='lat' dir='ltr'><strong>numeri</strong></span> <span class='ocrx_word' id='word_1_449' title='bbox 1457 5295 1853 5351; x_wconf 89' lang='lat' dir='ltr'><strong>multitudinem</strong></span> <span class='ocrx_word' id='word_1_450' title='bbox 1909 5305 2149 5352; x_wconf 89' lang='lat' dir='ltr'><strong>revocat.</strong></span> 
     </span>
    </p>
   </div>
   <div class='ocr_carea' id='block_1_55' title="bbox 568 5387 2152 5459">
    <p class='ocr_par' dir='ltr' id='par_1_55' title="bbox 568 5387 2152 5459">
     <span class='ocr_line' id='line_1_55' title="bbox 568 5387 2152 5459; baseline 0.001 -17"><span class='ocrx_word' id='word_1_451' title='bbox 568 5389 700 5456; x_wconf 89' lang='lat' dir='ltr'><strong>Quis</strong></span> <span class='ocrx_word' id='word_1_452' title='bbox 730 5396 974 5444; x_wconf 89' lang='lat' dir='ltr'><strong>numerat</strong></span> <span class='ocrx_word' id='word_1_453' title='bbox 999 5387 1221 5459; x_wconf 88' lang='lat' dir='ltr'><strong>capillos</strong></span> <span class='ocrx_word' id='word_1_454' title='bbox 1250 5389 1437 5459; x_wconf 89' lang='lat' dir='ltr'><strong>capitis</strong></span> <span class='ocrx_word' id='word_1_455' title='bbox 1475 5389 1599 5444; x_wconf 87' lang='lat' dir='ltr'><strong>sui?</strong></span> <span class='ocrx_word' id='word_1_456' title='bbox 1626 5388 1790 5443; x_wconf 87' lang='lat' dir='ltr'><strong>Multo</strong></span> <span class='ocrx_word' id='word_1_457' title='bbox 1821 5387 1998 5443; x_wconf 91' lang='lat' dir='ltr'><strong>minus</strong></span> <span class='ocrx_word' id='word_1_458' title='bbox 2026 5403 2152 5458; x_wconf 87' lang='lat' dir='ltr'><strong>pec-</strong></span> 
     </span>
    </p>
   </div>
   <div class='ocr_carea' id='block_1_56' title="bbox 565 5480 2151 5560">
    <p class='ocr_par' dir='ltr' id='par_1_56' title="bbox 565 5480 2151 5560">
     <span class='ocr_line' id='line_1_56' title="bbox 565 5480 2151 5560; baseline -0.003 -21"><span class='ocrx_word' id='word_1_459' title='bbox 565 5493 723 5548; x_wconf 86' lang='lat' dir='ltr'><strong>cata,</strong></span> <span class='ocrx_word' id='word_1_460' title='bbox 768 5498 888 5560; x_wconf 63' lang='lat' dir='ltr'><strong>qua;</strong></span> <span class='ocrx_word' id='word_1_461' title='bbox 933 5481 1200 5538; x_wconf 83' lang='lat' dir='ltr'><strong>excedunt</strong></span> <span class='ocrx_word' id='word_1_462' title='bbox 1243 5495 1523 5535; x_wconf 90' lang='lat' dir='ltr'><strong>numerum</strong></span> <span class='ocrx_word' id='word_1_463' title='bbox 1569 5480 1906 5550; x_wconf 86' lang='lat' dir='ltr'><strong>capillorum.</strong></span> <span class='ocrx_word' id='word_1_464' title='bbox 1952 5480 2151 5535; x_wconf 87' lang='lat' dir='ltr'><strong>Minuta</strong></span> 
     </span>
    </p>
   </div>
   <div class='ocr_carea' id='block_1_57' title="bbox 567 5571 2152 5643">
    <p class='ocr_par' dir='ltr' id='par_1_57' title="bbox 567 5571 2152 5643">
     <span class='ocr_line' id='line_1_57' title="bbox 567 5571 2152 5643; baseline -0.005 -9"><span class='ocrx_word' id='word_1_465' title='bbox 567 5577 855 5642; x_wconf 88' lang='lat' dir='ltr'><strong>videntur,</strong></span> <span class='ocrx_word' id='word_1_466' title='bbox 898 5575 991 5632; x_wconf 87' lang='lat' dir='ltr'><strong>sed</strong></span> <span class='ocrx_word' id='word_1_467' title='bbox 1041 5574 1203 5629; x_wconf 90' lang='lat' dir='ltr'><strong>multa</strong></span> <span class='ocrx_word' id='word_1_468' title='bbox 1248 5581 1390 5629; x_wconf 89' lang='lat' dir='ltr'><strong>sunt.</strong></span> <span class='ocrx_word' id='word_1_469' title='bbox 1437 5571 1744 5627; x_wconf 72' lang='lat' dir='ltr'><strong>Prtecavisti</strong></span> <span class='ocrx_word' id='word_1_470' title='bbox 1784 5587 2013 5643; x_wconf 87' lang='lat' dir='ltr'><strong>magna;</strong></span> <span class='ocrx_word' id='word_1_471' title='bbox 2041 5571 2152 5643; x_wconf 90' lang='lat' dir='ltr'><strong>jam</strong></span> 
     </span>
    </p>
   </div>
   <div class='ocr_carea' id='block_1_58' title="bbox 572 5664 2152 5736">
    <p class='ocr_par' dir='ltr' id='par_1_58' title="bbox 572 5664 2152 5736">
     <span class='ocr_line' id='line_1_58' title="bbox 572 5664 2152 5736; baseline -0.006 -8"><span class='ocrx_word' id='word_1_472' title='bbox 572 5687 678 5728; x_wconf 89' lang='lat' dir='ltr'><strong>non</strong></span> <span class='ocrx_word' id='word_1_473' title='bbox 706 5670 834 5726; x_wconf 91' lang='lat' dir='ltr'><strong>facis</strong></span> <span class='ocrx_word' id='word_1_474' title='bbox 860 5668 1201 5731; x_wconf 91' lang='lat' dir='ltr'><strong>adulterium,</strong></span> <span class='ocrx_word' id='word_1_475' title='bbox 1224 5665 1333 5736; x_wconf 91' lang='lat' dir='ltr'><strong>jam</strong></span> <span class='ocrx_word' id='word_1_476' title='bbox 1361 5679 1467 5719; x_wconf 91' lang='lat' dir='ltr'><strong>non</strong></span> <span class='ocrx_word' id='word_1_477' title='bbox 1495 5665 1624 5718; x_wconf 87' lang='lat' dir='ltr'><strong>lacis</strong></span> <span class='ocrx_word' id='word_1_478' title='bbox 1645 5664 2013 5731; x_wconf 89' lang='lat' dir='ltr'><strong>homicidium,</strong></span> <span class='ocrx_word' id='word_1_479' title='bbox 2047 5679 2152 5719; x_wconf 90' lang='lat' dir='ltr'><strong>non</strong></span> 
     </span>
    </p>
   </div>
   <div class='ocr_carea' id='block_1_59' title="bbox 571 5755 2152 5835">
    <p class='ocr_par' dir='ltr' id='par_1_59' title="bbox 571 5755 2152 5835">
     <span class='ocr_line' id='line_1_59' title="bbox 571 5755 2152 5835; baseline -0.007 -14"><span class='ocrx_word' id='word_1_480' title='bbox 571 5765 718 5835; x_wconf 85' lang='lat' dir='ltr'><strong>rapis</strong></span> <span class='ocrx_word' id='word_1_481' title='bbox 741 5779 826 5819; x_wconf 90' lang='lat' dir='ltr'><strong>res</strong></span> <span class='ocrx_word' id='word_1_482' title='bbox 855 5762 1078 5825; x_wconf 89' lang='lat' dir='ltr'><strong>alienas,</strong></span> <span class='ocrx_word' id='word_1_483' title='bbox 1125 5773 1228 5814; x_wconf 91' lang='lat' dir='ltr'><strong>non</strong></span> <span class='ocrx_word' id='word_1_484' title='bbox 1272 5757 1634 5826; x_wconf 88' lang='lat' dir='ltr'><strong>blasphemas,</strong></span> <span class='ocrx_word' id='word_1_485' title='bbox 1664 5770 1769 5812; x_wconf 91' lang='lat' dir='ltr'><strong>non</strong></span> <span class='ocrx_word' id='word_1_486' title='bbox 1801 5755 1933 5811; x_wconf 90' lang='lat' dir='ltr'><strong>dicis</strong></span> <span class='ocrx_word' id='word_1_487' title='bbox 1959 5756 2152 5811; x_wconf 92' lang='lat' dir='ltr'><strong>falsum</strong></span> 
     </span>
    </p>
   </div>
   <div class='ocr_carea' id='block_1_60' title="bbox 573 5849 2148 5922">
    <p class='ocr_par' dir='ltr' id='par_1_60' title="bbox 573 5849 2148 5922">
     <span class='ocr_line' id='line_1_60' title="bbox 573 5849 2148 5922; baseline -0.006 -9"><span class='ocrx_word' id='word_1_488' title='bbox 573 5855 937 5912; x_wconf 85' lang='lat' dir='ltr'><strong>testimonium</strong></span> <span class='ocrx_word' id='word_1_489' title='bbox 967 5872 981 5910; x_wconf 88' lang='lat'><strong>:</strong></span> <span class='ocrx_word' id='word_1_490' title='bbox 1009 5852 1178 5909; x_wconf 91' lang='lat' dir='ltr'><strong>moles</strong></span> <span class='ocrx_word' id='word_1_491' title='bbox 1223 5850 1338 5906; x_wconf 64' lang='lat' dir='ltr'><strong>istac</strong></span> <span class='ocrx_word' id='word_1_492' title='bbox 1379 5857 1504 5906; x_wconf 90' lang='lat' dir='ltr'><strong>sunt</strong></span> <span class='ocrx_word' id='word_1_493' title='bbox 1546 5858 1910 5921; x_wconf 87' lang='lat' dir='ltr'><strong>peccatorum.</strong></span> <span class='ocrx_word' id='word_1_494' title='bbox 1957 5849 2148 5922; x_wconf 83' lang='lat' dir='ltr'><strong>Magna</strong></span> 
     </span>
    </p>
   </div>
   <div class='ocr_carea' id='block_1_61' title="bbox 1784 359 2591 428">
    <p class='ocr_par' dir='ltr' id='par_1_61' title="bbox 1784 359 2591 428">
     <span class='ocr_line' id='line_1_61' title="bbox 1784 359 2591 428; baseline 0.002 -4"><span class='ocrx_word' id='word_1_495' title='bbox 1784 366 1844 424; x_wconf 87' lang='lat' dir='ltr'><strong>S.</strong></span> <span class='ocrx_word' id='word_1_496' title='bbox 1883 359 2251 422; x_wconf 78' lang='lat' dir='ltr'><strong>AUGUSTINI</strong></span> <span class='ocrx_word' id='word_1_497' title='bbox 2288 365 2591 428; x_wconf 83' lang='lat' dir='ltr'><strong>EPISCOPI</strong></span> 
     </span>
    </p>
   </div>
   <div class='ocr_carea' id='block_1_62' title="bbox 3728 378 3835 438">
    <p class='ocr_par' dir='ltr' id='par_1_62' title="bbox 3728 378 3835 438">
     <span class='ocr_line' id='line_1_62' title="bbox 3728 378 3835 438; baseline 0.028 -3"><span class='ocrx_word' id='word_1_498' title='bbox 3728 378 3835 438; x_wconf 70' lang='grc'><strong>448</strong></span> 
     </span>
    </p>
   </div>
   <div class='ocr_carea' id='block_1_63' title="bbox 2247 485 3835 563">
    <p class='ocr_par' dir='ltr' id='par_1_63' title="bbox 2247 485 3835 563">
     <span class='ocr_line' id='line_1_63' title="bbox 2247 485 3835 563; baseline 0.008 -26"><span class='ocrx_word' id='word_1_499' title='bbox 2247 485 2543 553; x_wconf 76' lang='lat' dir='ltr'><strong>przecavisti</strong></span> <span class='ocrx_word' id='word_1_500' title='bbox 2561 529 2576 555; x_wconf 95' lang='lat'><strong>,</strong></span> <span class='ocrx_word' id='word_1_501' title='bbox 2619 485 2687 544; x_wconf 91' lang='lat' dir='ltr'><strong>de</strong></span> <span class='ocrx_word' id='word_1_502' title='bbox 2715 488 2933 548; x_wconf 90' lang='lat' dir='ltr'><strong>minutis</strong></span> <span class='ocrx_word' id='word_1_503' title='bbox 2955 489 3081 561; x_wconf 90' lang='lat' dir='ltr'><strong>quid</strong></span> <span class='ocrx_word' id='word_1_504' title='bbox 3119 490 3276 563; x_wconf 83' lang='lat' dir='ltr'><strong>agis?</strong></span> <span class='ocrx_word' id='word_1_505' title='bbox 3303 491 3387 547; x_wconf 86' lang='lat' dir='ltr'><strong>An</strong></span> <span class='ocrx_word' id='word_1_506' title='bbox 3412 505 3516 548; x_wconf 90' lang='lat' dir='ltr'><strong>non</strong></span> <span class='ocrx_word' id='word_1_507' title='bbox 3547 493 3706 549; x_wconf 89' lang='lat' dir='ltr'><strong>times</strong></span> <span class='ocrx_word' id='word_1_508' title='bbox 3732 495 3835 549; x_wconf 87' lang='lat' dir='ltr'><strong>mi-</strong></span> 
     </span>
    </p>
   </div>
   <div class='ocr_carea' id='block_1_64' title="bbox 2245 577 3832 649">
    <p class='ocr_par' dir='ltr' id='par_1_64' title="bbox 2245 577 3832 649">
     <span class='ocr_line' id='line_1_64' title="bbox 2245 577 3832 649; baseline 0.008 -20"><span class='ocrx_word' id='word_1_509' title='bbox 2245 578 2414 630; x_wconf 79' lang='lat' dir='ltr'><strong>nuta?</strong></span> <span class='ocrx_word' id='word_1_510' title='bbox 2461 577 2738 648; x_wconf 88' lang='lat' dir='ltr'><strong>Projecisti</strong></span> <span class='ocrx_word' id='word_1_511' title='bbox 2787 581 3019 649; x_wconf 91' lang='lat' dir='ltr'><strong>molem,</strong></span> <span class='ocrx_word' id='word_1_512' title='bbox 3064 583 3186 638; x_wconf 90' lang='lat' dir='ltr'><strong>vide</strong></span> <span class='ocrx_word' id='word_1_513' title='bbox 3236 597 3304 638; x_wconf 89' lang='lat' dir='ltr'><strong>ne</strong></span> <span class='ocrx_word' id='word_1_514' title='bbox 3349 599 3513 640; x_wconf 89' lang='lat' dir='ltr'><strong>arena</strong></span> <span class='ocrx_word' id='word_1_515' title='bbox 3562 585 3832 641; x_wconf 89' lang='lat' dir='ltr'><strong>obruaris.</strong></span> 
     </span>
    </p>
   </div>
   <div class='ocr_carea' id='block_1_65' title="bbox 2247 665 3516 746">
    <p class='ocr_par' dir='ltr' id='par_1_65' title="bbox 2247 665 3516 746">
     <span class='ocr_line' id='line_1_65' title="bbox 2247 665 3516 746; baseline 0.006 -25"><span class='ocrx_word' id='word_1_516' title='bbox 2247 665 2604 740; x_wconf 73' lang='lat' dir='ltr'><strong>Multiplicata:</strong></span> <span class='ocrx_word' id='word_1_517' title='bbox 2627 681 2743 726; x_wconf 88' lang='lat' dir='ltr'><strong>sunt</strong></span> <span class='ocrx_word' id='word_1_518' title='bbox 2770 689 2923 744; x_wconf 86' lang='lat' dir='ltr'><strong>super</strong></span> <span class='ocrx_word' id='word_1_519' title='bbox 2947 674 3162 744; x_wconf 86' lang='lat' dir='ltr'><strong>capillos</strong></span> <span class='ocrx_word' id='word_1_520' title='bbox 3189 676 3369 746; x_wconf 84' lang='lat' dir='ltr'><strong>capitis</strong></span> <span class='ocrx_word' id='word_1_521' title='bbox 3399 677 3516 730; x_wconf 89' lang='lat' dir='ltr'><strong>mei.</strong></span> 
     </span>
    </p>
   </div>
   <div class='ocr_carea' id='block_1_66' title="bbox 2312 761 3832 840">
    <p class='ocr_par' dir='ltr' id='par_1_66' title="bbox 2312 761 3832 840">
     <span class='ocr_line' id='line_1_66' title="bbox 2312 761 3832 840; baseline 0.007 -24"><span class='ocrx_word' id='word_1_522' title='bbox 2312 762 2402 818; x_wconf 73' lang='lat'><strong>25.</strong></span> <span class='ocrx_word' id='word_1_523' title='bbox 2448 761 2599 836; x_wconf 83' lang='lat' dir='ltr'><strong>[vers.</strong></span> <span class='ocrx_word' id='word_1_524' title='bbox 2635 763 2746 838; x_wconf 59' lang='grc' dir='ltr'>ιι]</span> <span class='ocrx_word' id='word_1_525' title='bbox 2790 764 2858 820; x_wconf 86' lang='lat' dir='ltr'><strong>Et</strong></span> <span class='ocrx_word' id='word_1_526' title='bbox 2904 783 2992 822; x_wconf 88' lang='lat' dir='ltr'><strong>cor</strong></span> <span class='ocrx_word' id='word_1_527' title='bbox 3030 785 3194 822; x_wconf 86' lang='lat' dir='ltr'><strong>meum</strong></span> <span class='ocrx_word' id='word_1_528' title='bbox 3239 769 3506 840; x_wconf 84' lang='lat' dir='ltr'><strong>dereliquit</strong></span> <span class='ocrx_word' id='word_1_529' title='bbox 3549 787 3650 826; x_wconf 88' lang='lat' dir='ltr'><strong>me.</strong></span> <span class='ocrx_word' id='word_1_530' title='bbox 3689 769 3832 840; x_wconf 86' lang='lat' dir='ltr'><strong>Quid</strong></span> 
     </span>
    </p>
   </div>
   <div class='ocr_carea' id='block_1_67' title="bbox 2243 853 3833 933">
    <p class='ocr_par' dir='ltr' id='par_1_67' title="bbox 2243 853 3833 933">
     <span class='ocr_line' id='line_1_67' title="bbox 2243 853 3833 933; baseline 0.006 -23"><span class='ocrx_word' id='word_1_531' title='bbox 2243 853 2437 910; x_wconf 90' lang='lat' dir='ltr'><strong>mirum</strong></span> <span class='ocrx_word' id='word_1_532' title='bbox 2483 865 2597 923; x_wconf 91' lang='lat' dir='ltr'><strong>est,</strong></span> <span class='ocrx_word' id='word_1_533' title='bbox 2649 858 2693 913; x_wconf 89' lang='lat' dir='ltr'><strong>si</strong></span> <span class='ocrx_word' id='word_1_534' title='bbox 2737 872 2831 913; x_wconf 92' lang='lat' dir='ltr'><strong>cor</strong></span> <span class='ocrx_word' id='word_1_535' title='bbox 2867 868 3016 916; x_wconf 90' lang='lat' dir='ltr'><strong>tuum</strong></span> <span class='ocrx_word' id='word_1_536' title='bbox 3059 859 3329 917; x_wconf 90' lang='lat' dir='ltr'><strong>desertum</strong></span> <span class='ocrx_word' id='word_1_537' title='bbox 3368 871 3450 917; x_wconf 89' lang='lat' dir='ltr'><strong>est</strong></span> <span class='ocrx_word' id='word_1_538' title='bbox 3498 877 3529 917; x_wconf 91' lang='lat' dir='ltr'><strong>a</strong></span> <span class='ocrx_word' id='word_1_539' title='bbox 3575 863 3684 918; x_wconf 91' lang='lat' dir='ltr'><strong>Deo</strong></span> <span class='ocrx_word' id='word_1_540' title='bbox 3715 875 3833 933; x_wconf 92' lang='lat' dir='ltr'><strong>tuo,</strong></span> 
     </span>
    </p>
   </div>
   <div class='ocr_carea' id='block_1_68' title="bbox 2241 946 3837 1021">
    <p class='ocr_par' dir='ltr' id='par_1_68' title="bbox 2241 946 3837 1021">
     <span class='ocr_line' id='line_1_68' title="bbox 2241 946 3837 1021; baseline 0.007 -21"><span class='ocrx_word' id='word_1_541' title='bbox 2241 946 2458 1016; x_wconf 90' lang='lat' dir='ltr'><strong>quando</strong></span> <span class='ocrx_word' id='word_1_542' title='bbox 2483 949 2716 1019; x_wconf 88' lang='lat' dir='ltr'><strong>seipsum</strong></span> <span class='ocrx_word' id='word_1_543' title='bbox 2757 949 3035 1006; x_wconf 86' lang='lat' dir='ltr'><strong>deseruit?</strong></span> <span class='ocrx_word' id='word_1_544' title='bbox 3065 952 3201 1021; x_wconf 91' lang='lat' dir='ltr'><strong>Quid</strong></span> <span class='ocrx_word' id='word_1_545' title='bbox 3228 961 3330 1019; x_wconf 90' lang='lat' dir='ltr'><strong>est,</strong></span> <span class='ocrx_word' id='word_1_546' title='bbox 3359 952 3460 1010; x_wconf 88' lang='lat' dir='ltr'><strong>Cor</strong></span> <span class='ocrx_word' id='word_1_547' title='bbox 3485 971 3649 1009; x_wconf 88' lang='lat' dir='ltr'><strong>meum</strong></span> <span class='ocrx_word' id='word_1_548' title='bbox 3685 956 3837 1011; x_wconf 81' lang='lat' dir='ltr'><strong>dere-</strong></span> 
     </span>
    </p>
   </div>
   <div class='ocr_carea' id='block_1_69' title="bbox 2244 1037 3836 1116">
    <p class='ocr_par' dir='ltr' id='par_1_69' title="bbox 2244 1037 3836 1116">
     <span class='ocr_line' id='line_1_69' title="bbox 2244 1037 3836 1116; baseline 0.006 -24"><span class='ocrx_word' id='word_1_549' title='bbox 2244 1037 2390 1109; x_wconf 86' lang='lat' dir='ltr'><strong>liquit</strong></span> <span class='ocrx_word' id='word_1_550' title='bbox 2410 1040 2530 1095; x_wconf 86' lang='lat' dir='ltr'><strong>me?</strong></span> <span class='ocrx_word' id='word_1_551' title='bbox 2556 1040 2670 1096; x_wconf 88' lang='lat' dir='ltr'><strong>Non</strong></span> <span class='ocrx_word' id='word_1_552' title='bbox 2698 1050 2781 1097; x_wconf 90' lang='lat' dir='ltr'><strong>est</strong></span> <span class='ocrx_word' id='word_1_553' title='bbox 2808 1042 3056 1098; x_wconf 90' lang='lat' dir='ltr'><strong>idoneum</strong></span> <span class='ocrx_word' id='word_1_554' title='bbox 3082 1059 3178 1100; x_wconf 86' lang='lat' dir='ltr'><strong>cur</strong></span> <span class='ocrx_word' id='word_1_555' title='bbox 3203 1060 3379 1100; x_wconf 90' lang='lat' dir='ltr'><strong>meum</strong></span> <span class='ocrx_word' id='word_1_556' title='bbox 3407 1045 3473 1100; x_wconf 89' lang='lat' dir='ltr'><strong>ad</strong></span> <span class='ocrx_word' id='word_1_557' title='bbox 3503 1061 3836 1116; x_wconf 82' lang='lat' dir='ltr'><strong>cognoscen-</strong></span> 
     </span>
    </p>
   </div>
   <div class='ocr_carea' id='block_1_70' title="bbox 2243 1130 3837 1206">
    <p class='ocr_par' dir='ltr' id='par_1_70' title="bbox 2243 1130 3837 1206">
     <span class='ocr_line' id='line_1_70' title="bbox 2243 1130 3837 1206; baseline 0.005 -20"><span class='ocrx_word' id='word_1_558' title='bbox 2243 1130 2369 1186; x_wconf 92' lang='lat' dir='ltr'><strong>dum</strong></span> <span class='ocrx_word' id='word_1_559' title='bbox 2413 1147 2491 1188; x_wconf 88' lang='lat' dir='ltr'><strong>se.</strong></span> <span class='ocrx_word' id='word_1_560' title='bbox 2536 1133 2649 1189; x_wconf 83' lang='lat' dir='ltr'><strong>Hoc</strong></span> <span class='ocrx_word' id='word_1_561' title='bbox 2689 1134 2858 1202; x_wconf 83' lang='lat' dir='ltr'><strong>dixit,</strong></span> <span class='ocrx_word' id='word_1_562' title='bbox 2893 1135 2992 1190; x_wconf 87' lang='lat' dir='ltr'><strong>Cor</strong></span> <span class='ocrx_word' id='word_1_563' title='bbox 3021 1153 3187 1192; x_wconf 89' lang='lat' dir='ltr'><strong>meum</strong></span> <span class='ocrx_word' id='word_1_564' title='bbox 3230 1138 3497 1206; x_wconf 84' lang='lat' dir='ltr'><strong>dereliquit</strong></span> <span class='ocrx_word' id='word_1_565' title='bbox 3522 1139 3837 1195; x_wconf 86' lang='lat' dir='ltr'><strong>me:Corde</strong></span> 
     </span>
    </p>
   </div>
   <div class='ocr_carea' id='block_1_71' title="bbox 2242 1225 3834 1301">
    <p class='ocr_par' dir='ltr' id='par_1_71' title="bbox 2242 1225 3834 1301">
     <span class='ocr_line' id='line_1_71' title="bbox 2242 1225 3834 1301; baseline 0.004 -23"><span class='ocrx_word' id='word_1_566' title='bbox 2242 1239 2362 1279; x_wconf 90' lang='lat' dir='ltr'><strong>meo</strong></span> <span class='ocrx_word' id='word_1_567' title='bbox 2389 1225 2672 1281; x_wconf 91' lang='lat' dir='ltr'><strong>Dominum</strong></span> <span class='ocrx_word' id='word_1_568' title='bbox 2702 1227 2824 1283; x_wconf 87' lang='lat' dir='ltr'><strong>volo</strong></span> <span class='ocrx_word' id='word_1_569' title='bbox 2849 1227 3055 1297; x_wconf 87' lang='lat' dir='ltr'><strong>videre,</strong></span> <span class='ocrx_word' id='word_1_570' title='bbox 3079 1238 3133 1285; x_wconf 90' lang='lat' dir='ltr'><strong>et</strong></span> <span class='ocrx_word' id='word_1_571' title='bbox 3153 1244 3260 1285; x_wconf 92' lang='lat' dir='ltr'><strong>non</strong></span> <span class='ocrx_word' id='word_1_572' title='bbox 3284 1245 3524 1300; x_wconf 91' lang='lat' dir='ltr'><strong>possum,</strong></span> <span class='ocrx_word' id='word_1_573' title='bbox 3553 1246 3662 1301; x_wconf 73' lang='lat' dir='ltr'><strong>pra:</strong></span> <span class='ocrx_word' id='word_1_574' title='bbox 3685 1231 3834 1285; x_wconf 89' lang='lat' dir='ltr'><strong>mul-</strong></span> 
     </span>
    </p>
   </div>
   <div class='ocr_carea' id='block_1_72' title="bbox 2243 1313 3840 1396">
    <p class='ocr_par' dir='ltr' id='par_1_72' title="bbox 2243 1313 3840 1396">
     <span class='ocr_line' id='line_1_72' title="bbox 2243 1313 3840 1396; baseline 0.006 -25"><span class='ocrx_word' id='word_1_575' title='bbox 2243 1313 2468 1373; x_wconf 91' lang='lat' dir='ltr'><strong>titudine</strong></span> <span class='ocrx_word' id='word_1_576' title='bbox 2516 1329 2856 1391; x_wconf 87' lang='lat' dir='ltr'><strong>peccatorum</strong></span> <span class='ocrx_word' id='word_1_577' title='bbox 2906 1338 3147 1378; x_wconf 90' lang='lat' dir='ltr'><strong>meorum</strong></span> <span class='ocrx_word' id='word_1_578' title='bbox 3177 1340 3403 1396; x_wconf 90' lang='lat' dir='ltr'><strong>:parum</strong></span> <span class='ocrx_word' id='word_1_579' title='bbox 3443 1332 3560 1392; x_wconf 92' lang='lat' dir='ltr'><strong>est,</strong></span> <span class='ocrx_word' id='word_1_580' title='bbox 3609 1341 3707 1380; x_wconf 91' lang='lat' dir='ltr'><strong>nec</strong></span> <span class='ocrx_word' id='word_1_581' title='bbox 3737 1340 3840 1381; x_wconf 89' lang='lat' dir='ltr'><strong>cor</strong></span> 
     </span>
    </p>
   </div>
   <div class='ocr_carea' id='block_1_73' title="bbox 2242 1413 3836 1488">
    <p class='ocr_par' dir='ltr' id='par_1_73' title="bbox 2242 1413 3836 1488">
     <span class='ocr_line' id='line_1_73' title="bbox 2242 1413 3836 1488; baseline 0.005 -24"><span class='ocrx_word' id='word_1_582' title='bbox 2242 1425 2421 1464; x_wconf 89' lang='lat' dir='ltr'><strong>meum</strong></span> <span class='ocrx_word' id='word_1_583' title='bbox 2457 1426 2516 1467; x_wconf 92' lang='lat' dir='ltr'><strong>se</strong></span> <span class='ocrx_word' id='word_1_584' title='bbox 2541 1413 2968 1483; x_wconf 88' lang='lat' dir='ltr'><strong>comprehendit.</strong></span> <span class='ocrx_word' id='word_1_585' title='bbox 3000 1415 3169 1470; x_wconf 81' lang='lat' dir='ltr'><strong>Nemo</strong></span> <span class='ocrx_word' id='word_1_586' title='bbox 3197 1417 3337 1473; x_wconf 92' lang='lat' dir='ltr'><strong>enim</strong></span> <span class='ocrx_word' id='word_1_587' title='bbox 3383 1433 3442 1472; x_wconf 91' lang='lat' dir='ltr'><strong>se</strong></span> <span class='ocrx_word' id='word_1_588' title='bbox 3470 1419 3836 1488; x_wconf 81' lang='lat' dir='ltr'><strong>comprehen-</strong></span> 
     </span>
    </p>
   </div>
   <div class='ocr_carea' id='block_1_74' title="bbox 2242 1501 3840 1581">
    <p class='ocr_par' dir='ltr' id='par_1_74' title="bbox 2242 1501 3840 1581">
     <span class='ocr_line' id='line_1_74' title="bbox 2242 1501 3840 1581; baseline 0.006 -25"><span class='ocrx_word' id='word_1_589' title='bbox 2242 1501 2341 1568; x_wconf 89' lang='lat' dir='ltr'><strong>dit,</strong></span> <span class='ocrx_word' id='word_1_590' title='bbox 2372 1520 2528 1559; x_wconf 94' lang='lat' dir='ltr'><strong>nemo</strong></span> <span class='ocrx_word' id='word_1_591' title='bbox 2566 1505 2632 1560; x_wconf 91' lang='lat' dir='ltr'><strong>de</strong></span> <span class='ocrx_word' id='word_1_592' title='bbox 2663 1521 2720 1562; x_wconf 89' lang='lat' dir='ltr'><strong>se</strong></span> <span class='ocrx_word' id='word_1_593' title='bbox 2749 1511 3090 1577; x_wconf 75' lang='lat' dir='ltr'><strong>praesumat’.</strong></span> <span class='ocrx_word' id='word_1_594' title='bbox 3122 1508 3392 1579; x_wconf 83' lang='lat' dir='ltr'><strong>Numquid</strong></span> <span class='ocrx_word' id='word_1_595' title='bbox 3420 1511 3840 1581; x_wconf 84' lang='lat' dir='ltr'><strong>comprehendit</strong></span> 
     </span>
    </p>
   </div>
   <div class='ocr_carea' id='block_1_75' title="bbox 2243 1595 3841 1675">
    <p class='ocr_par' dir='ltr' id='par_1_75' title="bbox 2243 1595 3841 1675">
     <span class='ocr_line' id='line_1_75' title="bbox 2243 1595 3841 1675; baseline 0.006 -25"><span class='ocrx_word' id='word_1_596' title='bbox 2243 1595 2405 1651; x_wconf 88' lang='lat' dir='ltr'><strong>corde</strong></span> <span class='ocrx_word' id='word_1_597' title='bbox 2433 1612 2530 1651; x_wconf 89' lang='lat' dir='ltr'><strong>suo</strong></span> <span class='ocrx_word' id='word_1_598' title='bbox 2569 1612 2664 1654; x_wconf 90' lang='lat' dir='ltr'><strong>cor</strong></span> <span class='ocrx_word' id='word_1_599' title='bbox 2692 1615 2850 1655; x_wconf 91' lang='lat' dir='ltr'><strong>suum</strong></span> <span class='ocrx_word' id='word_1_600' title='bbox 2891 1600 3079 1656; x_wconf 88' lang='lat' dir='ltr'><strong>Petrus</strong></span> <span class='ocrx_word' id='word_1_601' title='bbox 3099 1643 3114 1668; x_wconf 89' lang='lat'><strong>,</strong></span> <span class='ocrx_word' id='word_1_602' title='bbox 3156 1603 3245 1672; x_wconf 92' lang='lat' dir='ltr'><strong>qui</strong></span> <span class='ocrx_word' id='word_1_603' title='bbox 3273 1602 3428 1668; x_wconf 80' lang='lat' dir='ltr'><strong>dixit,</strong></span> <span class='ocrx_word' id='word_1_604' title='bbox 3463 1601 3647 1656; x_wconf 85' lang='lat' dir='ltr'><strong>Tecum</strong></span> <span class='ocrx_word' id='word_1_605' title='bbox 3675 1619 3841 1675; x_wconf 78' lang='lat' dir='ltr'><strong>usque</strong></span> 
     </span>
    </p>
   </div>
   <div class='ocr_carea' id='block_1_76' title="bbox 2243 1691 3840 1770">
    <p class='ocr_par' dir='ltr' id='par_1_76' title="bbox 2243 1691 3840 1770">
     <span class='ocr_line' id='line_1_76' title="bbox 2243 1691 3840 1770; baseline 0.006 -26"><span class='ocrx_word' id='word_1_606' title='bbox 2243 1691 2312 1744; x_wconf 89' lang='lat' dir='ltr'><strong>ad</strong></span> <span class='ocrx_word' id='word_1_607' title='bbox 2331 1700 2541 1745; x_wconf 88' lang='lat' dir='ltr'><strong>mortem</strong></span> <span class='ocrx_word' id='word_1_608' title='bbox 2570 1709 2656 1747; x_wconf 85' lang='lat' dir='ltr'><strong>ero</strong></span> <span class='ocrx_word' id='word_1_609' title='bbox 2689 1692 2902 1767; x_wconf 79' lang='lat' dir='ltr'><strong>(Matth.</strong></span> <span class='ocrx_word' id='word_1_610' title='bbox 2930 1712 3074 1762; x_wconf 74' lang='lat' dir='ltr'><strong>xxvr,</strong></span> <span class='ocrx_word' id='word_1_611' title='bbox 3105 1697 3235 1768; x_wconf 78' lang='lat'><strong>35)?</strong></span> <span class='ocrx_word' id='word_1_612' title='bbox 3263 1696 3320 1752; x_wconf 89' lang='lat' dir='ltr'><strong>ln</strong></span> <span class='ocrx_word' id='word_1_613' title='bbox 3348 1698 3510 1753; x_wconf 89' lang='lat' dir='ltr'><strong>corde</strong></span> <span class='ocrx_word' id='word_1_614' title='bbox 3537 1707 3653 1754; x_wconf 89' lang='lat' dir='ltr'><strong>erat</strong></span> <span class='ocrx_word' id='word_1_615' title='bbox 3695 1715 3840 1770; x_wconf 76' lang='lat' dir='ltr'><strong>pra:-</strong></span> 
     </span>
    </p>
   </div>
   <div class='ocr_carea' id='block_1_77' title="bbox 2244 1782 3838 1853">
    <p class='ocr_par' dir='ltr' id='par_1_77' title="bbox 2244 1782 3838 1853">
     <span class='ocr_line' id='line_1_77' title="bbox 2244 1782 3838 1853; baseline 0.005 -15"><span class='ocrx_word' id='word_1_616' title='bbox 2244 1782 2478 1853; x_wconf 80' lang='lat' dir='ltr'><strong>Sumptio</strong></span> <span class='ocrx_word' id='word_1_617' title='bbox 2510 1782 2638 1838; x_wconf 90' lang='lat' dir='ltr'><strong>falsa</strong></span> <span class='ocrx_word' id='word_1_618' title='bbox 2660 1825 2674 1849; x_wconf 93' lang='lat'><strong>,</strong></span> <span class='ocrx_word' id='word_1_619' title='bbox 2727 1784 2778 1838; x_wconf 92' lang='lat' dir='ltr'><strong>in</strong></span> <span class='ocrx_word' id='word_1_620' title='bbox 2810 1785 2971 1840; x_wconf 86' lang='lat' dir='ltr'><strong>corde</strong></span> <span class='ocrx_word' id='word_1_621' title='bbox 3017 1786 3213 1842; x_wconf 86' lang='lat' dir='ltr'><strong>latebat</strong></span> <span class='ocrx_word' id='word_1_622' title='bbox 3240 1788 3401 1842; x_wconf 90' lang='lat' dir='ltr'><strong>timor</strong></span> <span class='ocrx_word' id='word_1_623' title='bbox 3423 1805 3582 1844; x_wconf 88' lang='lat' dir='ltr'><strong>verus</strong></span> <span class='ocrx_word' id='word_1_624' title='bbox 3607 1808 3620 1843; x_wconf 89' lang='lat'><strong>:</strong></span> <span class='ocrx_word' id='word_1_625' title='bbox 3644 1798 3700 1846; x_wconf 89' lang='lat' dir='ltr'><strong>et</strong></span> <span class='ocrx_word' id='word_1_626' title='bbox 3727 1806 3838 1846; x_wconf 82' lang='lat' dir='ltr'><strong>non</strong></span> 
     </span>
    </p>
   </div>
   <div class='ocr_carea' id='block_1_78' title="bbox 2245 1877 3842 1951">
    <p class='ocr_par' dir='ltr' id='par_1_78' title="bbox 2245 1877 3842 1951">
     <span class='ocr_line' id='line_1_78' title="bbox 2245 1877 3842 1951; baseline 0.003 -19"><span class='ocrx_word' id='word_1_627' title='bbox 2245 1886 2362 1932; x_wconf 88' lang='lat' dir='ltr'><strong>erat</strong></span> <span class='ocrx_word' id='word_1_628' title='bbox 2408 1877 2658 1932; x_wconf 90' lang='lat' dir='ltr'><strong>idoneum</strong></span> <span class='ocrx_word' id='word_1_629' title='bbox 2712 1893 2808 1934; x_wconf 88' lang='lat' dir='ltr'><strong>cor</strong></span> <span class='ocrx_word' id='word_1_630' title='bbox 2854 1879 2920 1934; x_wconf 91' lang='lat' dir='ltr'><strong>ad</strong></span> <span class='ocrx_word' id='word_1_631' title='bbox 2965 1879 3526 1951; x_wconf 87' lang='lat' dir='ltr'><strong>comprehendendum</strong></span> <span class='ocrx_word' id='word_1_632' title='bbox 3571 1897 3686 1937; x_wconf 91' lang='lat' dir='ltr'><strong>cor.</strong></span> <span class='ocrx_word' id='word_1_633' title='bbox 3731 1882 3842 1938; x_wconf 92' lang='lat' dir='ltr'><strong>Cor</strong></span> 
     </span>
    </p>
   </div>
   <div class='ocr_carea' id='block_1_79' title="bbox 2245 1969 3840 2042">
    <p class='ocr_par' dir='ltr' id='par_1_79' title="bbox 2245 1969 3840 2042">
     <span class='ocr_line' id='line_1_79' title="bbox 2245 1969 3840 2042; baseline 0.004 -20"><span class='ocrx_word' id='word_1_634' title='bbox 2245 1977 2504 2038; x_wconf 64' lang='lat' dir='ltr'><strong>aegrotum</strong></span> <span class='ocrx_word' id='word_1_635' title='bbox 2537 1969 2768 2036; x_wconf 86' lang='lat' dir='ltr'><strong>latebat,</strong></span> <span class='ocrx_word' id='word_1_636' title='bbox 2801 1969 2896 2025; x_wconf 91' lang='lat' dir='ltr'><strong>sed</strong></span> <span class='ocrx_word' id='word_1_637' title='bbox 2941 1970 3148 2026; x_wconf 91' lang='lat' dir='ltr'><strong>medico</strong></span> <span class='ocrx_word' id='word_1_638' title='bbox 3191 1973 3425 2042; x_wconf 84' lang='lat' dir='ltr'><strong>patebat.</strong></span> <span class='ocrx_word' id='word_1_639' title='bbox 3463 1973 3616 2042; x_wconf 88' lang='lat' dir='ltr'><strong>Quod</strong></span> <span class='ocrx_word' id='word_1_640' title='bbox 3647 1974 3718 2028; x_wconf 87' lang='lat' dir='ltr'><strong>de</strong></span> <span class='ocrx_word' id='word_1_641' title='bbox 3742 1975 3840 2030; x_wconf 90' lang='lat' dir='ltr'><strong>illo</strong></span> 
     </span>
    </p>
   </div>
   <div class='ocr_carea' id='block_1_80' title="bbox 2244 2061 3832 2130">
    <p class='ocr_par' dir='ltr' id='par_1_80' title="bbox 2244 2061 3832 2130">
     <span class='ocr_line' id='line_1_80' title="bbox 2244 2061 3832 2130; baseline 0.007 -18"><span class='ocrx_word' id='word_1_642' title='bbox 2244 2061 2640 2130; x_wconf 91' lang='lat' dir='ltr'><strong>pronuntiatum</strong></span> <span class='ocrx_word' id='word_1_643' title='bbox 2666 2070 2776 2127; x_wconf 90' lang='lat' dir='ltr'><strong>est,</strong></span> <span class='ocrx_word' id='word_1_644' title='bbox 2813 2062 2914 2118; x_wconf 89' lang='lat' dir='ltr'><strong>hoc</strong></span> <span class='ocrx_word' id='word_1_645' title='bbox 2941 2064 3213 2130; x_wconf 89' lang='lat' dir='ltr'><strong>impletum</strong></span> <span class='ocrx_word' id='word_1_646' title='bbox 3254 2075 3356 2121; x_wconf 90' lang='lat' dir='ltr'><strong>est.</strong></span> <span class='ocrx_word' id='word_1_647' title='bbox 3392 2065 3623 2121; x_wconf 88' lang='lat' dir='ltr'><strong>Noverat</strong></span> <span class='ocrx_word' id='word_1_648' title='bbox 3652 2068 3707 2121; x_wconf 92' lang='lat' dir='ltr'><strong>in</strong></span> <span class='ocrx_word' id='word_1_649' title='bbox 3738 2068 3832 2123; x_wconf 92' lang='lat' dir='ltr'><strong>illo</strong></span> 
     </span>
    </p>
   </div>
   <div class='ocr_carea' id='block_1_81' title="bbox 2248 2150 3831 2229">
    <p class='ocr_par' dir='ltr' id='par_1_81' title="bbox 2248 2150 3831 2229">
     <span class='ocr_line' id='line_1_81' title="bbox 2248 2150 3831 2229; baseline 0.004 -23"><span class='ocrx_word' id='word_1_650' title='bbox 2248 2150 2389 2206; x_wconf 88' lang='lat' dir='ltr'><strong>Deus</strong></span> <span class='ocrx_word' id='word_1_651' title='bbox 2412 2152 2552 2222; x_wconf 89' lang='lat' dir='ltr'><strong>quod</strong></span> <span class='ocrx_word' id='word_1_652' title='bbox 2579 2153 2631 2207; x_wconf 93' lang='lat' dir='ltr'><strong>in</strong></span> <span class='ocrx_word' id='word_1_653' title='bbox 2662 2168 2720 2208; x_wconf 90' lang='lat' dir='ltr'><strong>se</strong></span> <span class='ocrx_word' id='word_1_654' title='bbox 2752 2154 2866 2224; x_wconf 86' lang='lat' dir='ltr'><strong>ipse</strong></span> <span class='ocrx_word' id='word_1_655' title='bbox 2892 2170 2995 2209; x_wconf 91' lang='lat' dir='ltr'><strong>non</strong></span> <span class='ocrx_word' id='word_1_656' title='bbox 3030 2165 3279 2222; x_wconf 87' lang='lat' dir='ltr'><strong>noverat;</strong></span> <span class='ocrx_word' id='word_1_657' title='bbox 3311 2158 3433 2228; x_wconf 90' lang='lat' dir='ltr'><strong>quia</strong></span> <span class='ocrx_word' id='word_1_658' title='bbox 3460 2174 3556 2214; x_wconf 91' lang='lat' dir='ltr'><strong>cor</strong></span> <span class='ocrx_word' id='word_1_659' title='bbox 3584 2159 3704 2229; x_wconf 90' lang='lat' dir='ltr'><strong>ejus</strong></span> <span class='ocrx_word' id='word_1_660' title='bbox 3732 2159 3831 2214; x_wconf 81' lang='lat' dir='ltr'><strong>de-</strong></span> 
     </span>
    </p>
   </div>
   <div class='ocr_carea' id='block_1_82' title="bbox 2246 2243 3842 2319">
    <p class='ocr_par' dir='ltr' id='par_1_82' title="bbox 2246 2243 3842 2319">
     <span class='ocr_line' id='line_1_82' title="bbox 2246 2243 3842 2319; baseline 0.005 -21"><span class='ocrx_word' id='word_1_661' title='bbox 2246 2243 2533 2314; x_wconf 87' lang='lat' dir='ltr'><strong>reliquerat</strong></span> <span class='ocrx_word' id='word_1_662' title='bbox 2550 2259 2693 2312; x_wconf 91' lang='lat' dir='ltr'><strong>cum,</strong></span> <span class='ocrx_word' id='word_1_663' title='bbox 2712 2260 2806 2300; x_wconf 84' lang='lat' dir='ltr'><strong>cor</strong></span> <span class='ocrx_word' id='word_1_664' title='bbox 2827 2245 2942 2316; x_wconf 84' lang='lat' dir='ltr'><strong>ejus</strong></span> <span class='ocrx_word' id='word_1_665' title='bbox 2968 2247 3164 2302; x_wconf 90' lang='lat' dir='ltr'><strong>latebat</strong></span> <span class='ocrx_word' id='word_1_666' title='bbox 3193 2263 3288 2303; x_wconf 88' lang='lat' dir='ltr'><strong>cor</strong></span> <span class='ocrx_word' id='word_1_667' title='bbox 3317 2250 3453 2319; x_wconf 89' lang='lat' dir='ltr'><strong>ejus.</strong></span> <span class='ocrx_word' id='word_1_668' title='bbox 3475 2247 3540 2304; x_wconf 85' lang='lat' dir='ltr'><strong>Et</strong></span> <span class='ocrx_word' id='word_1_669' title='bbox 3559 2267 3650 2304; x_wconf 85' lang='lat' dir='ltr'><strong>eor</strong></span> <span class='ocrx_word' id='word_1_670' title='bbox 3669 2268 3842 2307; x_wconf 85' lang='lat' dir='ltr'><strong>meum</strong></span> 
     </span>
    </p>
   </div>
   <div class='ocr_carea' id='block_1_83' title="bbox 2247 2341 3845 2418">
    <p class='ocr_par' dir='ltr' id='par_1_83' title="bbox 2247 2341 3845 2418">
     <span class='ocr_line' id='line_1_83' title="bbox 2247 2341 3845 2418; baseline 0.005 -22"><span class='ocrx_word' id='word_1_671' title='bbox 2247 2341 2513 2410; x_wconf 82' lang='lat' dir='ltr'><strong>dereliquit</strong></span> <span class='ocrx_word' id='word_1_672' title='bbox 2538 2360 2634 2398; x_wconf 89' lang='lat' dir='ltr'><strong>me.</strong></span> <span class='ocrx_word' id='word_1_673' title='bbox 2665 2343 2801 2410; x_wconf 90' lang='lat' dir='ltr'><strong>Quid</strong></span> <span class='ocrx_word' id='word_1_674' title='bbox 2828 2345 2997 2415; x_wconf 87' lang='lat' dir='ltr'><strong>ergo?</strong></span> <span class='ocrx_word' id='word_1_675' title='bbox 3038 2345 3162 2416; x_wconf 83' lang='lat' dir='ltr'><strong>quid</strong></span> <span class='ocrx_word' id='word_1_676' title='bbox 3193 2345 3516 2402; x_wconf 86' lang='lat' dir='ltr'><strong>clamamus?</strong></span> <span class='ocrx_word' id='word_1_677' title='bbox 3545 2347 3676 2418; x_wconf 89' lang='lat' dir='ltr'><strong>quid</strong></span> <span class='ocrx_word' id='word_1_678' title='bbox 3708 2347 3845 2404; x_wconf 89' lang='lat' dir='ltr'><strong>dici-</strong></span> 
     </span>
    </p>
   </div>
   <div class='ocr_carea' id='block_1_84' title="bbox 2247 2433 3845 2509">
    <p class='ocr_par' dir='ltr' id='par_1_84' title="bbox 2247 2433 3845 2509">
     <span class='ocr_line' id='line_1_84' title="bbox 2247 2433 3845 2509; baseline 0.004 -21"><span class='ocrx_word' id='word_1_679' title='bbox 2247 2433 2406 2489; x_wconf 89' lang='lat' dir='ltr'><strong>mus?</strong></span> <span class='ocrx_word' id='word_1_680' title='bbox 2434 2433 2640 2489; x_wconf 77' lang='lat' dir='ltr'><strong>Placeat</strong></span> <span class='ocrx_word' id='word_1_681' title='bbox 2666 2436 2769 2501; x_wconf 88' lang='lat' dir='ltr'><strong>tibi,</strong></span> <span class='ocrx_word' id='word_1_682' title='bbox 2806 2433 3040 2499; x_wconf 88' lang='lat' dir='ltr'><strong>Domine,</strong></span> <span class='ocrx_word' id='word_1_683' title='bbox 3073 2453 3246 2491; x_wconf 84' lang='lat' dir='ltr'><strong>eruere</strong></span> <span class='ocrx_word' id='word_1_684' title='bbox 3272 2454 3350 2490; x_wconf 92' lang='lat' dir='ltr'><strong>me</strong></span> <span class='ocrx_word' id='word_1_685' title='bbox 3372 2454 3390 2492; x_wconf 93' lang='lat'><strong><em>:</em></strong></span> <span class='ocrx_word' id='word_1_686' title='bbox 3412 2446 3663 2509; x_wconf 91' lang='lat' dir='ltr'><strong>tanquam</strong></span> <span class='ocrx_word' id='word_1_687' title='bbox 3693 2438 3845 2495; x_wconf 87' lang='lat' dir='ltr'><strong>dice-</strong></span> 
     </span>
    </p>
   </div>
   <div class='ocr_carea' id='block_1_85' title="bbox 2247 2525 3846 2599">
    <p class='ocr_par' dir='ltr' id='par_1_85' title="bbox 2247 2525 3846 2599">
     <span class='ocr_line' id='line_1_85' title="bbox 2247 2525 3846 2599; baseline 0.004 -19"><span class='ocrx_word' id='word_1_688' title='bbox 2247 2535 2331 2580; x_wconf 88' lang='lat' dir='ltr'><strong>ret</strong></span> <span class='ocrx_word' id='word_1_689' title='bbox 2351 2567 2365 2589; x_wconf 87' lang='lat'><strong>,</strong></span> <span class='ocrx_word' id='word_1_690' title='bbox 2411 2525 2467 2581; x_wconf 92' lang='lat' dir='ltr'><strong>Si</strong></span> <span class='ocrx_word' id='word_1_691' title='bbox 2496 2526 2575 2581; x_wconf 91' lang='lat' dir='ltr'><strong>vis</strong></span> <span class='ocrx_word' id='word_1_692' title='bbox 2594 2567 2609 2592; x_wconf 93' lang='lat'><strong>,</strong></span> <span class='ocrx_word' id='word_1_693' title='bbox 2637 2536 2788 2598; x_wconf 88' lang='lat' dir='ltr'><strong>potes</strong></span> <span class='ocrx_word' id='word_1_694' title='bbox 2817 2544 2903 2584; x_wconf 91' lang='lat' dir='ltr'><strong>me</strong></span> <span class='ocrx_word' id='word_1_695' title='bbox 2928 2528 3185 2583; x_wconf 90' lang='lat' dir='ltr'><strong>mundare</strong></span> <span class='ocrx_word' id='word_1_696' title='bbox 3216 2527 3330 2598; x_wconf 89' lang='lat' dir='ltr'><strong>(Id.</strong></span> <span class='ocrx_word' id='word_1_697' title='bbox 3363 2545 3477 2599; x_wconf 76' lang='lat' dir='ltr'><strong>vin,</strong></span> <span class='ocrx_word' id='word_1_698' title='bbox 3505 2529 3583 2595; x_wconf 76' lang='grc'><strong>9.).</strong></span> <span class='ocrx_word' id='word_1_699' title='bbox 3627 2529 3846 2586; x_wconf 86' lang='lat' dir='ltr'><strong>Placeat</strong></span> 
     </span>
    </p>
   </div>
   <div class='ocr_carea' id='block_1_86' title="bbox 2247 2617 3839 2693">
    <p class='ocr_par' dir='ltr' id='par_1_86' title="bbox 2247 2617 3839 2693">
     <span class='ocr_line' id='line_1_86' title="bbox 2247 2617 3839 2693; baseline 0.006 -23"><span class='ocrx_word' id='word_1_700' title='bbox 2247 2617 2334 2671; x_wconf 85' lang='lat' dir='ltr'><strong>tibi</strong></span> <span class='ocrx_word' id='word_1_701' title='bbox 2360 2634 2532 2672; x_wconf 85' lang='lat' dir='ltr'><strong>eruere</strong></span> <span class='ocrx_word' id='word_1_702' title='bbox 2557 2635 2656 2686; x_wconf 89' lang='lat' dir='ltr'><strong>me,</strong></span> <span class='ocrx_word' id='word_1_703' title='bbox 2711 2617 2923 2674; x_wconf 88' lang='lat' dir='ltr'><strong>Domine</strong></span> <span class='ocrx_word' id='word_1_704' title='bbox 2941 2663 2955 2687; x_wconf 94' lang='lat'><strong>,</strong></span> <span class='ocrx_word' id='word_1_705' title='bbox 2993 2621 3047 2674; x_wconf 88' lang='lat' dir='ltr'><strong>in</strong></span> <span class='ocrx_word' id='word_1_706' title='bbox 3087 2621 3434 2691; x_wconf 83' lang='lat' dir='ltr'><strong>adjuvandum</strong></span> <span class='ocrx_word' id='word_1_707' title='bbox 3463 2623 3589 2676; x_wconf 88' lang='lat' dir='ltr'><strong>mihi</strong></span> <span class='ocrx_word' id='word_1_708' title='bbox 3618 2630 3839 2693; x_wconf 82' lang='lat' dir='ltr'><strong>respice.</strong></span> 
     </span>
    </p>
   </div>
   <div class='ocr_carea' id='block_1_87' title="bbox 2247 2709 3842 2786">
    <p class='ocr_par' dir='ltr' id='par_1_87' title="bbox 2247 2709 3842 2786">
     <span class='ocr_line' id='line_1_87' title="bbox 2247 2709 3842 2786; baseline 0.004 -22"><span class='ocrx_word' id='word_1_709' title='bbox 2247 2709 2481 2764; x_wconf 86' lang='lat' dir='ltr'><strong>Membra</strong></span> <span class='ocrx_word' id='word_1_710' title='bbox 2526 2711 2835 2780; x_wconf 69' lang='lat' dir='ltr'><strong>paenitentia</strong></span> <span class='ocrx_word' id='word_1_711' title='bbox 2859 2714 2879 2744; x_wconf 82' lang='grc'><strong>⁹</strong></span> <span class='ocrx_word' id='word_1_712' title='bbox 2902 2754 2918 2779; x_wconf 89' lang='grc'><em>,</em></span> <span class='ocrx_word' id='word_1_713' title='bbox 2961 2714 3200 2768; x_wconf 89' lang='lat' dir='ltr'><strong>membra</strong></span> <span class='ocrx_word' id='word_1_714' title='bbox 3233 2715 3285 2768; x_wconf 93' lang='lat' dir='ltr'><strong>in</strong></span> <span class='ocrx_word' id='word_1_715' title='bbox 3315 2713 3589 2770; x_wconf 89' lang='lat' dir='ltr'><strong>doloribus</strong></span> <span class='ocrx_word' id='word_1_716' title='bbox 3624 2716 3801 2786; x_wconf 88' lang='lat' dir='ltr'><strong>posita</strong></span> <span class='ocrx_word' id='word_1_717' title='bbox 3826 2759 3842 2784; x_wconf 94' lang='lat'><strong>,</strong></span> 
     </span>
    </p>
   </div>
   <div class='ocr_carea' id='block_1_88' title="bbox 2247 2801 3844 2878">
    <p class='ocr_par' dir='ltr' id='par_1_88' title="bbox 2247 2801 3844 2878">
     <span class='ocr_line' id='line_1_88' title="bbox 2247 2801 3844 2878; baseline 0.004 -21"><span class='ocrx_word' id='word_1_718' title='bbox 2247 2801 2490 2858; x_wconf 90' lang='lat' dir='ltr'><strong>membra</strong></span> <span class='ocrx_word' id='word_1_719' title='bbox 2519 2802 2619 2858; x_wconf 91' lang='lat' dir='ltr'><strong>sub</strong></span> <span class='ocrx_word' id='word_1_720' title='bbox 2646 2801 2986 2859; x_wconf 80' lang='lat' dir='ltr'><strong>ferramentis</strong></span> <span class='ocrx_word' id='word_1_721' title='bbox 3026 2803 3217 2859; x_wconf 92' lang='lat' dir='ltr'><strong>medici</strong></span> <span class='ocrx_word' id='word_1_722' title='bbox 3245 2805 3525 2860; x_wconf 90' lang='lat' dir='ltr'><strong>clamantia</strong></span> <span class='ocrx_word' id='word_1_723' title='bbox 3548 2847 3563 2872; x_wconf 96' lang='lat'><strong>,</strong></span> <span class='ocrx_word' id='word_1_724' title='bbox 3595 2807 3693 2862; x_wconf 88' lang='lat' dir='ltr'><strong>sed</strong></span> <span class='ocrx_word' id='word_1_725' title='bbox 3719 2823 3844 2878; x_wconf 88' lang='lat' dir='ltr'><strong>spe-</strong></span> 
     </span>
    </p>
   </div>
   <div class='ocr_carea' id='block_1_89' title="bbox 2247 2894 3551 2969">
    <p class='ocr_par' dir='ltr' id='par_1_89' title="bbox 2247 2894 3551 2969">
     <span class='ocr_line' id='line_1_89' title="bbox 2247 2894 3551 2969; baseline 0.002 -19"><span class='ocrx_word' id='word_1_726' title='bbox 2247 2897 2440 2950; x_wconf 84' lang='lat' dir='ltr'><strong>rantia.</strong></span> <span class='ocrx_word' id='word_1_727' title='bbox 2473 2894 2709 2961; x_wconf 89' lang='lat' dir='ltr'><strong>Domine,</strong></span> <span class='ocrx_word' id='word_1_728' title='bbox 2741 2897 2793 2949; x_wconf 91' lang='lat' dir='ltr'><strong>in</strong></span> <span class='ocrx_word' id='word_1_729' title='bbox 2823 2896 3170 2966; x_wconf 84' lang='lat' dir='ltr'><strong>adjuvandum</strong></span> <span class='ocrx_word' id='word_1_730' title='bbox 3197 2897 3322 2950; x_wconf 88' lang='lat' dir='ltr'><strong>mihi</strong></span> <span class='ocrx_word' id='word_1_731' title='bbox 3345 2898 3551 2969; x_wconf 77' lang='lat' dir='ltr'><strong>respice.</strong></span> 
     </span>
    </p>
   </div>
   <div class='ocr_carea' id='block_1_90' title="bbox 2303 2985 3849 3067">
    <p class='ocr_par' dir='ltr' id='par_1_90' title="bbox 2303 2985 3849 3067">
     <span class='ocr_line' id='line_1_90' title="bbox 2303 2985 3849 3067; baseline 0.005 -27"><span class='ocrx_word' id='word_1_732' title='bbox 2303 2986 2411 3067; x_wconf 21' lang='lat'><strong>’24.</strong></span> <span class='ocrx_word' id='word_1_733' title='bbox 2446 2985 2597 3060; x_wconf 81' lang='lat' dir='ltr'><strong>[vers.</strong></span> <span class='ocrx_word' id='word_1_734' title='bbox 2635 2985 2845 3061; x_wconf 60' lang='lat'><strong>1547.]</strong></span> <span class='ocrx_word' id='word_1_735' title='bbox 2876 2987 3300 3057; x_wconf 67' lang='lat' dir='ltr'><strong>Confundantur,</strong></span> <span class='ocrx_word' id='word_1_736' title='bbox 3339 2999 3388 3044; x_wconf 89' lang='lat' dir='ltr'><strong>et</strong></span> <span class='ocrx_word' id='word_1_737' title='bbox 3428 2999 3751 3046; x_wconf 84' lang='lat' dir='ltr'><strong>reuereantur</strong></span> <span class='ocrx_word' id='word_1_738' title='bbox 3778 2993 3849 3048; x_wconf 83' lang='lat' dir='ltr'><strong>si-</strong></span> 
     </span>
    </p>
   </div>
   <div class='ocr_carea' id='block_1_91' title="bbox 2247 3079 3845 3154">
    <p class='ocr_par' dir='ltr' id='par_1_91' title="bbox 2247 3079 3845 3154">
     <span class='ocr_line' id='line_1_91' title="bbox 2247 3079 3845 3154; baseline 0.004 -22"><span class='ocrx_word' id='word_1_739' title='bbox 2247 3079 2390 3145; x_wconf 91' lang='lat' dir='ltr'><strong>mul,</strong></span> <span class='ocrx_word' id='word_1_740' title='bbox 2438 3079 2525 3149; x_wconf 89' lang='lat' dir='ltr'><strong>qui</strong></span> <span class='ocrx_word' id='word_1_741' title='bbox 2567 3088 2798 3149; x_wconf 65' lang='lat' dir='ltr'><strong>quierunt</strong></span> <span class='ocrx_word' id='word_1_742' title='bbox 2841 3081 3063 3133; x_wconf 88' lang='lat' dir='ltr'><strong>animam</strong></span> <span class='ocrx_word' id='word_1_743' title='bbox 3116 3097 3279 3135; x_wconf 87' lang='lat' dir='ltr'><strong>meam</strong></span> <span class='ocrx_word' id='word_1_744' title='bbox 3327 3091 3382 3136; x_wconf 87' lang='lat' dir='ltr'><strong>ut</strong></span> <span class='ocrx_word' id='word_1_745' title='bbox 3425 3087 3661 3154; x_wconf 81' lang='lat' dir='ltr'><strong>auferant</strong></span> <span class='ocrx_word' id='word_1_746' title='bbox 3708 3101 3845 3140; x_wconf 83' lang='lat' dir='ltr'><strong>eam.</strong></span> 
     </span>
    </p>
   </div>
   <div class='ocr_carea' id='block_1_92' title="bbox 2247 3168 3848 3243">
    <p class='ocr_par' dir='ltr' id='par_1_92' title="bbox 2247 3168 3848 3243">
     <span class='ocr_line' id='line_1_92' title="bbox 2247 3168 3848 3243; baseline 0.005 -21"><span class='ocrx_word' id='word_1_747' title='bbox 2247 3168 2489 3238; x_wconf 89' lang='lat' dir='ltr'><strong>Quodam</strong></span> <span class='ocrx_word' id='word_1_748' title='bbox 2537 3170 2682 3224; x_wconf 90' lang='lat' dir='ltr'><strong>enim</strong></span> <span class='ocrx_word' id='word_1_749' title='bbox 2728 3170 2846 3226; x_wconf 91' lang='lat' dir='ltr'><strong>loco</strong></span> <span class='ocrx_word' id='word_1_750' title='bbox 2889 3181 3136 3238; x_wconf 90' lang='lat' dir='ltr'><strong>accusat,</strong></span> <span class='ocrx_word' id='word_1_751' title='bbox 3179 3183 3234 3228; x_wconf 94' lang='lat' dir='ltr'><strong>et</strong></span> <span class='ocrx_word' id='word_1_752' title='bbox 3258 3173 3412 3240; x_wconf 89' lang='lat' dir='ltr'><strong>dicit,</strong></span> <span class='ocrx_word' id='word_1_753' title='bbox 3447 3174 3767 3243; x_wconf 81' lang='lat' dir='ltr'><strong>Aspiciebam</strong></span> <span class='ocrx_word' id='word_1_754' title='bbox 3793 3177 3848 3232; x_wconf 86' lang='lat' dir='ltr'><strong>in</strong></span> 
     </span>
    </p>
   </div>
   <div class='ocr_carea' id='block_1_93' title="bbox 2248 3260 3847 3336">
    <p class='ocr_par' dir='ltr' id='par_1_93' title="bbox 2248 3260 3847 3336">
     <span class='ocr_line' id='line_1_93' title="bbox 2248 3260 3847 3336; baseline 0.003 -21"><span class='ocrx_word' id='word_1_755' title='bbox 2248 3260 2527 3327; x_wconf 77' lang='lat' dir='ltr'><strong>dexteram,</strong></span> <span class='ocrx_word' id='word_1_756' title='bbox 2557 3270 2604 3315; x_wconf 92' lang='lat' dir='ltr'><strong>et</strong></span> <span class='ocrx_word' id='word_1_757' title='bbox 2633 3261 2893 3328; x_wconf 81' lang='lat' dir='ltr'><strong>videbam,</strong></span> <span class='ocrx_word' id='word_1_758' title='bbox 2935 3273 2984 3317; x_wconf 93' lang='lat' dir='ltr'><strong>et</strong></span> <span class='ocrx_word' id='word_1_759' title='bbox 3021 3279 3120 3318; x_wconf 91' lang='lat' dir='ltr'><strong>non</strong></span> <span class='ocrx_word' id='word_1_760' title='bbox 3160 3274 3266 3318; x_wconf 87' lang='lat' dir='ltr'><strong>erat</strong></span> <span class='ocrx_word' id='word_1_761' title='bbox 3291 3265 3377 3336; x_wconf 86' lang='lat' dir='ltr'><strong>qui</strong></span> <span class='ocrx_word' id='word_1_762' title='bbox 3413 3267 3688 3336; x_wconf 83' lang='lat' dir='ltr'><strong>requireret</strong></span> <span class='ocrx_word' id='word_1_763' title='bbox 3729 3267 3847 3320; x_wconf 84' lang='lat' dir='ltr'><strong>ani-</strong></span> 
     </span>
    </p>
   </div>
   <div class='ocr_carea' id='block_1_94' title="bbox 2247 3352 3850 3428">
    <p class='ocr_par' dir='ltr' id='par_1_94' title="bbox 2247 3352 3850 3428">
     <span class='ocr_line' id='line_1_94' title="bbox 2247 3352 3850 3428; baseline 0.006 -21"><span class='ocrx_word' id='word_1_764' title='bbox 2247 3369 2384 3407; x_wconf 87' lang='lat' dir='ltr'><strong>mam</strong></span> <span class='ocrx_word' id='word_1_765' title='bbox 2410 3369 2592 3407; x_wconf 90' lang='lat' dir='ltr'><strong>meam.</strong></span> <span class='ocrx_word' id='word_1_766' title='bbox 2622 3352 2793 3424; x_wconf 81' lang='lat' dir='ltr'><strong>(Psal.</strong></span> <span class='ocrx_word' id='word_1_767' title='bbox 2823 3370 2944 3410; x_wconf 82' lang='lat' dir='ltr'><strong>cxu</strong></span> <span class='ocrx_word' id='word_1_768' title='bbox 2967 3397 2982 3420; x_wconf 97' lang='lat'><strong>,</strong></span> <span class='ocrx_word' id='word_1_769' title='bbox 3014 3356 3100 3426; x_wconf 80' lang='lat'><strong>5);</strong></span> <span class='ocrx_word' id='word_1_770' title='bbox 3133 3355 3184 3410; x_wconf 91' lang='lat' dir='ltr'><strong>id</strong></span> <span class='ocrx_word' id='word_1_771' title='bbox 3211 3365 3318 3420; x_wconf 89' lang='lat' dir='ltr'><strong>est,</strong></span> <span class='ocrx_word' id='word_1_772' title='bbox 3350 3373 3454 3411; x_wconf 89' lang='lat' dir='ltr'><strong>non</strong></span> <span class='ocrx_word' id='word_1_773' title='bbox 3493 3367 3606 3413; x_wconf 88' lang='lat' dir='ltr'><strong>erat</strong></span> <span class='ocrx_word' id='word_1_774' title='bbox 3633 3360 3729 3428; x_wconf 89' lang='lat' dir='ltr'><strong>qui</strong></span> <span class='ocrx_word' id='word_1_775' title='bbox 3759 3375 3850 3416; x_wconf 87' lang='lat' dir='ltr'><strong>me</strong></span> 
     </span>
    </p>
   </div>
   <div class='ocr_carea' id='block_1_95' title="bbox 2249 3446 3851 3520">
    <p class='ocr_par' dir='ltr' id='par_1_95' title="bbox 2249 3446 3851 3520">
     <span class='ocr_line' id='line_1_95' title="bbox 2249 3446 3851 3520; baseline 0.002 -18"><span class='ocrx_word' id='word_1_776' title='bbox 2249 3446 2564 3502; x_wconf 87' lang='lat' dir='ltr'><strong>imitaretur.</strong></span> <span class='ocrx_word' id='word_1_777' title='bbox 2589 3446 2832 3502; x_wconf 88' lang='lat' dir='ltr'><strong>Christus</strong></span> <span class='ocrx_word' id='word_1_778' title='bbox 2859 3449 2910 3501; x_wconf 92' lang='lat' dir='ltr'><strong>in</strong></span> <span class='ocrx_word' id='word_1_779' title='bbox 2942 3449 3185 3518; x_wconf 88' lang='lat' dir='ltr'><strong>passione</strong></span> <span class='ocrx_word' id='word_1_780' title='bbox 3211 3449 3444 3520; x_wconf 90' lang='lat' dir='ltr'><strong>loquitur</strong></span> <span class='ocrx_word' id='word_1_781' title='bbox 3469 3468 3483 3505; x_wconf 88' lang='lat'><strong>:</strong></span> <span class='ocrx_word' id='word_1_782' title='bbox 3508 3450 3574 3504; x_wconf 86' lang='lat' dir='ltr'><strong>Et</strong></span> <span class='ocrx_word' id='word_1_783' title='bbox 3598 3452 3851 3507; x_wconf 85' lang='lat' dir='ltr'><strong>attende-</strong></span> 
     </span>
    </p>
   </div>
   <div class='ocr_carea' id='block_1_96' title="bbox 2248 3538 3850 3623">
    <p class='ocr_par' dir='ltr' id='par_1_96' title="bbox 2248 3538 3850 3623">
     <span class='ocr_line' id='line_1_96' title="bbox 2248 3538 3850 3623; baseline 0.006 -29"><span class='ocrx_word' id='word_1_784' title='bbox 2248 3538 2370 3595; x_wconf 90' lang='lat' dir='ltr'><strong>bam</strong></span> <span class='ocrx_word' id='word_1_785' title='bbox 2401 3541 2454 3594; x_wconf 94' lang='lat' dir='ltr'><strong>in</strong></span> <span class='ocrx_word' id='word_1_786' title='bbox 2483 3539 2778 3606; x_wconf 81' lang='lat' dir='ltr'><strong>dexteram,</strong></span> <span class='ocrx_word' id='word_1_787' title='bbox 2807 3540 2864 3623; x_wconf 86' lang='lat' dir='ltr'><strong>id</strong></span> <span class='ocrx_word' id='word_1_788' title='bbox 2888 3550 2991 3605; x_wconf 90' lang='lat' dir='ltr'><strong>est,</strong></span> <span class='ocrx_word' id='word_1_789' title='bbox 3024 3557 3130 3596; x_wconf 91' lang='lat' dir='ltr'><strong>non</strong></span> <span class='ocrx_word' id='word_1_790' title='bbox 3161 3542 3225 3597; x_wconf 89' lang='lat' dir='ltr'><strong>ad</strong></span> <span class='ocrx_word' id='word_1_791' title='bbox 3267 3543 3456 3613; x_wconf 88' lang='lat' dir='ltr'><strong>impios</strong></span> <span class='ocrx_word' id='word_1_792' title='bbox 3480 3543 3722 3612; x_wconf 70' lang='lat' dir='ltr'><strong>Iudaeos,</strong></span> <span class='ocrx_word' id='word_1_793' title='bbox 3752 3545 3850 3602; x_wconf 88' lang='lat' dir='ltr'><strong>sed</strong></span> 
     </span>
    </p>
   </div>
   <div class='ocr_carea' id='block_1_97' title="bbox 2249 3633 3853 3706">
    <p class='ocr_par' dir='ltr' id='par_1_97' title="bbox 2249 3633 3853 3706">
     <span class='ocr_line' id='line_1_97' title="bbox 2249 3633 3853 3706; baseline 0.002 -17"><span class='ocrx_word' id='word_1_794' title='bbox 2249 3633 2314 3690; x_wconf 88' lang='lat' dir='ltr'><strong>ad</strong></span> <span class='ocrx_word' id='word_1_795' title='bbox 2349 3635 2516 3705; x_wconf 90' lang='lat' dir='ltr'><strong>ipsam</strong></span> <span class='ocrx_word' id='word_1_796' title='bbox 2555 3633 2861 3699; x_wconf 90' lang='lat' dir='ltr'><strong>dexteram,</strong></span> <span class='ocrx_word' id='word_1_797' title='bbox 2893 3634 2958 3689; x_wconf 91' lang='lat' dir='ltr'><strong>ad</strong></span> <span class='ocrx_word' id='word_1_798' title='bbox 3003 3637 3145 3706; x_wconf 90' lang='lat' dir='ltr'><strong>ipsos</strong></span> <span class='ocrx_word' id='word_1_799' title='bbox 3181 3637 3494 3706; x_wconf 81' lang='lat' dir='ltr'><strong>Apostolos;</strong></span> <span class='ocrx_word' id='word_1_800' title='bbox 3533 3647 3713 3692; x_wconf 88' lang='lat' dir='ltr'><strong>etnon</strong></span> <span class='ocrx_word' id='word_1_801' title='bbox 3741 3646 3853 3694; x_wconf 85' lang='lat' dir='ltr'><strong>erat</strong></span> 
     </span>
    </p>
   </div>
   <div class='ocr_carea' id='block_1_98' title="bbox 2248 3727 3854 3800">
    <p class='ocr_par' dir='ltr' id='par_1_98' title="bbox 2248 3727 3854 3800">
     <span class='ocr_line' id='line_1_98' title="bbox 2248 3727 3854 3800; baseline 0.004 -20"><span class='ocrx_word' id='word_1_802' title='bbox 2248 3728 2335 3800; x_wconf 79' lang='lat' dir='ltr'><strong>qui</strong></span> <span class='ocrx_word' id='word_1_803' title='bbox 2383 3727 2651 3795; x_wconf 87' lang='lat' dir='ltr'><strong>requireret</strong></span> <span class='ocrx_word' id='word_1_804' title='bbox 2689 3728 2910 3780; x_wconf 89' lang='lat' dir='ltr'><strong>animam</strong></span> <span class='ocrx_word' id='word_1_805' title='bbox 2955 3744 3137 3781; x_wconf 80' lang='lat' dir='ltr'><strong>nteant.</strong></span> <span class='ocrx_word' id='word_1_806' title='bbox 3183 3727 3362 3799; x_wconf 88' lang='lat' dir='ltr'><strong>Usque</strong></span> <span class='ocrx_word' id='word_1_807' title='bbox 3401 3728 3534 3784; x_wconf 89' lang='lat' dir='ltr'><strong>adeo</strong></span> <span class='ocrx_word' id='word_1_808' title='bbox 3575 3744 3683 3785; x_wconf 89' lang='lat' dir='ltr'><strong>non</strong></span> <span class='ocrx_word' id='word_1_809' title='bbox 3734 3739 3854 3786; x_wconf 84' lang='lat' dir='ltr'><strong>erat</strong></span> 
     </span>
    </p>
   </div>
   <div class='ocr_carea' id='block_1_99' title="bbox 2249 3818 3854 3891">
    <p class='ocr_par' dir='ltr' id='par_1_99' title="bbox 2249 3818 3854 3891">
     <span class='ocr_line' id='line_1_99' title="bbox 2249 3818 3854 3891; baseline 0.004 -21"><span class='ocrx_word' id='word_1_810' title='bbox 2249 3818 2337 3889; x_wconf 92' lang='lat' dir='ltr'><strong>qui</strong></span> <span class='ocrx_word' id='word_1_811' title='bbox 2365 3819 2663 3888; x_wconf 89' lang='lat' dir='ltr'><strong>requireret</strong></span> <span class='ocrx_word' id='word_1_812' title='bbox 2695 3819 2927 3872; x_wconf 91' lang='lat' dir='ltr'><strong>animam</strong></span> <span class='ocrx_word' id='word_1_813' title='bbox 2960 3834 3131 3873; x_wconf 91' lang='lat' dir='ltr'><strong>meam</strong></span> <span class='ocrx_word' id='word_1_814' title='bbox 3157 3861 3172 3884; x_wconf 95' lang='lat'><strong>,</strong></span> <span class='ocrx_word' id='word_1_815' title='bbox 3213 3831 3268 3874; x_wconf 89' lang='lat' dir='ltr'><strong>ut</strong></span> <span class='ocrx_word' id='word_1_816' title='bbox 3300 3820 3387 3889; x_wconf 94' lang='lat' dir='ltr'><strong>qui</strong></span> <span class='ocrx_word' id='word_1_817' title='bbox 3429 3832 3854 3891; x_wconf 71' lang='lat' dir='ltr'><strong>pra&#39;sumpserat</strong></span> 
     </span>
    </p>
   </div>
   <div class='ocr_carea' id='block_1_100' title="bbox 2252 3911 3855 3984">
    <p class='ocr_par' dir='ltr' id='par_1_100' title="bbox 2252 3911 3855 3984">
     <span class='ocr_line' id='line_1_100' title="bbox 2252 3911 3855 3984; baseline 0.001 -18"><span class='ocrx_word' id='word_1_818' title='bbox 2252 3921 2469 3983; x_wconf 87' lang='lat' dir='ltr'><strong>negaret</strong></span> <span class='ocrx_word' id='word_1_819' title='bbox 2485 3913 2713 3966; x_wconf 90' lang='lat' dir='ltr'><strong>animam</strong></span> <span class='ocrx_word' id='word_1_820' title='bbox 2733 3927 2903 3966; x_wconf 88' lang='lat' dir='ltr'><strong>meam</strong></span> <span class='ocrx_word' id='word_1_821' title='bbox 2922 3911 3133 3983; x_wconf 80' lang='lat' dir='ltr'><strong>(Matth.</strong></span> <span class='ocrx_word' id='word_1_822' title='bbox 3153 3927 3300 3978; x_wconf 74' lang='lat' dir='ltr'><strong>xxvv,</strong></span> <span class='ocrx_word' id='word_1_823' title='bbox 3323 3911 3436 3982; x_wconf 86' lang='lat'><strong>70).</strong></span> <span class='ocrx_word' id='word_1_824' title='bbox 3450 3912 3553 3967; x_wconf 86' lang='lat' dir='ltr'><strong>Sed</strong></span> <span class='ocrx_word' id='word_1_825' title='bbox 3573 3913 3699 3984; x_wconf 88' lang='lat' dir='ltr'><strong>quia</strong></span> <span class='ocrx_word' id='word_1_826' title='bbox 3718 3914 3855 3968; x_wconf 89' lang='lat' dir='ltr'><strong>duo-</strong></span> 
     </span>
    </p>
   </div>
   <div class='ocr_carea' id='block_1_101' title="bbox 2251 4003 3847 4076">
    <p class='ocr_par' dir='ltr' id='par_1_101' title="bbox 2251 4003 3847 4076">
     <span class='ocr_line' id='line_1_101' title="bbox 2251 4003 3847 4076; baseline 0.001 -16"><span class='ocrx_word' id='word_1_827' title='bbox 2251 4003 2350 4060; x_wconf 87' lang='lat' dir='ltr'><strong>bus</strong></span> <span class='ocrx_word' id='word_1_828' title='bbox 2371 4003 2542 4058; x_wconf 90' lang='lat' dir='ltr'><strong>modis</strong></span> <span class='ocrx_word' id='word_1_829' title='bbox 2563 4004 2818 4074; x_wconf 72' lang='lat' dir='ltr'><strong>qumritur</strong></span> <span class='ocrx_word' id='word_1_830' title='bbox 2841 4003 3001 4058; x_wconf 93' lang='lat' dir='ltr'><strong>homo</strong></span> <span class='ocrx_word' id='word_1_831' title='bbox 3020 4045 3032 4069; x_wconf 93' lang='lat'><strong>,</strong></span> <span class='ocrx_word' id='word_1_832' title='bbox 3071 4014 3162 4057; x_wconf 91' lang='lat' dir='ltr'><strong>aut</strong></span> <span class='ocrx_word' id='word_1_833' title='bbox 3190 4019 3296 4075; x_wconf 90' lang='lat' dir='ltr'><strong>quo</strong></span> <span class='ocrx_word' id='word_1_834' title='bbox 3324 4005 3534 4069; x_wconf 79' lang='lat' dir='ltr'><strong>fruaris,</strong></span> <span class='ocrx_word' id='word_1_835' title='bbox 3560 4014 3650 4058; x_wconf 91' lang='lat' dir='ltr'><strong>aut</strong></span> <span class='ocrx_word' id='word_1_836' title='bbox 3679 4022 3847 4076; x_wconf 88' lang='lat' dir='ltr'><strong>quem</strong></span> 
     </span>
    </p>
   </div>
   <div class='ocr_carea' id='block_1_102' title="bbox 2253 4093 3853 4166">
    <p class='ocr_par' dir='ltr' id='par_1_102' title="bbox 2253 4093 3853 4166">
     <span class='ocr_line' id='line_1_102' title="bbox 2253 4093 3853 4166; baseline 0.003 -17"><span class='ocrx_word' id='word_1_837' title='bbox 2253 4094 2626 4165; x_wconf 88' lang='lat' dir='ltr'><strong>persequaris:</strong></span> <span class='ocrx_word' id='word_1_838' title='bbox 2651 4093 2770 4149; x_wconf 92' lang='lat' dir='ltr'><strong>ideo</strong></span> <span class='ocrx_word' id='word_1_839' title='bbox 2799 4094 2884 4150; x_wconf 88' lang='lat' dir='ltr'><strong>hic</strong></span> <span class='ocrx_word' id='word_1_840' title='bbox 2911 4095 3047 4149; x_wconf 91' lang='lat' dir='ltr'><strong>alios</strong></span> <span class='ocrx_word' id='word_1_841' title='bbox 3075 4093 3204 4151; x_wconf 90' lang='lat' dir='ltr'><strong>dicit</strong></span> <span class='ocrx_word' id='word_1_842' title='bbox 3229 4135 3244 4161; x_wconf 95' lang='lat'><strong>,</strong></span> <span class='ocrx_word' id='word_1_843' title='bbox 3275 4109 3408 4166; x_wconf 89' lang='lat' dir='ltr'><strong>quos</strong></span> <span class='ocrx_word' id='word_1_844' title='bbox 3434 4095 3545 4150; x_wconf 93' lang='lat' dir='ltr'><strong>vult</strong></span> <span class='ocrx_word' id='word_1_845' title='bbox 3586 4096 3853 4155; x_wconf 88' lang='lat' dir='ltr'><strong>confundi</strong></span> 
     </span>
    </p>
   </div>
   <div class='ocr_carea' id='block_1_103' title="bbox 2251 4189 3854 4258">
    <p class='ocr_par' dir='ltr' id='par_1_103' title="bbox 2251 4189 3854 4258">
     <span class='ocr_line' id='line_1_103' title="bbox 2251 4189 3854 4258; baseline 0.002 -13"><span class='ocrx_word' id='word_1_846' title='bbox 2251 4198 2306 4245; x_wconf 91' lang='lat' dir='ltr'><strong>ct</strong></span> <span class='ocrx_word' id='word_1_847' title='bbox 2349 4189 2582 4244; x_wconf 68' lang='lat' dir='ltr'><strong>revereri</strong></span> <span class='ocrx_word' id='word_1_848' title='bbox 2627 4189 2719 4258; x_wconf 92' lang='lat' dir='ltr'><strong>qui</strong></span> <span class='ocrx_word' id='word_1_849' title='bbox 2761 4197 3006 4258; x_wconf 61' lang='lat' dir='ltr'><strong>quaerunt</strong></span> <span class='ocrx_word' id='word_1_850' title='bbox 3053 4189 3286 4243; x_wconf 88' lang='lat' dir='ltr'><strong>animam</strong></span> <span class='ocrx_word' id='word_1_851' title='bbox 3327 4205 3500 4247; x_wconf 89' lang='lat' dir='ltr'><strong>suam.</strong></span> <span class='ocrx_word' id='word_1_852' title='bbox 3531 4189 3637 4246; x_wconf 91' lang='lat' dir='ltr'><strong>Sed</strong></span> <span class='ocrx_word' id='word_1_853' title='bbox 3670 4207 3743 4248; x_wconf 91' lang='lat' dir='ltr'><strong>ne</strong></span> <span class='ocrx_word' id='word_1_854' title='bbox 3773 4195 3854 4248; x_wconf 88' lang='lat' dir='ltr'><strong>sic</strong></span> 
     </span>
    </p>
   </div>
   <div class='ocr_carea' id='block_1_104' title="bbox 2253 4279 3854 4351">
    <p class='ocr_par' dir='ltr' id='par_1_104' title="bbox 2253 4279 3854 4351">
     <span class='ocr_line' id='line_1_104' title="bbox 2253 4279 3854 4351; baseline 0.003 -16"><span class='ocrx_word' id='word_1_855' title='bbox 2253 4280 2597 4350; x_wconf 88' lang='lat' dir='ltr'><strong>intelligeres,</strong></span> <span class='ocrx_word' id='word_1_856' title='bbox 2628 4279 2897 4350; x_wconf 91' lang='lat' dir='ltr'><strong>quomodo</strong></span> <span class='ocrx_word' id='word_1_857' title='bbox 2931 4295 3052 4335; x_wconf 91' lang='lat' dir='ltr'><strong>cum</strong></span> <span class='ocrx_word' id='word_1_858' title='bbox 3080 4281 3321 4351; x_wconf 91' lang='lat' dir='ltr'><strong>queritur</strong></span> <span class='ocrx_word' id='word_1_859' title='bbox 3347 4281 3413 4336; x_wconf 92' lang='lat' dir='ltr'><strong>de</strong></span> <span class='ocrx_word' id='word_1_860' title='bbox 3439 4283 3713 4338; x_wconf 88' lang='lat' dir='ltr'><strong>nonnullis</strong></span> <span class='ocrx_word' id='word_1_861' title='bbox 3743 4299 3854 4340; x_wconf 92' lang='lat' dir='ltr'><strong>non</strong></span> 
     </span>
    </p>
   </div>
   <div class='ocr_carea' id='block_1_105' title="bbox 2251 4371 3850 4448">
    <p class='ocr_par' dir='ltr' id='par_1_105' title="bbox 2251 4371 3850 4448">
     <span class='ocr_line' id='line_1_105' title="bbox 2251 4371 3850 4448; baseline 0.003 -22"><span class='ocrx_word' id='word_1_862' title='bbox 2251 4372 2614 4444; x_wconf 67' lang='lat' dir='ltr'><strong>quaerentibus</strong></span> <span class='ocrx_word' id='word_1_863' title='bbox 2641 4372 2870 4426; x_wconf 88' lang='lat' dir='ltr'><strong>animam</strong></span> <span class='ocrx_word' id='word_1_864' title='bbox 2903 4371 3099 4438; x_wconf 78' lang='lat' dir='ltr'><strong>suam&#39;;</strong></span> <span class='ocrx_word' id='word_1_865' title='bbox 3128 4381 3184 4426; x_wconf 88' lang='lat' dir='ltr'><strong>ut</strong></span> <span class='ocrx_word' id='word_1_866' title='bbox 3216 4376 3450 4445; x_wconf 82' lang='lat' dir='ltr'><strong>auferant</strong></span> <span class='ocrx_word' id='word_1_867' title='bbox 3479 4391 3610 4441; x_wconf 88' lang='lat' dir='ltr'><strong>eam,</strong></span> <span class='ocrx_word' id='word_1_868' title='bbox 3645 4375 3850 4448; x_wconf 87' lang='lat' dir='ltr'><strong>inquit,</strong></span> 
     </span>
    </p>
   </div>
   <div class='ocr_carea' id='block_1_106' title="bbox 2253 4464 3852 4538">
    <p class='ocr_par' dir='ltr' id='par_1_106' title="bbox 2253 4464 3852 4538">
     <span class='ocr_line' id='line_1_106' title="bbox 2253 4464 3852 4538; baseline 0.001 -18"><span class='ocrx_word' id='word_1_869' title='bbox 2253 4464 2304 4520; x_wconf 90' lang='lat' dir='ltr'><strong>id</strong></span> <span class='ocrx_word' id='word_1_870' title='bbox 2330 4473 2426 4529; x_wconf 89' lang='lat' dir='ltr'><strong>est,</strong></span> <span class='ocrx_word' id='word_1_871' title='bbox 2462 4465 2527 4519; x_wconf 90' lang='lat' dir='ltr'><strong>ad</strong></span> <span class='ocrx_word' id='word_1_872' title='bbox 2558 4476 2782 4518; x_wconf 84' lang='lat' dir='ltr'><strong>mortem</strong></span> <span class='ocrx_word' id='word_1_873' title='bbox 2826 4473 3073 4534; x_wconf 74' lang='lat' dir='ltr'><strong>quaerunt</strong></span> <span class='ocrx_word' id='word_1_874' title='bbox 3113 4465 3342 4519; x_wconf 90' lang='lat' dir='ltr'><strong>animam</strong></span> <span class='ocrx_word' id='word_1_875' title='bbox 3368 4481 3539 4520; x_wconf 90' lang='lat' dir='ltr'><strong>meam</strong></span> <span class='ocrx_word' id='word_1_876' title='bbox 3566 4485 3579 4520; x_wconf 91' lang='lat'><strong>:</strong></span> <span class='ocrx_word' id='word_1_877' title='bbox 3603 4466 3808 4538; x_wconf 88' lang='lat' dir='ltr'><strong>adjecit</strong></span> <span class='ocrx_word' id='word_1_878' title='bbox 3837 4509 3852 4533; x_wconf 93' lang='lat'><strong>,</strong></span> 
     </span>
    </p>
   </div>
   <div class='ocr_carea' id='block_1_107' title="bbox 2254 4556 3855 4630">
    <p class='ocr_par' dir='ltr' id='par_1_107' title="bbox 2254 4556 3855 4630">
     <span class='ocr_line' id='line_1_107' title="bbox 2254 4556 3855 4630; baseline 0.003 -18"><span class='ocrx_word' id='word_1_879' title='bbox 2254 4556 2647 4629; x_wconf 82' lang='lat' dir='ltr'><strong>Confundantur</strong></span> <span class='ocrx_word' id='word_1_880' title='bbox 2683 4565 2728 4611; x_wconf 87' lang='lat' dir='ltr'><strong>et</strong></span> <span class='ocrx_word' id='word_1_881' title='bbox 2770 4568 3111 4611; x_wconf 86' lang='lat' dir='ltr'><strong>revereantur.</strong></span> <span class='ocrx_word' id='word_1_882' title='bbox 3157 4557 3223 4613; x_wconf 85' lang='lat' dir='ltr'><strong>Et</strong></span> <span class='ocrx_word' id='word_1_883' title='bbox 3258 4573 3383 4613; x_wconf 87' lang='lat' dir='ltr'><strong>vere</strong></span> <span class='ocrx_word' id='word_1_884' title='bbox 3412 4559 3562 4613; x_wconf 91' lang='lat' dir='ltr'><strong>multi</strong></span> <span class='ocrx_word' id='word_1_885' title='bbox 3609 4563 3855 4630; x_wconf 64' lang='lat' dir='ltr'><strong>quaesie-</strong></span> 
     </span>
    </p>
   </div>
   <div class='ocr_carea' id='block_1_108' title="bbox 2254 4648 3854 4723">
    <p class='ocr_par' dir='ltr' id='par_1_108' title="bbox 2254 4648 3854 4723">
     <span class='ocr_line' id='line_1_108' title="bbox 2254 4648 3854 4723; baseline 0.004 -20"><span class='ocrx_word' id='word_1_886' title='bbox 2254 4657 2377 4704; x_wconf 89' lang='lat' dir='ltr'><strong>runt</strong></span> <span class='ocrx_word' id='word_1_887' title='bbox 2405 4650 2634 4703; x_wconf 89' lang='lat' dir='ltr'><strong>animam</strong></span> <span class='ocrx_word' id='word_1_888' title='bbox 2660 4649 2844 4719; x_wconf 89' lang='lat' dir='ltr'><strong>ipsius,</strong></span> <span class='ocrx_word' id='word_1_889' title='bbox 2871 4659 2925 4704; x_wconf 89' lang='lat' dir='ltr'><strong>et</strong></span> <span class='ocrx_word' id='word_1_890' title='bbox 2947 4648 3154 4705; x_wconf 90' lang='lat' dir='ltr'><strong>confusi</strong></span> <span class='ocrx_word' id='word_1_891' title='bbox 3182 4659 3235 4704; x_wconf 90' lang='lat' dir='ltr'><strong>et</strong></span> <span class='ocrx_word' id='word_1_892' title='bbox 3261 4651 3474 4706; x_wconf 87' lang='lat' dir='ltr'><strong>reveriti</strong></span> <span class='ocrx_word' id='word_1_893' title='bbox 3502 4661 3660 4717; x_wconf 90' lang='lat' dir='ltr'><strong>sunt;</strong></span> <span class='ocrx_word' id='word_1_894' title='bbox 3695 4670 3854 4723; x_wconf 68' lang='lat' dir='ltr'><strong>qum-</strong></span> 
     </span>
    </p>
   </div>
   <div class='ocr_carea' id='block_1_109' title="bbox 2254 4741 3858 4810">
    <p class='ocr_par' dir='ltr' id='par_1_109' title="bbox 2254 4741 3858 4810">
     <span class='ocr_line' id='line_1_109' title="bbox 2254 4741 3858 4810; baseline 0.002 -14"><span class='ocrx_word' id='word_1_895' title='bbox 2254 4742 2458 4796; x_wconf 91' lang='lat' dir='ltr'><strong>sierunt</strong></span> <span class='ocrx_word' id='word_1_896' title='bbox 2477 4741 2708 4794; x_wconf 89' lang='lat' dir='ltr'><strong>animam</strong></span> <span class='ocrx_word' id='word_1_897' title='bbox 2739 4741 2925 4810; x_wconf 90' lang='lat' dir='ltr'><strong>ipsius,</strong></span> <span class='ocrx_word' id='word_1_898' title='bbox 2955 4750 3008 4796; x_wconf 92' lang='lat' dir='ltr'><strong>ct</strong></span> <span class='ocrx_word' id='word_1_899' title='bbox 3031 4741 3165 4795; x_wconf 91' lang='lat' dir='ltr'><strong>sicut</strong></span> <span class='ocrx_word' id='word_1_900' title='bbox 3189 4742 3293 4796; x_wconf 90' lang='lat' dir='ltr'><strong>illis</strong></span> <span class='ocrx_word' id='word_1_901' title='bbox 3322 4742 3492 4796; x_wconf 89' lang='lat' dir='ltr'><strong>visum</strong></span> <span class='ocrx_word' id='word_1_902' title='bbox 3520 4753 3622 4810; x_wconf 91' lang='lat' dir='ltr'><strong>cst,</strong></span> <span class='ocrx_word' id='word_1_903' title='bbox 3655 4744 3858 4800; x_wconf 84' lang='lat' dir='ltr'><strong>abstn-</strong></span> 
     </span>
    </p>
   </div>
   <div class='ocr_carea' id='block_1_110' title="bbox 2255 4832 3862 4903">
    <p class='ocr_par' dir='ltr' id='par_1_110' title="bbox 2255 4832 3862 4903">
     <span class='ocr_line' id='line_1_110' title="bbox 2255 4832 3862 4903; baseline 0.002 -14"><span class='ocrx_word' id='word_1_904' title='bbox 2255 4834 2433 4889; x_wconf 90' lang='lat' dir='ltr'><strong>lcrunt</strong></span> <span class='ocrx_word' id='word_1_905' title='bbox 2473 4834 2704 4888; x_wconf 89' lang='lat' dir='ltr'><strong>animam</strong></span> <span class='ocrx_word' id='word_1_906' title='bbox 2759 4832 2927 4903; x_wconf 80' lang='lat' dir='ltr'><strong>ipsius</strong></span> <span class='ocrx_word' id='word_1_907' title='bbox 2960 4851 2972 4886; x_wconf 92' lang='lat'>:</span> <span class='ocrx_word' id='word_1_908' title='bbox 3005 4832 3097 4888; x_wconf 86' lang='lat' dir='ltr'><strong>sed</strong></span> <span class='ocrx_word' id='word_1_909' title='bbox 3153 4833 3244 4888; x_wconf 90' lang='lat' dir='ltr'><strong>ille</strong></span> <span class='ocrx_word' id='word_1_910' title='bbox 3295 4842 3610 4903; x_wconf 86' lang='lat' dir='ltr'><strong>potestatem</strong></span> <span class='ocrx_word' id='word_1_911' title='bbox 3661 4835 3862 4892; x_wconf 89' lang='lat' dir='ltr'><strong>habuit</strong></span> 
     </span>
    </p>
   </div>
   <div class='ocr_carea' id='block_1_111' title="bbox 2256 4925 3863 4996">
    <p class='ocr_par' dir='ltr' id='par_1_111' title="bbox 2256 4925 3863 4996">
     <span class='ocr_line' id='line_1_111' title="bbox 2256 4925 3863 4996; baseline 0.003 -17"><span class='ocrx_word' id='word_1_912' title='bbox 2256 4925 2485 4996; x_wconf 89' lang='lat' dir='ltr'><strong>ponendi</strong></span> <span class='ocrx_word' id='word_1_913' title='bbox 2531 4925 2760 4978; x_wconf 87' lang='lat' dir='ltr'><strong>animam</strong></span> <span class='ocrx_word' id='word_1_914' title='bbox 2806 4939 2993 4990; x_wconf 89' lang='lat' dir='ltr'><strong>suam,</strong></span> <span class='ocrx_word' id='word_1_915' title='bbox 3041 4933 3095 4978; x_wconf 91' lang='lat' dir='ltr'><strong>et</strong></span> <span class='ocrx_word' id='word_1_916' title='bbox 3136 4935 3455 4994; x_wconf 90' lang='lat' dir='ltr'><strong>potestatem</strong></span> <span class='ocrx_word' id='word_1_917' title='bbox 3498 4925 3686 4981; x_wconf 82' lang='lat' dir='ltr'><strong>habuit</strong></span> <span class='ocrx_word' id='word_1_918' title='bbox 3715 4930 3863 4984; x_wconf 84' lang='lat' dir='ltr'><strong>reci-</strong></span> 
     </span>
    </p>
   </div>
   <div class='ocr_carea' id='block_1_112' title="bbox 2256 5013 3859 5088">
    <p class='ocr_par' dir='ltr' id='par_1_112' title="bbox 2256 5013 3859 5088">
     <span class='ocr_line' id='line_1_112' title="bbox 2256 5013 3859 5088; baseline 0.003 -19"><span class='ocrx_word' id='word_1_919' title='bbox 2256 5015 2430 5088; x_wconf 89' lang='lat' dir='ltr'><strong>piendi</strong></span> <span class='ocrx_word' id='word_1_920' title='bbox 2458 5014 2693 5070; x_wconf 85' lang='lat' dir='ltr'><strong>animam</strong></span> <span class='ocrx_word' id='word_1_921' title='bbox 2723 5029 2874 5069; x_wconf 89' lang='lat' dir='ltr'><strong>suam</strong></span> <span class='ocrx_word' id='word_1_922' title='bbox 2905 5013 3086 5084; x_wconf 82' lang='lat' dir='ltr'><strong>(Joan.</strong></span> <span class='ocrx_word' id='word_1_923' title='bbox 3114 5031 3148 5069; x_wconf 87' lang='lat' dir='ltr'><strong>x</strong></span> <span class='ocrx_word' id='word_1_924' title='bbox 3169 5057 3182 5080; x_wconf 96' lang='lat'><strong>,</strong></span> <span class='ocrx_word' id='word_1_925' title='bbox 3231 5015 3340 5088; x_wconf 81' lang='lat' dir='ltr'><strong>l8).</strong></span> <span class='ocrx_word' id='word_1_926' title='bbox 3376 5017 3516 5087; x_wconf 85' lang='lat' dir='ltr'><strong>Ergo</strong></span> <span class='ocrx_word' id='word_1_927' title='bbox 3554 5017 3626 5071; x_wconf 90' lang='lat' dir='ltr'><strong>illi</strong></span> <span class='ocrx_word' id='word_1_928' title='bbox 3671 5020 3859 5088; x_wconf 85' lang='lat' dir='ltr'><strong>gavisi</strong></span> 
     </span>
    </p>
   </div>
   <div class='ocr_carea' id='block_1_113' title="bbox 2257 5107 3868 5184">
    <p class='ocr_par' dir='ltr' id='par_1_113' title="bbox 2257 5107 3868 5184">
     <span class='ocr_line' id='line_1_113' title="bbox 2257 5107 3868 5184; baseline 0.001 -18"><span class='ocrx_word' id='word_1_929' title='bbox 2257 5120 2381 5166; x_wconf 91' lang='lat' dir='ltr'><strong>sunt</strong></span> <span class='ocrx_word' id='word_1_930' title='bbox 2405 5126 2526 5166; x_wconf 91' lang='lat' dir='ltr'><strong>cum</strong></span> <span class='ocrx_word' id='word_1_931' title='bbox 2554 5109 2760 5184; x_wconf 92' lang='lat' dir='ltr'><strong>posuit,</strong></span> <span class='ocrx_word' id='word_1_932' title='bbox 2805 5107 3013 5164; x_wconf 86' lang='lat' dir='ltr'><strong>confusi</strong></span> <span class='ocrx_word' id='word_1_933' title='bbox 3043 5117 3166 5164; x_wconf 91' lang='lat' dir='ltr'><strong>sunt</strong></span> <span class='ocrx_word' id='word_1_934' title='bbox 3200 5123 3322 5165; x_wconf 91' lang='lat' dir='ltr'><strong>cum</strong></span> <span class='ocrx_word' id='word_1_935' title='bbox 3361 5111 3578 5182; x_wconf 91' lang='lat' dir='ltr'><strong>recepit.</strong></span> <span class='ocrx_word' id='word_1_936' title='bbox 3612 5108 3868 5184; x_wconf 76' lang='lat' dir='ltr'><strong>Confun-</strong></span> 
     </span>
    </p>
   </div>
   <div class='ocr_carea' id='block_1_114' title="bbox 2322 5354 3870 5419">
    <p class='ocr_par' dir='ltr' id='par_1_114' title="bbox 2322 5354 3870 5419">
     <span class='ocr_line' id='line_1_114' title="bbox 2322 5354 3870 5419; baseline 0.006 -13"><span class='ocrx_word' id='word_1_937' title='bbox 2322 5359 2339 5391; x_wconf 83' lang='grc' dir='ltr'><strong>ι</strong></span> <span class='ocrx_word' id='word_1_938' title='bbox 2364 5357 2437 5407; x_wconf 81' lang='lat' dir='ltr'><strong>sic</strong></span> <span class='ocrx_word' id='word_1_939' title='bbox 2468 5354 2650 5419; x_wconf 78' lang='lat' dir='ltr'><strong>aliquot</strong></span> <span class='ocrx_word' id='word_1_940' title='bbox 2688 5363 2796 5405; x_wconf 79' lang='lat' dir='ltr'><strong>MSS.</strong></span> <span class='ocrx_word' id='word_1_941' title='bbox 2843 5355 3052 5419; x_wconf 62' lang='lat' dir='ltr'><strong>Arena:</strong></span> <span class='ocrx_word' id='word_1_942' title='bbox 3100 5363 3280 5408; x_wconf 72' lang='lat' dir='ltr'><strong>Parion</strong></span> <span class='ocrx_word' id='word_1_943' title='bbox 3309 5362 3379 5408; x_wconf 78' lang='lat' dir='ltr'><strong>est</strong></span> <span class='ocrx_word' id='word_1_944' title='bbox 3401 5369 3462 5409; x_wconf 84' lang='lat' dir='ltr'><strong>ne</strong></span> <span class='ocrx_word' id='word_1_945' title='bbox 3482 5371 3566 5409; x_wconf 86' lang='lat' dir='ltr'><strong>eor</strong></span> <span class='ocrx_word' id='word_1_946' title='bbox 3611 5373 3791 5414; x_wconf 80' lang='lat' dir='ltr'><strong>meum</strong></span> <span class='ocrx_word' id='word_1_947' title='bbox 3813 5376 3870 5416; x_wconf 81' lang='lat' dir='ltr'><strong>se</strong></span> 
     </span>
    </p>
   </div>
   <div class='ocr_carea' id='block_1_115' title="bbox 2258 5417 3875 5490">
    <p class='ocr_par' dir='ltr' id='par_1_115' title="bbox 2258 5417 3875 5490">
     <span class='ocr_line' id='line_1_115' title="bbox 2258 5417 3875 5490; baseline 0.005 -20"><span class='ocrx_word' id='word_1_948' title='bbox 2258 5417 2645 5490; x_wconf 77' lang='lat' dir='ltr'><strong>comprehendat.</strong></span> <span class='ocrx_word' id='word_1_949' title='bbox 2671 5427 2814 5468; x_wconf 64' lang='lat' dir='ltr'><strong>nemo</strong></span> <span class='ocrx_word' id='word_1_950' title='bbox 2836 5417 2962 5469; x_wconf 86' lang='lat' dir='ltr'><strong>enim</strong></span> <span class='ocrx_word' id='word_1_951' title='bbox 2985 5432 3035 5469; x_wconf 86' lang='lat' dir='ltr'><strong>se</strong></span> <span class='ocrx_word' id='word_1_952' title='bbox 3073 5419 3433 5484; x_wconf 86' lang='lat' dir='ltr'><strong>comprehendit</strong></span> <span class='ocrx_word' id='word_1_953' title='bbox 3450 5456 3464 5482; x_wconf 88' lang='lat'><strong>,</strong></span> <span class='ocrx_word' id='word_1_954' title='bbox 3511 5435 3650 5473; x_wconf 85' lang='lat' dir='ltr'><strong>nemo</strong></span> <span class='ocrx_word' id='word_1_955' title='bbox 3694 5423 3767 5476; x_wconf 84' lang='lat' dir='ltr'><strong>de</strong></span> <span class='ocrx_word' id='word_1_956' title='bbox 3817 5440 3875 5479; x_wconf 82' lang='lat' dir='ltr'><strong>se</strong></span> 
     </span>
    </p>
   </div>
   <div class='ocr_carea' id='block_1_116' title="bbox 2258 5488 3877 5616">
    <p class='ocr_par' dir='ltr' id='par_1_116' title="bbox 2258 5488 3877 5616">
     <span class='ocr_line' id='line_1_116' title="bbox 2258 5488 3877 5616; baseline 0.009 -28"><span class='ocrx_word' id='word_1_957' title='bbox 2258 5488 2738 5616; x_wconf 48' lang='grc' dir='ltr'><strong>Ρξξθὲῗᾷῗῗηιεεπθνα</strong></span> <span class='ocrx_word' id='word_1_958' title='bbox 2763 5542 3070 5616; x_wconf 57' lang='grc' dir='ltr'><strong>ρῳηξῳηιίω.</strong></span> <span class='ocrx_word' id='word_1_959' title='bbox 3103 5551 3211 5594; x_wconf 81' lang='lat' dir='ltr'><strong>Mss.</strong></span> <span class='ocrx_word' id='word_1_960' title='bbox 3228 5543 3428 5608; x_wconf 81' lang='lat' dir='ltr'><strong>aliquot,</strong></span> <span class='ocrx_word' id='word_1_961' title='bbox 3446 5545 3736 5609; x_wconf 70' lang='lat' dir='ltr'><strong>pmnitentia</strong></span> <span class='ocrx_word' id='word_1_962' title='bbox 3761 5563 3782 5600; x_wconf 72' lang='grc' dir='ltr'><strong><em>ε</em></strong></span> <span class='ocrx_word' id='word_1_963' title='bbox 3819 5560 3877 5604; x_wconf 83' lang='lat' dir='ltr'><strong>et</strong></span> 
     </span>
    </p>
   </div>
   <div class='ocr_carea' id='block_1_117' title="bbox 2258 5605 2960 5668">
    <p class='ocr_par' dir='ltr' id='par_1_117' title="bbox 2258 5605 2960 5668">
     <span class='ocr_line' id='line_1_117' title="bbox 2258 5605 2960 5668; baseline 0 -13"><span class='ocrx_word' id='word_1_964' title='bbox 2258 5605 2338 5655; x_wconf 81' lang='lat' dir='ltr'><strong>alii</strong></span> <span class='ocrx_word' id='word_1_965' title='bbox 2361 5605 2573 5668; x_wconf 86' lang='lat' dir='ltr'><strong>quidam,</strong></span> <span class='ocrx_word' id='word_1_966' title='bbox 2594 5605 2645 5653; x_wconf 86' lang='lat' dir='ltr'><strong>in</strong></span> <span class='ocrx_word' id='word_1_967' title='bbox 2667 5605 2960 5668; x_wconf 62' lang='lat' dir='ltr'><strong>ptenitentia.</strong></span> 
     </span>
    </p>
   </div>
   <div class='ocr_carea' id='block_1_118' title="bbox 2325 5666 3876 5739">
    <p class='ocr_par' dir='ltr' id='par_1_118' title="bbox 2325 5666 3876 5739">
     <span class='ocr_line' id='line_1_118' title="bbox 2325 5666 3876 5739; baseline 0.009 -27"><span class='ocrx_word' id='word_1_968' title='bbox 2325 5666 2498 5739; x_wconf 52' lang='grc' dir='ltr'><strong>ψη,</strong></span> <span class='ocrx_word' id='word_1_969' title='bbox 2545 5666 2779 5739; x_wconf 82' lang='lat' dir='ltr'><strong>quomodo</strong></span> <span class='ocrx_word' id='word_1_970' title='bbox 2802 5667 3107 5739; x_wconf 61' lang='lat' dir='ltr'><strong>conqueritur</strong></span> <span class='ocrx_word' id='word_1_971' title='bbox 3153 5669 3216 5739; x_wconf 77' lang='lat' dir='ltr'><strong>de</strong></span> <span class='ocrx_word' id='word_1_972' title='bbox 3260 5668 3499 5720; x_wconf 76' lang='lat' dir='ltr'><strong>nonnullis</strong></span> <span class='ocrx_word' id='word_1_973' title='bbox 3523 5677 3876 5739; x_wconf 75' lang='lat' dir='ltr'><strong>qua‘rentihus</strong></span> 
     </span>
    </p>
   </div>
   <div class='ocr_carea' id='block_1_119' title="bbox 2259 5730 3877 5799">
    <p class='ocr_par' dir='ltr' id='par_1_119' title="bbox 2259 5730 3877 5799">
     <span class='ocr_line' id='line_1_119' title="bbox 2259 5730 3877 5799; baseline 0.006 -22"><span class='ocrx_word' id='word_1_974' title='bbox 2259 5730 2470 5799; x_wconf 76' lang='lat' dir='ltr'><strong>animant</strong></span> <span class='ocrx_word' id='word_1_975' title='bbox 2490 5741 2645 5788; x_wconf 85' lang='lat' dir='ltr'><strong>suam,</strong></span> <span class='ocrx_word' id='word_1_976' title='bbox 2667 5735 2717 5799; x_wconf 83' lang='lat' dir='ltr'><strong>ut</strong></span> <span class='ocrx_word' id='word_1_977' title='bbox 2740 5730 3100 5799; x_wconf 64' lang='lat' dir='ltr'><strong>auﬁwunteatn</strong></span> <span class='ocrx_word' id='word_1_978' title='bbox 3121 5743 3137 5781; x_wconf 93' lang='lat'><em>:</em></span> <span class='ocrx_word' id='word_1_979' title='bbox 3162 5730 3215 5781; x_wconf 91' lang='lat' dir='ltr'><strong>id</strong></span> <span class='ocrx_word' id='word_1_980' title='bbox 3230 5738 3325 5799; x_wconf 70' lang='lat' dir='ltr'><strong>est,</strong></span> <span class='ocrx_word' id='word_1_981' title='bbox 3347 5740 3468 5792; x_wconf 86' lang='lat' dir='ltr'><strong>etc.,</strong></span> <span class='ocrx_word' id='word_1_982' title='bbox 3493 5730 3575 5782; x_wconf 84' lang='lat' dir='ltr'><strong>ubi</strong></span> <span class='ocrx_word' id='word_1_983' title='bbox 3601 5747 3690 5783; x_wconf 88' lang='lat' dir='ltr'><strong>nos</strong></span> <span class='ocrx_word' id='word_1_984' title='bbox 3715 5740 3877 5799; x_wconf 72' lang='lat' dir='ltr'><strong>parti-</strong></span> 
     </span>
    </p>
   </div>
   <div class='ocr_carea' id='block_1_120' title="bbox 2259 5790 3880 5866">
    <p class='ocr_par' dir='ltr' id='par_1_120' title="bbox 2259 5790 3880 5866">
     <span class='ocr_line' id='line_1_120' title="bbox 2259 5790 3880 5866; baseline 0.004 -24"><span class='ocrx_word' id='word_1_985' title='bbox 2259 5790 2432 5866; x_wconf 82' lang='lat' dir='ltr'><strong>culam,</strong></span> <span class='ocrx_word' id='word_1_986' title='bbox 2457 5804 2551 5843; x_wconf 89' lang='lat' dir='ltr'><strong>non</strong></span> <span class='ocrx_word' id='word_1_987' title='bbox 2571 5825 2586 5853; x_wconf 86' lang='lat'><strong>,</strong></span> <span class='ocrx_word' id='word_1_988' title='bbox 2629 5797 2682 5842; x_wconf 91' lang='lat' dir='ltr'><strong>et</strong></span> <span class='ocrx_word' id='word_1_989' title='bbox 2716 5790 2939 5852; x_wconf 85' lang='lat' dir='ltr'><strong>verbum,</strong></span> <span class='ocrx_word' id='word_1_990' title='bbox 2965 5792 3151 5859; x_wconf 85' lang='lat' dir='ltr'><strong>inquit,</strong></span> <span class='ocrx_word' id='word_1_991' title='bbox 3198 5790 3384 5858; x_wconf 86' lang='lat' dir='ltr'><strong>aliquot</strong></span> <span class='ocrx_word' id='word_1_992' title='bbox 3568 5809 3662 5860; x_wconf 84' lang='lat' dir='ltr'><strong>ope</strong></span> <span class='ocrx_word' id='word_1_993' title='bbox 3715 5790 3880 5866; x_wconf 70' lang='lat' dir='ltr'><strong>repo-</strong></span> 
     </span>
    </p>
   </div>
   <div class='ocr_carea' id='block_1_121' title="bbox 2262 5867 2436 5908">
    <p class='ocr_par' dir='ltr' id='par_1_121' title="bbox 2262 5867 2436 5908">
     <span class='ocr_line' id='line_1_121' title="bbox 2262 5867 2436 5908; baseline -0.017 0"><span class='ocrx_word' id='word_1_994' title='bbox 2262 5867 2436 5908; x_wconf 75' lang='lat' dir='ltr'><strong>nimus.</strong></span> 
     </span>
    </p>
   </div>
  </div>
