4042 6460
240 396 338 458 ιιι

240 519 441 585 duntur,
461 528 508 573 et
524 530 848 577 revereautur
872 523 1041 592 simul,
1059 523 1145 595 qui
1166 537 1398 596 quierunt
1419 526 1641 582 animam
1667 545 1829 584 meam

238 622 287 665 ut
314 615 550 682 auferant
581 631 715 668 eam.

299 703 389 759 25.
421 702 792 761 Convertuntur
820 719 1094 766 retrorsum
1113 753 1127 777 ,
1168 721 1214 767 et
1251 724 1598 782 revereantur,
1630 716 1715 787 qui
1742 731 1829 770 vo-

237 797 340 851 lunt
379 797 504 850 mihi
548 801 706 854 mola.
751 799 1116 858 Convertuntur
1155 814 1592 864 retrorsummec
1629 808 1730 864 hoc
1773 809 1827 864 in

233 889 424 943 malum
455 891 801 961 accipiamus.
833 893 978 950 Bene
1020 896 1122 951 illis
1151 908 1335 966 Optat;
1367 909 1421 955 et
1445 917 1546 955 vox
1577 901 1718 955 illius
1745 908 1828 955 est

232 983 315 1054 qui
361 984 498 1038 dixit
527 985 595 1040 de
622 1001 819 1043 cruce:
843 987 1020 1057 Pater,
1050 991 1251 1062 ignosce
1285 993 1418 1058 illis,
1453 995 1573 1063 quia
1599 993 1827 1048 nesciunt

231 1076 350 1146 quid
379 1080 576 1147 faciunt
608 1077 756 1148 (Luc.
803 1097 929 1136 χχιιι
953 1123 969 1149 ,
1020 1084 1131 1154 54).
1165 1084 1339 1151 Quare
1370 1085 1472 1139 illis
1503 1101 1631 1156 ergo
1656 1085 1823 1152 dicit,

234 1178 282 1222 ut
309 1179 610 1224 retrorsum
642 1172 897 1228 redeant?
922 1177 1054 1241 Quia
1083 1177 1172 1247 qui
1201 1189 1325 1232 ante
1350 1178 1564 1249 superbi
1591 1187 1742 1233 erant
1766 1187 1826 1234 ιιι

231 1263 484 1318 caderent
539 1273 724 1330 retro,
778 1266 1012 1324 humiles
1062 1267 1186 1324 facti
1236 1279 1361 1325 sunt
1413 1279 1472 1325 ut
1521 1280 1820 1342 resurgant.

231 1356 450 1423 Quando
474 1359 620 1413 enim
648 1368 772 1415 ante
799 1372 945 1430 sunt,
976 1363 1281 1432 praecedere
1305 1364 1492 1419 volunt
1518 1365 1819 1430 Dominum,

230 1449 478 1504 meliores
505 1450 693 1506 volunt
726 1467 845 1508 esse
888 1469 1048 1525 quam
1080 1456 1337 1512 Dominus
1365 1457 1444 1512 :si
1471 1466 1648 1512 autem
1676 1466 1822 1513 retro

229 1552 366 1610 sunt,
400 1545 578 1614 ipsum
606 1557 902 1617 agnoscunt
932 1547 1230 1614 meliorem,
1266 1551 1438 1620 ipsmn
1466 1550 1724 1619 priorem,
1761 1564 1822 1606 se

231 1639 574 1706 posteriores,
608 1649 667 1694 ut
708 1641 796 1695 ille
823 1640 1110 1710 prascedat,
1141 1641 1220 1697 illi
1248 1653 1559 1714 sequantur.
1589 1643 1820 1700 Proinde

229 1728 441 1785 Petrum
489 1733 629 1786 male
669 1731 772 1786 sibi
816 1732 1034 1789 dantem
1075 1734 1360 1790 consilium
1398 1735 1476 1790 sic
1521 1735 1814 1807 redarguit.

230 1820 488 1878 Passurus
515 1825 660 1879 enim
693 1825 949 1881 Dominus
976 1836 1091 1882 erat
1118 1842 1214 1898 pro
1240 1827 1412 1884 salute
1437 1839 1636 1894 nostra,
1671 1837 1727 1885 et
1751 1828 1820 1884 de

228 1913 330 1986 ipsa
363 1917 617 1986 passione
662 1934 783 1988 qua:
829 1917 1004 1974 futura
1050 1921 1235 1975 erant‘
1266 1919 1630 1990 praedicabat:
1659 1928 1714 1976 et
1742 1920 1820 1977 ait

229 2005 430 2074 Petrus,
463 2010 604 2064 Absit
633 2009 885 2077 Domine;
914 2013 1164 2082 propitius
1186 2012 1273 2066 tibi
1301 2020 1424 2078 esto,
1454 2029 1555 2067 non
1585 2013 1670 2082 ﬁet
1699 2013 1813 2067 hoc.

229 2101 537 2158 Prmcedere
558 2103 770 2160 volebat
797 2105 1114 2172 Dominum,
1158 2114 1213 2162 et
1239 2106 1520 2162 consilium
1548 2105 1676 2162 dare
1700 2121 1815 2161 ma-

228 2195 408 2266 gistro.
433 2195 698 2252 Dominus
721 2206 898 2253 autem
925 2207 983 2254 ut
1008 2214 1114 2254 non
1142 2214 1264 2254 eum
1289 2197 1486 2254 faceret
1509 2197 1816 2267 prmceden-

229 2295 362 2351 tem,
421 2288 519 2345 sed
573 2299 919 2361 sequentem,
973 2289 1133 2356 Redi,
1168 2290 1376 2361 inquit,
1426 2299 1560 2345 retro
1607 2299 1816 2345 satanas

234 2379 445 2452 (Matth.
475 2397 584 2446 xvi,
611 2381 704 2448 22,
731 2381 848 2456 25).
876 2381 1023 2447 Ideo,
1070 2383 1261 2454 inquit,
1307 2391 1542 2450 satanas,
1581 2382 1702 2452 quia
1735 2381 1814 2437 vis

228 2475 540 2531 antecedere
582 2490 707 2530 eum
733 2490 891 2546 quem
917 2473 1081 2530 debes
1126 2473 1273 2544 sequi
1307 2491 1322 2528 :
1351 2473 1396 2528 si
1441 2483 1621 2527 autem
1668 2482 1813 2528 retro

230 2565 406 2634 fueris,
433 2576 488 2621 et
514 2575 734 2623 secutus
755 2566 940 2630 lueris,
959 2566 1071 2635 jam
1096 2582 1200 2620 non
1225 2576 1460 2621 satanas.
1485 2565 1623 2634 Quid
1647 2563 1814 2634 ergo?

229 2656 391 2728 Super
416 2657 551 2712 hanc
592 2667 788 2730 petram
825 2657 1089 2727 azdiﬁcabo
1112 2655 1395 2712 Ecclesiam
1429 2673 1590 2713 meam
1623 2655 1671 2730 (1
1682 2655 1808 2724 bid.,

230 2753 332 2825 ιε).

286 2847 375 2901 26.
403 2846 777 2901 Convertantur
796 2853 1068 2900 retrorsum
1096 2853 1141 2899 et
1161 2854 1501 2911 revereantur,
1527 2844 1611 2914 qui
1638 2843 1812 2898 uolunt

229 2939 342 2994 mihi
373 2937 536 2993 mala.
564 2938 806 2994 Malevoli
832 2949 978 3003 sunt,
1009 2939 1098 3008 qui
1126 2937 1286 2992 etiam
1313 2953 1434 2992 cum
1463 2935 1809 3002 benedicunt,

230 3044 478 3105 quantum
502 3034 556 3088 in
581 3032 746 3088 corde
769 3048 956 3088 eorum
980 3039 1061 3087 est
1083 3031 1430 3087 maledicunt.
1462 3029 1600 3085 Dicis
1629 3029 1808 3094 alicui,

229 3127 352 3183 Esto
387 3127 712 3182 christianos
744 3144 757 3181 :
789 3126 874 3182 Sis
913 3125 1266 3190 christianus,
1317 3123 1411 3179 sed
1459 3125 1574 3178 tu'.
1609 3123 1811 3178 Bonam

229 3233 331 3273 rem
362 3217 518 3284 dixit,
547 3217 644 3273 sed
676 3231 781 3272 non
814 3215 889 3271 illi
919 3216 1208 3286 imputatur
1236 3215 1378 3287 quod
1404 3215 1556 3283 dixit,
1587 3215 1679 3270 sed
1705 3229 1812 3286 quo

227 3312 398 3366 animo
451 3309 632 3364 dixit:
666 3307 936 3380 quomodo
989 3308 1304 3378 imputatum
1354 3316 1438 3364 est
1485 3316 1540 3362 et
1588 3306 1808 3374 Judasis,

229 3403 433 3473 quando
456 3402 546 3457 ille
570 3417 635 3456 ex
660 3416 804 3456 casco
829 3409 954 3455 nato
981 3398 1150 3455 factus
1175 3409 1258 3454 est
1285 3398 1470 3454 videns
1495 3416 1508 3453 :
1534 3413 1654 3452 cum
1686 3413 1809 3453 cum

234 3501 532 3565 premerent
553 3491 981 3547 insultationibus
1009 3499 1063 3547 et
1092 3499 1362 3561 urgerent,
1392 3491 1466 3544 ait
1495 3490 1616 3555 illis,
1643 3488 1812 3544 Num-

229 3589 340 3658 quid
386 3597 433 3642 et
479 3603 566 3640 vos
611 3585 846 3656 discipuli
883 3585 991 3656 ejus
1046 3585 1194 3638 vultis
1236 3583 1382 3639 esse?
1433 3583 1497 3638 Et
1535 3583 1606 3638 illi
1645 3583 1812 3640 male-

229 3680 467 3737 dixerunt
495 3679 568 3735 ei.
613 3679 725 3733 Hoc
763 3678 838 3732 ait
863 3676 1221 3746 evangelista:
1248 3675 1621 3729 Maledixerunt
1657 3676 1702 3730 ei
1727 3675 1810 3729 di-

229 3783 402 3837 centes,
444 3769 524 3824 Tu
549 3770 620 3824 sis
644 3769 922 3824 disciuulus
963 3769 1071 3839 ejus
1110 3766 1285 3838 (Joan.
1326 3783 1400 3834 tx,
1428 3767 1517 3832 27,
1545 3765 1659 3839 28).
1703 3765 1812 3822 Illis

230 3861 702 3924 maledicentibus,
748 3859 1006 3914 Dominus
1044 3858 1354 3914 benedixit:
1385 3857 1509 3913 fecit
1548 3859 1690 3930 quod
1735 3858 1810 3914 illi

231 3955 511 4022 dixerunt,
562 3952 808 4008 retribuit
847 3961 1024 4008 autem
1069 3951 1171 4005 illis
1213 3950 1354 4021 quod
1399 3951 1808 4006 maledixerunt.

232 4046 591 4102 Convertuntur
619 4053 910 4110 retrorsum,
939 4053 986 4098 et
1015 4053 1353 4111 revereautur,
1381 4044 1466 4114 qui
1490 4045 1660 4098 volunt
1686 4044 1810 4099 mihi

235 4141 383 4194 mata.
415 4139 556 4195 Sunt
586 4146 764 4192 autem
805 4137 894 4192 alii
925 4151 1030 4191 non
1072 4136 1198 4191 boni
1228 4136 1317 4206 qui
1351 4137 1486 4191 bona
1515 4137 1721 4203 volunt,
1757 4147 1812 4193 et

240 4230 334 4301 ipsi
353 4230 599 4287 cavendi.
620 4228 898 4297 Quomodo
917 4228 1059 4284 enim
1083 4228 1156 4282 illi
1182 4227 1522 4293 maledicunt,
1553 4237 1606 4283 et
1627 4229 1812 4284 dicunt

233 4321 365 4377 bona
391 4333 573 4377 nostra
594 4363 610 4389 ,
653 4319 748 4376 sed
778 4319 919 4374 malo
945 4319 1152 4385 animo;
1183 4319 1261 4374 sic
1289 4319 1436 4374 multi
1467 4319 1602 4374 mala
1630 4329 1810 4374 nostra

230 4413 367 4472 bono
386 4415 588 4471 animo.
624 4414 737 4469 Hoc
764 4413 913 4479 dico,
942 4411 1041 4481 Qui
1071 4411 1265 4468 dixerit
1303 4412 1424 4477 tibi,
1459 4412 1540 4466 Tu
1567 4413 1642 4467 sis
1669 4411 1813 4467 chri—

227 4511 446 4576 stianus,
491 4510 693 4566 bonum
726 4519 869 4562 tuum
911 4506 1039 4561 dicit
1077 4505 1218 4560 malo
1259 4505 1588 4574 animozqui
1633 4513 1810 4560 autem

227 4600 419 4657 dixerit
444 4601 538 4656 tibi
566 4601 636 4654 ita
661 4641 676 4665 ,
709 4598 784 4654 'l‘e
814 4598 1006 4653 melior
1031 4612 1223 4662 nemo;
1253 4597 1298 4650 si
1329 4596 1383 4650 in
1411 4595 1599 4651 factis'
1630 4596 1806 4664 malis,

224 4693 472 4763 quoniam
504 4691 752 4748 laudatur
778 4697 1026 4761 peccator
1050 4689 1104 4744 in
1137 4687 1418 4744 desideriis
1441 4687 1633 4742 anima:
1662 4703 1804 4755 sum,

225 4794 274 4841 et
297 4788 384 4857 qui
413 4786 594 4856 iniqua
619 4783 757 4856 gerit
780 4781 1111 4838 benedicitur
1137 4778 1308 4854 (Psal.
1336 4797 1393 4846 χ,
1427 4781 1484 4852 5)
1510 4797 1524 4844 ;
1558 4781 1692 4835 mala
1721 4788 1808 4835 tua

225 4877 348 4933 dicit
374 4877 621 4933 laudans.
652 4873 932 4944 Quomodo
963 4873 1050 4928 ille
1074 4873 1212 4928 bona
1243 4881 1328 4926 tua
1356 4871 1566 4927 dicebat
1587 4871 1810 4926 maledi-

222 4986 380 5037 cens,
426 4972 505 5027 sic
547 4971 649 5026 iste
688 4969 826 5026 mala
865 4977 953 5024 tua
993 4966 1356 5024 benedicens:
1385 4965 1481 5022 sed
1525 4975 1808 5037 utrumque

220 5077 384 5132 genus
423 5062 592 5119 hostis
633 5062 778 5133 fuge,
826 5070 1114 5131 utrumque
1153 5074 1304 5114 cave.
1351 5058 1446 5114 Ille
1485 5059 1657 5126 saevit,
1707 5059 1808 5116 iste

223 5153 516 5222 blanditur;
553 5163 778 5225 uterque
808 5153 981 5208 malus
1009 5170 1023 5208 :
1054 5151 1144 5207 ille
1171 5149 1459 5207 iracundus
1485 5161 1594 5216 est,
1627 5160 1684 5207 et
1708 5151 1806 5208 iste

218 5244 268 5300 in
300 5246 458 5303 laude
495 5245 790 5312 subdolus;
821 5245 909 5300 ille
936 5243 1294 5314 reprehensor
1333 5251 1446 5311 est,
1489 5243 1589 5298 iste
1617 5242 1804 5297 lauda-

218 5345 299 5394 tor
322 5355 337 5392 :
362 5339 458 5396 sed
483 5349 538 5395 et
557 5321 660 5395 ille
689 5339 744 5394 in
771 5337 1188 5408 reprehensione
1216 5337 1462 5392 inimicus
1486 5344 1569 5392 est
1586 5376 1601 5402 ,
1633 5345 1688 5392 et
1714 5336 1804 5393 ille

217 5429 266 5485 in
294 5430 452 5488 laude
478 5431 752 5488 subdolus.
783 5429 925 5488 Cave
949 5442 1238 5503 utrumque
1260 5471 1275 5498 ,
1305 5439 1492 5487 contra
1521 5438 1802 5500 utrumque

279 5566 295 5598 ⁸
323 5569 394 5616 Sic
409 5567 627 5617 nonnulli
654 5576 756 5619 Mss.
778 5574 834 5618 At
854 5567 987 5626 ΕΜ..
1011 5572 1133 5619 erat.

275 5629 297 5660 ²
333 5636 397 5679 tta
419 5639 522 5680 \tss.
545 5645 638 5681 nec
661 5629 788 5680 male
809 5633 848 5680 si
891 5631 969 5680 hic
990 5630 1272 5680 subauditur
1287 5664 1300 5688 ,
1319 5633 1365 5680 et
1385 5627 1468 5681 ille
1492 5626 1628 5680 dicit.
1654 5636 1796 5679 Porro

216 5689 336 5757 edit.
359 5699 467 5757 _t.ov.
500 5693 743 5757 habctsic
768 5706 780 5742 :
810 5691 936 5744 Dicit
957 5691 1134 5757 aliquis
1156 5690 1320 5753 alicui,
1346 5699 1454 5743 Esto
1474 5689 1792 5752 Christianus,

213 5753 302 5802 sed
325 5754 391 5805 sis
411 5762 453 5805 et
477 5761 528 5806 tu
551 5755 870 5807 Christianus.
901 5753 1096 5814 Bonam,
1123 5765 1216 5806 etc.

279 5816 301 5847 ³
334 5819 405 5866 sic
445 5819 754 5891 aliquot_5tss.
781 5817 866 5891 Alii
891 5832 1043 5891 vero_:
1076 5816 1586 5891 Direrit_tibi,_jranto
1628 5815 1796 5888 melior

213 5888 400 5944 nam
421 5879 484 5932 sis
515 5878 566 5932 in
608 5879 767 5944 factis,
792 5889 886 5931 etc.
912 5882 1108 5944 Quidam
1131 5895 1144 5931 :
1175 5887 1317 5944 Tanto
1337 5878 1523 5944 melior
1549 5891 1686 5929 nemo
1724 5879 1794 5929 sic

214 5949 264 5992 tn
287 5942 440 6006 factis,
467 5952 561 5996 etc.
589 5941 722 6007 Edd.,
745 5949 888 5995 Tanto
907 5943 1076 5996 melior
1100 5957 1238 5995 nemo
1259 5942 1318 5996 sit
1334 5943 1385 5995 in
1405 5941 1573 6008 factis,
1601 5948 1694 5992 etc.

1307 408 1705 468 ENARRATIO
1743 410 1810 469 ιΝ
1848 409 2170 473 PSALMUM
2211 418 2456 477 XXXIX.

3419 428 3526 488 450

1937 545 2052 584 ora.
2083 533 2180 600 Qui
2221 536 2361 590 enim
2391 536 2579 601 oravit,
2621 536 2984 597 Convertuntur
3009 553 3298 612 retrorsum,
3327 556 3372 601 et
3397 565 3521 601 con-

1936 623 2216 692 fundantur
2257 629 2342 698 qui
2391 628 2563 684 volunt
2610 633 2733 686 mihi
2777 635 2945 701 mala,
2995 639 3228 706 respexit
3269 638 3334 692 ad
3374 639 3518 694 aliud

1933 726 2101 784 genus
2127 715 2313 773 dolose
2337 721 2678 788 malevolum,
2707 733 2761 778 et
2787 723 2918 779 falso
2949 725 3260 782 benedicum
3288 747 3300 782 :
3328 728 3520 783 Ferant

1933 807 2195 878 confestim
2237 813 2586 884 confusionem
2629 831 2795 881 suam,
2839 817 2924 887 qui
2957 818 3129 872 dicunt
3157 821 3300 886 mihi,
3336 820 3478 892 Euge
3500 863 3516 888 ,

1933 912 2075 968 euge.
2108 899 2348 957 Laudant
2375 904 2506 960 falso
2528 906 2544 937 ¹
2573 922 2586 958 :
2611 905 2825 977 Magnus
2854 909 2953 971 vir,
2983 908 3154 964 bonus
3179 903 3276 974 vir,
3311 913 3516 966 littera-

1937 999 2042 1058 tus,
2071 990 2281 1059 doctus,
2310 996 2404 1052 sed
2445 1014 2608 1068 quare
2651 1001 3008 1056 Christianus?
3042 1002 3111 1056 Ea
3147 1013 3232 1058 tua
3263 1004 3514 1070 laudant,

1932 1098 2052 1152 quae
2083 1085 2254 1154 nolles
2281 1088 2484 1144 laudari
2507 1109 2520 1146 :
2543 1091 2669 1146 illud
2701 1093 3102 1162 reprehendunt
3132 1096 3270 1150 unde
3297 1097 3514 1167 gaudes.

1931 1173 2038 1231 Sed
2079 1178 2121 1232 si
2153 1178 2289 1235 forte
2317 1180 2452 1238 dicis
2483 1201 2496 1237 :
2525 1183 2659 1252 Quid
2688 1185 2739 1240 in
2769 1201 2854 1242 me
2879 1187 3079 1252 laudas,
3109 1203 3142 1242 ο
3174 1191 3331 1243 Ιιοιηο
3354 1231 3368 1252 ,
3397 1192 3516 1261 quia

1929 1267 2012 1322 vir
2037 1267 2228 1336 bonus,
2253 1273 2374 1342 quia
2401 1273 2671 1344 virjustus
2695 1278 2850 1332 sum?
2871 1278 2925 1334 Si
2951 1279 3050 1336 hoc
3077 1291 3248 1351 putas,
3274 1282 3517 1338 Christus

1928 1376 2017 1416 me
2047 1362 2148 1419 hoc
2175 1363 2300 1420 fecit
2323 1408 2336 1430 ,
2370 1366 2542 1437 ipsum
2575 1368 2750 1424 lauda.
2801 1374 2870 1426 At
2912 1372 2999 1427 ille
3025 1391 3037 1426 :
3064 1375 3249 1439 Absit;
3285 1377 3389 1429 noli
3424 1378 3515 1431 tibi

1929 1451 2176 1522 iujuriam
2222 1455 2396 1512 facere
2417 1501 2431 1521 ,
2460 1467 2515 1515 tu
2543 1468 2594 1515 Ie
2621 1461 2735 1530 ipse
2767 1463 2925 1516 talem
2955 1462 3144 1519 fecisti.
3174 1465 3513 1535 Confundan-

1928 1553 2030 1610 tur,
2059 1547 2146 1616 qui
2170 1547 2345 1603 dicunt
2385 1553 2545 1619 mihi,
2576 1551 2752 1625 Euge,
2787 1571 2928 1627 euge.
2977 1557 3043 1611 Et
3079 1559 3201 1627 quid
3235 1561 3515 1627 sequitur?

1927 1634 2199 1693 Exsultent
2214 1650 2260 1694 et
2265 1642 2614 1712 jucundentur
2635 1663 2805 1700 omnes
2821 1649 2903 1716 qui
2933 1657 2980 1701 te
3000 1660 3248 1718 quierunt,
3272 1649 3510 1706 Domine.

1923 1727 2042 1784 Non
2071 1744 2316 1801 quaerunt
2347 1751 2462 1802 me,
2496 1735 2589 1791 sed
2619 1747 2865 1806 quaerunt
2897 1748 2946 1793 te
2973 1757 2985 1793 :
3011 1755 3115 1793 non
3148 1742 3299 1808 mihi,
3333 1744 3506 1813 Euge,

1923 1835 2057 1892 euge
2085 1821 2300 1890 dicunt;
2333 1826 2430 1880 sed
2474 1827 2525 1880 in
2574 1836 2625 1882 te
2665 1843 2750 1884 me
2779 1829 2991 1899 gloriari
3025 1831 3272 1898 vident',
3316 1834 3358 1886 si
3387 1835 3510 1904 quid

1925 1911 2096 1969 habeo
2125 1915 2325 1986 gloriae.
2357 1917 2460 1985 Qui
2499 1919 2641 1974 enim
2666 1920 2942 1990 gloriatur,
2974 1922 3024 1977 in
3059 1923 3283 1978 Domino
3311 1925 3512 1995 glorie-

1923 2011 2010 2059 tur
2039 2005 2083 2075 (l
2113 2005 2232 2061 Cor.
2264 2023 2280 2062 ι
2305 2049 2318 2072 ,
2348 2008 2462 2077 51).
2497 2008 2766 2064 Exsultent
2787 2022 2836 2067 et
2853 2016 3203 2083 jucundentur
3231 2033 3402 2071 omnes
3424 2017 3512 2088 qui

1923 2106 1972 2150 te
1996 2107 2270 2168 quwrunt,
2318 2098 2555 2168 Domine,
2603 2112 2649 2156 et
2693 2104 2866 2157 dicunt
2904 2105 3512 2179 semper:lllagniﬁcetur

1923 2189 2190 2246 Dominus.
2215 2193 2348 2258 Quia
2375 2194 2473 2248 etsi
2501 2209 2564 2248 ex
2590 2206 2871 2264 peccatore
2897 2197 2956 2250 tit
2977 2199 3174 2267 justus,
3198 2201 3260 2253 da
3284 2199 3509 2269 gloriam

1921 2282 1996 2338 illi
2023 2285 2113 2355 qui
2139 2285 2397 2354 justifieat
2425 2287 2644 2355 impium
2672 2286 2848 2358 (Rom.
2881 2305 2952 2356 IV,
2977 2290 3052 2361 5).
3085 2289 3209 2346 Sive
3237 2307 3363 2362 ergo
3385 2307 3511 2361 pec~

1919 2388 2072 2434 calor
2114 2380 2213 2445 sit,
2259 2380 2505 2436 laudetur
2534 2382 2623 2452 qui
2672 2381 2738 2436 ad
2771 2382 3150 2452 indulgentiam
3182 2395 3335 2439 vocat
3361 2403 3372 2438 :
3397 2386 3511 2442 sive

1919 2470 2041 2540 quis
2062 2470 2171 2538 jam
2198 2471 2438 2526 ambulet
2467 2473 2518 2526 in
2548 2473 2631 2527 via
2657 2472 2910 2542 iustitiae,
2944 2475 3188 2530 laudetur
3211 2477 3298 2546 qui
3325 2475 3389 2530 ad
3421 2491 3512 2532 co-

1920 2579 2107 2619 ronam
2140 2575 2312 2620 vocat.
2363 2566 2578 2637 Semper
2615 2568 2968 2638 magniﬁcetur
3014 2568 3298 2637 Dominus,
3331 2569 3398 2624 ab
3428 2569 3511 2626 his

1917 2656 2004 2726 qui
2029 2655 2248 2726 diligunt
2273 2657 2500 2712 salutare
2523 2637 2713 2712 tuuma
3531 2637 3548 2653 ’

1987 2747 2079 2802 27.
2129 2745 2280 2820 [ιιεη.
2329 2747 2441 2822 18.]
2493 2748 2606 2821 Ego
2645 2761 2963 2808 autem:cut
3009 2753 3318 2824 qumrebant
3349 2754 3506 2809 mala.

1919 2838 2031 2910 Ego
2057 2848 2223 2894 autem
2246 2856 2265 2894 :
2287 2841 2443 2910 cujus
2487 2843 2718 2897 animam
2769 2846 3099 2915 qtncrebant,
3147 2857 3203 2900 ιιι
3238 2847 3510 2902 auferrent

1917 2946 2056 2988 eam.
2096 2931 2202 2988 Sed
2232 2941 2490 2989 converte
2522 2943 2574 2990 te
2599 2934 2662 2988 ad
2693 2935 2836 2990 aliud
2869 2952 3038 3006 genus
3067 2939 3361 2992 hominum.
3397 2937 3508 3010 Ego

1917 3034 2115 3090 autem,
2161 3024 2245 3079 cui
2291 3024 2576 3092 dicebant;
2609 3027 2786 3098 Euge,
2834 3044 3000 3098 euge,
3031 3046 3216 3100 egenus
3242 3039 3288 3084 et
3317 3047 3508 3102 pauper

1917 3133 2048 3170 sum.
2075 3115 2192 3171 Non
2217 3125 2298 3172 est
2327 3119 2466 3188 quod
2499 3118 2552 3172 in
2584 3133 2671 3174 me
2698 3134 2872 3173 meum
2893 3119 2912 3150 ⁸
2935 3119 3198 3176 laudetur.
3237 3102 3508 3178 Discindat

1919 3210 2007 3266 ille
2057 3225 2271 3266 saccum
2316 3228 2532 3278 meum,
2582 3213 2856 3283 cooperiat
2901 3229 2986 3270 me
3024 3215 3160 3270 stola
3205 3229 3321 3270 sua.
3377 3216 3508 3271 Vivo

1918 3304 2060 3359 enim
2089 3304 2201 3374 jam
2235 3321 2340 3358 non
2373 3319 2494 3376 ego,
2526 3304 2656 3360 vivit
2693 3315 2869 3360 autem
2901 3306 2952 3360 in
2982 3323 3067 3362 me
3090 3307 3332 3363 Christus
3361 3307 3503 3382 (Cal.

1915 3411 1976 3464 ll,
2001 3395 2117 3467 20).
2165 3397 2220 3452 Si
2253 3398 2378 3452 vivit
2410 3399 2461 3452 in
2495 3406 2546 3452 te
2575 3398 2821 3454 Christus
2846 3440 2859 3463 ,
2903 3410 2956 3453 et
2988 3409 3153 3455 totum
3195 3402 3336 3472 quod
3381 3403 3506 3459 boni

1917 3488 2082 3544 habes
2108 3486 2303 3545 Christi
2335 3498 2434 3554 est,
2468 3499 2635 3546 totum
2665 3490 2804 3559 quod
2837 3489 3055 3546 habebis
3080 3491 3278 3547 Christi
3307 3507 3388 3548 est
3413 3512 3424 3548 :
3452 3504 3506 3551 tu

1917 3596 2012 3651 per
2061 3581 2289 3651 teipsutn
2344 3581 2470 3651 quid
2509 3582 2614 3636 es?
2661 3581 2772 3651 Ego
2817 3600 3000 3654 egenus
3045 3595 3090 3638 et
3135 3602 3345 3656 pauper.
3393 3586 3506 3654 Ego

1915 3681 2090 3727 autem
2124 3688 2230 3726 non
2258 3672 2425 3736 dives,
2455 3673 2578 3743 quia
2611 3689 2717 3728 non
2745 3688 2862 3728 sunt
2894 3676 3178 3745 superbus.
3209 3675 3365 3731 Dives
3391 3687 3507 3733 erat

1916 3764 2004 3820 ille
2043 3762 2135 3834 qui
2161 3763 2392 3830 dicebat,
2429 3763 2632 3818 Gratias
2662 3765 2744 3818 tibi
2773 3782 2904 3836 ago,
2956 3765 3200 3834 Domine,
3248 3769 3367 3838 quia
3405 3785 3506 3824 non

1915 3874 2028 3913 sum
2069 3857 2196 3912 sicut
2243 3858 2412 3912 cwteri
2472 3858 2696 3912 homines
2730 3874 2747 3912 :
2777 3859 3094 3914 l’ublicauus
3157 3869 3334 3915 autem
3391 3871 3507 3916 erat

1917 3966 2138 4022 pauper,
2168 3950 2256 4022 qui
2287 3949 2518 4016 dicebat,
2551 3949 2786 4014 Domine,
2822 3952 3068 4022 propitius
3097 3961 3201 4005 esto
3232 3951 3354 4006 mihi
3384 3969 3503 4022 pec-

1915 4043 2077 4097 catori
2110 4042 2239 4114 (Luc
2283 4058 2439 4109 xvm,
2476 4042 2563 4108 11,
2596 4041 2706 4112 15).
2737 4042 2827 4096 llle
2848 4042 2915 4096 de
2935 4043 3210 4097 saturitate
3239 4043 3501 4112 ructabat,

1915 4136 2004 4190 ille
2033 4135 2099 4190 de
2129 4134 2268 4190 fante
2296 4132 2557 4204 plorabat.
2588 4133 2790 4204 Egerius
2826 4145 2872 4187 et
2900 4151 3092 4204 pauper
3121 4151 3250 4188 sum.
3288 4135 3350 4189 Et
3377 4136 3504 4206 quid

1915 4227 2150 4283 facturus
2170 4241 2249 4291 es,
2268 4243 2300 4280 ο
2319 4241 2486 4297 egenc
2508 4235 2560 4280 ct
2583 4227 2823 4294 pauper?
2849 4225 3082 4280 Mendica
3106 4225 3126 4257 ⁸
3145 4237 3265 4281 ante
3282 4227 3502 4295 januam

1915 4322 2044 4387 Dei;
2089 4320 2266 4390 pulsa,
2307 4328 2363 4374 et
2404 4319 2670 4388 aperietur
2711 4318 2823 4370 tibi.
2875 4317 2983 4388 Ego
3028 4329 3196 4372 autem
3243 4337 3424 4391 egenus
3457 4331 3504 4376 et

1915 4429 2112 4485 pauper
2150 4429 2263 4466 sunt
2295 4427 2314 4465 :
2345 4409 2596 4465 Dominus
2637 4426 2813 4462 curam
2862 4410 3058 4464 habebit
3098 4412 3214 4464 mei.
3257 4411 3406 4468 Jacta
3447 4415 3500 4470 in

1920 4505 2202 4561 Dominum
2243 4518 2426 4560 curam
2473 4511 2612 4556 tuam
2633 4543 2647 4566 ,
2679 4511 2734 4557 et
2761 4517 2915 4572 spera
2944 4504 2994 4558 in
3025 4519 3176 4572 eum,
3206 4514 3260 4560 et
3286 4506 3398 4576 ipse
3424 4507 3502 4561 fa-

1914 4599 2022 4654 ciet
2050 4596 2222 4669 (Psat.
2266 4611 2373 4661 ιιν,
2402 4593 2515 4665 25).
2542 4593 2678 4662 Quid
2708 4595 2800 4648 tibi
2829 4603 3108 4650 curaturus
3135 4597 3226 4650 cs?
3253 4597 3377 4667 quid
3406 4599 3500 4656 tibi

1915 4689 2266 4763 provisurus?
2295 4688 2500 4743 Habeat
2521 4688 2594 4742 tui
2621 4703 2802 4749 curam
2831 4688 2920 4757 qui
2954 4687 3076 4743 fecit
3100 4697 3170 4744 te.
3195 4690 3294 4758 Qui
3318 4690 3502 4748 habuit

1914 4786 1989 4841 tui
2015 4800 2198 4840 curam
2221 4791 2506 4854 antequam
2530 4796 2699 4848 esses,
2733 4782 3001 4852 quomodo
3027 4798 3131 4838 non
3163 4783 3378 4840 habebit
3405 4803 3500 4843 cu-

1913 4895 2026 4935 ram
2055 4893 2178 4934 cum
2199 4878 2310 4949 jam
2342 4875 2447 4933 hoc
2471 4891 2531 4932 es
2555 4874 2697 4946 quod
2727 4875 2890 4930 voluit
2919 4884 2975 4930 ut
3001 4877 3187 4933 esses?
3209 4877 3327 4934 Jam
3354 4881 3496 4936 enim

1914 4973 2085 5029 lidelis
2113 4987 2194 5040 es,
2215 4971 2326 5044 jam
2353 4970 2595 5026 ambulas
2620 4969 2672 5023 in
2705 4969 2784 5022 via
2801 4968 3040 5039 justitize.
3071 4971 3264 5028 Curam
3291 4973 3366 5028 tui
3391 4989 3496 5029 non

1912 5066 2166 5131 habebit,
2209 5065 2298 5135 qui
2329 5063 2454 5120 facit
2482 5062 2648 5118 solem
2691 5077 2844 5116 suum
2891 5063 3018 5116 oriri
3062 5077 3222 5134 super
3250 5065 3420 5121 bonos
3445 5075 3498 5120 et

1911 5158 2101 5223 malos,
2125 5166 2178 5212 et
2199 5155 2334 5226 pluit
2353 5169 2515 5224 super
2534 5153 2709 5224 justos
2727 5163 2782 5208 et
2807 5153 3032 5224 injustas
3053 5153 3266 5229 (Matth.
3291 5173 3346 5223 v,
3370 5157 3496 5229 45)?

1911 5259 1964 5307 te
1987 5249 2097 5321 jam
2119 5248 2322 5319 justum
2348 5260 2416 5301 ex
2442 5244 2547 5300 ﬁde
2570 5244 2833 5301 viventem
2866 5245 3040 5316 (Rom.
3067 5262 3104 5312 ι,
3128 5245 3217 5318 17)
3244 5247 3492 5317 negliget,

1907 5343 2142 5411 deseret,
2173 5338 2445 5396 dimittet?
2473 5338 2585 5394 lmo
2610 5353 2738 5394 vero
2763 5346 2817 5394 et
2845 5338 2933 5394 hic
2959 5339 3116 5406 fovet,
3149 5346 3204 5393 et
3229 5337 3318 5393 hic
3343 5337 3467 5408 adju

1969 5562 2240 5628 ‘Plel‘ique
2265 5558 2550 5628 Mssa/alt“!-
2751 5621 2800 5628 ,.
2864 5626 2871 5628 _
3048 5618 3058 5628 .
3121 5615 3167 5628 .-
3340 5616 3351 5628 .

1965 5628 1986 5659 ²
2011 5615 2235 5691 Plerique
2250 5615 2488 5691 uss,,'_sed
2513 5621 2565 5672 in
2585 5621 2687 5681 illo,
2713 5627 2757 5691 et
2781 5621 2834 5691 in
2855 5626 2898 5670 te
2915 5633 2989 5670 me
3007 5615 3282 5691 gloriﬁcare
3305 5616 3468 5691 uident

1906 5686 2128 5754 isonaulli
2187 5683 2393 5754 seduli
2431 5684 2480 5754 in
2502 5691 2546 5754 t_e
2569 5698 2643 5734 me
2675 5683 2951 5754 gloriﬁcare
2973 5683 3206 5754 videntur.
3234 5687 3354 5732 Item
3378 5686 3487 5746 qui-

1901 5750 2011 5800 dam
2039 5764 2051 5799 :
2078 5749 2164 5800 sed
2180 5748 2230 5799 in
2254 5747 2354 5806 illo,
2373 5747 2486 5810 quia
2508 5746 2557 5797 in
2581 5754 2624 5796 te
2648 5743 2721 5810 me
2743 5743 2949 5810 gloriari
2969 5743 3143 5810 uident.

1965 5814 1986 5844 ³
2010 5820 2128 5871 Vox,
2153 5824 2329 5873 meum,
2343 5804 2517 5861 aberat
2547 5810 2610 5858 ab
2646 5804 2828 5857 editis:
2861 5807 2952 5856 sed
2985 5807 3035 5856 in
3066 5804 3349 5857 melioribus
3380 5813 3473 5857 Mss

1901 5880 2078 5927 exstat.

1964 5937 1989 5972 ⁵
2011 5945 2191 5988 omnes
2213 5934 2318 5986 fere
2341 5942 2466 5998 Mss,
2490 5945 2673 6000 pauper
2692 5967 2707 5994 ,
2732 5928 2990 5983 mendice?
3015 5936 3127 5985 ante
3137 5930 3362 6001 januam,
3391 5939 3471 5984 etc
