4042 6516
530 368 632 441 ιει

536 509 658 566 vat,
686 506 741 554 et
763 496 849 553 hic
872 495 1175 576 necessaria
1198 493 1600 559 subministrat,
1630 500 1684 548 et
1708 492 1865 549 noxia
1892 500 2116 547 resecat.

538 588 722 645 Dando
751 589 1060 644 consolatur
1099 597 1157 642 ut
1203 600 1518 657 permaneas
1543 626 1557 651 ,
1591 583 1878 639 auferendo
1905 582 2123 651 corripit

538 698 605 738 ne
632 698 840 754 pereas.
870 682 1127 736 D‘ominus
1154 696 1336 735 curam
1370 679 1528 734 habet
1559 678 1630 733 tui
1656 721 1671 743 ,
1718 693 1940 733 securus
1982 685 2118 730 esto.

540 773 633 830 Ille
678 773 893 844 portat’
924 774 1013 844 qui
1062 783 1113 829 te
1160 769 1414 829 fecitzab
1457 769 1676 825 artiﬁcis
1721 769 1790 824 tui
1825 784 1985 822 manu
2015 767 2123 821 n‘oli

535 864 730 920 cadere
758 882 771 919 :
796 863 841 920 si
882 862 1140 920 cecideris
1183 878 1213 918 a
1266 878 1425 918 manu
1462 862 1702 928 artiﬁcis,
1748 859 2024 930 l'rangeris.
2057 857 2126 915 Ut

537 971 715 1017 autem
761 977 1075 1032 permaneas
1106 961 1157 1016 in
1205 977 1362 1015 manu
1393 959 1651 1025 artiﬁcis,
1697 959 1834 1013 bona
1879 959 2124 1012 voluntas

542 1052 684 1107 facit.
719 1053 835 1119 Dic,
864 1054 1003 1109 Deus
1031 1068 1178 1108 meus
1205 1052 1388 1117 voluit,
1417 1060 1472 1108 et
1499 1050 1725 1122 portabit
1749 1050 1880 1121 ipse,
1904 1060 1957 1105 et
1980 1062 2126 1106 tene-

541 1147 618 1200 bit
644 1147 774 1216 ipse.
802 1144 948 1201 laeta
985 1155 1033 1201 te
1063 1146 1113 1199 in
1147 1145 1330 1210 illum;
1366 1140 1472 1198 noli
1502 1152 1687 1214 putare
1717 1140 1873 1197 inane
1898 1155 2034 1209 esse,
2064 1148 2126 1215 ut

539 1239 690 1307 quasi
737 1237 1082 1308 prmeipiteris
1109 1257 1121 1292 :
1151 1252 1255 1291 non
1300 1237 1371 1291 ita
1423 1234 1515 1290 tibi
1564 1233 1824 1289 videatur.
1851 1232 1942 1288 Ille
1968 1232 2118 1299 dixit,

539 1328 744 1383 leum
788 1336 842 1382 et
892 1336 1088 1382 terram
1136 1342 1235 1398 ego
1287 1326 1482 1396 impleo
1532 1324 1742 1397 (Jerem.
1797 1340 1953 1393 xxnn,
2005 1321 2121 1394 24).

539 1419 808 1488 Nusquam
857 1418 948 1473 tibi
995 1417 1186 1474 deest:
1212 1428 1266 1473 tu
1299 1416 1370 1471 illi
1416 1414 1524 1471 noli
1568 1414 1777 1483 deesse,
1811 1423 1864 1470 tu
1894 1402 1984 1470 tibi
2017 1414 2125 1470 noli

542 1509 748 1575 deesse,
781 1508 1028 1563 Dominus
1049 1525 1222 1562 curam
1246 1504 1390 1562 habet
1415 1507 1532 1561 mei.

608 1602 697 1655 28.
720 1599 938 1673 Adjutor
967 1618 1108 1656 meus
1134 1610 1178 1655 et
1197 1608 1446 1672 protector
1468 1608 1605 1654 meus
1622 1608 1673 1653 tu
1690 1614 1741 1653 es
1763 1614 1781 1654 :
1802 1596 1942 1653 Deus
1963 1608 2119 1681 meus,

540 1710 601 1747 ne
631 1693 922 1747 tardaveris.
950 1690 1467 1763 lnvocat,implorat,
1488 1692 1638 1746 timet
1660 1706 1726 1746 ne
1752 1688 1964 1745 deﬁciat
1997 1708 2009 1744 :
2041 1686 2125 1743 Ne

542 1785 833 1839 tartlaveris.
859 1783 993 1852 Quid
1021 1790 1125 1851 est,
1144 1782 1224 1837 Ne
1252 1782 1529 1837 tordaveris
1545 1784 1571 1838 .’
1595 1778 1713 1837 Nisi
1743 1780 1947 1837 breviati
1967 1790 2126 1835 essent

542 1877 648 1931 dies
675 1877 770 1941 illi,
790 1893 890 1931 non
918 1878 1057 1947 ﬁeret
1083 1876 1222 1930 salva
1252 1877 1415 1930 omnis
1434 1892 1552 1930 caro
1579 1874 1789 1948 (Matth.
1816 1890 1964 1942 xxiv,
1985 1866 2080 1944 2‘2)
2106 1891 2121 1929 :

540 1956 702 2022 modo
730 1966 923 2022 Icelum
942 1972 1045 2034 est,
1064 1968 1131 2023 de
1151 1967 1339 2022 diebus
1356 1964 1776 2023 tribulationum.
1800 1965 1960 2035 Quasi
1977 1964 2123 2022 enim

541 2073 677 2115 unus
692 2059 852 2115 homo
870 2068 1017 2131 rogat
1036 2060 1223 2127 Deum,
1242 2059 1479 2115 membra
1494 2058 1912 2131 Christi,corpns
1923 2056 2125 2114 Christi

539 2150 1020 2222 ubiquediﬁ'usum,
1038 2164 1175 2206 unus
1194 2150 1494 2217 mendicus,
1511 2164 1646 2205 unus
1675 2162 1902 2221 pauper;
1931 2146 2050 2220 quia
2072 2157 2127 2205 et

541 2240 627 2296 ille
646 2258 865 2313 pauper,
883 2242 970 2313 qui
989 2241 1138 2297 dives
1156 2256 1356 2313 pauper
1383 2240 1551 2296 factus
1568 2250 1669 2308 est,
1688 2240 1756 2296 de
1770 2256 1874 2311 quo
1899 2240 1971 2295 ait
1990 2241 2125 2312 Ap'o-

539 2335 708 2391 Stolus
730 2334 887 2391 :Cum
905 2335 1041 2389 dives
1061 2344 1207 2400 esset,
1234 2351 1428 2406 pauper
1449 2338 1612 2406 factus
1630 2344 1721 2400 est,
1748 2343 1801 2387 ut
1817 2332 1976 2404 ipsius
1994 2350 2125 2405 pau-

540 2436 729 2499 pertate
746 2444 832 2483 vos
866 2427 1153 2482 ditaremini
1178 2425 1255 2497 (ll
1276 2425 1395 2483 Cor.
1418 2443 1533 2494 vni,
1562 2426 1662 2499 9):
1684 2441 1841 2483 veros
1866 2440 2126 2499 pauperes

538 2521 691 2589 ditat,
712 2520 872 2577 falsos
887 2520 1078 2577 divites
1095 2526 1368 2591 pauperat.
1388 2518 1594 2574 Clamat
1615 2517 1681 2574 ad
1694 2534 1812 2574 eum
1837 2535 1849 2572 :
1870 2517 1913 2571 A
1934 2516 2122 2585 ﬁnibus

539 2621 686 2667 terra:
700 2610 766 2665 ad
778 2618 824 2665 te
844 2611 1075 2678 clamavi,
1090 2620 1205 2665 cunt
1223 2609 1424 2664 twderet
1437 2606 1657 2663 animam
1674 2624 1834 2663 meam
1851 2606 2121 2679 (Psal.t.x,

537 2702 614 2774 3).
644 2703 874 2758 Venient
894 2703 1009 2758 dies
1043 2701 1440 2757 tribulationum
1468 2709 1521 2756 et
1546 2698 1807 2772 majorum
1831 2699 2127 2755 tribulatio-

536 2810 664 2850 num
678 2797 718 2848 ἐ
740 2795 975 2863 venient,
993 2796 1131 2851 sicut
1144 2794 1273 2850 dicit
1290 2793 1563 2866 Scriptura
1579 2809 1599 2861 ;
1616 2801 1669 2851 et
1684 2806 1939 2865 quantum
1967 2806 2125 2849 asce-

536 2888 669 2944 dunt
695 2888 830 2956 dies,
851 2897 1113 2961 augentur
1130 2887 1519 2944 tribulationes.
1537 2886 1706 2944 Nemo
1735 2886 1835 2943 sibi
1854 2887 2128 2959 promittat

536 2980 675 3052 quod
703 2978 1045 3053 Evangelium
1076 2995 1178 3035 non
1201 2982 1490 3052 promittit.
1514 2979 1731 3037 Fratres
1748 2980 1872 3049 mei,
1900 2981 2125 3037 obsecro

541 3090 654 3140 vos,
674 3075 929 3130 attendite
944 3075 1244 3145 Scripturas
1267 3084 1498 3135 nostras,
1516 3073 1563 3129 si
1579 3072 1779 3144 aliquid
1800 3072 2121 3141 fefellerunt;

537 3168 581 3221 si
596 3167 794 3237 aliquid
816 3166 1085 3233 dixerunt,
1105 3172 1159 3222 et
1172 3167 1327 3222 aliter
1346 3163 1716 3237 acciditquam
1733 3165 2010 3222 dixerunt:
2026 3181 2125 3224 ne-

537 3274 690 3316 cesse
706 3268 807 3325 est,
826 3269 881 3314 ut
900 3274 1065 3331 usque
1080 3260 1135 3314 in
1153 3258 1312 3315 linem
1329 3259 1407 3315 sic
1424 3260 1554 3314 ﬁant
1564 3259 1765 3327 omnia,
1782 3259 2127 3330 quemadmo-

536 3352 662 3408 dn'm
680 3351 946 3408 dixerunt.
974 3350 1091 3407 Non
1112 3351 1266 3407 nobis
1294 3351 1605 3421 promittunt
1621 3348 1912 3422 Scriptura:
1928 3363 2126 3407 nostrae

539 3442 590 3498 in
612 3442 714 3499 hoc
731 3442 945 3510 saeculo,
972 3440 1072 3499 nisi
1089 3444 1480 3509 tribulationes,
1505 3456 1807 3515 pressurus,
1828 3445 2121 3516 angustias,

536 3545 818 3607 augmenta
863 3535 1144 3604 dolorum,
1195 3536 1577 3593 abundantiam
1626 3538 2000 3593 tentationum.
2044 3537 2125 3593 Ad

540 3627 636 3683 ista
667 3642 764 3684 nos
801 3623 1067 3699 pnecipite
1110 3640 1376 3699 paremus,
1410 3645 1477 3685 ne
1519 3630 1762 3701 imparati
1792 3628 2123 3685 deﬁciamus.

549 3718 635 3774 Va:
682 3719 1057 3791 prazgnantibus
1086 3729 1133 3774 et
1161 3720 1549 3775 mammantibus
1569 3719 1778 3793 (Matth.
1811 3736 1963 3790 xxrv,
1993 3721 2082 3794 i9)
2108 3739 2122 3776 :

537 3810 697 3866 modo
748 3810 991 3866 audistis.
1044 3811 1386 3883 Prazguantes
1428 3820 1584 3880 sunt,
1630 3813 1722 3882 qui
1768 3827 1863 3883 spe
1890 3813 2125 3869 intume-

537 3909 692 3956 scunt
721 3920 734 3957 :
766 3911 1121 3958 mammantes
1156 3912 1357 3970 autem,
1383 3900 1435 3957 id
1464 3911 1548 3959 est
1572 3903 1829 3959 lactantes
1849 3944 1863 3967 ,
1893 3903 1983 3974 qui
2013 3903 2124 3974 jam

545 3992 723 4063 adepti
751 4000 875 4048 sunt
920 3990 1060 4064 quod
1095 3993 1496 4064 concupierant.
1526 3994 1736 4050 Etenim
1763 3995 1956 4049 mulier
1986 4009 2125 4065 pras—

537 4094 706 4155 gnans
752 4084 805 4141 in
850 4096 945 4156 Spe
973 4093 1139 4141 tumet
1175 4083 1289 4152 ﬁlii,
1329 4086 1564 4141 nondum
1595 4084 1738 4141 videt
1767 4084 1932 4141 lilium
1963 4101 1974 4139 :
2006 4102 2126 4158 quae

539 4184 716 4232 autem
758 4175 868 4247 jam
916 4176 1097 4244 lactat,
1121 4175 1460 4248 amplectitur
1505 4176 1645 4249 quod
1686 4177 1954 4248 sperabat.
1983 4177 2124 4250 Ergo

538 4268 962 4337 similitudinem,
993 4267 1143 4324 verbi
1167 4266 1359 4339 gratia,
1386 4282 1649 4339 ponamus
1679 4285 1693 4323 :
1723 4266 1869 4324 Bona
1897 4278 1978 4323 est
2022 4267 2123 4324 ista

535 4360 658 4417 villa
709 4358 872 4416 vicini
907 4377 922 4416 :
954 4373 987 4415 o
1017 4358 1063 4415 si
1093 4374 1211 4415 mea
1240 4358 1449 4426 esset';
1483 4356 1828 4430 adjungerem
1866 4356 2037 4426 illam,
2069 4368 2125 4415 et

536 4450 768 4509 facerem
793 4450 862 4510 de
902 4452 1007 4509 isto
1053 4452 1216 4509 tundo
1260 4461 1313 4508 et
1350 4451 1416 4508 de
1447 4450 1538 4507 illo
1579 4453 1857 4507 unitatem.
1887 4451 2045 4506 Amat
2070 4461 2125 4507 et

535 4544 754 4600 avaritia
770 4545 1048 4600 unitatem:
1072 4541 1212 4615 quod
1235 4553 1376 4599 amat
1395 4543 1591 4599 bonum
1607 4551 1709 4611 ρει,
1729 4542 1823 4599 sed
1838 4541 1925 4599 ubi
1938 4552 2125 4598 aman-

535 4635 663 4692 dum
684 4634 773 4702 sit,
803 4635 995 4691 nescit.
1026 4630 1165 4691 Ecce
1184 4630 1490 4705 concupivit
1515 4633 1695 4689 villam
1723 4633 1984 4705 proximi;
2027 4634 2124 4690 sed

536 4726 637 4782 iste
656 4725 927 4796 proximus
937 4724 1088 4782 dives
1103 4735 1205 4792 est,
1219 4740 1325 4780 non
1338 4724 1604 4796 indigens,
1619 4724 1824 4780 habens
1836 4724 2118 4792 honorem,

535 4814 598 4871 ha
609 4816 738 4872 bens
765 4816 925 4872 etiam
954 4817 1267 4889 potentiam,
1300 4832 1329 4872 a
1361 4816 1513 4887 cujus
1536 4816 1673 4873 forte
1698 4817 1859 4872 etiam
1887 4816 2123 4887 potentia

536 4909 630 4964 tibi
660 4906 1001 4964 metuendum
1030 4909 1119 4975 sit,
1150 4925 1255 4966 non
1285 4908 1353 4966 de
1379 4909 1518 4965 illius
1558 4908 1722 4967 limdo
1763 4911 1964 4983 aliquid
1994 4928 2121 4983 spe-

533 4999 758 5055 randum
784 5015 800 5054 :
824 4998 956 5055 nihil
997 5008 1218 5072 sperans
1265 5016 1373 5056 non
1419 5000 1672 5073 concipit,
1702 5016 1810 5057 non
1855 5010 1938 5057 est
1978 5016 2120 5073 pra:-

534 5098 704 5160 gnans
733 5089 931 5147 soluta.
951 5089 1007 5147 Si
1032 5106 1162 5147 vero
1181 5091 1331 5163 juxta
1360 5090 1565 5147 vicinus
1587 5091 1659 5148 sit
1684 5105 1903 5164 pauper,
1927 5086 2017 5165 qui
2037 5094 2124 5151 vel

533 5183 587 5238 in
640 5182 958 5240 necessitate
1004 5182 1211 5254 positus
1261 5192 1346 5241 est
1370 5226 1387 5254 ,
1432 5192 1491 5240 ut
1534 5184 1706 5257 possit
1727 5184 1994 5253 Vendere,
2039 5185 2124 5242 vel

532 5277 704 5349 premi
754 5286 967 5349 potest,
1021 5286 1081 5333 ut
1120 5288 1341 5349 cogatur
1393 5278 1659 5347 vendere,
1707 5279 1942 5351 injicitur
1985 5290 2118 5337 ocu-

535 5371 651 5437 Ius,
708 5370 955 5442 speratur
990 5370 1115 5426 villa
1146 5387 1159 5425 :
1189 5366 1534 5444 impr-(agnata
1580 5380 1663 5427 est
1708 5372 1904 5438 anima,
1936 5380 2118 5442 sperat

530 5479 590 5520 se
630 5478 787 5535 posse
833 5464 1056 5535 adipisci
1098 5465 1336 5519 villulam
1393 5474 1448 5520 et
1509 5465 1905 5535 possessionem
1951 5466 2109 5521 vicini

531 5556 799 5626 pauperis.
832 5555 899 5610 Et
930 5571 1053 5612 eum
1083 5556 1283 5627 patitur
1328 5555 1431 5611 iste
1472 5570 1671 5627 pauper
1711 5557 2109 5627 necessitatem,

586 5714 614 5786 ,ξ
636 5711 772 5786 βάθη
810 5711 1032 5786 protegit.
1057 5711 1226 5764 Plures
1242 5718 1373 5775 nam,
1407 5716 1637 5779 proteget.
1667 5719 1878 5773 Quatuor
1896 5750 1911 5777 ,
1937 5716 2110 5777 portet.

638 5907 769 5964 Mss,
790 5908 830 5951 ο
865 5900 910 5952 si
929 5911 1039 5952 mea
1057 5898 1269 5953 essetin
1290 5898 1664 5965 siadjunaerem
1693 5898 1829 5950 illam
1851 5899 1871 5951 l

1729 370 1791 434 S.
1834 368 2196 430 AUGUSTINI
2234 362 2534 431 EPISCOPI

2188 5988 2197 5996 ο

2228 492 2370 546 venit
2394 491 2459 546 ad
2507 490 2754 546 ditiorem
2795 490 3024 549 vicinum
3073 507 3247 562 suum,
3276 493 3361 550 cui
3405 494 3543 552 forte
3584 495 3809 570 obsequi
3844 478 3850 482 ⁸

2224 584 2378 650 solet,
2406 584 2489 638 cui
2522 582 2750 649 deferre,
2778 584 2864 639 cui
2906 583 3139 640 venienti
3192 601 3490 659 assurgere,
3534 580 3689 660 quem
3722 586 3835 644 ins'

2224 676 2422 730 clinato
2465 675 2639 746 capite
2701 675 2974 730 salutare:
3007 676 3078 730 Da
3122 676 3284 744 mihi,
3326 693 3453 750 rogo
3498 687 3588 747 te;
3633 680 3810 763 patior

2225 769 2614 833 necessitatem,
2649 784 2840 841 urgeor
2863 784 2893 823 a
2920 768 3202 825 creditore.
3233 766 3302 825 Et
3337 771 3426 826 ille
3458 789 3470 824 :
3498 768 3611 827 Non
3636 772 3811 831 habeo

2225 862 2384 919 modo
2415 863 2466 919 in
2491 859 2755 919 manibus.
2773 861 2829 918 Si
2856 862 3016 919 vellet
3042 861 3293 932 vendere,
3327 862 3545 920 haberet
3567 864 3605 918 ί.
3628 868 3811 937 Agno-

2225 955 2424 1011 scimus
2452 956 2551 1010 hoc
2583 972 2597 1009 ι
2631 954 2842 1010 fuerunt
2866 955 2919 1009 in
2948 954 3116 1021 nobis,
3146 954 3256 1026 jam
3285 972 3391 1011 non
3417 957 3522 1011 sint
3549 958 3599 1012 in
3631 959 3807 1014 nobis.

2223 1045 2411 1103 Nonne
2452 1045 2702 1102 hesterno
2726 1045 2973 1112 viximus,
3005 1054 3059 1101 et
3086 1045 3245 1102 hodie
3282 1047 3541 1102 vivimus?
3573 1049 3665 1104 Est
3689 1065 3810 1105 cor-

2226 1136 2428 1209 rigendi
2446 1137 2620 1204 locus;
2642 1136 2873 1193 nondum
2887 1136 3023 1193 facta
3048 1145 3130 1194 est
3146 1137 3231 1192 illa
3248 1137 3549 1210 disjunctio,
3583 1141 3811 1197 aliorum

2225 1227 2291 1284 ad
2321 1227 2616 1297 dexteram,
2663 1228 2887 1285 aliorum
2908 1226 2975 1284 ad
3005 1230 3271 1285 sinistram
3294 1228 3508 1299 (Matth.
3540 1232 3811 1303 xxv,55);

2227 1322 2457 1379 nondum
2484 1323 2623 1395 apud
2653 1323 2851 1379 inferos
2868 1338 3076 1390 sumus,
3099 1323 3187 1380 ubi
3206 1323 3353 1379 dives
3368 1322 3456 1379 ille
3483 1324 3600 1392 fuit,
3621 1326 3815 1382 sitiens

2226 1424 2278 1471 et
2303 1416 2499 1471 stillam
2517 1414 2826 1472 desiderans
2856 1415 3140 1489 (Luc.xvr,
3171 1414 3264 1490 22)
3308 1435 3323 1472 :
3369 1416 3648 1473 audiamus
3687 1434 3813 1474 cum

2226 1506 2472 1575 vivimus,
2490 1508 2840 1578 corrigamur.
2865 1504 2981 1562 Non
2998 1521 3276 1577 speremus
3291 1521 3378 1562 res
3393 1506 3613 1575 alienas,
3629 1516 3686 1563 et
3714 1509 3815 1562 im-

2226 1598 2483 1675 praignati
2532 1610 2829 1656 tumeamus
2862 1617 2875 1654 :
2908 1616 3007 1656 nec
3050 1600 3423 1672 perveniamus
3466 1597 3532 1655 ad
3575 1601 3733 1667 illas,
3762 1610 3815 1657 et

2227 1692 2318 1748 ‘eas
2362 1690 2705 1764 adipiscendo
2745 1684 2993 1762 tanquam
3028 1689 3167 1747 ﬁlios
3193 1691 3517 1747 osculemur.
3554 1688 3646 1745 Va:
3682 1690 3816 1746 enim

2227 1786 2602 1861 praegnantibus
2624 1794 2672 1841 et
2697 1783 3084 1839 memorantibus
3124 1782 3230 1839 illis
3275 1783 3469 1838 diebus.
3499 1783 3814 1838 Mutandum

2227 1888 2308 1936 est
2337 1895 2448 1947 cor,
2469 1877 2753 1935 levandum
2774 1883 2858 1934 est
2883 1891 2997 1943 cor,
3019 1890 3122 1931 non
3141 1875 3226 1931 hic
3247 1873 3591 1931 habitandum
3613 1875 3812 1931 corde:

2226 1970 2362 2026 mala
2391 1971 2535 2041 regio
2563 1968 2917 2025 eat.Sufﬁciat
2935 1966 3075 2039 quod
3097 1964 3273 2022 adhuc
3292 1982 3453 2022 carne
3473 1967 3561 2022 hic
3582 1980 3706 2022 esse
3732 1966 3815 2023 ne-

2227 2077 2376 2120 cesso
2396 2071 2506 2127 est;
2529 2060 2670 2133 quod
2694 2075 2798 2115 non
2816 2069 2899 2116 est
2919 2070 3158 2125 necesse,
3184 2074 3289 2114 non
3310 2056 3400 2113 ﬁat
3419 2076 3432 2113 :
3454 2058 3686 2113 sufﬁciat
3712 2056 3816 2114 diei

2227 2154 2425 2211 malitia
2455 2169 2551 2210 sua
2573 2144 2784 2229 (Matth.
2811 2168 2884 2219 vr,
2906 2151 2995 2226 54)
3016 2169 3030 2218 ;
3054 2162 3268 2206 sursum
3291 2148 3454 2206 corde
3480 2148 3809 2208 habitemus.

2228 2248 2290 2308 Si
2317 2246 2607 2304 surrexistis
2645 2262 2758 2302 cum
2789 2244 3009 2314 Christo,
3032 2236 3161 2301 dicit
3193 2243 3435 2301 ﬁdelibus
3469 2286 3485 2312 ,
3514 2258 3717 2314 corpus
3763 2254 3818 2301 et

2227 2341 2536 2411 sanguinem
2565 2332 2771 2394 Domini
2800 2336 3184 2409 accipientibus
3202 2334 3353 2403 dicit,
3375 2333 3436 2391 Si
3471 2334 3819 2391 retur-resistis

2226 2449 2341 2488 cuni
2366 2431 2583 2498 Christo,
2611 2444 2724 2503 qua:
2761 2446 2963 2485 sursum
3006 2437 3123 2483 sunt
3162 2428 3341 2499 sapite,
3373 2424 3458 2482 ubi
3486 2426 3723 2483 Christus
3747 2438 3818 2483 est

2226 2524 2280 2577 in
2312 2523 2519 2577 dextera
2553 2520 2647 2575 Dei
2671 2520 2883 2585 sedens;
2907 2534 3020 2591 qua:
3061 2534 3262 2575 sursum
3289 2527 3405 2572 sunt
3445 2518 3680 2590 qurert'le,
3716 2534 3815 2572 non

2227 2633 2342 2689 qua:
2370 2634 2522 2690 super
2550 2622 2752 2671 terram.
2781 2614 2970 2669 Μονιηὶ
3000 2614 3133 2668 enim
3162 2612 3296 2677 estis,
3318 2621 3364 2668 et
3388 2613 3489 2668 vita
3510 2623 3677 2668 vestra
3705 2613 3818 2667 abs-

2226 2708 2430 2764 condita
2459 2718 2530 2764 est
2570 2723 2683 2763 cum
2726 2705 2925 2762 Christo
2950 2702 3001 2759 in
3024 2702 3135 2759 Deo
3165 2704 3382 2776 (Coloss.
3422 2719 3497 2769 ut,
3525 2700 3675 2775 4-3).
3703 2702 3816 2759 Non

2226 2804 2368 2858 enim
2412 2810 2637 2873 apparet
2661 2799 2804 2871 quod
2832 2798 2984 2854 vobis
3013 2797 3333 2869 promissum
3357 2807 3469 2852 est:
3498 2806 3553 2852 et
3573 2797 3687 2867 jam
3721 2808 3814 2866 pa-

2226 2899 2400 2948 ratum
2447 2900 2551 2961 est,
2596 2888 2693 2947 sed
2733 2905 2839 2946 non
2882 2886 3095 2945 videtis.
3149 2884 3488 2960 lmprzrgnari
3534 2889 3633 2953 vis,
3698 2887 3819 2943 hinc

2227 2966 2609 3056 imprzegnare;
2656 2985 2770 3055 ipsa
2827 2982 2897 3038 sit
2939 2996 3061 3053 spes
3097 2991 3183 3036 tua
3223 2998 3235 3035 :
3271 2991 3450 3037 certus
3488 2984 3591 3037 erit
3633 2992 3819 3052 partus

2228 3085 2368 3146 tuus,
2385 3094 2490 3133 non
2520 3078 2625 3133 erit
2650 3074 2945 3143 abortivus,
2978 3090 3083 3131 non
3110 3074 3419 3146 temporalis
3442 3092 3454 3128 :
3475 3074 3817 3147 amplecteris

2226 3169 2368 3242 quod
2413 3168 2687 3241 pepereris
2727 3169 2783 3223 in
2826 3175 3105 3224 aeternum.
3156 3164 3246 3222 Sic
3286 3165 3430 3221 enim
3479 3181 3579 3235 per
3623 3166 3816 3222 Isaiam

2227 3258 2422 3316 dicitur
2453 3277 2467 3315 :
2497 3256 2828 3329 Concepimus
2866 3268 2915 3314 et
2962 3258 3321 3330 parturivimus
3362 3258 3597 3327 spiritum
3626 3254 3813 3313 salutis

2232 3348 2382 3425 (Isai.
2404 3366 2551 3418 xxvi,
2576 3350 2689 3422 18).
2713 3350 2851 3421 Ergo
2872 3348 2946 3421 (a)
2968 3357 3111 3405 retro
3137 3344 3237 3416 est,
3256 3356 3313 3403 et
3328 3362 3431 3403 non
3454 3348 3611 3404 datur
3628 3349 3815 3417 modo,

2227 3442 2320 3501 sed
2360 3444 2589 3500 dabitur.
2620 3442 2826 3510 Quanta
2867 3438 2990 3497 data
3024 3453 3167 3510 sunt,
3203 3441 3393 3498 fratres
3419 3443 3542 3508 mei,
3575 3442 3700 3513 quis
3728 3441 3819 3498 illa

2229 3546 2472 3595 numerat
2512 3535 2807 3593 secundum
2857 3531 3194 3605 Scripturas?
3226 3534 3300 3590 lbi
3340 3534 3595 3606 scriptum
3642 3531 3818 3592 estde

2229 3620 2491 3696 Ecclesia,
2523 3636 2578 3683 ct
2598 3628 2807 3683 videtur
2833 3627 2954 3698 quia
2984 3638 3097 3693 eet;
3126 3628 3196 3682 ibi
3228 3628 3482 3698 scriptum
3513 3634 3596 3682 est
3615 3627 3687 3684 de
3706 3628 3821 3683 ido-

2229 3720 2293 3776 lis
2358 3722 2479 3792 quia
2530 3735 2634 3776 non
2665 3729 2857 3790 erunt,
2902 3730 2955 3776 et
2998 3720 3209 3776 videtur
3250 3720 3370 3791 quia
3412 3736 3518 3775 non
3560 3729 3720 3788 sunt;
3749 3720 3819 3778 ibi

2228 3814 2482 3882 scriptum
2508 3821 2591 3867 est
2633 3813 2752 3884 quia
2796 3811 3056 3883 perdituri
3098 3820 3249 3868 erant
3276 3810 3446 3867 Judzei
3486 3822 3737 3882 regnum,
3766 3821 3821 3867 et

2227 3904 2463 3971 videtur;
2504 3900 2576 3959 ibi
2635 3903 2892 3975 scriptum
2940 3908 3023 3960 est
3064 3903 3132 3959 de
3176 3905 3463 3969 hrereticis,
3507 3904 3628 3975 quia
3652 3903 3819 3960 futuri

2227 4004 2396 4063 erant,
2429 4004 2482 4051 et
2526 3995 2735 4052 videtur
2765 4014 2780 4053 :
2814 3996 2885 4052 ibi
2926 3997 3182 4067 scriptum
3211 4005 3293 4053 est
3320 4006 3375 4053 et
3399 3994 3466 4052 de
3494 3997 3580 4052 die
3597 3994 3818 4067 iudicii;

2230 4087 2303 4145 ibi
2336 4089 2593 4159 scriptum
2624 4098 2707 4145 est
2736 4089 2878 4145 etde
2905 4091 3125 4158 praemio
3166 4088 3447 4157 bonorum,
3475 4097 3531 4145 et
3549 4086 3615 4145 de
3658 4102 3822 4165 pinna

2228 4180 2490 4237 malorum
2523 4198 2535 4235 :
2570 4180 2621 4235 in
2652 4180 2901 4237 omnibus
2934 4182 3101 4237 Deum
3147 4181 3358 4237 ﬁdelem
3405 4178 3735 4249 invenimus;
3767 4182 3819 4238 in

2226 4274 2414 4329 ultimo
2453 4272 2661 4329 deﬁciet
2687 4279 2739 4328 et
2768 4272 2950 4328 fallet?
2974 4270 3224 4328 Dominus
3262 4290 3436 4328 curam
3457 4270 3652 4329 habebit
3697 4276 3817 4329 mei.

2227 4366 2449 4438 Adjutor
2477 4383 2615 4421 utens
2647 4375 2691 4420 et
2718 4376 2968 4438 protector
3013 4378 3152 4421 incus
3193 4374 3247 4420 tu
3275 4383 3371 4422 es:
3404 4366 3537 4422 Deus
3562 4376 3729 4434 meus,
3762 4383 3819 4423 ne

2227 4458 2521 4513 tardaveris.
2538 4457 2654 4512 Nisi
2672 4460 3043 4512 mittorarerttur
3070 4458 3174 4513 dies
3199 4458 3296 4526 illi,
3324 4460 3465 4513 nulla
3480 4475 3598 4513 caro
3628 4460 3819 4529 perdu-

2225 4559 2359 4605 raret
2379 4549 2498 4604 :sed
2518 4558 2723 4621 propter
2741 4550 2922 4604 electos
2943 4548 3293 4604 breviabnntur
3309 4546 3686 4621 (Mattthtv,
3700 4550 3818 4622 εξ).

2228 4639 2350 4696 Dies
2374 4639 2449 4694 illi
2476 4647 2634 4695 erunt
2660 4639 3035 4705 tribulationis,
3059 4640 3152 4696 sed
3182 4656 3289 4696 non
3313 4652 3416 4697 tam
3448 4644 3589 4713 longi
3606 4639 3627 4675 ¹
3649 4644 3817 4714 quam

2226 4741 2528 4805 sperantur.
2557 4732 2676 4788 Cito
2707 4733 2782 4787 illi
2823 4733 3152 4801 transibunt;
3180 4735 3395 4806 requies
3439 4734 3658 4791 veniens
3711 4752 3817 4791 non

2227 4824 2496 4881 transibit.
2524 4824 2840 4895 Quanquam
2871 4824 3110 4897 longum,
3135 4823 3264 4881 ferri
3289 4822 3471 4882 debuit
3491 4826 3694 4881 malum
3727 4840 3823 4899 pro

2226 4915 2433 4971 inﬁnito
2462 4917 2622 4972 bono.

2706 5062 2795 5125 IN
2837 5061 3221 5125 PSALMUM
3262 5063 3377 5127 XL

2814 5180 3232 5239 ENARRATIO.

2713 5280 2889 5330 Staio
2907 5286 2976 5328 an
3007 5284 3212 5330 Paene:
3252 5272 3352 5346 (lt).

2300 5386 2352 5440 t.
2380 5384 2642 5454 Quoniam
2676 5382 2932 5440 solemnis
2973 5384 3087 5440 dies
3118 5382 3405 5458 Martyrum
3454 5380 3660 5454 illuxit;
3691 5401 3826 5457 pro-

2225 5485 2345 5548 pter
2364 5477 2585 5549 gloriam
2603 5478 2868 5548 passionis
2894 5476 3093 5533 Christi
3124 5476 3463 5549 imperatoris
3480 5486 3779 5551 martyrum
3807 5518 3824 5545 ,

2448 5595 2574 5700 Eas...
2596 5586 2649 5639 in
2670 5587 2907 5640 trionibus.
2938 5588 3060 5641 Velit
3090 5588 3225 5651 nolit,
3251 5589 3457 5641 vendas
3478 5587 3635 5641 habet.
3661 5602 3821 5657 (rgno.

2288 5684 2670 5781 ξ’λἭέιιῖὄῖῃεεη
2693 5709 3034 5781 breviabe
3049 5712 3154 5766 am
3174 5711 3266 5781 illi.
3291 5721 3440 5766 ετωιε
3456 5711 3815 5781 tribulationes,

2227 5772 2797 5862 ωςιεηλιξῖ
2818 5776 3038 5827 nonnulli
3061 5792 3074 5828 :
3101 5776 3187 5828 sed
3216 5789 3309 5829 non
3341 5782 3446 5831 tam
3480 5777 3636 5841 longe.
3784 5802 3788 5807 -

2290 5838 2367 5964 ig;
2389 5838 3001 5965 ξηωιῐίθείιιᾝιῗὲἑιὶῆωιθ
3022 5901 3219 5954 habitus
