4042 6478
207 469 286 542 qui
317 465 417 522 sibi
447 479 554 520 non
587 462 826 536 pepercit
851 459 1106 518 militibus
1127 459 1394 531 imperans
1417 473 1666 530 pugnam,
1688 456 1781 513 sed

210 561 348 632 prior
369 558 646 628 pugnavit,
672 555 817 626 prior
843 554 987 620 vicit,
1013 561 1070 608 ut
1096 559 1390 623 pugnantes
1419 549 1669 620 exemplo
1689 563 1788 604 suo

209 654 529 713 hortaretur,
549 657 603 704 et
618 647 891 717 majestate
915 657 1009 700 sua
1033 645 1327 714 adjuvaret,
1349 652 1402 700 et
1431 641 1789 714 promissione

207 749 506 806 ςοτηιιπει,
550 737 826 794 audiamus
875 735 1073 806 aliquid
1123 737 1174 791 in
1221 736 1326 791 isto
1367 734 1595 804 psalmo,
1645 731 1788 803 quod

207 833 468 904 p~rtineat
507 830 574 885 ad
601 831 716 900 ejus
761 817 1082 899 passionem.
1111 825 1564 882 Commendamus
1610 833 1787 879 autem

208 926 412 993 sacpius,
462 937 564 976 nec
601 935 699 976 nos
740 922 882 992 piget
930 921 1123 976 iterare
1165 919 1306 990 quod
1350 918 1504 975 vobis
1546 917 1677 972 utile
1703 924 1790 972 est

212 1017 466 1080 retinere,
499 1013 781 1068 Dominum
805 1017 1042 1067 nostrum
1064 1010 1244 1066 Jesuin
1262 1009 1534 1066 Christum
1553 1009 1786 1079 plerum-

209 1123 300 1176 que
324 1106 468 1175 quui
493 1119 560 1159 ex
583 1117 659 1168 se,
686 1103 736 1158 id
756 1111 837 1158 est
884 1119 950 1160 ex
979 1115 1206 1172 persona
1230 1115 1346 1166 sua,
1366 1099 1509 1172 quod
1530 1110 1614 1156 est
1631 1107 1790 1168 caput

209 1207 476 1262 nostrum;
511 1197 822 1266 plerumque
850 1211 914 1250 ex
951 1209 1176 1264 persona
1220 1194 1462 1264 corporis
1498 1193 1603 1259 sui,
1644 1192 1788 1262 quod

210 1305 384 1346 sumus
413 1305 514 1343 nos
551 1297 606 1342 et
633 1287 870 1342 Ecclesia
913 1287 1060 1357 ejus;
1093 1285 1189 1340 sed
1216 1287 1287 1340 ita
1331 1284 1482 1354 quasi
1529 1299 1595 1338 ex
1631 1283 1787 1338 unius

212 1381 436 1434 hominis
464 1382 590 1436 ore‘
620 1395 812 1436 sonare
850 1378 1031 1441 verba,
1062 1385 1120 1432 ut
1165 1377 1522 1445 intelligamus
1549 1383 1709 1444 caput
1733 1382 1788 1430 et

211 1487 394 1541 corpus
419 1473 474 1528 in
509 1472 712 1528 unitate
749 1470 1070 1541 integritatis
1097 1469 1416 1531 wnsistere,
1441 1481 1540 1521 nec
1565 1480 1786 1536 separa-

211 1565 244 1620 ri
283 1565 352 1618 ab
383 1564 643 1626 invicem;
675 1571 924 1632 tanquam
973 1559 1275 1629 conjugium
1307 1557 1455 1623 illud,
1481 1556 1549 1612 de
1574 1571 1680 1626 quo
1699 1555 1788 1612 di-

212 1666 337 1711 ctum
388 1666 474 1712 est
507 1675 520 1710 :
551 1655 716 1711 Erunt
759 1655 862 1710 duo
905 1655 960 1710 in
998 1668 1150 1708 carne
1186 1668 1288 1708 una
1321 1650 1471 1724 (Gen.
1512 1665 1570 1716 ll,
1615 1650 1707 1716 24,
1737 1657 1786 1708 et

211 1747 464 1818 Ephes.v,
492 1747 677 1819 31).Si
707 1761 836 1817 ergo
875 1745 1210 1816 agnoscimus
1234 1743 1370 1798 duos
1394 1743 1446 1798 iu
1468 1757 1631 1798 carne
1658 1757 1784 1809 una,

208 1855 552 1912 agnoscamus
579 1840 714 1896 duos
758 1841 812 1895 in
839 1853 968 1894 voce
1020 1852 1145 1894 una.
1177 1837 1359 1894 Primo
1399 1836 1541 1907 quod
1588 1836 1785 1907 legenti

209 1933 585 2005 respondentes
599 1932 952 1998 cantavimus,
966 1946 1266 2002 quanquam
1288 1929 1356 1986 de
1377 1929 1555 1985 medio
1574 1928 1786 1984 Psalmo

207 2028 284 2093 sit,
316 2026 442 2081 hinc
470 2035 651 2081 tamen
689 2025 954 2080 sermonis
979 2023 1237 2078 ducamus
1261 2021 1558 2076 exordium.
1583 2018 1788 2074 Inimici

209 2118 293 2172 mei
321 2119 566 2172 dixerunt
619 2117 759 2170 mala
793 2115 916 2170 mihi
947 2132 961 2169 :
992 2112 1209 2178 Quando
1245 2113 1508 2176 morietur,
1530 2120 1576 2166 et
1608 2109 1786 2181 peribit

208 2225 373 2268 nomen
423 2210 556 2277 ejus.
605 2207 837 2264 Persona
881 2214 966 2263 est
1013 2207 1128 2260 haec
1180 2204 1385 2260 Domini
1441 2204 1608 2258 nostri
1659 2201 1785 2259 Jesu

207 2302 390 2360 Christi
411 2320 425 2355 :
443 2301 541 2357 sed
561 2300 757 2366 videte,
775 2299 820 2355 si
840 2314 946 2355 non
964 2298 1036 2354 ibi
1063 2297 1426 2367 intelliguntur
1449 2305 1501 2351 et
1522 2295 1780 2349 membra.

206 2396 402 2452 Dictum
450 2403 535 2450 est
561 2403 616 2448 ct
646 2393 766 2457 hoc,
793 2407 916 2447 cum
957 2392 1068 2461 ipse
1114 2389 1368 2445 Dominus
1399 2399 1581 2446 noster
1609 2387 1697 2443 hic
1727 2388 1782 2442 in

206 2498 329 2546 terra
361 2490 414 2545 in
435 2503 598 2545 carne
639 2486 956 2544 ambularet.
986 2483 1118 2540 Cum
1161 2485 1306 2539 ettim
1334 2483 1574 2538 viderent
1602 2481 1780 2536 inuiti-

206 2582 428 2638 tudinem
476 2581 626 2651 sequi
671 2579 1041 2636 auctoritatem
1087 2576 1224 2648 ejus,
1254 2585 1308 2632 et
1353 2576 1683 2631 divinitatem
1728 2584 1782 2631 et

205 2675 522 2746 majestatem
562 2671 837 2728 miraculis
879 2668 1318 2740 praesentatam’;
1345 2681 1466 2722 cum
1502 2666 1605 2722 hoc
1629 2665 1778 2722 vidc-

207 2764 530 2831 rentJudaci,
577 2762 646 2818 de
689 2761 879 2833 quibus
923 2760 1036 2830 ipse
1080 2758 1336 2814 Dominus
1377 2756 1776 2816 similitudinem

203 2858 384 2927 posuit,
416 2857 540 2928 quia
561 2856 828 2918 dixerunt,
857 2853 957 2908 Hic
973 2864 1046 2910 est
1079 2853 1271 2916 lueret;
1301 2853 1458 2908 venite
1491 2851 1779 2910 oceidamus

204 2965 299 3004 eunt
319 2989 335 3012 ,
360 2958 406 3004 et
433 2957 606 3004 nostra
624 2949 717 3002 erit
732 2945 999 3000 hereditas
1017 2943 1229 3016 (Matth.
1249 2960 1362 3010 ut,
1384 2943 1500 3014 58),
1528 2943 1777 3000 dixerunt

205 3043 326 3113 apud
358 3043 701 3113 semetipsos,
734 3041 784 3096 id
812 3049 894 3096 est
923 3041 1059 3096 inter
1083 3054 1162 3104 se,
1184 3039 1324 3093 unde
1349 3038 1616 3108 pontiﬁcis
1634 3039 1776 3094 illius

203 3139 402 3208 Caiphae
448 3153 549 3192 vox
575 3146 655 3192 est
689 3153 702 3189 :
747 3134 931 3190 Videtis
958 3132 1094 3204 quod
1113 3132 1258 3186 turba
1284 3133 1444 3186 multa
1469 3147 1580 3187 eunt
1611 3131 1777 3203 sequi-

205 3239 290 3293 tur,
315 3238 363 3284 et
393 3228 640 3282 utentum
684 3234 795 3296 post
833 3224 982 3280 illum
1018 3223 1143 3278 abiit
1167 3239 1185 3277 :
1208 3224 1251 3277 si
1277 3223 1616 3280 dimiserimus
1663 3238 1776 3279 eum

204 3321 385 3384 virere,
426 3318 623 3372 uenient
658 3314 911 3381 Romani,
955 3323 1001 3369 et
1045 3315 1220 3368 tollent
1259 3315 1401 3370 trabis
1435 3324 1482 3368 et
1521 3313 1684 3368 locum
1728 3324 1775 3369 et

206 3421 404 3481 gentem.
425 3409 647 3476 Expedit
673 3417 724 3462 ut
755 3423 884 3462 unus
910 3405 1154 3460 moriatur
1170 3407 1341 3473 homo,
1361 3424 1512 3476 quant
1534 3417 1638 3460 tota
1653 3425 1776 3478 gens

203 3515 374 3572 pereat.
391 3501 728 3571 Evangelista
741 3510 917 3554 autem
932 3498 1090 3554 verba
1105 3499 1389 3554 nescientis
1400 3499 1524 3569 quid
1546 3499 1768 3566 diceret,

203 3596 430 3664 exposuit
457 3592 632 3654 nobis,
665 3601 719 3646 et
746 3592 819 3645 ait
851 3609 865 3645 :
899 3589 1009 3644 Hoc
1035 3600 1202 3645 autem
1231 3608 1332 3646 non
1359 3608 1392 3644 a
1417 3607 1472 3646 se
1498 3592 1626 3646 dixit
1645 3609 1664 3657 ;
1686 3593 1774 3648 sed

203 3701 296 3740 tum
335 3695 462 3740 esset
504 3684 734 3756 pontifex
784 3682 1098 3754 prophetavit
1131 3683 1251 3754 quia
1293 3683 1548 3752 apartebat
1594 3684 1772 3742 Jesum

202 3777 310 3829 stati
331 3791 422 3846 pro
444 3773 635 3848 papula
660 3784 705 3828 et
725 3785 870 3845 gente
901 3772 1080 3842 (Joait.
1113 3789 1186 3838 at,
1233 3772 1442 3847 47-51).
1466 3775 1668 3832 Tamen
1698 3777 1774 3832 illi

201 3880 304 3922 cum
322 3867 566 3922 viderent
585 3866 835 3937 populum
848 3873 968 3934 post
987 3866 1132 3922 illum
1155 3865 1252 3931 ire,
1267 3865 1537 3934 dixerunt,
1559 3869 1774 3935 Quando

203 3958 444 4021 morietur,
464 3966 509 4009 et
523 3957 701 4026 peribit
730 3972 908 4009 nomen
924 3957 1130 4026 ejus:id
1153 3965 1256 4024 est,
1287 3973 1408 4012 cum
1424 3959 1776 4020 occiderimus

203 4062 328 4115 eum,
351 4048 462 4119 jam
500 4062 695 4103 nomen
735 4049 851 4118 ejus
880 4064 986 4106 non
1009 4048 1111 4104 erit
1135 4049 1191 4104 in
1218 4058 1382 4116 terra,
1419 4065 1520 4106 nec
1553 4051 1776 4109 seducet

203 4139 394 4211 aliquos
417 4147 662 4196 mortuus
680 4156 695 4206 ;
723 4139 816 4196 sed
835 4141 946 4211 ipsa
963 4141 1080 4212 ejus
1097 4142 1466 4201 interiectione
1480 4145 1776 4218 intelligent

203 4229 452 4300 homines,
481 4233 605 4304 quia
636 4232 904 4288 hominem
947 4233 1324 4304 sequebantur,
1355 4238 1477 4306 quia
1517 4254 1622 4294 non
1660 4248 1776 4295 erat

203 4325 244 4380 in
267 4342 328 4382 eo
346 4341 470 4397 spes
497 4327 718 4396 salutis;
742 4337 798 4383 et
815 4327 1270 4384 deserentnomen
1287 4328 1422 4400 ejus,
1450 4338 1626 4388 etnon
1651 4333 1771 4387 erit.

200 4420 422 4477 Mortuus
437 4431 550 4490 est;
571 4433 626 4478 et
643 4439 747 4478 non
775 4423 933 4494 periit
953 4439 1146 4478 nomen
1171 4423 1308 4494 ejus,
1339 4424 1434 4480 sed
1454 4425 1773 4484 seminatum

199 4527 264 4570 εει
300 4533 496 4572 nomen
525 4516 644 4586 ejus
683 4535 697 4572 :
726 4525 967 4572 mortuus
993 4528 1108 4573 est:
1139 4518 1234 4574 sed
1270 4533 1494 4589 granum
1518 4519 1630 4585 luit,
1668 4535 1774 4591 quo

199 4610 505 4664 tuortihcato
533 4623 689 4682 seges
715 4609 969 4664 continuo
1026 4618 1336 4682 exsurgeret
1373 4608 1394 4682 (
1425 4608 1512 4664 1d.
1539 4626 1633 4677 an,
1656 4610 1771 4684 25).

199 4699 494 4758 Gloriﬁcato
518 4717 649 4774 ergo
688 4702 913 4759 Domino
953 4714 1135 4760 nostro
1161 4703 1292 4760 Jcsu
1321 4704 1564 4773 Christo,
1591 4720 1775 4776 caepe-

196 4804 309 4850 runt
351 4797 521 4854 multo
561 4798 732 4868 magis
773 4798 1043 4870 multoque
1087 4798 1424 4854 numerosius
1459 4800 1684 4856 credere
1722 4800 1774 4856 in

197 4883 331 4941 illum
356 4904 372 4956 ;
402 4898 456 4944 et
482 4897 762 4960 cmperunt
803 4889 1043 4945 tnembra
1082 4888 1196 4959 ejus
1233 4887 1420 4945 audire
1448 4889 1589 4960 quod
1618 4899 1779 4962 caput

195 4977 453 5034 audiebat.
492 4978 609 5035 Jam
652 4995 781 5052 ergo
826 4980 1054 5036 Domino
1092 4989 1276 5036 nostro
1313 4979 1441 5036 Jesu
1478 4980 1690 5037 Christo
1724 4983 1776 5038 in

195 5069 324 5123 ('(Blt)
353 5072 672 5138 constituto,
705 5079 761 5128 et
794 5072 910 5142 ipso
940 5072 993 5128 in
1030 5071 1186 5127 nobis
1215 5073 1268 5129 in
1297 5082 1436 5128 terra
1466 5073 1740 5132 laborante
1759 5116 1776 5140 ,

195 5155 432 5214 dixerunt
461 5161 633 5218 adhuc
663 5162 862 5218 inimici
891 5162 1006 5234 ejus
1033 5180 1046 5216 :
1080 5163 1296 5231 Quando
1324 5166 1585 5231 morietur,
1603 5176 1648 5220 et
1665 5183 1780 5238 per-

196 5246 273 5301 ibit
323 5268 505 5307 nomen
535 5254 664 5321 eius.
695 5253 829 5310 llinc
853 5255 995 5309 enim
1027 5255 1426 5325 persecutiones
1451 5255 1695 5314 diabolus
1725 5258 1776 5314 in

197 5339 425 5397 Ecclesia
447 5345 732 5401 concitavit
754 5346 818 5400 ad
846 5345 1176 5416 perdendum
1203 5362 1399 5404 nomen
1421 5347 1640 5404 Christi.
1667 5349 1777 5404 Nisi

193 5429 323 5488 forte
355 5435 574 5504 putatis,
605 5436 798 5492 fratres
818 5479 834 5504 ,
861 5439 983 5508 quia
1011 5437 1082 5494 illi
1114 5437 1310 5510 Pagani
1340 5441 1554 5512 quando
1583 5441 1775 5498 smvie-

193 5529 312 5586 bant
358 5528 410 5586 in
450 5530 817 5598 Christianos,
847 5548 955 5587 non
996 5533 1096 5588 hoc
1140 5533 1240 5588 sibi
1280 5533 1563 5602 dicebant,
1593 5535 1775 5592 delere

195 5701 346 5813 ‘iqln
373 5712 470 5754 Mss.
495 5705 642 5757 deest
662 5720 756 5756 vox
800 5719 883 5756 ore
911 5719 929 5758 :
952 5714 1009 5758 ut
1037 5708 1150 5774 ejus
1171 5706 1276 5760 loco
1294 5708 1637 5775 suliaudiatur,
1666 5725 1774 5777 per-

269 5807 388 5878 ’νέει
407 5835 534 5892 me,
556 5830 940 5894 prafulqontem.

1300 341 1692 402 ENABRATIO
1729 339 1795 398 IN
1833 341 2157 402 PSALMUM
2186 342 2299 401 XL.

1902 473 2094 515 nomen
2121 459 2315 514 Christi
2335 457 2403 514 de
2427 465 2586 514 terra.
2613 459 2684 516 Ut
2705 467 3002 517 moreretur
3024 461 3214 518 iterum
3238 461 3484 519 Christus

1897 565 2002 605 non
2032 552 2082 606 in
2112 553 2304 622 capite,
2333 552 2426 607 sed
2454 552 2504 606 iu
2530 566 2753 622 corpore
2778 567 2896 620 suo,
2924 555 3083 609 occisi
3109 564 3231 609 sunt
3256 566 3308 609 et
3339 571 3480 609 mar-

1899 652 2060 714 tyres.
2111 643 2189 697 Ad
2234 643 2687 714 multiplicandam
2731 644 3023 699 Ecclesiam
3062 645 3224 700 valuit
3266 657 3482 700 sanctus
3539 645 3542 648 ’

1895 735 2108 803 sanguis
2145 733 2378 799 ell'usus,
2411 734 2787 789 seminationi‘
2827 736 3050 791 accessit
3081 745 3134 791 et
3167 751 3310 792 mors
3339 754 3482 792 mar-

1897 835 2091 898 tyrum.
2126 828 2360 883 Pretiosa
2392 828 2445 884 in
2478 837 2768 896 conspectu
2801 827 3008 883 Domini
3039 842 3184 885 mors
3212 829 3476 898 justorum

1892 920 2008 988 ejus
2039 918 2217 989 (Prol.
2251 936 2374 986 cxv,
2406 919 2531 994 15).
2572 919 2902 990 Muitiplicati
2932 931 3056 976 sunt
3085 923 3253 992 magis
3281 924 3478 994 magis-

1893 1025 1996 1079 que
2024 1009 2310 1065 Christiani
2334 1051 2348 1073 ,
2377 1021 2433 1066 et
2470 1027 2576 1067 non
2617 1020 2700 1065 est
2739 1012 3013 1081 impletum
3053 1013 3193 1082 quod
3233 1013 3483 1070 dixerunt

1893 1102 2114 1168 inimici,
2143 1103 2358 1170 Quando
2381 1105 2642 1170 morietur,
2665 1117 2710 1160 et
2737 1105 2911 1175 peribit
2934 1121 3114 1162 nomen
3136 1107 3264 1177 ejus.
3296 1107 3481 1164 Adhuc

1892 1205 1947 1250 et
1989 1196 2148 1251 modo
2187 1197 2400 1253 dicitur.
2441 1198 2642 1253 Sedcnt
2682 1199 2910 1270 l’agani,
2942 1210 2998 1255 et
3033 1209 3343 1269 computant
3379 1201 3481 1256 sibi

1889 1301 2082 1350 annos,
2113 1287 2190 1358 (a)
2218 1288 2435 1344 audiunt
2466 1289 2724 1345 fanaticos
2749 1304 2876 1346 suos
2897 1291 3154 1358 dicentes,
3181 1293 3479 1364 Aliquando

1891 1374 2177 1432 Christiani
2210 1393 2314 1434 non
2341 1389 2516 1445 erunt,
2545 1390 2598 1436 et
2627 1381 2765 1436 idola
2797 1381 2884 1436 illa
2913 1381 3015 1437 coli
3047 1382 3263 1445 habent,
3296 1399 3478 1454 quem-

1891 1469 2177 1526 admodum
2222 1485 2376 1530 antea
2422 1476 2760 1542 coiebantur,
2802 1476 2976 1531 adhuc
3012 1477 3226 1544 dicunt,
3263 1477 3480 1542 Quartae

1891 1563 2146 1630 morietur,
2177 1574 2224 1618 et
2251 1567 2428 1634 peribit
2459 1585 2639 1624 nomen
2664 1571 2792 1642 ejus.
2818 1569 2908 1624 Bis
2934 1570 3077 1637 victi,
3105 1571 3186 1626 vel
3212 1573 3370 1626 tertio
3395 1587 3453 1625 sa

1891 1655 2000 1724 pite
2029 1673 2042 1709 :
2070 1667 2311 1712 mortuus
2338 1667 2419 1714 est
2447 1659 2712 1722 Christus,
2747 1676 2850 1715 non
2884 1661 3072 1730 peribit
3103 1678 3292 1717 nomen
3324 1664 3474 1730 ejus;

1891 1747 2085 1800 mortui
2126 1757 2250 1802 sunt
2284 1759 2575 1822 martyres,
2605 1753 2945 1821 multiplicata
2974 1762 3058 1808 est
3087 1754 3255 1824 magis
3293 1755 3475 1808 Eccle-

1890 1839 1966 1893 sia
1987 1873 2002 1903 ,
2039 1842 2232 1896 crescit
2267 1858 2361 1912 per
2385 1858 2573 1899 omnes
2599 1856 2783 1913 gentes
2813 1859 3006 1901 nomen
3033 1845 3248 1900 ChriSti.
3278 1847 3378 1914 Qui
3409 1847 3476 1904 de

1891 1941 2063 1986 ntorte
2092 1949 2185 1986 sua
2214 1944 2267 1989 et
2295 1933 2363 1990 de
2401 1935 2793 1992 resurrectione
2830 1953 2924 1991 sua
2969 1937 3250 2006 pra-dixit,
3285 1940 3375 2006 qui
3409 1939 3473 1996 de

1889 2024 2150 2080 mortibus
2189 2026 2476 2097 Martyrum
2508 2037 2730 2084 suorum
2769 2035 2825 2084 et
2859 2029 2927 2085 de
2963 2045 3159 2086 corona
3197 2030 3474 2100 prazdixit,

1889 2116 2004 2186 ipse
2041 2126 2092 2172 ει
2132 2118 2199 2174 de
2239 2120 2475 2176 Ecclesia
2519 2137 2614 2176 sua
2658 2120 2830 2177 futura
2880 2121 3129 2190 przedixit
3161 2138 3175 2174 :
3207 2121 3252 2176 si
3289 2138 3475 2178 verum

1889 2207 2021 2262 dixit
2061 2209 2141 2265 bis
2160 2251 2174 2274 ,
2204 2212 2363 2266 tertio
2402 2214 2654 2268 mentitus
2688 2213 2806 2268 est?
2832 2212 3033 2268 Vanum
3062 2222 3146 2268 est
3177 2229 3306 2285 ergo
3333 2214 3480 2285 quod

1889 2299 2108 2355 creditis
2129 2313 2312 2357 contra
2341 2303 2488 2358 illum
2512 2321 2527 2368 ;
2561 2305 2752 2360 melius
2777 2313 2861 2360 est
2885 2315 2941 2359 ut
2964 2304 3196 2361 credatis
3226 2307 3277 2360 in
3305 2306 3475 2374 illum,

1889 2401 1948 2445 ut
1969 2391 2260 2464 intelligatis
2278 2411 2432 2463 super
2453 2412 2666 2465 egenum
2685 2405 2731 2450 et
2753 2412 3058 2467 pauperem;
3078 2397 3326 2466 quoniam
3349 2413 3479 2468 pau-

1888 2501 1978 2555 per
2002 2491 2166 2557 factus
2192 2496 2264 2542 est
2285 2530 2299 2553 ,
2325 2501 2440 2543 cum
2466 2490 2602 2545 dives
2629 2499 2787 2553 esset,
2817 2500 2870 2544 ut
2899 2489 3056 2558 ipsius
3075 2529 3091 2556 ,
3118 2489 3316 2560 inquit,
3347 2507 3478 2561 pau-

1885 2587 2079 2649 pertate
2097 2594 2183 2634 vos
2207 2579 2495 2637 ditaremim'
2515 2582 2581 2652 (ll
2608 2581 2726 2637 Cor.
2751 2597 2861 2645 un,
2884 2582 2964 2653 9).
2988 2581 3138 2636 Nunc
3157 2591 3332 2638 autem
3354 2582 3478 2652 quia

1883 2685 2088 2741 pauper
2112 2670 2284 2726 factus
2305 2683 2406 2737 est,
2431 2674 2811 2740 contemnitur,
2834 2683 2889 2729 et
2913 2672 3133 2729 dicitur:
3153 2674 3320 2730 llomo
3338 2683 3474 2730 erat.

1881 2762 2020 2831 Quid
2049 2767 2198 2820 erat?
2231 2764 2466 2822 Mortuus
2490 2773 2601 2832 est,
2630 2765 2918 2820 crucifixus
2945 2774 3060 2827 est;
3090 2765 3359 2821 hominem
3386 2780 3473 2822 co-

1881 2854 2025 2921 litis,
2057 2856 2111 2911 in
2148 2855 2416 2912 hominem
2455 2871 2605 2925 spem
2643 2855 2875 2921 habetis,
2909 2865 3178 2910 mortuum
3216 2855 3472 2912 adoratis.

1883 2947 2127 3004 Falleris.
2162 2948 2397 3020 lntellige
2435 2964 2597 3018 super
2623 2963 2848 3020 egenum
2877 2957 2931 3004 et
2971 2962 3291 3019 pauperem,
3325 2957 3380 3002 ut
3408 2949 3474 3004 il-

1879 3038 1984 3096 lius
2030 3051 2339 3110 paupertate
2379 3041 2527 3094 dives
2570 3039 2837 3096 ei'liciaris.
2890 3039 3024 3107 Quid
3072 3049 3188 3103 cst,
3237 3038 3475 3112 Intelligo

1879 3146 2042 3202 super
2068 3148 2291 3202 egenum
2322 3141 2374 3188 et
2406 3134 2728 3204 pauperem?
2753 3131 2823 3190 Ut
2851 3131 3022 3204 ipsum
3047 3129 3314 3188 Christum
3345 3147 3479 3204 ego--

1880 3239 2008 3280 num
2037 3232 2090 3280 et
2120 3239 2406 3295 pauperem
2432 3223 2683 3295 accipias,
2714 3223 2980 3280 dicentem
3011 3224 3063 3280 in
3089 3223 3194 3279 alio
3222 3226 3428 3296 psalmo
3457 3264 3470 3280 .

1880 3313 1994 3386 Ego
2020 3325 2189 3368 autem
2217 3331 2400 3386 egenus
2425 3325 2472 3369 et
2503 3331 2696 3386 pauper
2727 3331 2870 3381 sum,
2905 3313 3149 3369 Dominus
3176 3331 3349 3370 aurum
3375 3316 3461 3370 ha-

1879 3405 1958 3462 bet
1983 3407 2076 3462 nisi
2109 3405 2279 3478 (Psal.
2319 3421 2522 3474 nm,
2566 3407 2676 3476 l8).
2707 3405 2845 3475 Quid
2866 3416 2948 3462 est
2977 3407 3269 3477 intelligere
3311 3422 3464 3480 super

1878 3512 2104 3568 egenum
2129 3509 2183 3552 et
2209 3497 2533 3568 pauperem?
2553 3497 2685 3565 Quia
2705 3498 3024 3567 semetipsum
3046 3499 3338 3567 exinanitiit,
3365 3503 3473 3570 [or-

1879 3606 2014 3643 ntum
2042 3589 2168 3644 servi
2195 3590 2464 3658 accipiens,
2495 3589 2549 3642 iit
2575 3589 2904 3642 similitudine
2930 3590 3185 3642 hominum
3215 3592 3396 3660 factus,
3423 3599 3471 3644 et

1881 3680 2051 3734 habitu
2079 3681 2303 3736 inventus
2330 3691 2382 3734 ut
2411 3680 2560 3734 homo
2585 3678 2808 3751 (Philip.
2837 3697 2888 3743 tt,
2918 3682 2974 3751 7)
2999 3697 3011 3732 :
3037 3680 3182 3734 dives
3209 3679 3346 3754 apud
3370 3681 3471 3736 Pa-

1881 3782 2047 3840 trem,
2074 3781 2130 3828 ct
2167 3787 2366 3845 pauper
2393 3770 2535 3844 apud
2565 3788 2690 3840 nos;
2719 3773 2868 3829 dives
2897 3772 2949 3829 in
2976 3772 3112 3829 coelo
3131 3812 3147 3840 ,
3185 3788 3386 3845 pauper
3416 3774 3469 3836 in

1880 3871 2059 3931 terra;
2088 3863 2236 3920 dives
2268 3864 2431 3936 Deus,
2459 3879 2658 3936 pauper
2689 3866 2866 3919 homo.
2901 3865 3013 3919 Hoc
3039 3872 3092 3920 te
3121 3879 3245 3938 ergo
3273 3866 3468 3934 turbat,

1878 3956 2020 4027 quod
2065 3956 2335 4018 hominem
2379 3957 2561 4024 vides,
2599 3957 2740 4028 quod
2779 3971 2995 4012 carnem
3035 3957 3288 4025 intueris,
3330 3958 3471 4032 quod

1879 4057 2105 4104 mortem
2129 4050 2373 4120 respicis,
2399 4049 2540 4120 quod
2565 4064 2776 4106 crucem
2806 4048 3035 4106 irridcs‘.’
3061 4049 3160 4105 hoc
3187 4058 3238 4106 te
3263 4050 3472 4122 turbat?

1879 4139 2121 4212 lntellige
2157 4156 2320 4212 super
2355 4156 2582 4212 egenum
2618 4151 2670 4204 et
2713 4155 3018 4214 pauperem.
3057 4140 3192 4208 Quid
3223 4150 3304 4198 est
3333 4142 3473 4198 hoc?

1881 4234 2144 4305 lntellige,
2167 4235 2286 4306 quia
2314 4234 2400 4290 ubi
2431 4234 2522 4290 tibi
2547 4234 2787 4304 sitposita
2813 4242 2895 4288 est
2918 4232 3218 4300 inﬁrmitas,
3245 4231 3316 4290 ibi
3345 4235 3474 4291 latet

1878 4327 2148 4383 divinitas.
2180 4326 2355 4391 Dives,
2389 4325 2509 4396 quia
2540 4326 2616 4380 sic
2642 4333 2753 4389 est;
2783 4339 3002 4396 pauper,
3030 4324 3150 4395 quia
3172 4324 3281 4393 jam
3311 4332 3366 4378 tu
3393 4325 3472 4380 sic

1879 4433 2020 4476 eras.
2043 4417 2148 4474 Sed
2171 4427 2344 4474 tamen
2368 4427 2651 4487 paupertas
2671 4416 2857 4486 ipsius,
2875 4413 3072 4470 divitia:
3092 4423 3290 4470 nostra:
3310 4425 3466 4472 sunt:

1879 4511 2146 4584 quomodo
2175 4510 2458 4566 inﬁrmitas
2498 4510 2662 4580 ipsius
2697 4508 2954 4566 fortitudo
2982 4516 3164 4564 nostra
3191 4519 3304 4576 est;
3331 4525 3468 4582 quo-

1879 4604 2041 4664 modo
2083 4603 2304 4659 stultum
2349 4602 2517 4674 ipsius
2551 4601 2807 4674 sapientia
2844 4609 3023 4658 nostra
3057 4609 3172 4669 est;
3203 4600 3470 4672 quomodo

1881 4699 2175 4754 mortalitas
2211 4697 2410 4769 ipsius,
2455 4695 2825 4751 immortalitas
2868 4703 3048 4751 nostra
3082 4703 3163 4766 est
3188 4694 3240 4768 (l
3268 4694 3384 4751 Cor.
3415 4711 3468 4766 ι,

1882 4791 1993 4862 50).
2022 4789 2158 4858 Quid
2187 4789 2258 4846 sit
2296 4804 2516 4860 pauper,
2546 4787 2764 4844 attende
2794 4805 2810 4843 :
2843 4802 2947 4843 non
2976 4802 3098 4842 eum
3133 4803 3202 4843 ex
3241 4787 3467 4844 aliorum

1945 4905 1966 4938 ί
1987 4903 2064 4954 sic
2109 4911 2216 4954 Mss.
2261 4909 2319 4954 At
2359 4901 2493 4966 F.dd.,
2539 4901 2720 4965 effusus
2777 4897 3084 4952 sentinatt'one
3129 4912 3147 4952 :

1882 4980 2030 5018 mors.
2065 4974 2161 5018 etc.

1949 5001 2030 5092 ᾖδ’
2052 5001 2210 5077 {Etim
2233 5027 2460 5092 viderent
2481 5042 2503 5071 ι
2534 5023 2724 5088 Pagani,
2751 5025 2908 5092 inquit
2924 5025 3216 5086 Augustinus
3233 5025 3281 5092 iu
3301 5024 3385 5092 lib.
3416 5024 3472 5073 18

1882 5089 2168 5142 ὰείἠνίωιε
2191 5093 2295 5149 Dei,
2318 5103 2362 5139 c.
2388 5090 2468 5148 53,
2491 5105 2512 5134 tt
2530 5101 2624 5138 nec
2647 5095 2716 5136 tot
2738 5089 2982 5150 mutisque
3000 5089 3420 5150 persecutionihus
3442 5104 3464 5130 ν

1884 5154 2190 5204 Christianam
2213 5154 2502 5215 religionem
2534 5169 2554 5196 (ι
2580 5151 2796 5212 potuisse
2831 5152 3067 5215 CQIISUlDl,
3096 5150 3185 5200 sed
3215 5151 3288 5215 his
3314 5157 3471 5210 potius

1893 5232 1915 5261 ι
1938 5217 2056 5263 mira
2079 5212 2380 5263 incrementa
2404 5216 2686 5274 sumpsisse,
2714 5212 3116 5276 excogitaverunt
3140 5212 3306 5276 nescio
3347 5221 3470 5272 quos

1892 5291 1915 5322 ι
1936 5289 2111 5326 versus
2132 5287 2335 5338 grteoos,
2379 5273 2605 5336 tanquam
2628 5273 2904 5338 consulenti
2943 5275 3150 5338 cuidam,
3182 5273 3345 5338 divino
3368 5285 3470 5320 ora-

1892 5357 1915 5384 ι
1937 5339 2046 5400 culo
2067 5333 2264 5400 clfusos,
2285 5333 2429 5386 ubi...
2458 5333 2650 5388 Petrum
2688 5333 2935 5386 maleﬁciis
2970 5333 3145 5385 fecisse
3170 5336 3469 5400 subjungunt

1892 5418 1914 5445 ι
1937 5407 1992 5448 nt
2012 5391 2260 5450 celeratur
2282 5399 2449 5447 Christi
2471 5401 2648 5461 nomen
2674 5411 2760 5461 per
2787 5403 3033 5447 trecentos
3056 5391 3309 5458 sexagiu'ta
3331 5391 3471 5457 quid-

1891 5479 1914 5508 ι
1935 5475 2034 5534 que
2055 5473 2224 5521 annos,
2245 5461 2426 5511 deinde
2457 5459 2704 5534 oogrpletb
2720 5468 2988 5534 memorato
3007 5471 3216 5534 numero
3236 5469 3470 5534 augog‘um

1892 5542 1914 5570 α
1935 5520 2043 5573 sine
2085 5537 2215 5574 mora
2248 5532 2470 5576 sumeret
2509 5520 2676 5574 ﬁnem.
2715 5539 2737 5566 ι)
2771 5531 2942 5570 \‘ertnn
2967 5535 3092 5578 anno
3113 5520 3281 5570 Christi
3307 5520 3396 5567 399
3419 5520 3468 5567 in

1883 5599 1981 5648 quo
2015 5583 2272 5648 praeimus
2294 5599 2526 5634 annorum
2569 5597 2818 5648 numerus,
2849 5584 2888 5630 si
2914 5594 2939 5630 a
2967 5583 3088 5630 t'ctri
3118 5583 3162 5628 in
3183 5581 3263 5648 die
3289 5588 3466 5648 Pente-

1881 5643 2047 5714 ἀοθιθὲδ
2069 5649 2410 5722 ξτεβίεὲἓίουθ
2431 5643 3318 5722 οοεηρυιξειιιγι,ἀέξξηρτεοξὲέξξεειῑψικ
3335 5643 3469 5722 999°

1879 5723 1975 5759 non
2001 5704 2182 5760 deiecit
2202 5710 2362 5760 cultus
2385 5704 2590 5761 nominis
2611 5704 2800 5764 Christi,
2829 5713 2882 5754 ut
2916 5704 3029 5754 inde
3067 5707 3290 5765 maxime,
3322 5719 3468 5754 ever-

1881 5786 1966 5830 srs,
1987 5788 2098 5836 qua:
2133 5773 2323 5838 reliqua
2348 5781 2511 5838 erant,
2543 5773 2744 5838 deorum
2769 5766 3037 5838 terripliset
3075 5767 3239 5838 injectis
3274 5767 3469 5818 simula-

1882 5829 1978 5887 cris
2006 5829 2304 5890 increverit,
2333 5850 2394 5886 ex
2422 5829 2531 5884 cod.
2553 5834 2636 5882 lib.
2661 5833 2724 5882 de
2747 5831 2882 5880 Civit.
2906 5831 3010 5884 Dei.
3033 5843 3079 5883 c.
3105 5829 3169 5876 tu

3197 4899 3395 4953 accessit
3427 4905 3471 4952 et

3377 331 3483 406 t'5t
3579 400 3587 409 .
