4042 6478
552 418 658 476 455

554 539 864 604 paupertate
891 529 1147 586 metiaris.
1176 524 1399 599 Implcre
1418 525 1563 584 venit
1592 521 1873 596 pauperes,
1895 522 1984 594 qui
2010 537 2142 593 pau-

555 646 650 701 per
675 627 897 684 effectus
923 635 1023 682 est.
1053 625 1343 696 Propterea
1372 621 1520 692 aperi
1550 620 1722 676 sinum
1752 616 1906 684 ﬁdei;
1934 614 2148 686 suscipe

553 735 841 794 pauperem
866 721 907 787 ι,
934 734 1003 773 ne
1025 731 1227 790 pauper
1252 727 1553 770 remaneas.

623 814 677 868 2.
707 812 855 885 [ινα-ε.
882 809 962 883 2.]
989 809 1176 864 Beatus
1199 808 1285 879 qui
1302 805 1536 878 intelligit
1557 819 1708 874 super
1727 817 1935 874 egenum
1955 807 2001 856 et
2021 815 2148 870 pau-

552 924 739 980 perem,
763 909 815 960 in
843 906 924 959 die
948 905 1085 958 mala
1111 901 1336 958 liberabit
1359 917 1472 956 eum
1498 899 1768 954 Dominus.
1791 895 1983 953 Veniet
2002 895 2146 952 enim

552 1003 668 1056 dies
707 1001 842 1055 mala
875 1018 888 1055 :
919 999 1052 1054 velis
1103 998 1273 1064 nolis,
1314 996 1519 1059 veniet;
1571 994 1686 1048 dies
1720 990 1904 1061 judicii
1939 989 2144 1056 aderit,

555 1096 692 1150 mala
720 1095 854 1159 dies,
884 1094 924 1147 si
953 1109 1058 1146 non
1083 1089 1408 1146 intellexeris
1434 1102 1595 1157 super
1617 1099 1843 1157 egenum
1869 1092 1925 1140 et
1949 1096 2148 1154 paupe-

553 1205 688 1244 rem.
717 1187 866 1256 Quod
896 1185 1038 1241 enim
1078 1182 1238 1238 modo
1274 1197 1382 1237 non
1409 1180 1490 1235 vis
1517 1178 1738 1235 credere
1757 1218 1775 1244 ,
1804 1177 2146 1231 manifestum

553 1282 656 1336 crit
681 1281 735 1333 in
767 1279 891 1333 line.
929 1276 1033 1333 Sed
1063 1291 1168 1331 non
1199 1274 1403 1353 fugies,
1431 1287 1551 1327 cum
1583 1270 1743 1327 fuerit
1769 1266 2142 1333 manifestum,

553 1373 673 1444 quia
697 1389 802 1429 non
841 1371 1013 1427 credis
1047 1385 1170 1425 cum
1209 1380 1291 1424 est
1327 1367 1617 1423 occultum.
1648 1363 1898 1420 lnvitaris
1922 1373 1979 1418 ut
2005 1361 2146 1433 quod

556 1483 658 1520 non
689 1465 838 1521 vides
863 1463 1075 1529 credas,
1105 1477 1173 1517 ne
1201 1476 1320 1516 cum
1348 1459 1545 1515 videris
1575 1458 1876 1514 erubescas.
1905 1455 2147 1524 lntellige

555 1577 678 1632 ergo
705 1575 865 1630 super
894 1573 1118 1630 egenum
1147 1566 1201 1612 et
1229 1569 1543 1626 pauperem,
1573 1551 1626 1607 id
1655 1561 1741 1608 est
1759 1593 1774 1617 ,
1806 1565 1967 1620 super
1989 1547 2144 1604 Chri-

553 1665 723 1719 stum;
747 1651 980 1720 intellige
1003 1651 1057 1704 in
1077 1663 1141 1704 eo
1163 1647 1398 1702 occultas
1418 1644 1650 1707 divitias,
1673 1658 1829 1713 quem
1854 1653 2144 1711 pauperem

555 1743 722 1798 vides.
763 1743 820 1798 ln
857 1757 925 1798 eo
960 1749 1085 1796 sunt
1121 1739 1262 1794 enim
1301 1751 1489 1794 omnes
1524 1734 1758 1790 thesauri
1789 1731 2062 1802 sapientia:
2091 1737 2147 1785 et

553 1835 788 1890 scientia:
813 1831 1110 1890 absconditi
1141 1830 1358 1903 (Coloss.
1390 1845 1446 1893 ιι,
1477 1829 1554 1899 5).
1579 1827 1714 1882 Hinc
1737 1825 1878 1882 cnim
1906 1835 1955 1878 te
1981 1824 2033 1877 in
2059 1823 2146 1878 die

553 1928 693 1983 mala
735 1927 1013 1993 liberabit,
1055 1942 1120 1981 ex
1158 1941 1223 1980 eo
1261 1921 1402 1994 quod
1441 1923 1581 1977 Deus
1617 1929 1698 1975 est
1727 1937 1741 1974 :
1772 1930 1939 1974 exeo
1968 1927 2146 1972 autem

551 2019 692 2090 quod
734 2018 896 2074 homo
931 2028 1046 2083 est,
1081 2025 1136 2072 et
1169 2015 1298 2071 illud
1325 2012 1466 2085 quod
1505 2013 1557 2068 in
1589 2011 1678 2068 illo
1715 2011 2002 2065 humanum
2023 2016 2148 2091 erat

551 2111 908 2176 resuscitavit,
936 2119 992 2166 et
1015 2111 1068 2164 in
1094 2109 1285 2164 melius
1312 2107 1595 2174 convertit,
1625 2105 1899 2173 incanum
1932 2102 2143 2158 levavit.

551 2203 644 2260 Ille
680 2213 857 2260 autem
885 2201 975 2273 qui
1007 2203 1146 2257 Deus
1170 2210 1282 2268 est,
1310 2200 1402 2270 qui
1439 2213 1596 2253 unam
1636 2211 1918 2267 personam
1948 2193 2146 2250 habere

553 2299 606 2354 in
636 2298 854 2353 homine
879 2305 933 2351 et
961 2311 1083 2351 cum
1121 2294 1336 2349 homine
1361 2291 1554 2353 voluit,
1585 2304 1685 2345 nec
1709 2289 2021 2344 decrescere
2046 2303 2146 2343 nec

551 2404 797 2446 crescere
833 2388 1024 2459 potuit,
1058 2401 1158 2442 nec
1183 2385 1317 2440 mori
1347 2398 1447 2439 nec
1477 2397 1776 2452 resurgere.
1804 2380 2039 2435 Mortuus
2063 2387 2147 2434 est

551 2498 619 2539 ex
659 2480 966 2537 inﬁrmitate
1000 2478 1260 2544 hominis,
1292 2487 1546 2532 caeterum
1581 2474 1719 2527 Deus
1755 2487 1860 2528 non
1898 2471 2142 2527 moritur.

549 2577 683 2633 Nam
724 2577 867 2650 quod
905 2576 1142 2632 Verbum
1184 2575 1277 2629 Dei
1325 2589 1429 2628 non
1475 2573 1735 2638 moritur,
1783 2586 1851 2626 ne
1895 2569 2139 2637 mireris,

549 2670 764 2743 quando
809 2687 920 2726 non
967 2669 1192 2725 moritur
1231 2666 1408 2722 anima
1452 2666 1508 2720 in
1550 2675 1805 2738 martyre.
1849 2663 2004 2719 Modo
2037 2679 2143 2719 non

549 2757 895 2819 audiebamus
920 2763 1091 2832 ipsum
1120 2759 1402 2814 Dominum
1430 2757 1693 2813 dicentem
1725 2774 1737 2809 :
1769 2755 1945 2811 Nolite
1973 2756 2144 2812 timere

547 2875 633 2913 eos
656 2859 746 2929 qui
767 2872 950 2922 corpus
978 2853 1231 2918 occidunt,
1263 2853 1486 2906 animam
1514 2861 1680 2905 autent
1705 2866 1808 2904 non
1833 2858 2042 2922 possunt
2061 2865 2144 2902 oc-

547 2952 714 3006 cidere
741 2947 964 3022 (Matth.
995 2962 1048 3012 x,
1079 2944 1225 3018 28)?
1253 2945 1390 3015 Ergo
1427 2942 1782 2999 morientibus
1820 2939 2144 3013 martyribus

548 3041 742 3096 animae
794 3039 1082 3110 Martyrum
1134 3043 1360 3092 mortua:
1412 3049 1518 3090 non
1567 3041 1728 3098 sunt,
1782 3041 1838 3089 et
1883 3032 2145 3089 moriente

547 3131 761 3189 Christo
792 3131 1104 3187 moriturum
1133 3136 1252 3184 erat
1275 3127 1546 3183 Verbum?
1571 3126 1764 3196 Utique
1795 3125 2020 3180 Verbum
2048 3125 2143 3181 Dei

548 3225 718 3280 multo
746 3223 973 3295 amplius
999 3229 1083 3277 est
1110 3234 1270 3291 quam
1298 3217 1474 3274 anima
1514 3217 1745 3272 hominis
1774 3233 1788 3270 :
1814 3215 1936 3287 quia
1965 3216 2142 3272 anima

549 3317 780 3374 hominis
799 3317 936 3371 facta
955 3324 1038 3371 est
1056 3330 1086 3369 a
1109 3314 1252 3380 Deo;
1276 3321 1331 3367 et
1354 3310 1400 3366 si
1425 3310 1559 3366 facta
1584 3321 1666 3366 est
1686 3325 1716 3364 a
1737 3310 1870 3376 Deo,
1893 3324 1990 3380 per
2010 3309 2143 3366 Ver-

547 3408 675 3466 bum
699 3408 836 3465 l'acta
857 3415 938 3462 est
960 3425 975 3459 :
993 3405 1115 3477 quia
1136 3403 1314 3460 omnia
1341 3417 1439 3474 per
1459 3401 1632 3472 ipsum
1655 3401 1794 3457 facta
1814 3409 1942 3456 sunt
1961 3400 2138 3472 (Joan.

547 3517 587 3567 ι,
616 3501 704 3571 5).
734 3499 874 3571 Ergo
912 3512 1012 3553 nec
1045 3495 1271 3551 moritur
1299 3493 1569 3560 Verbum,
1600 3508 1720 3549 cum
1753 3508 1858 3548 non
1885 3493 2142 3548 moriatur

547 3597 722 3652 anima
744 3594 878 3651 facta
905 3609 1001 3662 per
1022 3591 1277 3648 Verbum.
1307 3589 1414 3645 Sed
1435 3587 1706 3660 quomodo
1728 3597 1874 3643 recte
1894 3586 2138 3652 dicimus,

547 3688 785 3744 Mortuus
809 3695 892 3742 est
915 3685 1078 3740 homo
1095 3725 1111 3752 ,
1142 3681 1242 3740 etsi
1267 3667 1443 3736 anima
1466 3681 1488 3712 ²
1517 3679 1685 3750 ipsius
1711 3693 1817 3733 non
1847 3677 2136 3743 moriatur;

549 3781 628 3835 sie
652 3786 796 3834 recte
819 3776 1068 3842 dicimus,
1095 3774 1339 3828 Mortuus
1361 3779 1445 3825 est
1468 3770 1732 3836 Christus,
1763 3769 1865 3822 etsi
1891 3768 2140 3824 divinitas

550 3869 665 3939 ejus
687 3882 792 3922 non
815 3865 1090 3920 moriatur.
1115 3864 1352 3917 Mortuus
1375 3859 1516 3915 unde
1531 3859 1556 3911 ‘l
1575 3858 1708 3926 Quia
1729 3873 1928 3929 egenus
1948 3867 2001 3913 et
2021 3873 2142 3927 pau-

550 3974 667 4032 per.
707 3957 825 4012 Non
857 3965 910 4012 te
948 3954 1270 4026 perstringat
1308 3966 1454 4006 mors
1493 3951 1691 4021 ipsius,
1719 3960 1774 4006 et
1800 3958 2004 4005 avertat
2033 3958 2085 4004 te
2108 3965 2140 4006 a

549 4049 851 4109 contuenda
873 4046 1164 4102 divinitate.
1193 4043 1379 4099 Beatus
1399 4043 1483 4113 qui
1507 4041 1739 4112 intelligit
1759 4057 1912 4111 super
1931 4057 2142 4112 egenum

553 4155 601 4200 et
625 4159 913 4217 pauperem.
944 4139 1172 4210 Respice
1197 4147 1249 4193 et
1278 4151 1559 4208 pauperes,
1581 4134 1816 4206 egentes,
1845 4136 2140 4192 esurientes

550 4249 606 4298 et
630 4239 890 4304 sitientes,
916 4233 1336 4307 peregrinantes,
1361 4229 1550 4296 nudos,
1578 4239 1827 4302 aegrotos,
1851 4231 1903 4286 in
1924 4245 2140 4288 carcere

549 4332 896 4397 constitutos;
926 4327 1161 4397 intelligo
1195 4334 1249 4382 et
1285 4339 1448 4392 super
1475 4323 1634 4378 talem
1667 4337 1953 4394 pauperem
1974 4366 1989 4391 ,
2016 4323 2138 4394 quia

549 4433 605 4480 et
629 4424 674 4478 si
700 4436 860 4492 super
888 4419 1047 4474 talem
1089 4415 1340 4486 intelligis
1359 4455 1374 4481 ,
1403 4429 1566 4485 super
1593 4413 1740 4468 illum
1772 4413 2020 4486 intelligis
2046 4415 2140 4486 qui

548 4515 702 4581 dixit,
735 4512 958 4578 Esuriui,
990 4508 1141 4576 sitiui,
1175 4507 1363 4574 nudus,
1403 4506 1715 4577 peregrinus,
1746 4521 1898 4578 wger,
1934 4507 1988 4561 in
2021 4522 2140 4562 ων-

549 4623 659 4662 cere
685 4606 759 4676 fui
786 4603 996 4677 (Matth.
1027 4617 1154 4670 xxv,
1182 4600 1272 4668 55,
1301 4597 1413 4671 56).
1441 4597 1515 4653 Ita
1541 4598 1596 4653 in
1620 4597 1708 4654 die
1733 4599 1960 4670 maligna
1988 4608 2142 4657 eruet

547 4707 604 4755 te
633 4695 906 4752 Dominus.

622 4789 676 4844 5.
705 4787 870 4861 [υεη.
899 4783 978 4858 5.]
1011 4785 1076 4840 Ει
1111 4782 1234 4840 vide
1267 4781 1650 4839 beatitudinem
1687 4791 1852 4840 tuam.
1889 4783 2140 4841 Dominus

549 4889 802 4938 conservet
823 4896 956 4935 eum.
979 4877 1245 4948 Propheta
1267 4875 1404 4932 bene
1423 4883 1573 4948 optat
1594 4875 1797 4931 homini
1821 4877 2138 4949 intelligenti

551 4989 714 5046 super
730 4987 953 5042 egenum
975 4980 1029 5026 et
1051 4985 1356 5042 pauperem.
1382 4967 1481 5023 ISta
1501 4969 1703 5039 optatio
1723 4971 2004 5040 promissio
2026 4980 2136 5040 est;

554 5065 728 5123 securi
768 5073 1078 5135 exspectent
1113 5063 1202 5132 qui
1245 5062 1347 5117 hoc
1383 5069 1564 5132 agunt.
1602 5060 1852 5116 Dominus
1885 5073 2140 5119 conseruet

553 5176 686 5225 eum,
712 5165 759 5213 et
783 5155 994 5226 uiri/iret
1016 5171 1149 5209 eum.
1178 5154 1312 5222 Quid
1335 5163 1436 5220 est,
1467 5164 1719 5210 conservet
1742 5171 1876 5224 eum,
1907 5167 1954 5211 ct
1980 5157 2141 5228 viviﬁ-

552 5263 628 5309 cet
659 5251 810 5308 cum?
836 5249 954 5318 Quo
984 5248 1243 5320 pertinet,
1273 5249 1484 5319 uiviﬁcet
1507 5250 1663 5304 eum?
1687 5249 1769 5304 Ad
1799 5249 2029 5307 futuram
2056 5253 2138 5307 vi-

553 5354 684 5402 tam.
727 5342 1036 5400 Viviﬁcalur
1080 5343 1219 5398 enim
1264 5341 1352 5412 qui
1403 5350 1646 5398 morltnts
1691 5349 1825 5398 erat.
1873 5342 2140 5416 Numquid

551 5447 730 5494 autem
772 5443 949 5508 potest
989 5442 1230 5490 mortuus
1277 5433 1576 5504 intelligere
1621 5448 1783 5504 super
1821 5450 2047 5506 egenum
2085 5444 2141 5493 et

553 5528 878 5602 pauperem?
907 5525 1014 5584 Sed
1040 5525 1447 5581 vivificationem
1479 5525 1632 5582 nobis
1661 5525 1807 5581 illam
1840 5527 2136 5597 promittit,

554 5625 622 5681 de
658 5637 762 5696 qua
801 5621 930 5678 dicit
963 5619 1250 5692 Apostolus
1283 5637 1296 5675 :
1328 5617 1525 5690 Corpus
1551 5619 1751 5690 quidem
1781 5630 2035 5677 mortuum
2065 5631 2140 5679 est

618 5802 1357 5870 fQuinqueMss,apaupere..
1470 5869 1502 5870 η
1543 5855 1554 5867 ι
1591 5862 1603 5870 _
1654 5868 1705 5870 Α
1762 5857 1810 5870 Η
1907 5859 1916 5870 ⁸

554 5926 587 5978 d
616 5866 637 5896 ³
657 5857 838 5990 ειέιὲιιῖε
857 5870 985 5927 Mss,
1016 5857 1114 5915 "etsi
1135 5857 1251 5912 curo
1264 5857 1414 5924 ipsius
1429 5857 1663 5910 moriatur
1688 5868 1707 5910 :
1730 5857 1814 5910 ubi
1835 5857 2030 5924 quidam
2053 5857 2138 5911 ad-

589 5940 654 5977 un
820 5961 833 5975 .

1789 411 1850 468 S.
1888 405 2256 467 AUGUSTINI
2296 407 2599 468 EPISCOPI

2256 532 2461 594 propter
2483 531 2742 594 peccatum
2759 563 2774 591 ,
2806 524 3013 597 spiritus
3039 533 3206 581 autem
3231 525 3332 582 vita
3359 537 3430 583 est
3458 540 3663 600 propter
3679 532 3842 602 justi-

2254 616 2377 670 tiam
2397 632 2416 671 :
2437 617 2482 671 si
2504 627 2671 672 autem
2693 615 2780 690 qui
2799 619 3057 674 suscitauit
3077 618 3335 676 Christum
3361 638 3394 676 a
3420 625 3627 679 mortuis
3651 626 3845 681 habitat

2249 708 2306 763 in
2334 709 2498 774 vobis,
2526 710 2613 781 qui
2637 712 2895 766 suscitavit
2921 710 3176 767 Christum
3204 730 3236 766 a
3264 717 3474 770 mortuis
3501 716 3770 786 viui/icabit
3798 727 3848 772 et

2251 803 2492 858 mortalia
2521 819 2736 875 corpora
2767 815 2932 860 uestra
2965 815 3172 877 propter
3200 807 3561 864 inhabitantem
3588 810 3846 881 Spiritum

2252 899 2364 969 ejus
2391 899 2447 953 in
2474 899 2610 954 vobis
2644 897 2818 971 (Rom.
2849 916 2963 967 vnt,
2989 899 3077 963 10.
3111 901 3222 972 Η).
3259 902 3384 958 Haac
3409 912 3493 960 est
3515 920 3642 976 ergo
3668 905 3846 961 vivifi-

2251 993 2392 1047 catio
2433 1009 2552 1063 qua:
2595 993 2922 1062 promittitur
2966 994 3278 1066 intelligenti
3322 1012 3483 1067 super
3524 1014 3752 1069 egenum
3794 1011 3846 1057 et

2253 1100 2563 1156 pauperem.
2591 1084 2695 1142 Sed
2724 1087 2845 1156 quia
2876 1087 3006 1142 dicit
3041 1089 3328 1158 Apostolus
3363 1090 3430 1146 ad
3463 1091 3806 1150 Timotheum
3830 1136 3848 1163 ,

2253 1178 2649 1235 Promissionem
2678 1181 2865 1236 habens
2893 1182 3008 1237 uiue
3041 1184 3300 1254 prwsentis
3326 1195 3376 1238 et
3403 1190 3590 1256 futura:
3617 1188 3637 1259 (
3659 1189 3678 1244 Ι
3705 1189 3844 1244 Tim.

2252 1287 2329 1339 tv,
2357 1273 2450 1343 8);
2489 1289 2556 1328 ne
2592 1282 2840 1343 putarent
2867 1274 2941 1328 illi
2979 1276 3068 1345 qui
3101 1276 3400 1349 intelligunt
3419 1295 3590 1350 super
3613 1297 3844 1353 egenum

2252 1373 2307 1420 et
2335 1380 2622 1436 pauperem
2640 1407 2654 1433 ,
2686 1366 3025 1436 recipiendos
3049 1368 3262 1439 quidem
3293 1386 3354 1426 se
3380 1387 3499 1427 esse
3527 1373 3580 1427 in
3609 1375 3809 1431 cmlum
3827 1417 3843 1441 ,

2253 1457 2345 1512 sed
2375 1459 2566 1530 negligi
2599 1461 2649 1513 in
2679 1468 2855 1520 terra:
2885 1471 2939 1516 et
2965 1476 3070 1516 non
3101 1475 3379 1533 sperarent
3405 1467 3502 1520 nisi
3532 1467 3672 1534 quod
3704 1467 3847 1522 futu-

2251 1567 2370 1606 rum
2396 1563 2474 1607 est
2509 1553 2560 1606 in
2590 1555 3020 1626 mternum,quod
3050 1565 3227 1612 autem
3257 1557 3323 1612 ad
3350 1573 3586 1628 praesens
3608 1571 3712 1628 εει,
3749 1577 3842 1630 pu-

2255 1652 2428 1700 tarent
2458 1645 2622 1700 Deum
2653 1662 2760 1702 non
2789 1662 2980 1704 curare
3021 1649 3072 1703 in
3107 1651 3306 1705 sanctis
3334 1660 3388 1706 et
3428 1651 3670 1708 fidelibus
3699 1655 3844 1720 suis;

2251 1737 2339 1792 ubi
2369 1737 2502 1792 dixit
2523 1739 2664 1808 quod
2692 1740 2924 1796 maxime
2953 1751 3264 1812 exspectare
3289 1742 3563 1811 debemus,
3596 1745 3847 1802 Dominus

2251 1837 2502 1883 conservet
2541 1845 2683 1896 eum,
2713 1840 2758 1884 et
2800 1832 3010 1901 viviﬁcet
3047 1849 3192 1898 cum;
3220 1836 3455 1905 respexit
3481 1835 3548 1890 ad
3578 1838 3733 1892 istam
3764 1839 3846 1892 vi-

2253 1930 2380 1985 tam,
2409 1919 2477 1974 Et
2503 1921 2720 1988 beatum,
2745 1924 2934 1993 inquit,
2965 1925 3121 1994 faciat
3140 1941 3254 1979 eum
3275 1926 3330 1980 in
3357 1935 3508 1982 terra.
3531 1927 3693 2000 Erige
3717 1945 3848 2001 ergo

2250 2012 2438 2067 oculos
2468 2013 2518 2066 in
2551 2013 2664 2068 haec
2693 2015 2953 2084 promissa
2984 2015 3269 2071 christiana
3301 2017 3404 2074 [ide
3431 2037 3444 2072 :
3471 2035 3574 2075 non
3608 2031 3660 2076 te
3684 2022 3846 2078 dese-

2251 2103 2320 2158 rit
2347 2103 2487 2159 Dens
2516 2104 2568 2158 in
2600 2113 2739 2161 terra
2761 2147 2775 2172 ,
2805 2115 2860 2162 et
2887 2107 3082 2177 aliquid
3113 2110 3374 2178 promittit
3412 2111 3464 2166 in
3500 2114 3662 2169 caelo.
3694 2114 3846 2171 Multi

2250 2196 2391 2250 enim
2422 2196 2545 2250 mali
2568 2196 2838 2252 christiani
2870 2199 3205 2270 inspectores
3232 2202 3695 2273 ephemeridarum
3722 2210 3760 2275 ³,
3791 2218 3846 2265 et

2251 2287 2591 2358 inquisitores
2616 2297 2775 2360 atque
2799 2290 3174 2350 observatores
3199 2303 3496 2366 temporum
3527 2308 3580 2354 et
3605 2299 3842 2371 dierum,

2250 2396 2370 2436 cum
2398 2384 2658 2452 caeperint
2687 2384 2756 2439 ibi
2785 2386 3051 2458 objurgari
3081 2404 3110 2442 a
3141 2390 3296 2446 nobis
3314 2387 3441 2458 ,‘vel
3471 2409 3500 2446 a
3525 2395 3844 2465 quibusdam

2250 2470 2404 2527 bonis
2443 2473 2858 2546 melioribusque
2895 2477 3233 2546 christianis,
3269 2498 3434 2552 quare
3469 2484 3568 2540 ista
3606 2485 3843 2558 faciant,

2249 2565 2575 2634 respondent
2598 2584 2611 2622 :
2635 2567 2760 2623 Huic
2779 2579 2996 2642 propter
3014 2579 3222 2643 tempus
3241 2573 3344 2630 hoc
3366 2579 3662 2635 necessaria
3683 2591 3842 2650 sunt;

2248 2659 2522 2715 christiani
2545 2670 2721 2718 autem
2752 2678 2940 2721 sumus
2966 2676 3186 2737 propter
3207 2671 3368 2725 vitam
3397 2681 3688 2742 teternam;
3716 2691 3843 2746 pro-

2247 2761 2428 2822 pterea
2467 2753 2523 2808 in
2562 2752 2831 2812 Christum
2875 2758 3229 2829 credidimus,
3259 2772 3318 2818 ut
3354 2763 3446 2820 det
3482 2767 3637 2822 nobis
3676 2770 3844 2828 vitam

2247 2855 2538 2916 aeternam;
2569 2863 2691 2904 nam
2723 2851 2828 2905 vita
2859 2852 2956 2907 ista
2987 2856 3297 2924 temporalis
3325 2858 3377 2913 in
3407 2875 3508 2930 qua
3535 2875 3842 2934 versamur,

2246 2940 2315 2996 ad
2334 2955 2518 2998 curam
2539 2943 2705 3014 ipsius
2731 2960 2834 3001 non
2855 2946 3106 3017 pertinet.
3136 2950 3488 3022 Relinquitur,
3512 2964 3570 3010 ut
3593 2956 3695 3012 hoc
3716 2957 3844 3014 bre-

2245 3033 2384 3088 viter
2409 3034 2607 3104 dicant,
2638 3045 2698 3092 ut
2725 3048 2942 3110 propter
2966 3039 3126 3098 vitam
3159 3053 3414 3100 aeternam
3442 3046 3607 3115 Deus,
3633 3056 3691 3103 et
3717 3064 3845 3118 pro-

2246 3133 2365 3196 pter
2401 3127 2561 3182 vitam
2611 3139 2926 3198 praesentem
2970 3131 3214 3190 diabolus
3260 3137 3483 3192 colatur.
3531 3137 3846 3210 Respondet

2245 3216 2352 3272 illis
2378 3219 2490 3289 ipse
2509 3218 2755 3276 Christus
2779 3239 2794 3276 :
2823 3220 2946 3277 Non
2968 3225 3174 3296 potestis
3193 3227 3388 3284 duobus
3411 3229 3630 3285 dominis
3653 3234 3846 3289 servire

2249 3307 2458 3380 (Matth.
2490 3327 2562 3379 vt,
2588 3311 2702 3385 24).
2733 3313 2802 3369 Et
2824 3315 2987 3372 alium
3011 3319 3144 3374 colis
3171 3330 3384 3392 propter
3407 3322 3459 3379 id
3481 3325 3622 3395 quod
3649 3341 3846 3397 exspe-

2245 3410 2360 3457 ctas
2382 3402 2432 3458 in
2459 3405 2616 3471 caelo,
2640 3415 2696 3461 et
2721 3406 2882 3462 alium
2909 3409 3040 3465 colis
3065 3421 3283 3482 propter
3310 3413 3362 3468 id
3391 3416 3531 3485 quod
3557 3427 3846 3487 exspectas

2245 3493 2297 3549 in
2331 3502 2468 3550 terra
2501 3515 2514 3550 :
2543 3507 2742 3566 quanto
2771 3500 2964 3556 melius
2993 3519 3153 3558 unum
3182 3505 3313 3562 colis
3332 3547 3348 3573 ,
3375 3509 3464 3577 qni
3495 3506 3619 3564 fecit
3643 3511 3845 3568 calum

2245 3595 2298 3642 et
2325 3589 2555 3643 terram?
2579 3591 2678 3656 Qui
2705 3593 2914 3648 curavit
2938 3604 2996 3649 ut
3019 3604 3162 3652 esset
3186 3606 3348 3667 terra,
3375 3600 3658 3671 imaginem
3688 3620 3844 3661 suam

2245 3679 2462 3750 negligit
2487 3680 2540 3736 in
2569 3673 2747 3738 tei'ra?
2773 3684 2934 3755 Ergo,
2967 3685 3232 3745 Conservet
3264 3707 3376 3744 eum
3409 3689 3663 3749 Dominus
3689 3705 3736 3751 et
3765 3697 3845 3752 vi“-

2243 3772 2406 3840 viﬁcet
2430 3790 2558 3840 eum,
2594 3775 2974 3848 intelligentem
3000 3795 3162 3850 super
3186 3797 3412 3853 egenum
3444 3793 3499 3840 et
3527 3802 3844 3857 pauperem.

2245 3865 2464 3938 Insuper
2495 3869 2737 3938 quamvis
2774 3871 2828 3927 in
2865 3883 3122 3931 teternum
3158 3876 3415 3946 viviﬁcet,
3447 3878 3646 3936 beatum
3682 3884 3848 3954 faciat

2245 3977 2359 4016 eum
2388 3963 2438 4016 in
2469 3972 2620 4018 terra.

2315 4055 2368 4108 4.
2393 4053 2461 4108 Et
2483 4072 2581 4110 non
2607 4058 2774 4113 tradat
2800 4076 2912 4116 eum
2937 4061 2991 4115 in
3014 4078 3194 4118 manus
3218 4063 3410 4120 inimici
3432 4066 3560 4138 ejus.
3586 4065 3847 4126 Inimicus

2243 4145 2333 4201 ille
2355 4145 2600 4203 diabolus
2633 4159 2733 4205 est.
2764 4150 2933 4208 Nemo
2956 4155 3194 4212 attendat
3232 4157 3502 4213 inimicum
3543 4174 3704 4216 suum
3747 4161 3849 4216 ho-

2243 4239 2439 4295 minem
2461 4283 2476 4309 ,
2505 4244 2718 4314 quando
2743 4246 2890 4302 audit
2918 4247 3078 4305 verba
3105 4250 3222 4304 ista.
3255 4249 3371 4306 lam
3403 4252 3537 4308 forte
3564 4253 3633 4308 de
3661 4254 3847 4312 vicino

2243 4348 2341 4390 suo
2366 4336 2650 4407 cogitabat,
2682 4339 2748 4394 de
2777 4340 2868 4396 illo
2893 4343 2983 4413 qui
3011 4358 3132 4398 cum
3163 4343 3250 4399 illo
3276 4344 3423 4400 litem
3452 4346 3502 4401 in
3533 4345 3648 4402 foro
3674 4346 3850 4405 habe-

2243 4428 2366 4497 bat,
2395 4429 2462 4484 de
2492 4431 2580 4484 illo
2606 4433 2694 4502 qui
2726 4433 2798 4486 illi
2828 4433 2940 4488 vult
2967 4435 3176 4492 auferre
3202 4439 3593 4506 possessionem
3613 4479 3629 4506 ,
3657 4441 3756 4510 qui
3784 4439 3850 4495 il-

2242 4522 2351 4578 lum
2381 4524 2496 4578 vnlt
2523 4539 2764 4595 premere
2795 4534 2852 4581 ut
2879 4527 3072 4583 vendat
3101 4529 3171 4583 illi
3201 4530 3420 4585 domum
3455 4545 3626 4586 suam.
3660 4531 3850 4589 Nolite

2242 4613 2343 4671 ista
2370 4617 2636 4687 cogitare;
2664 4615 2753 4674 sed
2786 4617 2930 4674 illum
2959 4619 3228 4676 inimicum
3255 4623 3505 4694 cogitate,
3532 4623 3599 4680 de
3623 4639 3737 4695 quo
3763 4624 3850 4680 di-

2243 4707 2316 4764 cit
2344 4708 2633 4776 Dominus,
2668 4709 2914 4768 Inimicus
2939 4713 3086 4768 homo
3115 4714 3210 4769 hoc
3243 4716 3361 4787 fecit
3389 4715 3509 4788 (Id.
3543 4731 3674 4783 xnt,
3704 4718 3783 4774 28
3804 4720 3847 4789 ).

2245 4798 2362 4870 ipse
2385 4810 2467 4856 est
2492 4803 2633 4857 enim
2659 4804 2749 4874 qui
2775 4807 3010 4876 suggerit
3036 4816 3092 4862 ut
3118 4818 3335 4878 propter
3363 4824 3450 4865 res
3476 4817 3726 4866 terrenas
3754 4827 3852 4868 co-

2243 4893 2416 4962 latur;
2448 4895 2568 4966 quia
2600 4911 2706 4952 non
2744 4906 2922 4967 potest
2961 4910 3202 4956 evertere
3246 4915 3440 4958 nomen
3483 4901 3852 4960 christianum

2242 4989 2488 5045 inimicus
2515 4990 2617 5045 iste
2646 5007 2660 5045 :
2686 4991 2818 5046 vidit
2855 4993 2996 5047 enim
3031 5007 3090 5048 se
3117 4993 3314 5049 vietum
3346 4993 3481 5050 fama
3509 5003 3565 5051 et
3587 4993 3853 5052 laudibus

2243 5079 2461 5148 Christi,
2489 5080 2619 5136 vidit
2642 5081 2694 5136 in
2716 5097 2782 5138 eo
2807 5083 2946 5153 quod
2969 5083 3158 5140 occidit
3186 5094 3448 5157 martyres
3471 5084 3693 5152 Christi,
3721 5087 3854 5143 illos

2243 5185 2545 5242 coronatos,
2569 5185 2622 5233 et
2644 5191 2703 5233 se
2726 5177 3108 5249 triumphatum
3128 5196 3142 5247 ;
3165 5189 3219 5236 et
3238 5180 3399 5252 erepit
3419 5195 3523 5236 non
3551 5195 3717 5251 posse
3742 5183 3854 5238 hoc

2243 5273 2563 5342 persuadere
2584 5272 2907 5343 hominibus,
2931 5275 3072 5346 quod
3095 5274 3227 5331 nihil
3250 5276 3319 5331 sit
3335 5274 3610 5342 Christus;
3633 5282 3692 5329 et
3717 5277 3855 5346 quia

2242 5365 2592 5436 vituperando
2618 5365 2909 5432 Christum,
2933 5367 3043 5438 jam
3069 5366 3285 5423 difﬁcile
3308 5367 3539 5437 decipit;
3569 5367 3856 5424 laudando

2243 5459 2532 5525 Christum,
2549 5469 2776 5516 conatur
2790 5459 3056 5530 decipere.
3078 5460 3247 5516 Antea
3265 5460 3388 5532 quid
3406 5459 3648 5516 dicebat?
3664 5459 3855 5529 Quem

2243 5551 2453 5607 colitis?
2484 5550 2726 5607 ludzeum
2763 5561 3032 5609 mortuum
3052 5593 3067 5618 ,
3097 5552 3410 5608 crucifixum
3432 5593 3446 5618 ,
3482 5550 3686 5610 nullius
3717 5567 3856 5608 mo-

2243 5644 2409 5699 menti
2443 5642 2742 5710 hominem,
2774 5644 2864 5716 qui
2898 5659 3003 5700 non
3042 5642 3212 5714 potuit
3237 5658 3267 5697 a
3297 5657 3355 5698 se
3389 5653 3618 5700 mortem
3645 5643 3857 5715 depel-

2244 5735 2375 5794 lere.
2403 5734 2507 5793 Ubi
2541 5734 2596 5793 in
2632 5735 2850 5794 nomine
2878 5736 2992 5809 ejus
3022 5735 3153 5792 vidit
3187 5750 3402 5793 currere
3440 5749 3608 5807 genus
3644 5733 3855 5792 δυωδ-

2312 5925 2326 5958 ¹
2353 5921 2563 5975 Colbert.
2587 5925 2691 5986 Ms,
2714 5919 2954 5973 rationum
2974 5917 3376 5985 ephemeriarwn.

3788 5951 3905 6036 se

3932 6052 3941 6068 ν
