4042 6464
149 447 241 504 457
1228 438 1632 498 ENARRATIO
1671 437 1737 495 1N
1777 437 2098 496 PSALMUM
2135 435 2249 493 XL.

148 577 291 628 num,
322 559 458 616 vidit
495 560 619 633 quia
655 559 707 615 in
747 557 962 614 nomine
997 554 1238 614 cruciﬁxi
1271 559 1468 630 templa
1506 557 1732 614 subver-

149 667 331 722 tuntur,
363 654 506 711 idola
540 654 875 726 franguntur,
908 651 1168 707 sacriﬁcia
1204 651 1649 722 exstinguuntur;
1680 657 1737 705 et

151 751 252 806 haec
277 749 457 805 omnia
485 746 740 820 praedicta
769 746 824 801 in
851 743 1136 817 Prophetis
1165 741 1513 800 attenduntur
1539 743 1608 798 ab
1635 740 1735 796 ho-

153 841 408 910 minibus,
453 839 809 896 admiratione
852 837 1222 909 stupentibus,
1268 844 1324 892 et
1367 833 1736 891 claudentibus

152 935 245 1006 iam
282 947 376 988 cor
409 931 669 988 adversus
703 931 1145 1003 vituperationem
1175 927 1454 994 Christi‘;
1483 926 1654 982 induit
1677 941 1738 983 se

152 1025 382 1082 laudibus
404 1025 629 1092 Christi,
658 1033 713 1080 et
735 1024 901 1096 coepit
926 1038 956 1078 a
984 1022 1090 1079 ﬁde
1117 1021 1223 1077 alio
1251 1021 1414 1077 modo
1438 1018 1734 1075 deterrere.

151 1121 318 1191 Magna
341 1120 429 1176 lex
458 1130 540 1175 est
565 1117 888 1185 Christiana,
914 1126 1106 1189 potens
1129 1115 1218 1171 illa
1244 1115 1352 1183 lex,
1377 1113 1578 1180 divina,
1603 1111 1738 1168 inef-

152 1213 307 1268 fabilis
334 1230 349 1266 :
377 1213 474 1267 sed
499 1213 618 1282 quis
650 1211 794 1266 illam
830 1210 1052 1281 implet?
1091 1209 1148 1264 ln
1187 1208 1404 1264 nomine
1444 1205 1738 1264 Salvatoris

154 1305 299 1362 nostri
329 1303 643 1360 conculcata
677 1303 888 1360 leonem
914 1311 965 1358 et
991 1302 1276 1357 draconem
1304 1299 1478 1373 (Psal.
1505 1314 1592 1364 xc,
1621 1297 1735 1371 15).

155 1401 332 1468 Aperte
357 1395 808 1467 reprehendendo
835 1391 1101 1451 fremebat
1122 1393 1238 1462 leo,
1265 1402 1438 1449 astute
1468 1389 1738 1448 laudando

155 1489 416 1545 insidiatur
451 1488 636 1544 draco.
679 1487 908 1543 Veniant
947 1486 1012 1542 ad
1054 1485 1214 1542 fidem
1257 1485 1347 1556 qui
1387 1483 1734 1540 dubitabant:

127 1653 134 1662 θ
157 1597 242 1638 non
269 1581 481 1647 dicant,
507 1580 639 1648 Quis
670 1580 772 1636 hoc
797 1578 1021 1650 implet?
1046 1578 1104 1634 Si
1137 1577 1206 1633 de
1230 1577 1433 1632 viribus
1457 1574 1567 1631 suis
1595 1589 1739 1645 pra:-

127 1663 380 1744 isumunt,
417 1687 526 1729 non
553 1672 869 1744 implebunt.
897 1668 1282 1727 Praesumendo
1305 1668 1374 1724 de
1401 1667 1571 1740 gratia
1602 1665 1698 1722 Dei
1718 1666 1738 1697 ²

121 1741 137 1832 ξ
159 1766 376 1832 credant,
403 1741 778 1836 praesumendo
799 1763 1036 1828 veniant,
1060 1761 1343 1833 adjuvandi
1368 1759 1606 1822 veniant,
1633 1771 1740 1812 non

157 1859 432 1928 iudicandi.
474 1858 673 1914 Vivunt
706 1871 895 1914 omnes
933 1855 1118 1912 ﬁdeles
1156 1856 1210 1911 in
1251 1855 1466 1911 nomine
1505 1851 1738 1917 Christi,

160 1951 361 2022 quisque
390 1966 492 2022 pro
514 1949 682 2022 gradu
706 1965 807 2006 suo
833 1949 1058 2020 implens
1084 1955 1348 2019 praecepta
1375 1945 1600 2012 Christi,
1628 1944 1744 1998 sive

160 2044 427 2118 coniuges,
464 2044 580 2100 sive
616 2042 830 2098 caelibes
866 2051 922 2098 et
958 2041 1224 2112 virgines,
1261 2040 1447 2094 vivunt
1483 2045 1740 2108 quantum

162 2119 304 2190 donat.
322 2136 587 2190 Dominus
606 2135 686 2190 eis
711 2134 926 2198 vivere;
955 2147 1126 2203 neque
1150 2131 1216 2186 de
1243 2132 1353 2216 suis
1375 2129 1580 2186 viribus
1605 2142 1740 2198 prae-

165 2238 383 2295 sumunt,
414 2227 512 2284 sed
537 2236 802 2283 noverunt
828 2241 890 2283 se
915 2225 968 2280 in
999 2225 1092 2280 illo
1116 2224 1314 2281 debere
1339 2223 1574 2294 gloriari.
1603 2219 1744 2288 Quid

165 2321 281 2376 enim
310 2321 511 2388 habes,
541 2319 687 2392 quod
717 2335 823 2375 non
852 2317 1144 2389 accepisti?
1169 2316 1226 2374 Si
1252 2326 1430 2372 autem
1457 2315 1740 2384 accepisti,

167 2414 266 2481 quid
288 2413 539 2487 gloriaris
563 2415 711 2486 quasi
744 2429 850 2469 non
875 2411 1149 2483 acceperis
1177 2411 1228 2484 (ι
1255 2409 1373 2467 Cor.
1404 2427 1476 2477 tv,
1505 2409 1598 2482 7)?
1623 2407 1744 2464 Noli

169 2505 316 2561 dicere
342 2505 503 2573 mihi,
529 2505 660 2573 Quis
686 2505 815 2561 illud
844 2505 1067 2576 implet?
1097 2504 1190 2560 ille
1221 2504 1272 2558 in
1305 2519 1389 2558 me
1415 2501 1622 2573 implet,
1653 2500 1745 2571 qui

168 2599 287 2653 venit
307 2599 462 2655 dives
496 2598 564 2654 ad
604 2613 890 2672 pauperem
921 2614 935 2650 :
967 2611 1169 2668 pauper
1203 2595 1416 2667 quidem
1451 2594 1517 2651 ad
1548 2609 1746 2665 paupe-

170 2707 278 2759 rem,
302 2693 396 2748 sed
429 2692 620 2763 plenus
644 2692 714 2747 ad
741 2691 974 2747 inanem.
1007 2690 1132 2746 Haec
1156 2690 1415 2760 cogitans,
1440 2689 1560 2758 quia
1590 2687 1746 2743 intel-

171 2782 261 2854 ligit
288 2800 452 2857 super
487 2799 716 2856 egenum
751 2791 808 2840 et
843 2797 1164 2854 pauperem,
1197 2792 1250 2837 et
1283 2795 1388 2836 non
1428 2789 1747 2850 aspernatur

171 2887 510 2948 paupertatem
537 2877 756 2944 Christi,
785 2877 1032 2947 intelligit
1057 2875 1270 2932 divitias
1289 2873 1508 2939 Christi,
1537 2875 1596 2928 lit
1623 2873 1747 2928 bea-

173 2981 239 3028 tus
272 2975 317 3028 in
356 2985 536 3031 terra:
573 2983 628 3029 et
664 2989 768 3028 non
812 2972 1036 3028 traditur
1074 2972 1128 3026 in
1168 2985 1356 3026 manus
1391 2969 1588 3025 inimici
1629 2968 1742 3036 sui,

174 3066 368 3121 volentis
393 3066 449 3122 ei
477 3065 803 3136 persuadere
829 3073 887 3120 ut
915 3064 1061 3119 Deus
1093 3062 1298 3118 colatur
1334 3069 1552 3132 propter
1581 3061 1746 3122 caele:

173 3161 271 3228 stia,
291 3162 535 3218 diabolus
559 3160 766 3217 colatur
789 3156 1008 3231 propter
1034 3168 1268 3214 terrena.
1292 3154 1417 3210 Non
1443 3153 1613 3210 tradat
1633 3169 1748 3210 eum

175 3255 217 3308 in
235 3273 401 3310 manus
432 3254 632 3308 inimici
656 3254 790 3326 ejus.

229 3349 275 3404 5.
302 3347 455 3424 [νινε.
476 3345 560 3421 4.]
590 3345 840 3402 Dominus
864 3361 1009 3416 opem
1038 3348 1170 3416 {erat
1193 3342 1291 3398 illi.
1314 3341 1419 3398 Sed
1437 3340 1568 3397 ubi?
1587 3340 1751 3397 Forte

181 3440 220 3494 in
248 3441 395 3509 omlo,
427 3439 569 3496 forte
593 3439 648 3494 in
677 3439 784 3496 vita
808 3447 1028 3506 aeterna,
1055 3445 1114 3493 ut
1136 3444 1305 3494 restet
1328 3433 1612 3491 colendum
1637 3433 1752 3489 dia-

178 3528 326 3588 bolum
347 3542 575 3604 propter
596 3531 830 3602 inopiam
853 3539 1142 3597 terrenam,
1165 3535 1384 3600 propter
1403 3527 1752 3582 necessitates

181 3624 308 3697 hujus
328 3627 495 3684 vitae?
525 3626 701 3682 Absit.
733 3623 1152 3681 Promissionem
1179 3621 1342 3677 habes
1366 3620 1492 3675 vitae
1517 3633 1753 3690 praesen-

183 3716 234 3773 tis
254 3729 300 3774 et
326 3718 523 3775 futura:
548 3717 594 3788 (l
625 3716 758 3773 Tim.
785 3733 858 3784 tv,
881 3716 962 3788 8).
993 3714 1086 3772 Ille
1112 3713 1177 3769 ad
1206 3722 1259 3769 to
1283 3711 1430 3768 venit
1455 3711 1509 3766 in
1530 3718 1747 3777 terram,

184 3824 255 3878 per
279 3828 430 3882 quem
462 3811 665 3868 factum
691 3819 775 3868 est
799 3810 994 3867 caelum
1017 3818 1072 3864 et
1091 3817 1252 3863 terra.
1276 3804 1516 3876 Denique
1537 3803 1753 3859 attende

184 3903 283 3974 quid
308 3904 449 3960 dicat
481 3921 497 3958 :
525 3902 778 3958 Dominus
803 3917 950 3972 opem
975 3904 1104 3971 {erat
1127 3899 1203 3954 illi
1229 3913 1381 3969 super
1404 3897 1586 3951 lectum
1610 3894 1753 3950 dolo.

183 3987 236 4040 n's
255 3990 368 4058 ejus.
396 3989 599 4044 Lectus
624 3986 824 4043 doloris
849 3984 1131 4040 inﬁrmitas
1154 3991 1236 4039 est
1261 3982 1458 4037 carnis.
1484 3979 1562 4036 Ne
1582 3980 1751 4046 dicas,

185 4075 274 4132 Non
291 4095 506 4150 possum
524 4090 707 4135 tenere
722 4088 776 4134 et
791 4086 1005 4150 portare
1021 4086 1074 4130 et
1089 4073 1302 4131 frenare
1318 4087 1531 4145 carnem
1546 4087 1718 4127 meam
1737 4090 1750 4125 :

185 4169 417 4238 edjuvaris
459 4181 523 4227 ut
564 4171 758 4242 possis.
805 4169 1061 4224 Dominus
1101 4183 1257 4239 Opem
1295 4164 1435 4222 ferat
1469 4164 1563 4220 tibi
1596 4179 1756 4234 super

189 4257 350 4319 lectum
371 4263 582 4321 doloris
607 4263 704 4318 tui.
730 4262 983 4318 Portabat
1007 4270 1057 4316 te
1076 4260 1266 4326 lectus,
1289 4272 1395 4313 non
1424 4265 1481 4311 tu
1507 4255 1757 4326 portabas

187 4351 378 4423 lectum;
400 4357 500 4414 sed
523 4356 844 4428 paralyticus
865 4355 1007 4411 intus
1027 4369 1148 4410 eras
1169 4371 1181 4406 :
1201 4351 1354 4408 adest
1373 4350 1461 4422 qui
1481 4349 1624 4406 dicat
1639 4349 1754 4418 tibi,

187 4441 304 4502 Tolle
321 4449 590 4519 grabatum
609 4458 775 4516 tuum,
799 4457 844 4503 et
865 4447 990 4502 vade
1008 4447 1061 4500 in
1081 4446 1288 4500 domum
1308 4453 1448 4498 tuam
1472 4441 1661 4514 (Marci
1683 4458 1718 4496 ιι
1738 4483 1754 4508 ,

189 4539 277 4610 ll).
305 4541 554 4597 Dominus
583 4558 730 4613 opem
761 4543 891 4613 [erat
923 4539 1001 4594 illi
1025 4556 1177 4609 super
1204 4537 1385 4592 lectum
1409 4535 1600 4590 doloris
1625 4535 1754 4605 ejus.

189 4635 244 4692 Et
263 4639 323 4695 ad
354 4642 532 4713 ipsum
561 4640 843 4696 Dominum
872 4637 1134 4694 convertit
1162 4651 1240 4702 se,
1272 4642 1522 4705 tanquam
1548 4646 1758 4703 quare-

187 4740 330 4799 retur,
359 4737 539 4801 Quare
569 4747 699 4804 ergo
727 4746 847 4786 cum
876 4745 1031 4801 opem
1063 4728 1198 4782 ferat
1226 4725 1378 4781 nobis
1408 4725 1550 4779 Deus
1569 4764 1584 4790 ,
1617 4730 1761 4778 tanta

188 4823 301 4877 mala
327 4826 560 4894 patimur
587 4825 640 4878 in
668 4823 769 4878 ista
788 4823 916 4888 vita,
942 4828 1087 4874 tanta
1117 4815 1389 4882 scandala,
1418 4822 1595 4870 tantos
1615 4813 1764 4868 labo-

188 4922 278 4978 res,
301 4926 500 4972 tantam
526 4913 955 4985 inquietudinem
982 4911 1158 4968 carnis
1183 4917 1238 4966 et
1259 4907 1478 4964 saeculi?
1501 4905 1764 4962 convertit

191 5015 236 5058 te
255 5005 315 5060 ad
340 5009 534 5077 Deum,
564 5017 620 5064 et
645 5017 889 5078 tanquan
923 5003 1202 5060 consilium
1224 5001 1502 5058 medicinae
1525 4999 1641 5070 ejus
1662 5013 1760 5053 no-

191 5091 254 5150 bis
275 5114 552 5170 exponens
582 5119 598 5154 :
628 5099 810 5155 Totum
845 5107 1059 5153 stratum
1087 5097 1196 5163 eius
1217 5135 1231 5160 ,
1263 5094 1466 5164 inquit,
1497 5092 1685 5146 vertisti
1710 5091 1764 5145 in

187 5187 462 5256 inﬁmitate
488 5194 621 5264 ejus.
648 5191 785 5259 Quid
816 5200 897 5246 est
916 5232 930 5255 ,
972 5189 1155 5244 Totum
1193 5195 1410 5241 stratum
1443 5187 1551 5256 ejus
1576 5184 1765 5239 vertisti

186 5280 227 5333 in
263 5283 562 5354 inﬁmitate
603 5284 755 5356 ejus?
797 5283 901 5338 Per
941 5289 1166 5337 stratum
1212 5277 1524 5348 intelligitur
1567 5274 1765 5346 aliquid

196 5380 474 5433 terrenum.
518 5379 705 5434 Omnis
744 5377 918 5432 anima
959 5375 1167 5431 inﬁrma
1207 5373 1259 5427 in
1299 5371 1398 5426 hac
1435 5371 1540 5426 vita
1578 5369 1764 5439 quaerit

194 5467 277 5524 sibi
305 5472 510 5543 aliquid
542 5482 812 5529 terrenum
839 5471 928 5526 ubi
959 5469 1257 5539 requiescat
1283 5483 1296 5533 ;
1327 5466 1574 5536 quoniam
1603 5467 1766 5520 inten-

188 5561 364 5619 tionem
411 5564 620 5620 laboris
658 5573 712 5620 et
754 5564 948 5618 mentis
991 5568 1222 5617 extentae
1264 5560 1316 5613 in
1360 5558 1523 5613 Deum
1553 5556 1767 5613 difﬁcile

239 5701 252 5730 ¹
277 5700 349 5751 sic
368 5700 562 5762 habent
582 5697 810 5762 plerique
980 5700 1035 5762 A_t
1055 5691 1190 5751 Edd.,
1221 5697 1268 5762 et
1306 5689 1612 5762 laudantibus
1629 5725 1643 5750 ,
1659 5689 1770 5762 jam

187 5760 400 5826 adversus
417 5751 817 5826 vituperationem
835 5754 1013 5826 Christi
1052 5751 1268 5826 cessauit,
1307 5758 1354 5823 et
1392 5751 1636 5826 indutiae,
1650 5751 1765 5826 .etc.

187 5812 415 5890 Filioque
440 5812 557 5890 post
593 5823 841 5890 habebant
863 5833 886 5890 ε,
902 5816 988 5890 sed
1488 5813 1514 5864 τ
1540 5813 1769 5879 Impletur

185 5880 226 5930 in
246 5874 716 5938 novt'tine‘Salvatmis
735 5879 887 5933 nostri
909 5874 1141 5930 calcantis
1164 5874 1487 5938 leonenyetc.

240 5947 259 5977 ¹
276 5936 460 6000 omnes
484 5948 592 5999 fere
603 5955 713 5998 lss.
737 5939 1065 6008 omittunt,_t_le
1081 5936 1242 6002 gratia
1375 5949 1392 5986 :
1417 5945 1471 5987 et
1487 5936 1638 6008 paulo
1650 5946 1770 6008 post

185 5997 687 6075 mentiamur
701 6005 909 6060 cernunt.
935 5997 1049 6052 Edd-
1071 5997 1227 6052 vero:
1249 5997 1521 6063 adjuvandi
1551 5997 1761 6072 "enim.

459 6097 664 6161 Βλκυτ
739 6099 1020 6160 Accusa.
1048 6087 1156 6150 ιν.

3318 441 3426 500 458

1842 565 2017 628 potest
2040 562 2298 628 perpetuo
2322 551 2550 609 tolerare
2579 569 2594 608 :
2620 553 2817 626 aliquid
2843 555 2942 613 sibi
2968 558 3185 615 interra
3204 560 3429 632 conqui-

1840 649 1910 704 rit
1930 649 2020 704 ubi
2041 648 2342 720 requiescat
2367 656 2421 703 et
2443 646 2836 718 quodammodo
2861 650 3170 719 pausatioue
3195 652 3425 724 quadam

1841 741 2147 809 recumbat,
2173 741 2334 798 veluti
2355 748 2484 798 sunt
2504 739 2604 797 ista
2627 757 2745 813 quae
2767 741 2992 814 diligunt
3013 753 3070 800 et
3093 745 3424 802 innocentes.

1841 837 2025 910 Neque
2051 837 2196 895 enim
2235 837 2304 894 de
2337 835 2716 909 cupiditatibus
2744 836 3004 894 malorum
3033 853 3178 896 nunc
3199 839 3428 911 loquen-

1840 931 1969 988 dum
2008 942 2091 989 est
2113 974 2130 1001 ,
2171 931 2292 1004 quia
2327 931 2482 986 multi
2511 929 2855 1002 acquiescant
2897 931 2950 987 in
2982 933 3204 989 theatris
3226 975 3242 1000 ,
3274 932 3428 990 multi

1839 1025 2184 1096 acquiescant
2211 1023 2264 1078 in
2289 1025 2434 1080 circo
2452 1065 2468 1091 ,
2497 1022 2551 1078 in
2575 1024 3001 1095 amphitheatro,
3030 1024 3182 1080 mttlti
3213 1025 3432 1096 acquie-

1845 1128 2005 1173 scunt
2032 1117 2089 1173 in
2121 1116 2275 1183 alea;
2319 1115 2471 1171 multi
2507 1115 2559 1170 in
2599 1115 2804 1171 luxuria
2845 1118 3179 1188 popinarum,
3197 1117 3348 1172 multi
3379 1117 3434 1172 in

1843 1207 2061 1264 libidine
2088 1208 2489 1274 adulteriorum,
2523 1208 2672 1264 multi
2704 1209 2757 1264 in
2787 1209 3055 1265 violentiis
3082 1211 3392 1280 rapinarum
3415 1253 3431 1279 ,

1841 1302 1997 1358 multi
2022 1301 2076 1357 in
2102 1301 2227 1357 dolo
2251 1310 2306 1358 et
2329 1299 2535 1357 insidiis
2561 1301 2825 1357 fraudium
2856 1319 2872 1358 :
2901 1303 3246 1374 acquiescunt
3271 1303 3322 1358 in
3352 1301 3438 1357 his

1840 1396 2089 1453 omnibus
2113 1393 2375 1451 homines.
2401 1394 2538 1463 Quid
2561 1403 2662 1463 est,
2684 1394 3068 1466 acquiescunt‘l
3089 1394 3432 1450 Delectantur

1841 1489 1968 1545 illic.
2013 1487 2120 1545 Sed
2157 1503 2525 1545 removeamus
2568 1489 2682 1544 haec
2720 1489 2898 1544 omnia
2922 1529 2938 1557 ,
2979 1488 3044 1544 ad
3086 1489 3427 1546 innocentem

1821 1580 2115 1637 hominem
2144 1581 2419 1637 veniamus
2450 1598 2464 1636 :
2491 1581 2779 1652 acquiescit
2812 1582 2864 1636 in
2899 1579 3059 1636 domo
3085 1596 3181 1637 sua
3202 1623 3217 1647 ,
3254 1582 3306 1636 in
3345 1580 3427 1636 fa-

1843 1673 1989 1729 milia
2013 1687 2130 1740 sua,
2159 1672 2214 1728 in
2237 1672 2480 1743 coniuge,
2513 1672 2566 1727 in
2596 1673 2737 1739 ﬁliis,
2766 1672 2818 1726 in
2849 1681 3179 1743 paupertate,
3209 1673 3261 1727 in
3293 1688 3432 1742 prm-

1845 1767 1991 1824 diolo
2019 1782 2138 1834 suo,
2169 1766 2220 1822 in
2247 1766 2456 1823 novella
2483 1765 2729 1822 manibus
2749 1768 2860 1821 suis
2881 1766 3105 1830 consita,
3130 1766 3183 1820 in
3207 1765 3437 1821 mdiﬁcio

1844 1861 2024 1931 aliquo
2064 1873 2162 1916 suo
2204 1858 2381 1916 studio
2418 1859 2672 1915 fabricato
2710 1859 3095 1929 :acquiescuut
3123 1858 3438 1913 innocentes

1844 1956 1898 2011 in
1937 1955 2041 2011 his.
2072 1953 2178 2012 Sed
2205 1963 2384 2010 tamen
2417 1954 2556 2009 Deus
2585 1952 2772 2008 volens
2809 1967 2907 2006 nos
2932 1966 3168 2006 amorem
3201 1965 3307 2005 non
3339 1948 3438 2004 ha-

1842 2049 1973 2106 bere
2001 2047 2104 2103 nisi
2130 2049 2252 2103 vitae
2281 2057 2517 2114 aeternae,
2551 2056 2605 2102 et
2629 2045 2744 2100 istis
2774 2044 2917 2098 velut
2945 2042 3317 2098 innocentibus
3346 2041 3442 2096 de-

1845 2138 2222 2196 lectationibus
2251 2138 2442 2196 miscet
2466 2134 2883 2201 amaritudines;
2914 2142 3051 2190 utet
3075 2134 3128 2188 in
3157 2133 3241 2189 his
3265 2133 3438 2204 patia-

1845 2247 1968 2288 mur
2012 2230 2381 2287 tribulationes
2414 2270 2433 2298 ,
2475 2237 2532 2285 et
2578 2229 2883 2284 universum
2927 2235 3152 2282 stratum
3196 2237 3441 2282 nostrum

1846 2327 2011 2381 vertit
2052 2325 2107 2381 in
2147 2326 2455 2381 inﬁrmitate
2493 2331 2699 2378 nostra.
2745 2320 3044 2378 Universum
3075 2331 3290 2376 stratum
3329 2321 3442 2394 ejus

1845 2419 2034 2475 uenisti
2053 2420 2105 2474 in
2125 2419 2422 2490 inﬁrmitate
2439 2419 2569 2490 ejus.
2591 2417 2708 2473 Non
2727 2431 2854 2488 ergo
2873 2425 3249 2487 conqueratur,
3272 2431 3442 2486 quan-

1845 2510 1917 2566 do
1958 2512 2009 2566 in
2043 2510 2125 2567 his
2161 2527 2281 2582 qua:
2307 2512 2622 2567 innocenter
2647 2508 2845 2576 habet,
2878 2509 3078 2580 patitur
3105 2508 3308 2579 aliquas
3339 2508 3439 2563 tri-

1846 2605 2170 2661 bulationes.
2201 2606 2435 2662 Docetur
2458 2619 2639 2660 amare
2666 2602 2882 2658 meliora
2914 2617 3008 2671 per
3033 2600 3441 2657 amaritudinem

1847 2697 2160 2754 inferiorum
2189 2715 2202 2752 :
2231 2713 2301 2754 ne
2328 2699 2499 2752 viator
2530 2693 2756 2753 tendens
2781 2694 2847 2748 ad
2874 2694 3098 2764 patriam
3125 2735 3139 2759 ,
3173 2693 3440 2749 stabulum

1847 2801 1989 2846 amet
2017 2807 2113 2861 pro
2137 2791 2299 2846 domo
2327 2805 2445 2847 sua.
2479 2787 2779 2846 Universum
2804 2795 3018 2840 stratum
3042 2787 3154 2856 ejus
3179 2786 3368 2842 uertisti
3384 2785 3443 2840 in

1846 2884 2140 2954 inﬁrmitate
2165 2886 2295 2955 ejus.

1920 2976 1973 3033 6.
2017 2976 2168 3052 (vers.
2200 2973 2281 3050 5.]
2311 2975 2419 3032 Sed
2447 2989 2613 3046 quare
2637 2972 2782 3030 ista?
2810 2972 2943 3042 Quia
2970 2970 3201 3043 ﬂagellat
3225 2987 3442 3028 omnem

1851 3069 2015 3126 ﬁlium
2045 3086 2206 3142 quem
2237 3069 2426 3140 recipit
2450 3066 2636 3139 (Hebr.
2679 3082 2752 3122 ιιι
2776 3107 2792 3134 ,
2820 3065 2898 3138 6).
2927 3065 3104 3134 Quare
3133 3063 3232 3122 ista
3256 3064 3281 3119 ‘l
3305 3065 3443 3133 Quia

1850 3164 2094 3234 peccanti
2122 3163 2328 3219 homini
2365 3162 2567 3218 dictum
2593 3171 2676 3217 est
2702 3178 2717 3214 :
2742 3158 2810 3215 In
2843 3159 3012 3215 labore
3036 3159 3203 3215 uultus
3229 3159 3302 3214 tui
3329 3158 3445 3216 edes

1850 3274 2034 3329 panem
2062 3267 2203 3312 tuum
2228 3254 2380 3329 (Gen.
2409 3271 2486 3320 ιιι,
2515 3253 2626 3326 i9).
2660 3253 2803 3324 Ergo
2832 3253 2950 3324 quia
2980 3252 3346 3323 correptiones
3371 3252 3445 3308 is-

1851 3360 1954 3417 tas,
1989 3350 2040 3406 in
2072 3349 2268 3421 quibus
2293 3349 2598 3404 universum
2623 3354 2847 3401 stratum
2875 3355 3114 3401 nostrum
3141 3346 3366 3401 vertitur
3391 3345 3444 3400 in

1852 3443 2160 3500 inﬁrmitate
2183 3452 2384 3508 nostra,
2409 3453 2700 3511 agnoscere
2719 3437 2879 3493 debet
2901 3437 3061 3492 homo
3082 3446 3300 3506 propter
3321 3450 3447 3506 pec-

1853 3547 1971 3594 cata
2008 3550 2068 3592 se
2105 3535 2256 3606 pati;
2296 3540 2574 3590 convertat
2610 3546 2690 3595 se,
2726 3538 2780 3584 et
2815 3527 2958 3585 dicat
2985 3528 3125 3599 quod
3155 3529 3397 3599 sequitur
3427 3549 3443 3583 :

1858 3629 1972 3701 Ego
1999 3627 2108 3683 dixi
2129 3643 2148 3682 :
2166 3626 2402 3690 Domine,
2433 3625 2668 3679 miserere
2691 3622 2828 3688 mei;
2852 3638 2979 3676 sana
3006 3621 3231 3676 animam
3258 3637 3444 3688 meam,

1853 3723 2092 3793 quoniam
2117 3719 2317 3793 peccaui
2344 3718 2452 3774 tibi.
2480 3717 2526 3773 Ο
2550 3716 2792 3782 Domine,
2824 3715 2878 3770 in
2906 3713 3332 3771 tribulationibus
3357 3729 3448 3769 me

1855 3831 2049 3874 exerce
2086 3816 2104 3848 ⁸
2143 3832 2158 3874 :
2199 3812 2569 3885 ﬁagellaudum
2605 3809 2812 3882 iudicas
2838 3823 3054 3865 omnem
3091 3808 3255 3864 ﬁlium
3285 3823 3447 3880 quem

1855 3917 2169 3979 recepturus
2194 3921 2253 3962 es
2275 3947 2292 3973 ,
2324 3906 2412 3977 qui
2445 3919 2544 3960 nec
2569 3903 2741 3960 Unico
2767 3901 3068 3973 pepercisti.
3105 3901 3198 3956 ille
3229 3900 3445 3972 quidem

1857 4003 1974 4059 sine
1997 4010 2216 4073 peccato
2245 3999 2541 4070 flagellatus
2565 4006 2647 4053 est
2675 4013 2688 4049 :
2716 4011 2816 4066 ego
2836 4004 3012 4051 autem
3033 3994 3179 4058 dico,
3207 3992 3449 4049 Miserere

1858 4097 1990 4162 mei,
2022 4111 2150 4149 sana
2173 4092 2398 4147 animam
2427 4107 2623 4156 meam,
2650 4088 2887 4160 quoniam
2914 4087 3110 4158 peccavi
3140 4085 3247 4140 tibi.
3279 4086 3335 4142 Si
3361 4102 3450 4142 se-

1860 4197 2011 4244 catus
2040 4195 2124 4243 est
2148 4189 2168 4219 ²
2193 4186 2284 4257 qui
2315 4183 2648 4255 putredinem
2675 4197 2780 4236 non
2807 4180 3077 4246 habebat,
3111 4181 3155 4234 si
3185 4179 3451 4235 medicina

1858 4281 1973 4351 ipsa
2012 4287 2195 4334 nostra
2235 4278 2411 4348 ignem
2451 4273 2822 4330 medicinalem
2860 4273 2967 4328 non
3009 4271 3242 4341 respuit;
3284 4261 3454 4341 impa-

1862 4375 2053 4430 tienter
2075 4373 2218 4427 ferre
2243 4370 2500 4426 debemus
2521 4376 2764 4424 urentem
2787 4364 3050 4422 medicum
3075 4372 3130 4420 et
3152 4373 3447 4432 secantem,

1860 4465 1913 4520 id
1943 4473 2059 4530 est,
2090 4462 2339 4518 omnibus
2367 4458 2796 4516 tribulationibus
2825 4471 2922 4512 nos
2947 4464 3308 4521 exercentem,
3339 4463 3394 4510 et
3420 4471 3452 4510 a

1860 4564 2080 4629 peccato
2123 4553 2447 4610 sanantem'l
2490 4552 2652 4606 Plane
2689 4549 3086 4604 committamus
3131 4562 3228 4602 nos
3257 4547 3452 4603 medici

1860 4648 2080 4713 manui;
2113 4662 2219 4702 non
2256 4645 2399 4701 enim
2427 4651 2604 4708 errat,
2645 4651 2703 4696 ιιι
2744 4655 2932 4695 sanum
2961 4655 3058 4710 pro
3084 4640 3226 4711 putri
3258 4649 3406 4696 secet
3435 4658 3450 4695 :

1862 4743 2012 4799 novit
2038 4739 2179 4812 quod
2211 4738 2456 4810 inspicit,
2488 4736 2632 4792 novit
2660 4735 2846 4790 vitium
2865 4775 2880 4802 ,
2907 4734 3029 4804 quia
3061 4733 3173 4804 ipse
3201 4733 3328 4790 fecit
3356 4751 3454 4790 na-

1866 4845 2075 4900 turam;
2106 4832 2232 4904 quid
2270 4832 2385 4902 ipse
2419 4828 2674 4896 condidit,
2707 4827 2833 4898 quid
2863 4826 2929 4881 de
2954 4835 3135 4881 nostra
3165 4826 3458 4896 cupiditate

1865 4927 2090 4983 accessit
2113 4967 2128 4990 ,
2169 4923 2445 4979 discernit.
2487 4921 2598 4978 Scit
2627 4935 2686 4975 se
2717 4934 2848 4974 sano
2883 4918 3084 4972 homini
3127 4928 3454 4989 przeceptum

1866 5021 2099 5087 dedisse,
2130 5034 2198 5073 ne
2226 5017 2534 5088 languorem
2567 5014 2901 5076 incurreret;
2933 5009 3133 5066 dixisse
3157 5011 3211 5066 in
3241 5010 3457 5081 paradi-

1867 5129 1930 5171 so
1958 5132 1972 5164 :
2002 5113 2116 5168 Hoc
2141 5109 2423 5172 manduca,
2456 5115 2511 5162 et
2535 5105 2640 5160 hoc
2669 5105 2775 5159 noli
2809 5102 2919 5175 (Id.
2949 5119 3025 5170 ιι,
3059 5104 3160 5170 l6,
3197 5103 3310 5173 l7).
3339 5101 3458 5158 Non

1867 5206 2068 5262 audivit
2096 5219 2256 5259 sanus
2283 5201 2472 5257 medici
2496 5209 2844 5268 praeceptum,
2873 5206 2930 5252 ut
2956 5211 3062 5252 non
3085 5196 3335 5262 caderet;
3361 5210 3460 5249 au-

1867 5302 1981 5358 diat
2009 5300 2093 5356 vel
2119 5307 2370 5369 aegrotus,
2402 5305 2458 5350 ut
2483 5301 2685 5364 surgat.
2723 5290 2834 5363 Ego
2858 5290 2966 5345 dixi
2993 5288 3278 5356 :Domine,
3309 5287 3462 5342 mise-

1868 5410 1980 5448 rere
2001 5392 2138 5457 mei;
2162 5405 2288 5444 sana
2313 5387 2536 5441 animam
2561 5401 2746 5451 nteant,
2774 5383 3013 5454 quoniam
3038 5379 3240 5452 peccavi
3263 5378 3369 5434 tibi.
3401 5379 3459 5435 ln

1871 5486 2024 5542 factis
2064 5483 2198 5540 meis
2223 5523 2237 5548 ,
2272 5482 2322 5536 in
2356 5479 2587 5551 peccatis
2613 5477 2748 5532 meis
2778 5493 2883 5532 non
2915 5490 3107 5530 accuso
3150 5474 3414 5528 fortunam
3442 5515 3457 5541 ,

1871 5595 1977 5636 non
2005 5577 2146 5639 dico,
2179 5575 2291 5630 Hoc
2320 5574 2450 5628 mihi
2473 5571 2600 5628 fecit
2621 5569 2821 5634 fatum;
2849 5583 2958 5623 non
2978 5565 3120 5632 dico,
3147 5565 3462 5621 Adulterum

1872 5687 1958 5727 me
1988 5671 2112 5728 fecit
2145 5670 2344 5737 Venus,
2367 5676 2423 5724 et
2441 5667 2704 5723 latronem
2727 5679 2812 5719 me
2833 5661 2955 5717 fecit
2976 5659 3140 5728 Mars,
3162 5667 3216 5715 et
3235 5673 3459 5714 avarum

1937 5874 1955 5906 ί
1979 5871 2055 5922 sic
2080 5877 2186 5920 Mss.
2213 5867 2326 5918 add.
2345 5877 2466 5917 vero
2491 5899 2506 5924 ,
2530 5857 2982 5930 in
3004 5869 3123 5930 mets
3144 5869 3220 5930 me
3242 5867 3446 5930 exerces

1937 5938 1955 5967 ³
1982 5941 2114 5993 t.ov,,
2139 5932 2181 5982 si
2208 5938 2339 5981 ustus
2359 5935 2448 5980 est.
2468 5933 2524 5978 Δι
2544 5925 2733 5986 Mss.,si
2761 5926 2949 5972 secalus
2971 5926 3041 5970 est
3069 5932 3086 5981 ;
3123 5927 3233 5980 aut,
3261 5925 3419 5970 sectus
3447 5925 3463 5964 :

1875 6006 1927 6046 et
1949 5999 2022 6047 sic
2057 6003 2130 6044 Er.

2865 6063 3209 6149 (Quinam)
