4042 6470
292 437 393 495 ιοι

1390 440 1789 499 ΕΝΑΒΒΑΤΙΟ
1822 444 1899 501 ΙΝ·
1927 445 2245 505 PSALMUM
2292 451 2401 507 XL.

287 556 397 625 38).
424 552 621 611 Stultii
645 554 913 625 quomodo
931 563 1106 609 vestra
1125 564 1227 610 erit
1248 555 1527 613 basi-editas
1542 559 1565 611 ‘l
1583 560 1705 629 quia
1724 561 1864 616 occi-

284 648 432 705 distis
456 648 621 703 eum?
649 647 790 703 Ecce
816 657 869 701 et
896 638 1163 721 occidistis
1188 660 1331 714 eum,
1360 658 1414 703 et
1433 658 1608 705 vestra
1635 667 1738 706 non
1760 651 1864 708 erit

1972 584 2239 639 Christum
2262 582 2453 652 iudici,
2486 602 2554 642 ne
2583 587 2868 657 perderent
2894 592 3067 650 locum
3099 594 3277 666 (loan.
3314 616 3386 668 ιιι,
3419 602 3508 672 48)
3535 623 3547 659 :

1973 676 2062 731 illo
2111 678 2287 733 occiSo
2334 679 2676 749 perdiderunt
2722 683 2935 751 locum;
2964 688 3214 745 eradicati
3240 706 3269 746 a
3300 709 3462 765 regno
3489 698 3505 729 ¹
3534 741 3549 763 ,

283 740 583 845 aeracius.
608 738 870 845 Numqud
985 740 1167 845 donni!
1187 755 1288 794 ηοη
1307 741 1507 845 adﬁgit!
1527 752 1826 845 «(resurget
1838 745 1865 799 Ρ
1968 766 2192 836 dispersi
2222 738 2365 824 sunt.
2394 771 2688 827 Suscitatus
2716 738 2947 831 reddidit
2972 738 3503 843 'iiig'IEiiuia'JZJJm
3532 741 3546 845 ξ

277 834 499 902 Quando
528 848 623 890 vos
649 833 952 890 exsultsstis
975 834 1235 889 occidisse
1261 849 1404 898 eum,
1435 834 1526 889 ille
1566 835 1818 891 dormivit
1843 854 1857 891 :

270 918 405 1013 dicit
427 927 573 982 enim
594 922 653 982 et
680 926 732 981 in
761 926 870 981 alio
894 925 1118 995 pulmo,
1150 924 1262 996 Ego
1290 925 1523 980 dormivi.
1569 926 1644 981 iiii
1674 931 1861 983 saevie-

1966 858 2195 914 reddidit
2218 858 2284 915 ad
2304 862 2742 943 admonitionem,
2774 866 3006 922 nondum
3035 869 3105 925 ad
3126 871 3543 934 damnationem.

1962 945 2161 1004 Civitas
2203 952 2343 1005 enim
2376 952 2462 1007 illa
2513 942 2563 1007 iii
2598 944 2700 1023 qua
2748 953 2963 1012 tremuit
3006 962 3252 1029 populus,
3296 972 3545 1036 tanquam

275 1024 410 1085 runt,
458 1030 515 1075 et
560 1019 805 1076 occidere
850 1019 1130 1075 voluerunt
1158 1038 1171 1073 :
1199 1018 1313 1089 Ego
1350 1019 1583 1075 dormivi.
1630 1021 1764 1077 Nam

1962 1039 2049 1132 leo
2074 1044 2285 1112 rapiens
2309 1056 2363 1099 et
2390 1046 2622 1115 rugiens,
2653 1049 2980 1119 exeiamans,
3006 1018 3277 1126 Cruciﬁge,
3306 1018 3545 1132 cruci/ipe

274 1112 586 1179 noluissem,
618 1128 717 1169 nec
738 1113 1075 1169 dormissem.
1121 1111 1236 1185 Ego
1263 1114 1477 1169 domini
1504 1130 1525 1169 :
1552 1116 1673 1185 quia
1712 1125 1810 1185 ροιι

1960 1128 2111 1202 (Luc.
2139 1146 2293 1200 χχιιι,
2318 1136 2405 1201 21,
2514 1111 2669 1192 Joan.
2704 1152 2818 1207 xix,
2862 1140 2940 1213 6),
2965 1111 3277 1201 medicatis,
3299 1111 3542 1207 inde};

269 1206 445 1260 saltem
468 1204 631 1261 habeo
656 1205 873 1277 ponendi
896 1206 1118 1259 animam
1140 1220 1322 1272 nteant,
1349 1214 1397 1260 et
1424 1216 1719 1276 potestatem
1754 1209 1851 1261 Ita-

1957 1220 2108 1289 daeis,
2149 1218 2476 1281 Christianos
2524 1220 2700 1295 habei,
2736 1234 2767 1282 a’
2794 1229 2979 1287 Judteo
3007 1232 3154 1290 nullo
3195 1236 3539 1299 inhabitatur.

268 1297 350 1391 beo
375 1296 562 1352 iterum
586 1298 815 1391 sumendi
834 1308 946 1352 eam
970 1296 1149 1391 (lotus.
1183 1310 1240 1364 ι,
1276 1297 1385 1391 l8):
1418 1296 1530 1391 Ego
1551 1298 1779 1391 ἀρνηιίυί,
1805 1309 1852 1353 οι
1954 1310 2193 1368 Plantata
2216 1325 2296 1371 est
2325 1317 2396 1372 ibi
2426 1318 2659 1373 Ecclesia
2690 1320 2909 1390 Christi,
2940 1326 3082 1382 unde
3108 1328 3391 1386 eradicatte
3417 1296 3542 1390 sunt

265 1390 1023 1495 Wfﬁn?
1049 1389 1437 1495 (“al-""99:
1464 1388 1848 1495 ἓᾟνίθηῑήθξβο
1954 1405 2121 1474 spina:
2161 1405 2473 1481 Synagogac.
2522 1412 2751 1468 Proinde
2778 1388 2903 1471 vere
2935 1418 3071 1488 ignis
3099 1432 3285 1477 eorum
3314 1388 3536 1495 exarsit,

261 1468 447 1545 Iudici,-
478 1482 621 1538 terra
651 1482 888 1537 tradatur
916 1482 969 1537 in
1001 1495 1190 1537 manus
1228 1482 1376 1553 impii
1415 1480 1554 1555 (Job
1584 1498 1668 1547 Ix,
1693 1482 1799 1553 24)
1826 1527 1841 1549 ,

260 1574 379 1631 card
405 1562 746 1645 permittatur
766 1567 1012 1631 manibus
1041 1570 1489 1646 persequentium),
1517 1577 1844 1645 suspendant

258 1668 309 1724 iit
335 1667 499 1741 ligus,
530 1658 696 1726 Cluvia
719 1664 1049 1741 eamngarit;
1078 1669 1259 1725 lancea
1296 1669 1601 1741 perfodiant
1629 1686 1645 1723 :
1679 1668 1843 1724 Nunt-

254 1758 371 1836 ista
391 1760 485 1832 ait?
505 1762 701 1818 dormit
721 1760 825 1818 neti
848 1762 1052 1834 adiiciet
1079 1772 1134 1816 ut
1161 1761 1434 1832 resurgat?
1474 1760 1668 1832 thuid
1709 1761 1838 1816 dor-

255 1838 601 1924 iiiivitiQuia
643 1854 812 1911 Edam
840 1853 1009 1909 forma
1052 1862 1168 1909 erat
1194 1851 1353 1908 futuri
1399 1851 1572 1923 (item.
1606 1867 1661 1918 v,
1701 1853 1833 1922 i4):

251 1954 299 2003 et
324 1946 497 2004 Adam
525 1947 812 2015 dormivit,
844 1948 1056 2019 quando
1088 1946 1157 2002 de
1197 1948 1361 2001 latere
1403 1946 1519 2014 ejus
1548 1945 1660 2000 Eva
1698 1944 1833 2001 facta

249 2028 329 2098 bit
349 2038 506 2100 (Gen.
533 2040 589 2109 ti,
616 2040 733 2114 Ἠ).
767 2040 933 2097 Adam
964 2041 1015 2094 in
1043 2040 1208 2112 ﬁgura
1235 2037 1451 2107 Christi,
1485 2040 1590 2094 Eva
1618 2041 1669 2095 in
1699 2038 1832 2109 ligu-

248 2124 303 2189 i‘i
338 2124 599 2189 Βεειᾶιὼ
643 2126 657 2187 ἑ
701 2124 840 2188 livide
883 2142 971 2188 est
1025 2131 1289 2201 appellata
1338 2139 1506 2185 mater
1567 2131 1830 2185 vivorum.

245 2210 461 2292 Mdu
514 2210 766 2281 ﬁbriea'ta
818 2230 901 2280 εει
947 2223 1107 2279 Eva?
1154 2223 1290 2278 Dum
1337 2218 1593 2277 dormiret
1636 2222 1827 2278 Adam.

243 2315 459 2385 Qiiaiido
496 2317 566 2374 d‘e
589 2319 755 2373 latere
775 2315 971 2373 Christi
998 2326 1328 2372 sacramenta
1358 2317 1608 2372 Ecclesiae
1634 2315 1829 2386 proﬂu-

242 2408 422 2470 ilii-iiht
438 2413 464 2467 ’ἓ
488 2402 624 2469 Cdm
647 2412 908 2468 dormiret
930 2412 987 2467 in
1005 2416 1183 2467 crube.
1230 2408 1491 2481 Numquid
1514 2410 1600 2481 qui
1642 2410 1827 2463 dormit

351 2505 567 2579 adﬁciet
590 2494 647 2559 ut
671 2504 899 2577 resurgat
914 2503 940 2557 7

292 2590 374 2656 11.
420 2596 577 2674 [iam
618 2595 737 2669 10.)
764 2596 831 2652 Et
857 2595 996 2651 unde
1023 2593 1313 2650 dormivit?
1351 2593 1430 2650 Ex
1477 2594 1563 2647 illo
1604 2593 1692 2664 qui
1737 2594 1819 2647 in-

465 2692 553 2749 est
575 2692 635 2747 ut
652 2682 875 2753 videret,
901 2696 955 2744 et
978 2684 1322 2758 congregavit
1338 2687 1667 2756 iniquitatem
1696 2685 1815 2742 sibi.

238 2776 428 2840 8ιείιίήί
458 2784 612 2839 libido
654 2782 793 2854 pacis
818 2792 960 2843 ntere,
1002 2781 1056 2835 in
1092 2794 1237 2849 quem
1281 2780 1499 2847 speravi,
1531 2778 1619 2845 qui
1646 2778 1820 2832 edebat

235 2856 375 2950 ista
390 2876 553 2943 riteos,
571 2875 833 2948 ampliauit
856 2888 1007 2945 super
1020 2889 1100 2927 me
1122 2873 1433 2927 catcaueum.
1451 2871 1638 2927 Erexit
1657 2886 1819 2943 super

232 2964 309 3027 ιιιέ
333 2964 531 3042 pedarii
560 2986 577 3023 :
608 2964 923 3025 continuare
942 2981 1029 3021 me
1054 2965 1237 3019 voluit.
1267 2964 1399 3033 Quis
1421 2973 1503 3020 est
1526 2965 1624 3018 iste
1652 2964 1813 3018 homo

232 3056 367 3133 [ﬁcis
405 3056 622 3133 ipsius?
658 3056 840 3117 .lh'das.
874 3058 945 3114 Et
981 3060 1032 3113 in
1080 3056 1227 3113 illum
1270 3056 1518 3112 Christus
1546 3059 1810 3125 speravit,

230 3146 525 3227 manu:
555 3136 635 3209 lii
668 3140 813 3225 quem
854 3151 1096 3223 speravi?
1137 3150 1322 3206 Nonne
1365 3150 1512 3204 illum
1554 3151 1622 3205 ab
1663 3150 1813 3203 initio

230 3236 481 3303 navet-tif?
509 3242 688 3301 nonne
729 3244 1014 3313 antequam
1056 3250 1364 3299 nasceretur
1405 3240 1636 3296 futurum
1674 3241 1813 3297 scie-

228 3337 341 3395 bat?
367 3332 559 3395 niin'ne'
581 3334 829 3395 nauibus
855 3326 1127 3407 dis'cipniis
1154 3336 1267 3391 Silis
1304 3332 1544 3402 dixerat,
1582 3332 1696 3407 Ego
1724 3351 1811 3390 vos

507 3426 658 3502 elegi;
679 3418 735 3485 ει
753 3434 884 3485 uitus
907 3442 970 3484 et
992 3427 1130 3483 vobis
1153 3426 1385 3481 diabolus
1419 3436 1492 3481 est
1518 3425 1697 3494 (Joan.
1731 3440 1801 3491 vt,

228 3521 343 3595 7i)?
364 3519 653 3594 Qtii'lmddo
682 3524 821 3595 ergo
864 3522 919 3577 in
963 3521 1108 3577 iitum
1138 3519 1393 3591 speravit;
1438 3514 1540 3575 nisi
1583 3521 1705 3590 quia
1751 3521 1804 3575 in

496 3615 610 3671 suis
634 3615 747 3685 ipse
774 3620 875 3681 est;
903 3622 963 3670 et
998 3610 1138 3683 quod
1168 3611 1319 3667 multi
1350 3608 1537 3666 fideles
1561 3612 1628 3666 de
1666 3610 1805 3667 Juda

224 3704 581 3777 stici-ﬂerunt,
605 3706 711 3763 hoc
729 3706 789 3761 in
811 3719 871 3762 se
886 3704 1279 3775 transfiguravit
1300 3700 1597 3759 Dominus?
1620 3703 1803 3771 Quan-

223 3796 283 3853 do
322 3798 470 3855 enim
516 3796 770 3853 videbant
815 3796 1005 3854 ludam
1046 3795 1199 3851 multi
1227 3792 1318 3866 qui
1366 3794 1703 3851 eraliderant
1746 3796 1802 3849 in

221 3886 499 3958 Christum,
544 3888 818 3945 ambulare
860 3890 997 3944 inter
1021 3886 1301 3942 duodecim
1328 3885 1633 3955 discipulos,
1673 3900 1796 3957 spe-

220 3972 397 4037 rabant
441 3982 501 4037 in’
546 3980 697 4036 illum
746 3970 944 4051 aliqui;
990 3980 1111 4049 quia
1161 3978 1283 4033 talis
1324 3986 1468 4043 erat,
1516 3977 1703 4047 quales
1746 3986 1800 4032 et

219 4074 379 4129 ceteri
412 4090 429 4126 :
458 4071 708 4135 Christus
727 4078 901 4127 autem
928 4071 1050 4141 quia
1072 4072 1123 4124 in
1153 4068 1406 4125 membris
1425 4071 1538 4124 suis
1559 4078 1675 4125 erat
1696 4070 1801 4126 hoc

218 4158 562 4235 spcran‘tibds,
596 4164 866 4237 quomodo
893 4165 945 4218 in
988 4163 1093 4219 illis
1116 4172 1198 4219 est
1239 4164 1597 4218 esurientibus
1626 4172 1680 4219 et
1719 4164 1797 4218 si-

218 4246 496 4324 tientihus;
525 4255 795 4328 quomodo
837 4252 976 4311 dixit
1004 4254 1225 4321 Esuriui,
1266 4255 1341 4309 sic
1383 4255 1517 4310 dixit
1559 4256 1791 4326 Speraui.

217 4346 430 4406 Proinde
454 4350 501 4405 si
528 4350 608 4405 sic
636 4349 713 4404 illi
736 4348 994 4414 dicamus,
1023 4347 1264 4411 Domine,
1291 4348 1504 4416 quando
1527 4350 1793 4417 sperasti?

214 4434 468 4511 quomodo
497 4441 581 4497 iiii
622 4441 822 4497 dictum
862 4448 964 4507 est,
1009 4440 1246 4508 Domine,
1278 4440 1491 4510 quando
1533 4441 1791 4495 esuristi?

212 4531 479 4601 Οὐωποιιο
517 4536 671 4591 nobis
715 4535 789 4592 ibi
830 4535 981 4601 dixit,
1029 4532 1156 4589 Cum
1184 4535 1270 4587 ani
1312 4550 1373 4588 ea:
1412 4535 1630 4588 minimis
1670 4537 1791 4590 meis

212 4629 402 4698 fecistis,
448 4629 576 4684 mihi
603 4626 790 4701 fecistis
818 4627 1029 4699 (Matth.
1060 4644 1189 4692 xxv,
1218 4629 1306 4693 57,
1337 4627 1429 4695 40)
1454 4644 1468 4693 ;
1500 4628 1578 4682 sic
1617 4638 1791 4697 potest

210 4717 374 4778 dicere
416 4741 433 4777 :
473 4720 608 4777 Cum
654 4735 793 4776 unus
834 4736 899 4776 ex
945 4720 1177 4774 minimis
1215 4719 1348 4773 meis
1392 4720 1641 4790 speravit,
1689 4735 1789 4791 ego

209 4814 431 4878 speravi.
464 4813 520 4867 In
546 4826 706 4884 quem
736 4812 986 4883 speravi?
1020 4809 1187 4864 Homo
1214 4812 1353 4877 pacis
1377 4828 1518 4875 metu,
1560 4813 1609 4863 in
1641 4829 1787 4882 quem

206 4904 420 4975 quasi,
558 4905 736 4961 edebat
758 4921 915 4976 panes
939 4922 1091 4961 meos.
1115 4905 1393 4973 Quomodo
1412 4906 1582 4975 ipsum
1604 4916 1783 4961 osten-

205 4992 275 5049 dit
298 4996 350 5051 in
380 4999 655 5069 passione,
701 4998 771 5054 de
797 4998 912 5054 istis
938 4996 1114 5053 verbis
1156 4995 1487 5067 prophetia}?
1517 4996 1619 5051 Per
1658 4998 1782 5053 buc-

204 5086 383 5144 cellarn
408 5078 561 5146 illdm
598 5088 894 5163 designavit
923 5088 1099 5161 (Joan.
1132 5102 1242 5151 xm,
1273 5086 1388 5158 26),
1421 5098 1475 5143 ιιι
1503 5100 1783 5159 appareret

203 5176 263 5234 de
280 5172 371 5238 illo
397 5172 628 5251 dictum,
659 5183 760 5251 Qui
778 5181 953 5238 edebat
978 5197 1130 5251 panes
1158 5198 1309 5236 meos.
1341 5180 1546 5236 Rursus
1571 5183 1783 5251 quando

203 5274 333 5328 venit
353 5277 414 5330 ut
438 5275 675 5331 traderet
693 5270 836 5342 eum,
860 5274 1101 5329 osculum
1128 5272 1200 5327 illi
1223 5272 1369 5327 dedit
1386 5271 1605 5343 (Matth.
1634 5288 1777 5339 xxvr,

201 5362 303 5434 ιθ),
324 5372 381 5422 ut
401 5366 771 5439 appareretde
789 5362 878 5423 illo
898 5368 1115 5431 dictum,
1152 5364 1314 5420 Homo
1372 5365 1511 5436 pacis
1541 5380 1680 5422 mea.

263 5456 348 5513 12.
380 5457 536 5534 [πη.
562 5457 676 5533 11.]
699 5457 783 5515 Tu
800 5466 989 5526 autem,
1017 5448 1249 5522 Domine,
1274 5456 1506 5511 adserere
1526 5458 1639 5510 mei.
1665 5456 1779 5513 Hoc

195 5561 255 5603 ex
281 5542 452 5606 turma
494 5548 657 5618 servi;
707 5552 807 5608 hoc
854 5567 917 5607 ex
963 5550 1130 5607 forma
1157 5550 1176 5583 ⁸
1203 5551 1378 5619 inopis
1420 5558 1475 5603 et
1507 5549 1772 5619 pauperis.

196 5639 379 5699 Beatus
402 5638 553 5701 enini
592 5636 683 5717 qui
700 5640 936 5716 inieltigit
962 5660 1117 5714 super
1157 5658 1369 5714 egenum
1414 5653 1461 5696 et
1483 5657 1773 5715 pauperem.

197 5726 438 5793 Ηὶεώνὴέ
472 5734 605 5806 mei,
633 5746 683 5792 et
706 5732 947 5793 "suscita
987 5753 1083 5802 me,
1116 5746 1161 5791 et
1188 5736 1395 5790 reddam
1433 5734 1555 5790 illis.
1592 5731 1779 5792 Videte

196 5829 405 5896 qundo
428 5830 631 5886 dictum
654 5841 759 5897 est,
782 5832 889 5901 jam
921 5831 1116 5887 factum
1144 5841 1244 5887 est.
1285 5828 1607 5885 Deciderunt
1630 5828 1772 5884 enim

254 5961 676 6030 'lttt..persosta.
704 5965 1031 6032 Haemum.

1950 1499 2090 1554 sicut
2114 1502 2164 1555 in
2196 1504 2359 1571 spinis
2382 1502 2543 1576 (Psat.
2573 1521 2737 1573 cxvn,
2763 1508 2853 1579 12)
2882 1526 2897 1565 :
2929 1510 3185 1569 Dominus
3208 1526 3386 1571 autem
3416 1508 3536 1574 tan~

1947 1604 2107 1661 quam
2136 1594 2333 1665 lignum
2356 1598 2525 1653 viride
2549 1608 2684 1655 erat.
2719 1601 2829 1656 Hoc
2860 1604 2974 1672 ipse
3013 1606 3107 1674 ait,
3140 1609 3354 1678 quando
3383 1608 3532 1681 plan-
3560 1593 3569 1617 ’

1948 1684 2139 1753 gebant
2159 1689 2399 1756 quzedam
2429 1692 2676 1746 mulieres
2705 1693 2864 1748 veluti
2890 1696 3207 1753 moriturum
3234 1699 3531 1771 Christum,

1947 1775 2123 1833 Nolite
2149 1780 2272 1849 ﬂere
2293 1798 2443 1853 super
2472 1799 2568 1849 me,
2593 1785 2679 1840 sed
2700 1798 2857 1855 super
2878 1801 2964 1843 vos
2988 1790 3126 1860 ipsas
3149 1792 3286 1862 ﬂete,
3314 1804 3362 1848 et
3383 1811 3535 1865 super

1943 1871 2078 1939 ﬁlios
2108 1883 2290 1929 vestros
2321 1891 2341 1929 :
2378 1891 2441 1931 ex
2474 1876 2576 1933 hoc
2604 1879 2917 1948 praedicens,
2951 1880 3158 1937 Suscita
3189 1901 3287 1951 me,
3324 1898 3372 1941 et
3415 1890 3531 1942 red-

1942 1961 2061 2016 dam
2084 1963 2211 2020 illis.
2253 1963 2315 2022 Si
2341 1968 2473 2021 enim
2500 1969 2553 2022 in
2584 1968 2732 2024 viridi
2761 1971 2898 2042 ligno
2926 1976 3033 2028 Ιιωο
3059 1974 3272 2044 faciunt,
3303 1976 3355 2031 in
3384 1980 3531 2033 arido

1937 2054 2061 2123 quid
2098 2056 2183 2124 ﬁet
2212 2055 2360 2127 (Luc.
2403 2074 2558 2127 mn,
2604 2062 2695 2127 28,
2725 2062 2862 2128 θυι
2892 2064 3113 2133 Quando
3141 2070 3307 2138 possit
3357 2071 3529 2128 viride

1939 2145 2140 2215 lignum
2168 2152 2410 2205 consumi
2437 2153 2505 2207 ab
2533 2152 2653 2224 igne
2686 2156 2956 2225 spinarum
2980 2157 3005 2211 Ἰ
3029 2157 3357 2217 Exarserunt
3382 2163 3524 2219 enitr-

1935 2238 2081 2293 velut
2121 2240 2258 2310 ignis
2290 2242 2350 2297 in
2380 2244 2565 2312 spinis.
2615 2244 2755 2314 Ignis
2792 2245 2974 2316 spinas
3010 2251 3298 2315 consumit,
3330 2262 3385 2306 et
3411 2254 3526 2309 cui~

1934 2345 2162 2403 cumque
2210 2334 2364 2389 viridi
2394 2338 2537 2407 ligno
2582 2338 2881 2406 adhibetur,
2912 2332 3129 2397 dillicile
3174 2332 3522 2413 accenditur,

1934 2425 2126 2481 humor
2151 2429 2294 2483 enim
2321 2429 2445 2501 ligni
2477 2431 2681 2486 resistit
2715 2430 2945 2488 ﬂamma:
2973 2433 3133 2490 lenta:
3158 2444 3213 2491 et
3233 2438 3484 2494 marcida:
3503 2480 3522 2507 ,

1931 2526 2110 2576 tamen
2132 2520 2339 2578 idoneae
2352 2523 2419 2578 ad
2436 2524 2824 2581 consumendas
2842 2526 3041 2596 spinas.
3068 2526 3137 2583 Et
3150 2530 3341 2585 suscita
3355 2548 3453 2597 me,
3474 2543 3522 2586 et

1927 2612 2141 2666 reddam
2156 2614 2281 2671 illis.
2301 2608 2379 2669 Ne
2395 2617 2529 2670 forte
2549 2630 2699 2684 sane,
2721 2616 2933 2686 fratres,
2954 2621 3129 2676 minus
3140 2630 3414 2693 potentem
3434 2623 3518 2679 Fi-

1927 2702 2076 2768 lium,
2096 2717 2252 2773 quam
2271 2705 2481 2762 Patrem
2499 2709 2782 2776 putetis,ex
2800 2722 2865 2765 eo
2877 2710 3001 2781 quia
3015 2711 3170 2781 dixit,
3192 2712 3397 2769 Suscita
3414 2732 3512 2781 me,

1925 2794 2065 2863 quod
2087 2796 2199 2863 ipse
2215 2798 2546 2853 sesuscitarc
2570 2814 2677 2854 non
2698 2802 2885 2869 possit.
2918 2800 3030 2857 Hoc
3056 2807 3200 2859 enim
3229 2806 3510 2863 suscitavit

1924 2884 2068 2954 quod
2116 2887 2250 2939 mori
2301 2896 2556 2957 poterat:
2589 2889 2640 2944 id
2686 2900 2796 2959 est,
2838 2904 2965 2947 caro
2990 2902 3199 2949 mortua
3240 2905 3342 2961 est,
3385 2912 3512 2953 earn

1922 2976 2172 3033 suscitata
2192 2986 2293 3035 est.
2322 2977 2399 3035 Ne
2419 2988 2596 3038 tamen
2620 2984 2832 3052 putetis,
2860 2986 2980 3055 mnia
3006 2986 3148 3043 Dens
3171 2988 3330 3044 Pater
3352 2988 3509 3046 Chri-

1920 3068 1987 3122 sti
2019 3069 2189 3137 potuit
2217 3071 2475 3128 suscitare
2499 3072 2791 3142 Christum,
2812 3073 2863 3131 id
2891 3084 2975 3132 est
2996 3090 3215 3135 carnem
3242 3078 3362 3135 Filii
3383 3082 3466 3138 sui
3491 3098 3506 3148 ;

1918 3170 1972 3216 et
2001 3164 2112 3232 ipse
2135 3162 2403 3232 Christus,
2430 3154 2549 3222 eum
2584 3166 2817 3224 Verbum
2861 3170 2931 3225 sit
2974 3170 3066 3227 Dei
3092 3170 3299 3243 aequale
3327 3174 3469 3229 Patri
3489 3218 3505 3244 ,

1917 3262 2023 3306 nun
2050 3263 2257 3324 poterat
2275 3266 2493 3311 carnem
2517 3257 2668 3312 suain
2697 3258 2955 3315 suscitare
2979 3278 2993 3314 :
3019 3262 3200 3317 audite
3231 3266 3293 3319 ett
3324 3261 3503 3321 Evan-

1913 3342 2074 3413 gelio,
2101 3343 2297 3399 Solvite
2327 3347 2569 3417 templum
2595 3347 2710 3416 Itoc,
2738 3358 2788 3404 et
2807 3349 2862 3404 in
2881 3350 3049 3405 triduo
3074 3354 3325 3408 suscitabo
3349 3356 3500 3409 illud.

1913 3434 2027 3490 Hoc
2050 3444 2227 3492 autem
2258 3437 2614 3508 Evangelista,
2646 3438 2713 3494 ne
2757 3441 2917 3496 etiam
2949 3438 3072 3498 inde
3110 3444 3497 3502 dubitaremus.

1911 3527 2124 3594 dicebat,
2169 3530 2356 3600 inquit,
2397 3530 2460 3583 de
2488 3530 2673 3601 tempto
2712 3530 2937 3602 corporis
2965 3533 3043 3587 sui
3085 3534 3265 3607 (Joatl:
3309 3553 3365 3605 ιι,
3396 3537 3496 3607 19,

1909 3622 2025 3689 21),
2053 3632 2099 3676 et
2125 3624 2368 3677 resuscita
2396 3639 2493 3685 me.
2531 3635 2577 3678 et
2600 3624 2809 3679 reddam
2834 3626 2958 3680 illis.

1979 3715 2067 3769 15.
2101 3712 2252 3786 [uers.
2285 3713 2394 3787 12.]
2426 3713 2493 3769 1η
2533 3716 2625 3769 hoc
2649 3718 2858 3787 cognoui
2886 3722 3124 3787 quoniam
3151 3721 3351 3776 voluisti
3380 3738 3492 3791 me,

1904 3806 2141 3876 quoniam
2184 3823 2284 3861 non
2327 3808 2561 3876 gaudebit
2587 3809 2815 3862 inimicus
2863 3822 3001 3865 meus
3044 3826 3195 3882 super
3231 3830 3325 3868 me.
3359 3816 3491 3882 Quia

1904 3898 2072 3968 gavisi
2099 3906 2223 3953 sunt
2246 3896 2436 3965 Judaei,
2464 3898 2675 3969 quando
2706 3899 2953 3954 viderunt
2982 3900 3251 3958 Christum
3274 3906 3486 3961 cruciti~

1904 4003 2064 4055 xum;
2087 3990 2339 4060 implesse
2368 4004 2428 4044 se
2454 3989 2693 4045 arbitrati
2719 4000 2841 4045 sunt
2866 3992 3191 4049 voluntatem
3223 3998 3445 4053 nocendi
3473 4017 3485 4052 :

1902 4082 2146 4138 edoctum
2193 4081 2425 4139 fructum
2456 4085 2675 4139 saevitiae
2703 4099 2812 4139 sure
2861 4084 3105 4142 viderunt
3133 4088 3404 4146 Christum
3432 4093 3487 4147 in

1900 4191 2060 4233 cruce
2108 4178 2459 4247 pendentem;
2505 4178 2836 4250 agitaverunt
2880 4191 3056 4250 caput,
3090 4180 3151 4235 Si
3195 4182 3362 4239 Filius
3390 4184 3489 4241 Dei

1898 4279 1991 4330 est,
2038 4269 2305 4323 descendat
2333 4271 2396 4324 de
2431 4284 2576 4323 cruce
2619 4268 2828 4340 (Manli.
2878 4285 3041 4331 urit,
3084 4270 3174 4337 59,
3206 4272 3319 4346 40).
3366 4274 3484 4330 Non

1897 4362 2253 4416 descendebat
2277 4364 2364 4432 qui
2388 4372 2597 4431 poterat
2622 4380 2634 4415 :
2664 4376 2769 4417 non
2792 4364 3081 4432 potentiam
3102 4365 3124 4398 ³
3144 4361 3482 4424 demonstra-

1896 4453 2006 4518 bet,
2038 4452 2131 4507 sed
2163 4452 2465 4521 patientiam
2497 4452 2743 4507 docebat.
2769 4452 2823 4507 Si
2854 4455 2997 4509 enim
3026 4455 3139 4509 haec
3164 4456 3270 4511 illis
3290 4456 3446 4514 dicen
3466 4490 3479 4501 -

1894 4546 2037 4602 tibus
2062 4547 2129 4602 de
2154 4560 2312 4601 cruce
2342 4547 2713 4614 descenderet,
2758 4548 2908 4617 quasi
2939 4548 3315 4606 insultantibus
3354 4565 3481 4608 ces-

1894 4638 2029 4693 sisse
2080 4636 2383 4702 videretur,
2442 4646 2496 4691 et
2540 4638 2711 4692 victus
2757 4639 3038 4707 opprobria
3092 4641 3318 4696 tolerare
3367 4659 3475 4699 non

1894 4733 2129 4801 potuisse
2172 4731 2519 4787 crederetur:
2554 4732 2722 4801 magis
2768 4734 2959 4786 mansit
2990 4733 3043 4787 in
3075 4749 3234 4789 cruce
3263 4735 3365 4792 illis
3391 4737 3493 4793 in--

1891 4823 2229 4887 suitantibus,
2265 4822 2401 4879 ﬁxus
2433 4823 2536 4877 illis
2564 4824 2889 4878 nutantibus.
2923 4822 3046 4879 Ideo
3070 4825 3213 4881 enim
3240 4834 3295 4883 ct
3316 4835 3479 4899 caput

1890 4918 2179 4988 agitabant,
2220 4920 2342 4987 quia
2385 4930 2514 4971 vero
2554 4916 2715 4986 capiti
2761 4930 2865 4970 non
2895 4916 3243 4974 inhmrebant.
3288 4920 3478 4977 Docuit

1889 5023 1989 5064 nos
2020 5009 2173 5078 plane
2199 5007 2286 5063 ille
2312 5009 2638 5077 patientiam.
2669 5007 2797 5060 Nam
2830 5006 2972 5076 quod
3003 5018 3085 5064 est
3112 5008 3301 5065 fortius
3324 5010 3471 5081 fecit,

1888 5104 1976 5174 qui
2003 5102 2173 5157 noluit
2204 5101 2378 5156 facere
2402 5098 2539 5171 (mod
2565 5099 2737 5154 Judaei
2779 5100 3159 5169 provocabant.
3199 5102 3364 5158 Multo
3388 5114 3469 5159 est

1888 5196 2031 5250 enim
2062 5193 2327 5263 potentius
2355 5190 2422 5244 de
2459 5189 2702 5259 sepulcro
2731 5203 2968 5260 surgere,
3015 5206 3171 5261 quam
3199 5191 3269 5247 de
3309 5207 3470 5250 cruce

1886 5284 2229 5340 descendere.
2267 5279 2520 5348 Quoniam
2548 5292 2647 5335 nan
2674 5280 2910 5352 gaudebit
2940 5281 3171 5355 inimicus
3215 5297 3353 5337 meus
3376 5298 3467 5338 su-

1887 5394 1973 5448 per
2002 5391 2097 5429 me.
2130 5372 2307 5429 Cavisi
2348 5383 2468 5426 sunt
2492 5386 2620 5442 ergo
2662 5382 2785 5427 tunc
2812 5387 2830 5426 :
2860 5373 3155 5427 resurrexit
3181 5372 3425 5430 Christus
3450 5416 3464 5439 ,

1883 5469 2206 5540 glorificatus
2220 5474 2300 5520 est
2318 5463 2578 5520 Christus.
2604 5465 2795 5521 Vident
2812 5464 2970 5519 modo
2995 5464 3045 5518 in
3065 5467 3278 5519 nomine
3301 5465 3468 5534 ipsius

1882 5558 2122 5616 converti
2150 5571 2317 5627 genus
2349 5557 2656 5619 humanum,
2689 5555 2847 5610 modo
2876 5555 3150 5620 insultent,
3183 5553 3344 5610 modo
3370 5569 3463 5611 ca-

1882 5662 1976 5723 put
2017 5650 2258 5722 agitent:
2291 5649 2395 5701 imo
2436 5648 2546 5717 jam
2595 5655 2753 5717 caput
2799 5647 2999 5716 ligant;
3031 5654 3120 5699 aut
3172 5645 3213 5697 si
3264 5645 3467 5716 agitant

1880 5751 2060 5815 caput,
2109 5742 2370 5812 stupendo
2397 5751 2451 5797 et
2495 5741 2735 5796 mirando
2774 5741 2991 5810 agitent.
3021 5739 3179 5795 Modo
3205 5740 3349 5795 enim
3377 5740 3466 5798 di-

1945 5904 1962 5931 ι
1983 5909 2085 5947 am.
2112 5905 2165 5948 et
2186 5905 2312 5956 Mss,
2347 5895 2596 5945 eradicato
2621 5906 2784 5961 regno.
2988 5958 2989 5961 η

1942 5963 1965 5996 ⁸
1986 5967 2094 6011 Ι..
2114 5972 2292 6022 magno
2313 5971 2550 6009 consensu
2570 5992 2583 6015 ,
2629 5969 2722 6006 non
2746 5955 3069 6017 inth
3090 5956 3464 6015 dammbat.

3420 6039 3502 6131 ,ι
