4042 6480
528 431 636 485 665

526 551 653 598 cunt
681 559 694 594 :
725 539 989 611 Numquid
1015 539 1151 595 forte
1177 540 1265 597 ille
1294 549 1376 596 est
1403 557 1559 611 quem
1605 541 1854 598 dixerunt
1891 541 2099 613 Moyses

525 643 581 690 et
611 633 932 703 Propheta}?
963 634 1036 688 De
1080 634 1174 688 illo
1213 635 1355 690 enim
1395 635 1642 691 dixerunt
1672 653 1685 688 :
1715 636 1862 690 Sicut
1905 637 2008 690 ovis
2037 635 2105 688 ad

525 729 889 782 immolandum
925 728 1104 784 ductus
1127 739 1219 795 est,
1246 740 1294 784 et
1317 731 1448 784 sicut
1485 747 1644 801 agnus
1679 746 1850 784 coram
1874 732 2107 786 tondente

523 837 577 874 se
615 837 724 875 sine
747 837 879 887 voce,
927 821 1000 875 sic
1042 838 1143 876 non
1168 823 1366 892 aperuit
1393 839 1450 878 os
1472 839 1620 877 suum
1647 838 1666 877 :
1689 824 1969 878 vulneribus
1994 827 2104 895 ejus

521 913 688 964 sanati
731 929 901 966 sumus
930 910 1080 984 (Isai.
1126 929 1233 981 un,
1280 915 1333 979 5,
1365 914 1444 984 7).
1491 912 1747 969 Videmus
1788 915 1952 981 enim,
1982 917 2102 986 quia

523 1003 805 1060 crucifixus
831 1005 928 1059 iste
955 1005 1102 1060 ducit
1139 1016 1256 1076 post
1278 1022 1338 1062 se
1361 1022 1528 1077 genus
1557 1006 1880 1073 humanum;
1908 1019 1959 1064 et
1990 1010 2104 1065 sine

521 1113 680 1152 causa
729 1097 978 1152 dixerunt
1025 1108 1201 1168 patres
1244 1099 1457 1154 nostri:
1493 1097 1794 1154 Occidamus
1840 1117 1953 1154 eum
1979 1140 1994 1165 ,
2042 1117 2105 1154 ne

520 1193 761 1247 saxulum
790 1201 901 1262 post
924 1191 1071 1246 illum
1110 1202 1282 1262 pergat
1323 1191 1500 1262 (Joan.
1527 1207 1622 1258 xu,
1652 1193 1763 1264 19).
1809 1193 1970 1248 Forte
1996 1209 2100 1247 non

522 1292 641 1354 post
667 1298 788 1339 eum
823 1291 1088 1353 pergeret,
1133 1284 1176 1338 si
1224 1298 1331 1338 non
1357 1291 1500 1338 esset
1523 1283 1750 1338 occisus.
1793 1283 1861 1337 In
1886 1284 1978 1338 hoc
2004 1299 2096 1338 co-

517 1377 669 1448 gnoui
704 1377 942 1447 quoniam
973 1376 1170 1430 soluisti
1209 1393 1306 1442 me,
1336 1378 1572 1445 quoniam
1605 1393 1707 1432 non
1731 1377 1964 1449 gaudebit
2001 1378 2101 1431 ini,

520 1468 680 1523 micus
704 1485 843 1522 meus
873 1485 1025 1540 super
1049 1485 1144 1523 nte.

594 1564 682 1618 14.
727 1562 877 1636 [vers.
923 1563 1010 1628 15,
1051 1561 1164 1636 LL]
1204 1561 1290 1616 Me
1317 1570 1484 1616 autem
1525 1571 1728 1634 prapter
1755 1561 2096 1616 innocentiam

517 1672 680 1709 meam
707 1655 990 1724 suscepisti.
1019 1654 1153 1709 Vere
1179 1654 1534 1708 innocentiam
1561 1669 1574 1706 :
1601 1653 1958 1721 integritatem
1985 1652 2100 1708 sine

517 1755 756 1815 peccato,
790 1745 1141 1800 redditionem
1170 1745 1288 1799 sine
1312 1743 1514 1806 debito,
1548 1742 1813 1813 ﬂagellum
1845 1743 1957 1797 sine
1986 1758 2100 1799 me-

521 1839 646 1892 rito.
673 1837 894 1908 Propter
921 1837 1257 1892 innocentiam
1283 1851 1446 1890 meam
1482 1835 1744 1906 suscepisti
1779 1851 1875 1902 me,
1905 1845 1950 1888 et
1978 1851 2099 1889 con-

516 1930 733 1998 ﬁrmasti
772 1945 851 1982 me
889 1931 942 1983 in
975 1939 1242 1999 conspectu
1274 1938 1360 1983 tuo
1389 1929 1442 1982 in
1470 1937 1732 1982 aeternum.
1757 1926 2097 1983 Conﬁrmasti

515 2037 604 2076 me
632 2022 684 2076 in
709 2031 987 2087 aeternum,
1018 2022 1299 2077 infirmasti
1325 2021 1392 2078 ad
1418 2030 1628 2092 tempus
1652 2040 1665 2076 :
1688 2021 2016 2076 conﬁrmasti
2042 2022 2097 2076 in

514 2124 803 2184 conspectu
847 2124 975 2182 tuo,
1027 2115 1305 2170 iuﬁrmasti
1357 2117 1411 2170 in
1457 2124 1749 2184 conspectu
1797 2113 2094 2169 hominum.

516 2207 654 2274 Quid
682 2208 847 2278 ergo?
876 2206 1085 2262 Laudes
1119 2207 1228 2274 illi,
1267 2208 1432 2277 gloria
1463 2207 1558 2262 illi.
1589 2205 1883 2260 Benedictus
1912 2204 2096 2261 Domi-

516 2313 612 2351 nus
639 2296 778 2352 Deus
807 2297 992 2354 Israel.
1025 2297 1118 2353 Ille
1143 2308 1224 2354 est
1252 2300 1394 2353 enim
1422 2299 1560 2354 Deus
1590 2299 1770 2366 Israel,
1805 2300 1945 2354 Deus
1999 2315 2099 2355 no-

516 2399 647 2456 ster,
677 2392 816 2445 Deus
843 2389 1026 2459 Iacob,
1048 2391 1186 2445 Deus
1211 2391 1432 2446 minoris
1457 2392 1566 2456 lilii,
1597 2392 1738 2446 Deus
1759 2393 1978 2448 minoris
2004 2408 2098 2463 po-

516 2485 646 2555 puli.
676 2485 844 2540 Nemo
867 2483 1009 2539 dicat
1033 2502 1046 2539 :
1077 2485 1149 2538 De
1173 2484 1374 2539 Iudaeis
1401 2483 1500 2538 hoc
1529 2485 1685 2554 dixit,
1717 2501 1823 2541 non
1852 2502 1968 2541 sum
1997 2502 2095 2559 ego

515 2575 694 2631 Israel.
735 2576 896 2646 Magis
925 2575 1095 2630 Judmi
1125 2592 1235 2630 non
1263 2584 1388 2630 sunt
1425 2576 1608 2631 Israel.
1651 2576 1818 2648 Major
1855 2579 1997 2633 enim
2027 2579 2094 2633 ﬁ-

515 2669 637 2732 lius,
669 2668 783 2736 ipse
809 2675 892 2721 est
929 2667 1100 2736 major
1128 2667 1354 2737 populus
1388 2667 1734 2736 reprobatus;
1769 2669 1962 2735 minor,
1995 2685 2094 2738 po-

514 2759 668 2828 pulus
704 2758 950 2814 dilectus.
989 2757 1162 2831 Major
1189 2760 1367 2814 serviet
1392 2760 1574 2814 minori
1605 2759 1767 2831 (Gen.
1813 2777 1942 2828 xxv,
1970 2761 2086 2834 2'5),

511 2851 670 2905 modo
700 2850 973 2920 impletum
1013 2859 1098 2905 est
1130 2868 1144 2905 :
1177 2851 1370 2920 modo,
1409 2853 1633 2920 fratres,
1676 2853 1828 2907 nobis
1857 2854 2096 2908 serviunt

513 2941 705 3007 Judaei,
736 2925 983 3013 tanquam
1009 2942 1235 3012 capsarii
1265 2943 1434 2998 nostri
1463 2951 1606 3011 sunt,
1636 2943 1968 2998 studentibus
1998 2958 2094 2998 no-

511 3032 595 3088 bis
629 3033 841 3088 codices
877 3041 1112 3103 portant.
1149 3033 1341 3089 Audite
1382 3035 1432 3088 iu
1460 3050 1566 3104 quo
1604 3035 1758 3090 nobis
1781 3035 1949 3090 Judaei
1980 3051 2096 3090 ser-

514 3124 680 3189 viunt,
718 3133 773 3178 et
805 3137 912 3177 non
944 3123 1060 3178 sine
1091 3139 1273 3180 causa.
1315 3125 1446 3180 Cain
1481 3126 1570 3181 ille
1604 3125 1766 3181 frater
1788 3129 1977 3197 major,
2003 3129 2094 3200 qui

513 3212 707 3268 occidit
730 3212 991 3268 minorem
1020 3211 1240 3268 fratrem
1259 3254 1273 3280 ,
1305 3215 1512 3284 accepit
1550 3216 1757 3286 signum
1783 3233 1850 3272 ne
1874 3218 2090 3274 occide-

514 3313 683 3370 retur,
726 3304 779 3359 id
818 3313 922 3371 est,
967 3314 1025 3360 ut
1052 3315 1265 3360 maneat
1304 3306 1418 3375 ipse
1449 3307 1672 3377 populus
1715 3307 1842 3380 (Id.
1875 3325 1946 3376 iv,
1977 3309 2088 3384 15).

513 3395 669 3465 Apud
697 3395 817 3450 illos
842 3407 964 3450 sunt
987 3395 1266 3466 Pmpheta:
1303 3405 1359 3452 et
1385 3396 1534 3465 Lex;
1568 3398 1621 3453 in
1645 3414 1746 3470 qua
1787 3400 1923 3472 Lege
1957 3411 2011 3458 et
2037 3403 2091 3458 in

490 3498 703 3568 -quibus
743 3496 1026 3566 PrOphetis
1063 3495 1305 3551 Christus
1343 3497 1661 3567 praedicatus
1703 3507 1805 3555 est.
1865 3501 2090 3567 Quando

513 3589 717 3658 agimus
738 3602 859 3642 cum
882 3587 1128 3658 Paganis,
1151 3597 1205 3642 et
1225 3588 1554 3645 ostendimus
1576 3590 1676 3646 hoc
1695 3591 1910 3646 evenire
1929 3592 2090 3648 modo

514 3682 566 3735 iu
598 3681 835 3736 Ecclesia
873 3680 1091 3747 Christi,
1123 3681 1264 3752 quod
1290 3690 1417 3737 ante
1457 3683 1764 3752 praedictum
1791 3695 1874 3740 est
1899 3685 1966 3741 de
1992 3702 2090 3742 no-

513 3773 656 3828 miue
678 3773 894 3838 Christi,
927 3771 994 3826 de
1018 3774 1190 3844 capite
1217 3782 1270 3829 et
1306 3788 1530 3844 corpore
1554 3775 1776 3844 Christi,
1809 3792 1874 3832 ne
1903 3789 2090 3847 putent

512 3880 612 3919 nos
647 3863 865 3920 ﬁnxisse
893 3865 1010 3920 illas
1054 3865 1452 3936 praedictiOnes,
1496 3877 1550 3923 et
1577 3884 1644 3923 ex
1673 3868 1757 3924 his
1783 3871 1940 3925 rebus
1970 3888 2088 3943 quae

511 3957 838 4022 acciderunt,
870 3958 1021 4026 quasi
1065 3959 1253 4014 futura:
1299 3968 1497 4027 essent,
1541 3975 1641 4017 nos
1683 3965 2083 4035 conscripsisse,

511 4045 832 4119 proferimus
855 4048 1068 4105 codices
1093 4048 1418 4106 Iudaeorum.
1464 4051 1663 4124 Nempe
1689 4054 1855 4110 Judaai
1889 4057 2086 4114 inimici

509 4141 679 4196 nostri
713 4148 856 4207 sunt,
895 4139 963 4196 de
1001 4140 1198 4197 chartis
1239 4142 1437 4199 inimici
1477 4145 1807 4202 convincitur
1838 4148 2087 4206 adversa-

509 4234 640 4288 rius.
684 4233 873 4288 Omnia
898 4247 1025 4304 ergo
1056 4234 1310 4291 Dominus
1346 4235 1636 4306 distribuit,
1668 4241 1846 4295 omnia
1875 4257 1971 4312 pro
1999 4259 2087 4300 sa-

511 4326 622 4382 lute
670 4335 851 4382 nostra
897 4327 1180 4383 ordinavit.
1222 4329 1474 4386 Praedixit
1512 4341 1636 4388 ante
1683 4349 1815 4402 nos,
1847 4336 2086 4407 implevit

508 4417 612 4472 huc
644 4427 882 4489 tempore
903 4419 920 4450 ⁸
953 4429 1157 4486 nostro,
1187 4429 1241 4476 et
1269 4437 1389 4492 qua:
1415 4423 1648 4478 nondum
1686 4426 1942 4496 implevit,
1981 4430 2081 4484 im-

508 4507 748 4576 pleturus
775 4518 876 4564 est.
923 4509 1103 4581 Itaque
1133 4519 1374 4568 tenemus
1403 4513 1728 4570 redditorem
1751 4558 1766 4583 ,
1808 4525 1866 4571 ut
1898 4519 2086 4574 creda-

462 4653 471 4680 ἢ
509 4615 626 4652 mus
649 4599 944 4654 debitorem
976 4619 990 4656 :
1019 4602 1141 4672 quia
1169 4612 1222 4657 et
1245 4603 1333 4657 illa
1360 4621 1478 4674 qua:
1507 4606 1742 4662 nondum
1774 4609 1944 4676 dedit,
1989 4611 2084 4667 da-

505 4691 616 4755 bit;
661 4692 794 4746 sicut
835 4707 898 4747 ea
935 4709 1053 4763 qua:
1093 4695 1326 4748 nondum
1369 4696 1621 4764 dederat,
1661 4698 1826 4754 dedit.
1870 4701 1925 4757 Si
1963 4704 2082 4773 quis

507 4780 734 4850 probare
763 4783 870 4836 vult
901 4783 987 4836 ubi
1025 4784 1132 4838 sint
1170 4785 1364 4854 scripta
1386 4825 1400 4850 ,
1431 4787 1568 4857 legat
1595 4789 1806 4860 Moysen
1849 4803 1904 4847 et
1944 4793 2079 4848 Pro-

504 4873 712 4944 phetas.
741 4875 795 4928 Si
835 4874 1024 4945 aliquis
1060 4878 1350 4947 perstrepit
1381 4877 1642 4946 inimicus,
1688 4891 1741 4938 et
1778 4883 1934 4954 dicit,
1973 4887 2081 4944 Vos

503 4965 655 5019 vobis
694 4965 999 5036 prophetias
1043 4967 1310 5036 ﬁnxistis;
1356 4971 1694 5041 proferantur
1730 4977 1940 5032 codices
1980 4979 2076 5035 Ju-

499 5056 772 5125 dzeorum,
817 5059 939 5130 quia
975 5061 1148 5130 major
1181 5063 1377 5118 serviet
1406 5064 1618 5121 minori.
1668 5065 1743 5123 Ibi
1773 5069 1949 5140 legant
1977 5073 2075 5128 ista

499 5151 748 5221 prmdicta
769 5193 785 5220 ,
828 5169 949 5224 qua:
977 5154 1140 5210 modo
1168 5157 1410 5213 videmus
1452 5159 1667 5230 impleta
1692 5204 1705 5229 ,
1739 5172 1792 5218 et
1833 5163 2076 5222 dicamus

495 5259 682 5300 omnes
709 5261 722 5296 :
753 5243 1054 5301 Benedictus
1091 5246 1341 5304 Dominus
1378 5248 1519 5305 Deus
1542 5251 1727 5321 Israel,
1759 5272 1790 5308 a
1819 5250 2003 5312 seculo
2029 5268 2074 5313 et

493 5335 550 5390 in
571 5337 812 5392 saxulum
838 5353 857 5392 :
882 5349 928 5393 et
955 5339 1085 5395 dicet
1113 5342 1277 5397 omnis
1304 5343 1542 5414 populus,
1573 5343 1714 5415 Fiat,
1745 5349 1857 5417 ﬁat.

547 5537 562 5568 ί
589 5536 811 5609 Plerique
833 5546 966 5589 Mss:
1002 5539 1240 5593 medica
1261 5549 1371 5593 ante
1393 5555 1540 5609 annos
1554 5579 1569 5601 ,
1609 5544 1819 5609 implevit
1839 5547 1928 5601 hoc
1949 5555 2070 5603 tem-

492 5611 634 5662 pore,
659 5606 704 5649 et
719 5613 848 5664 quis,
873 5611 969 5653 etc.
996 5610 1124 5653 Unus
1142 5611 1247 5667 us,
1271 5610 1380 5655 ante
1401 5605 1574 5656 multos
1595 5605 1755 5659 annos.

1746 431 1808 486 S.
1845 429 2206 490 AUGUSTINI
2246 433 2552 490 EPISCOPI

2655 627 2738 688 IN
2780 625 3162 689 PSALMUM
3205 628 3349 691 XLI

2773 728 3195 784 ENARRATIO.

2739 836 2910 877 SEDIO
2939 838 3008 878 AD
3035 837 3263 878 Ριεηιί.

2281 912 2334 967 1.
2368 911 2518 985 [νινε.
2543 911 2687 986 1-5.]
2712 912 2848 969 Olim
2871 923 2955 970 est
2974 923 3033 969 ut
3050 915 3319 971 desiderat
3335 915 3511 970 anima
3529 925 3709 971 nostra
3733 916 3790 971 in

2210 1004 2372 1060 verbo
2400 1005 2493 1060 Dei
2521 1004 2754 1077 gaudere
2778 1005 3076 1073 vobiscum,
3105 1015 3160 1063 et
3196 1007 3252 1062 in
3285 1007 3378 1063 illo
3400 1022 3497 1062 vos
3532 1007 3786 1072 salutare,

2208 1094 2298 1164 qui
2341 1104 2421 1150 est
2462 1107 2701 1150 nostrum
2745 1096 3067 1166 adjutorium
3092 1107 3148 1153 et
3186 1097 3436 1154 salutare.
3479 1097 3628 1164 Quod
3658 1112 3791 1169 ergo

2208 1184 2462 1240 Dominus
2484 1185 2593 1251 dat,
2631 1186 2808 1241 audite
2836 1203 2931 1258 per
2955 1203 3076 1256 nos,
3115 1197 3171 1244 et
3198 1191 3252 1243 in
3282 1188 3373 1242 illo
3396 1187 3658 1243 exsultate
3686 1201 3788 1242 no-

2206 1274 2407 1331 biscum
2433 1277 2490 1332 in
2517 1293 2762 1334 sermone
2789 1279 2925 1350 ejus,
2949 1289 3004 1336 et
3026 1281 3081 1336 in
3108 1280 3329 1336 veritate
3352 1289 3407 1336 et
3439 1280 3490 1335 in
3529 1280 3790 1336 ebaritate

2205 1366 2340 1437 ejus.
2365 1367 2636 1424 Psalmum
2677 1371 2816 1426 enim
2847 1371 3196 1441 suscepimus,
3222 1371 3291 1426 de
3329 1387 3434 1442 quo
3460 1369 3786 1441 loquendum

2204 1445 2491 1528 est'vohis,
2528 1477 2820 1534 congruum
2847 1463 3114 1519 desiderio
3139 1473 3319 1519 vestro
3356 1463 3396 1517 ⁸.
3441 1461 3614 1532 Capit
3639 1462 3787 1517 enim

2204 1551 2317 1622 ipse
2339 1554 2572 1623 psalmus
2598 1570 2628 1608 a
2650 1563 2834 1610 sancto
2853 1555 3084 1626 quodam
3107 1555 3395 1622 desiderio,
3424 1563 3480 1611 et
3501 1555 3576 1609 ait
3594 1555 3687 1624 qui
3709 1555 3789 1609 sic

2203 1655 2381 1701 cantat
2403 1664 2416 1700 :
2443 1646 2880 1712 Quemadmodum
2898 1649 3147 1704 desiderat
3165 1665 3339 1705 cervus
3357 1648 3426 1702 ad
3446 1652 3606 1719 fontes
3624 1653 3787 1718 aqua-

2202 1756 2348 1805 rum,
2389 1741 2460 1793 ita
2485 1741 2736 1795 desiderat
2763 1742 2936 1795 anima
2971 1758 3083 1796 mea
3109 1741 3178 1795 ad
3205 1750 3269 1807 te,
3290 1740 3453 1795 Deus.
3495 1740 3625 1808 Quis
3654 1755 3786 1810 ergo

2203 1840 2285 1886 est
2311 1832 2398 1900 qui
2429 1833 2532 1888 hoc
2557 1833 2721 1888 dicit?
2750 1833 2806 1889 Si
2847 1834 3127 1899 volumus,
3173 1848 3273 1888 nos
3309 1849 3511 1888 sumus.
3554 1834 3619 1888 Et
3657 1833 3788 1904 quid

2202 1939 2410 1994 quaeras
2443 1934 2590 1981 extra
2630 1928 2871 1997 quisnam
2899 1929 2996 1992 sit,
3035 1943 3157 1982 cum
3187 1928 3242 1982 in
3286 1937 3373 1983 tua
3418 1937 3680 1998 potestate
3719 1929 3790 1984 sit

2201 2029 2321 2071 esse
2359 2018 2500 2087 quod
2539 2019 2773 2089 qumris?
2809 2019 3008 2074 Tamen
3038 2035 3145 2074 non
3192 2035 3328 2074 unus
3356 2019 3517 2074 homo
3544 2029 3646 2083 est,
3691 2020 3789 2076 sed

2203 2122 2366 2161 unum
2402 2122 2596 2179 corpus
2621 2119 2704 2166 est
2737 2128 2752 2164 :
2783 2124 2978 2182 corpus
3004 2119 3182 2165 autem
3210 2109 3407 2165 Christi
3439 2111 3676 2166 Ecclesia
3705 2120 3790 2167 est

2204 2197 2417 2272 (Coloss.
2444 2217 2483 2268 ι,
2505 2201 2621 2274 24).
2643 2201 2753 2258 Nec
2777 2203 2830 2257 in
2854 2202 3104 2259 omnibus
3128 2203 3218 2274 qui
3245 2203 3442 2257 intrant
3463 2202 3786 2271 Ecclesiam,

2202 2295 2466 2352 invenitur
2513 2299 2616 2354 tale
2661 2298 2987 2354 desiderium
3038 2316 3052 2352 :
3101 2297 3197 2354 sed
3240 2308 3418 2352 tamen
3464 2299 3790 2370 quicumque

2200 2391 2513 2446 suavitatem
2560 2391 2768 2446 Domini
2811 2400 3188 2462 gustaveruut,
3239 2401 3293 2446 et
3333 2393 3473 2462 quod
3519 2393 3598 2447 eis
3640 2394 3787 2464 sapit

2199 2492 2493 2552 agnoscunt
2520 2484 2574 2537 in
2601 2481 2844 2551 Cantico,
2877 2499 2982 2538 non
3009 2493 3199 2554 putent
3235 2498 3294 2539 se
3319 2484 3464 2538 solos
3502 2499 3656 2550 esse;
3691 2485 3788 2541 sed

2199 2573 2323 2627 talia
2363 2573 2567 2629 semina
2607 2589 2790 2644 sparsa
2828 2573 3051 2628 credant
3089 2575 3141 2628 in
3171 2589 3300 2644 agro
3327 2574 3628 2642 dominico,
3675 2584 3790 2632 toto

2199 2664 2328 2720 orbe
2358 2675 2616 2720 terrarum
2639 2705 2652 2729 ,
2683 2676 2736 2720 et
2769 2665 3047 2735 cujusdam
3077 2665 3293 2721 unitatis
3318 2666 3622 2723 christiana:
3665 2683 3790 2724 esse

2198 2770 2381 2810 vocem
2411 2755 2548 2811 hanc
2575 2773 2590 2811 :
2626 2755 3062 2824 Quemadmodum
3087 2758 3340 2812 desiderat
3373 2775 3545 2814 emus
3571 2760 3642 2814 ad
3672 2766 3790 2834 fon.

2199 2855 2269 2900 tes
2308 2863 2578 2917 aquarum,
2621 2849 2693 2902 sic
2718 2849 2970 2903 desiderat
2995 2849 3168 2904 anima
3196 2867 3307 2904 mea
3339 2852 3407 2904 ad
3431 2860 3497 2918 te,
3526 2851 3689 2907 Deus.
3721 2852 3790 2908 Et

2196 2936 2408 3006 quidem
2449 2952 2557 2993 non
2596 2939 2734 2993 male
2774 2940 3086 3011 intelligitur
3123 2955 3222 2995 vox
3261 2956 3380 2996 esse
3419 2957 3602 2998 eorum
3648 2944 3787 3014 qui,

2197 3042 2318 3082 cum
2337 3029 2444 3084 sint
2462 3029 2851 3096 catechumeni,
2875 3032 2942 3086 ad
2968 3032 3192 3103 gratiam
3217 3034 3383 3089 sancti
3410 3033 3604 3090 lavacri
3632 3035 3789 3092 festi-

2196 3131 2345 3178 nant.
2373 3122 2524 3179 Unde
2545 3134 2599 3180 et
2622 3125 2928 3181 solemniter
2955 3133 3198 3181 cantatur
3223 3126 3308 3181 hic
3333 3127 3586 3198 psalmus.
3620 3139 3684 3184 ut
3713 3132 3787 3186 ita

2195 3213 2500 3270 desiderent
2538 3216 2735 3271 fontem
2765 3217 3098 3272 remissionis
3126 3227 3461 3288 peccatorum
3483 3259 3497 3284 ,
3539 3223 3786 3290 quemad-

2195 3307 2398 3360 modum
2423 3307 2675 3362 desiderat
2714 3325 2886 3364 cervus
2917 3310 2986 3364 ad
3025 3315 3186 3382 fontes
3221 3328 3489 3382 aquarum.
3519 3311 3601 3368 Sit
3637 3315 3784 3384 hoc,

2196 3398 2493 3472 habeatque
2529 3401 2704 3457 locum
2733 3403 3034 3460 intellectus
3061 3405 3161 3461 iste
3191 3406 3242 3460 in
3274 3405 3514 3462 Ecclesia
3542 3418 3598 3463 et
3625 3425 3786 3464 vera-

2194 3509 2312 3548 cem
2331 3505 2384 3550 et
2409 3495 2722 3551 solemnem.
2747 3495 3150 3562 Verumtamen,
3175 3498 3386 3567 fratres,
3413 3499 3622 3555 videtur
3643 3502 3785 3558 mihi

2192 3587 2350 3641 etiam
2388 3588 2442 3642 in
2469 3587 2788 3659 Baptismate
2820 3588 3062 3644 ﬁdelibus
3100 3590 3335 3646 nondum
3370 3606 3490 3646 esse
3521 3593 3781 3650 satiatum

2195 3680 2297 3734 tale
2322 3679 2642 3736 desiderium
2672 3699 2686 3735 :
2715 3680 2808 3736 sed
2839 3679 3096 3746 fortassis,
3127 3681 3173 3737 si
3200 3691 3398 3737 norunt
3422 3683 3508 3738 ubi
3536 3685 3783 3756 peregri-

2191 3781 2403 3838 nentur,
2449 3781 2506 3827 et
2527 3787 2635 3844 quo
2659 3773 2740 3828 eis
2769 3772 3150 3828 transeundum
3177 3773 3278 3840 sit,
3311 3774 3474 3830 etiam
3500 3775 3782 3832 ardentius

2191 3865 2604 3920 inﬂammantur.

2259 3957 2315 4012 2.
2357 3958 2593 4027 Denique
2632 3957 2815 4012 titulus
2846 3959 2962 4026 ejus
2995 3966 3078 4013 est
3114 3975 3128 4012 :
3158 3956 3226 4012 In
3252 3959 3402 4027 ﬁnem
3421 4001 3436 4026 ,
3463 3959 3518 4012 in
3567 3960 3780 4016 intelle-

2189 4058 2324 4103 ctum
2342 4050 2363 4081 ³
2386 4049 2507 4119 ﬁliis
2527 4047 2673 4116 Core,
2692 4047 2951 4106 Psalmus.
2974 4049 3136 4105 Filios
3157 4050 3294 4105 Core
3312 4050 3609 4106 invenimus
3635 4063 3700 4108 et
3726 4055 3782 4109 in

2188 4142 2305 4197 aliis
2331 4141 2665 4196 Psalmorum
2705 4141 2870 4196 titulis
2912 4139 3102 4214 (Psal.
3150 4141 3526 4213 xuii-vam),
3567 4151 3621 4198 et
3660 4143 3778 4214 jam

2187 4243 2444 4290 tractasse
2471 4249 2570 4290 nos
2597 4235 2972 4299 meminimus,
3015 4242 3070 4290 et
3111 4233 3320 4290 locutos
3358 4249 3478 4290 esse
3513 4235 3639 4306 quid
3673 4237 3778 4292 sibi

2188 4327 2293 4384 hoc
2328 4341 2521 4383 nomen
2557 4327 2684 4382 velit
2720 4343 2732 4380 :
2767 4327 2840 4381 ita
2878 4336 3054 4381 tamen
3090 4341 3232 4382 nunc
3271 4329 3778 4385 commemorandus

2187 4431 2269 4478 est
2297 4421 2398 4478 iste
2435 4420 2653 4488 titulus,
2693 4430 2751 4476 ut
2788 4435 2894 4476 non
2923 4420 3079 4476 nobis
3104 4422 3257 4491 quasi
3285 4420 3597 4492 praejudicet
3619 4424 3776 4494 quod

2181 4513 2292 4584 jam
2335 4512 2562 4568 diximus
2586 4553 2600 4578 ,
2641 4523 2702 4567 ut
2728 4512 2979 4582 deinceps
3007 4528 3113 4567 non
3154 4512 3396 4570 dicamus
3434 4532 3448 4568 :
3490 4531 3594 4568 non
3620 4517 3776 4571 enim

2187 4606 2508 4676 ubicumque
2549 4605 2798 4672 diximus,
2843 4620 3031 4659 omnes
3070 4603 3370 4660 adfuerunt.
3410 4605 3545 4662 Core
3573 4606 3777 4679 aliquis

2185 4695 2346 4751 homo
2374 4695 2564 4764 fuerit,
2593 4696 2729 4751 sicut
2757 4694 2884 4760 fuit,
2916 4695 3266 4767 habueritque
3296 4696 3432 4753 filios
3460 4698 3548 4769 qui
3577 4702 3775 4770 appel«

2183 4789 2420 4846 Iarcntur
2445 4789 2536 4843 ﬁlii
2561 4789 2698 4844 Core
2720 4787 2906 4862 (Num.
2935 4805 3088 4856 xxvr,
3116 4791 3208 4860 11)
3237 4808 3251 4843 :
3279 4805 3378 4846 nos
3407 4799 3582 4846 tamen
3609 4807 3774 4850 arca-

2183 4897 2308 4936 num
2331 4881 2649 4936 sacramenti
2672 4891 2990 4946 scrutemur,
3015 4889 3071 4935 ut
3093 4895 3284 4938 nomen
3307 4884 3407 4938 hoc
3427 4885 3774 4956 mysterium,

2183 4989 2287 5044 quo
2308 4973 2582 5044 gravidum
2613 4981 2714 5041 est,
2744 4973 2928 5044 pariat.
2954 4973 3127 5045 Magni
3153 4976 3295 5030 enim
3324 4978 3640 5032 sacramenti
3680 4993 3774 5034 res

2181 5077 2282 5134 est,
2329 5076 2387 5122 ut
2427 5067 2714 5123 Christiani
2760 5067 3093 5138 appellentur
3137 5067 3231 5124 ﬁlii
3275 5069 3434 5126 Core.
3483 5068 3638 5126 Unde
3674 5071 3772 5126 filii

2179 5159 2356 5217 Core?
2380 5160 2502 5215 Filii
2529 5161 2732 5232 sponsi,
2759 5160 2853 5215 lilii
2880 5159 3098 5216 Christi.
3129 5161 3261 5216 Dicti
3287 5171 3413 5217 sunt
3439 5162 3580 5217 enim
3608 5161 3773 5219 Chri-

2179 5250 2361 5318 stiani,
2405 5251 2499 5306 filii
2536 5251 2720 5322 sponsi
2755 5249 2965 5324 (Matth.
3003 5267 3076 5316 tx,
3118 5249 3230 5323 15).
3261 5251 3439 5320 Quare
3465 5267 3593 5322 ergo
3621 5252 3774 5310 Core

2178 5341 2464 5398 Christus?
2509 5343 2643 5409 Quia
2685 5341 2821 5397 Core
2867 5341 3246 5412 interpretatur
3287 5342 3548 5397 Calvaria.
3591 5342 3774 5400 Multo

2175 5433 2433 5488 remotius
2460 5441 2544 5488 est
2570 5432 2693 5488 hoc.
2735 5432 3049 5500 Quazrebam
3087 5448 3252 5504 quare
3289 5431 3427 5489 Core
3465 5432 3718 5490 Christus
3754 5453 3769 5490 ε

2175 5525 2430 5580 intentius
2470 5538 2652 5594 quaero
2679 5539 2844 5593 quare
2872 5523 3115 5580 Christus
3151 5523 3216 5578 ad
3255 5521 3552 5580 Calvariam
3587 5527 3768 5595 perti.

2174 5634 2302 5674 uere
2327 5617 2586 5673 videatur.
2635 5616 2820 5673 Nonne
2859 5616 2969 5689 jam
3006 5617 3238 5673 occurrit
3263 5617 3318 5673 in
3347 5616 3466 5673 loco
3493 5615 3768 5673 Calvaria:

2171 5709 2454 5766 cruciﬁxus
2466 5706 2848 5779 (Matthxxvu,
2863 5709 2983 5781 35)?
2993 5709 3237 5766 Occurrit
3246 5709 3485 5765 omnino.
3501 5709 3645 5781 Ergo
3660 5711 3767 5766 ﬁlii

2235 5822 2253 5852 ί
2280 5828 2384 5871 Mss.
2421 5820 2601 5885 aliquot
2619 5857 2635 5884 ,
2659 5819 2901 5874 desiderio
2913 5826 3089 5874 nostro.
3133 5819 3280 5874 stulto
3319 5820 3525 5885 plures,
3552 5820 3762 5875 deside-

2171 5891 2638 6010 "“i’éi'é‘i‘s's‘f’iiim
2653 5952 2800 6000 Graec.
2825 5951 2954 5998 Lxx.
2969 5951 3026 6027 at
3046 5945 3182 6011 adds
3198 5942 3250 6000 in
3264 5942 3412 6012 ﬁnem
3428 5943 3717 6002 intellectu.
