4042 6466
266 573 459 646 sponsi,
502 572 597 628 lilii
637 571 898 644 passionis
936 573 1099 641 illius,
1150 571 1242 627 l‘llii
1267 571 1534 643 redempti
1581 571 1837 642 sanguine

265 667 418 731 illius,
453 665 544 719 lilii
572 665 750 720 crucis
776 665 938 727 illius,
973 673 1248 734 portantes
1284 664 1335 718 in
1366 662 1539 718 fronte
1566 662 1705 733 quod
1737 663 1840 716 ini-

265 757 378 818 mici
403 757 461 812 in
484 757 742 813 Calvarize
771 757 891 813 loco
920 757 1168 823 ﬁxerunt,
1198 758 1537 828 appellantur
1557 757 1646 811 lilii
1669 757 1838 812 Core:

264 851 362 906 illis
390 859 637 905 cantatur
676 850 776 906 iste
805 849 1041 921 psalmus
1079 850 1133 904 in
1176 848 1530 905 intellectum.
1565 848 1842 904 lntellectu

265 947 432 1016 itaque
455 949 753 1000 excitemur
776 946 826 1010 ¹;
850 953 905 999 et
929 945 974 998 si
996 944 1152 1000 nobis
1170 951 1436 1008 cantatur,
1461 942 1838 1013 intelligamus.

263 1036 390 1104 Quid
433 1036 755 1092 intellecturi
799 1035 1022 1092 sumus?
1065 1036 1118 1090 in
1157 1051 1313 1106 quem
1346 1035 1667 1090 intellectum
1695 1034 1840 1104 psal-

260 1144 371 1185 mus
399 1129 504 1184 iste
547 1128 832 1182 cantatur?
872 1126 1058 1182 Audeo
1095 1127 1275 1182 dicere
1317 1145 1330 1182 :
1376 1126 1657 1181 invisibilia
1698 1126 1840 1180 enim

260 1224 366 1291 ejus
389 1236 420 1275 a
445 1229 694 1276 creatura
715 1219 899 1274 mundi
921 1235 1016 1290 per
1040 1235 1101 1274 ea
1130 1234 1248 1289 qua:
1273 1217 1408 1273 facta
1432 1227 1556 1274 sunt
1576 1217 1841 1275 intellecta

259 1314 655 1383 conspiciuntur
694 1311 868 1384 (Rom.
913 1330 951 1378 ι,
991 1313 1108 1385 20).
1146 1313 1262 1380 Eia,
1292 1311 1504 1378 fratres,
1532 1313 1838 1370 aviditatem

259 1421 423 1459 tneam
444 1405 642 1473 capite,
667 1402 989 1460 desiderium
1017 1405 1116 1460 hoc
1137 1420 1346 1460 mecum
1368 1407 1388 1437 ¹
1412 1405 1834 1462 communicate:

258 1499 401 1552 simul
431 1513 699 1564 amemus,
723 1497 880 1553 simul
906 1499 957 1553 in
989 1497 1088 1553 hac
1111 1499 1198 1553 siti
1225 1498 1653 1564 exardescamns,
1682 1498 1839 1554 simul

258 1591 312 1643 ad
358 1589 563 1643 fontem
605 1588 930 1660 intelligendi
962 1605 1258 1644 curramus.
1312 1590 1685 1646 Desideremus
1710 1605 1838 1662 ergo

258 1681 387 1734 velut
416 1695 612 1735 cervus
645 1681 863 1743 fontem,
893 1692 1117 1751 excepto
1144 1682 1232 1735 illo
1259 1681 1402 1738 fonte
1432 1699 1588 1754 quem
1619 1693 1837 1752 propter

257 1775 619 1828 remissionem
669 1784 1008 1843 peccatorum
1056 1774 1364 1832 desiderant
1406 1776 1743 1846 baptizandi,
1783 1784 1840 1832 et

253 1866 348 1934 jam
375 1866 630 1935 baptizati
656 1865 1023 1921 desideremus
1051 1867 1200 1921 illum
1227 1867 1449 1934 fontem,
1479 1868 1545 1923 de
1567 1884 1672 1939 quo
1693 1868 1837 1925 Scri-

256 1970 394 2030 ptura
427 1959 533 2014 alia
565 1959 696 2014 dicit
727 1977 740 2014 :
781 1959 1033 2026 Quoniam
1063 1961 1200 2030 apud
1229 1970 1275 2014 te
1302 1972 1372 2014 est
1403 1966 1516 2032 fons
1545 1962 1675 2016 vita.
1720 1962 1838 2031 Ipse

255 2052 383 2106 enim
418 2050 542 2106 fons
566 2061 620 2106 et
648 2052 827 2108 lumen
856 2060 940 2107 est
967 2071 980 2104 :
1012 2054 1262 2123 quoniam
1292 2053 1345 2107 in
1371 2054 1558 2108 lumine
1583 2063 1669 2109 tuo
1693 2055 1835 2109 vide-

254 2141 401 2198 bimus
429 2143 600 2198 lumen
625 2141 795 2214 (Psal.
820 2159 987 2210 xxxv,
1014 2143 1126 2214 10).
1151 2141 1207 2198 Si
1233 2153 1286 2200 et
1310 2143 1430 2200 fons
1448 2153 1552 2212 est,
1574 2154 1631 2200 et
1656 2146 1834 2204 lumen

253 2245 357 2300 est;
389 2235 588 2290 merito
615 2243 670 2290 et
695 2235 996 2292 intellectus
1019 2245 1134 2303 est,
1163 2236 1286 2308 quia
1326 2245 1379 2292 et
1407 2239 1565 2293 satiat
1603 2240 1834 2295 animam

254 2327 451 2384 avidam
477 2328 722 2395 sciendi;
757 2338 811 2382 et
836 2330 1012 2385 omnis
1037 2329 1128 2401 qui
1158 2329 1426 2401 intelligit,
1462 2330 1582 2388 luce
1606 2333 1834 2402 quadam

253 2436 346 2476 non
370 2420 678 2491 corporali,
715 2435 818 2476 non
850 2421 1074 2487 carnali,
1103 2437 1210 2476 non
1239 2423 1533 2490 exteriore,
1567 2424 1661 2479 sed
1692 2425 1835 2480 inte-

252 2513 381 2568 riore
407 2513 730 2569 illustratur.
756 2512 854 2568 Est
877 2528 1027 2583 ergo,
1054 2512 1267 2577 fratres,
1293 2513 1535 2584 quaedam
1559 2514 1644 2569 lux
1668 2517 1830 2584 intus,

252 2620 394 2675 quam
430 2619 539 2659 non
569 2605 764 2660 habent
803 2606 892 2675 qui
924 2620 1028 2660 non
1057 2606 1379 2677 intelligunt.
1423 2606 1577 2663 Unde
1602 2607 1712 2678 jam
1741 2623 1834 2663 eos

253 2698 330 2765 qui
348 2697 660 2752 desiderant
685 2696 825 2752 hunc
853 2696 1051 2753 fontem
1085 2699 1226 2766 vitae,
1267 2708 1322 2754 et
1345 2699 1468 2755 inde
1486 2700 1683 2770 aliquid
1711 2717 1832 2756 car-

254 2802 404 2862 puni,
437 2792 730 2862 alloquitur
772 2793 1058 2862 Apostolus
1091 2793 1380 2849 obsecrans
1403 2835 1418 2860 ,
1464 2803 1518 2850 et
1551 2795 1681 2850 dicit
1712 2814 1724 2850 :
1765 2795 1835 2852 Ut

247 2886 346 2954 jam
371 2901 476 2938 non
501 2882 768 2937 ambuletis
795 2886 927 2939 sicut
968 2895 1014 2939 et
1040 2884 1226 2940 Gentes
1251 2887 1514 2941 ambulant
1538 2889 1591 2941 in
1617 2889 1836 2944 vanitate

251 2977 417 3030 mentis
447 2991 555 3030 suae
573 3017 588 3040 ,
626 2975 884 3030 obscurati
909 2977 1246 3048 intelligentia
1266 3021 1280 3045 ,
1314 2979 1524 3032 alienati
1548 2995 1580 3033 a
1609 2981 1710 3033 vita
1742 2979 1834 3036 Dei

253 3086 329 3136 per
357 3071 700 3140 ignorantiam
727 3085 839 3140 qua:
861 3079 932 3123 est
961 3071 1015 3124 in
1040 3070 1166 3136 illis,
1196 3081 1397 3142 propter
1420 3073 1696 3127 caecitatem
1721 3090 1835 3128 cor-

251 3165 320 3217 dis
345 3165 574 3235 ipsorum
603 3165 818 3236 (Ep/tes.
850 3180 926 3233 tv,
957 3166 1044 3230 17,
1077 3163 1188 3238 18).
1218 3165 1273 3221 Si
1299 3182 1426 3236 ergo
1454 3167 1527 3221 illi
1559 3167 1832 3225 obscurati

251 3267 365 3310 sunt
385 3257 764 3326 intelligentia,
796 3257 847 3310 id
875 3264 977 3322 est,
1005 3257 1126 3327 quia
1156 3273 1262 3311 non
1293 3257 1612 3328 intelligunt,
1642 3261 1836 3316 obscu-

248 3359 458 3413 rantur;
489 3365 618 3418 ergo
658 3350 748 3419 qui
793 3349 1096 3420 intelligunt
1139 3349 1525 3406 illuminantur.
1554 3352 1725 3410 Curre
1763 3355 1832 3412 ad

249 3442 435 3508 forttes,
459 3443 706 3497 desidera
730 3458 986 3513 aquarum
1011 3441 1206 3497 fontes.
1233 3443 1387 3513 Apud
1412 3444 1577 3499 Deum
1603 3455 1686 3501 est
1712 3445 1832 3502 fons

249 3537 357 3592 vitre
381 3546 442 3592 et
471 3535 794 3590 insiccabilis
834 3535 952 3590 fons
993 3552 1005 3588 :
1043 3536 1094 3589 in
1127 3535 1268 3590 illius
1303 3535 1422 3592 luce
1457 3537 1636 3593 lumen
1680 3539 1832 3595 inob-

249 3629 521 3683 scurabile.
571 3627 774 3681 Lumen
823 3626 924 3682 hoc
962 3625 1204 3682 desidera
1227 3669 1242 3694 ,
1273 3627 1558 3694 quemdam
1592 3627 1828 3700 fontem,

248 3721 504 3790 quoddam
534 3722 715 3775 lumen
754 3720 914 3790 quale
953 3735 1056 3775 non
1086 3728 1284 3774 norunt
1314 3721 1455 3775 oculi
1489 3721 1600 3786 tui;
1633 3723 1716 3777 cui
1745 3724 1828 3777 lu-

249 3817 364 3870 mini
408 3815 640 3871 videndo
685 3814 873 3870 oculus
917 3814 1139 3868 interior
1177 3824 1532 3884 praeparatur,
1566 3815 1650 3870 cui
1698 3815 1828 3870 fonti

249 3908 538 3966 hauriendo
567 3911 686 3965 sitis
716 3910 939 3965 interior
969 3907 1277 3964 inardescit.
1309 3907 1480 3962 Curre
1509 3908 1575 3962 ad
1604 3907 1826 3977 fontem,

250 4003 482 4058 desidera
529 4002 729 4058 fontem
774 4020 787 4056 :
829 4001 924 4056 sed
955 4001 1062 4055 noli
1091 4009 1400 4070 utcumque,
1431 3999 1539 4055 noli
1568 4010 1624 4054 ut
1650 4001 1830 4070 quale-

191 4127 196 4153 ι
241 4107 467 4164 cumque
495 4094 694 4148 animal
725 4107 976 4157 currere;
1023 4099 1081 4146 ut
1120 4106 1309 4146 cervus
1351 4105 1525 4146 curre.
1559 4091 1696 4160 Quid
1725 4101 1826 4160 est,

243 4198 297 4242 ut
336 4189 571 4244 cervus?
616 4187 732 4243 Non
783 4187 854 4242 sit
898 4186 1118 4241 tarditas
1162 4186 1214 4240 in
1264 4185 1558 4251 currendo,
1608 4187 1829 4257 impigre

245 4293 416 4350 turre,
451 4283 680 4352 impigre
707 4279 952 4337 desidera
985 4279 1203 4333 fontem.
1232 4275 1542 4332 Invenimus
1570 4278 1711 4333 enim
1743 4279 1828 4332 in-

248 4375 385 4445 signe
409 4374 716 4430 velocitatis
746 4373 799 4428 in
825 4387 1006 4429 cervo.

310 4467 363 4521 5.
401 4466 507 4522 Sed
538 4465 677 4521 forte
703 4480 809 4520 non
837 4463 940 4518 hoc
966 4462 1243 4533 Scriptura
1268 4461 1442 4518 solum
1471 4476 1569 4517 nos
1593 4461 1647 4516 in
1669 4477 1829 4517 cervo

246 4561 590 4617 considerare
612 4559 803 4628 voluit,
829 4557 922 4613 sed
946 4569 996 4613 et
1019 4557 1182 4612 aliud.
1206 4556 1342 4612 Audi
1363 4557 1491 4628 quid
1513 4557 1650 4612 aliud
1674 4567 1756 4613 est
1775 4559 1826 4614 in

244 4667 416 4708 cervo.
446 4653 740 4723 Serpentes
770 4659 946 4715 necat,
975 4658 1030 4704 et
1061 4657 1179 4719 post
1205 4650 1535 4720 serpentium
1568 4651 1827 4706 interem-

245 4745 478 4813 ptionem
507 4744 697 4814 majori
723 4743 808 4797 siti
839 4741 1146 4806 inardescit,
1175 4741 1464 4812 peremptis
1490 4742 1829 4810 serpentibus

243 4837 303 4889 ad
325 4837 502 4892 fontes
525 4837 704 4891 acrius
729 4836 913 4891 currit.
937 4832 1230 4904 Serpentes
1250 4833 1377 4888 vitia
1399 4842 1486 4888 tua
1511 4843 1636 4889 sunt
1662 4850 1675 4888 :
1698 4849 1830 4890 con-

243 4942 392 4985 sume
422 4938 700 4999 serpentes
731 4925 1044 4997 iuiquitatis,
1076 4935 1202 4980 tunc
1230 4925 1459 4996 amplius
1498 4924 1830 4981 desiderabis

245 5017 444 5076 lontem
468 5020 729 5076 veritatis.
761 5018 996 5074 Avaritia
1025 5017 1162 5072 forte
1191 5017 1243 5070 in
1275 5025 1326 5072 te
1355 5016 1696 5072 tenebrosum
1727 5019 1828 5073 ali-

242 5115 364 5183 quid
397 5115 609 5182 sibilat,
639 5122 694 5169 et
732 5113 908 5168 sibilat
937 5111 1195 5166 adversus
1238 5111 1460 5166 verbum
1491 5110 1621 5176 Dei,
1653 5111 1831 5166 sibilat

243 5205 498 5259 adversus
527 5215 849 5274 praeceptum
878 5203 968 5257 Dei
1001 5221 1016 5256 :
1061 5210 1116 5257 et
1153 5201 1279 5272 quia
1317 5201 1412 5256 tibi
1438 5201 1653 5268 dicitur,
1686 5198 1830 5256 Con-

243 5305 424 5352 temne
454 5297 673 5368 aliquid,
701 5312 768 5352 ne
793 5296 958 5351 facias
989 5295 1357 5366 iniquitatem;
1385 5294 1429 5348 si
1460 5295 1628 5349 mavis
1655 5293 1830 5351 facere

242 5389 615 5459 iniquitatem,
667 5403 827 5459 quam
877 5387 1092 5457 aliquod
1145 5385 1483 5441 commodum
1535 5387 1830 5457 temporale

240 5496 620 5550 contemnere,
660 5482 898 5539 morderi
933 5483 1084 5553 eligis
1129 5495 1158 5534 a
1184 5490 1467 5552 serpente,
1497 5497 1653 5550 quam
1685 5481 1826 5551 peri-

242 5592 391 5631 mere
429 5585 750 5648 serpentem.
789 5575 923 5631 Cum
960 5589 1088 5644 ergo
1116 5572 1291 5628 adhuc
1334 5573 1510 5628 faveas
1539 5574 1668 5628 vitio
1701 5584 1827 5642 tuo,

239 5667 516 5738 cupiditati
543 5679 669 5734 tuae,
700 5666 937 5721 avaritiae
964 5673 1088 5730 ture,
1113 5665 1351 5732 serpenti
1381 5673 1504 5729 tuo;
1535 5663 1749 5733 quando
1776 5664 1827 5718 in

241 5769 293 5815 te
335 5762 552 5816 invenio
591 5763 698 5816 tale
735 5759 1056 5816 desiderium
1079 5798 1093 5824 ,
1135 5771 1242 5827 quo
1280 5747 1464 5812 Curras
1506 5757 1572 5811 ad
1618 5757 1816 5811 fontem

303 5889 330 5928 ι’
352 5893 543 5958 Aliquot
562 5901 689 5945 uss;
719 5891 1015 5944 Intellectum
1034 5891 1198 5955 itaque
1219 5894 1490 5942 scrutemur

304 5959 328 5990 ¹
353 5955 579 6021 Neritius
593 5963 722 6018 llas,
745 5968 922 6007 mann.

1381 451 1778 510 ENABBATIO
1817 449 1882 507 ΙΝ
1921 450 2244 518 PSALMUM
2280 459 2408 523 XL'.

3427 473 3533 533 ιω

1952 577 2250 645 aquarum?
2274 578 2488 649 quando
2508 583 2841 652 concupiscis
2869 584 3066 642 fontem
3089 588 3384 660 sapientiae,
3407 607 3528 648 cum

1946 668 2119 724 adhuc
2170 671 2382 728 labores
2430 675 2484 728 in
2527 691 2738 731 veneno
2783 679 3038 735 malitiae?
3082 683 3324 740 luterﬁce
3373 687 3423 742 in
3479 696 3532 744 te

1947 763 2201 835 quidquid
2245 766 2569 822 contrarium
2602 779 2680 824 est
2718 770 2926 826 veritati
2969 791 2981 825 :
3014 782 3067 829 et
3096 790 3216 830 cum
3247 786 3300 833 te
3328 779 3532 838 videris

1947 859 2195 923 tanquam
2219 871 2412 914 vacare
2439 874 2467 914 a
2493 860 2869 930 cupiditatibus
2895 868 3184 934 perversis,
3219 870 3328 925 noli
3354 887 3535 926 rema-

1946 960 2074 1001 nere
2103 951 2253 1018 quasi
2285 967 2389 1005 non
2422 953 2490 1007 sit
2520 955 2661 1024 quod
2689 955 2986 1013 desideres.
3018 958 3117 1015 Est
3141 962 3282 1017 enim
3309 963 3530 1034 aliquid,

1945 1053 2052 1108 quo
2075 1048 2124 1094 te
2155 1041 2338 1108 tollas;
2370 1045 2414 1098 si
2435 1045 2546 1114 jam
2573 1048 2723 1117 egisti
2755 1049 2906 1117 inte,
2931 1062 2989 1107 ut
3013 1068 3121 1111 non
3151 1054 3221 1110 sit
3248 1056 3535 1126 impeditor

1945 1141 2129 1187 contra
2158 1142 2228 1189 te.
2259 1136 2503 1194 Dicturus
2527 1140 2670 1194 enim
2698 1157 2757 1198 es
2783 1141 2923 1200 forte
2945 1144 3056 1216 jam
3093 1147 3245 1214 mibi,
3269 1147 3315 1204 si
3339 1166 3533 1210 cervus

1944 1238 2005 1280 es
2033 1243 2046 1278 :
2076 1225 2218 1282 Deus
2243 1229 2390 1284 novit
2414 1246 2520 1287 non
2546 1247 2632 1288 me
2653 1234 2761 1304 jam
2789 1251 3031 1304 avarum,
3064 1255 3168 1295 non
3199 1257 3285 1298 me
3307 1242 3416 1311 jam
3441 1261 3534 1300 cu-

1939 1315 2187 1388 jusquam
2217 1336 2332 1377 rem
2362 1325 2759 1396 concupiscere,
2803 1344 2910 1385 non
2951 1332 3194 1389 adulterii
3241 1337 3531 1407 cupiditate

1944 1411 2201 1483 ﬂagrare,
2242 1431 2347 1472 non
2387 1418 2702 1490 cujusquam
2733 1421 2856 1477 odio
2886 1423 3188 1496 invidiaque
3216 1429 3528 1501 tabescere,

1942 1514 1996 1560 et
2021 1515 2212 1562 czetera
2242 1507 2580 1579 hujusmodi;
2611 1514 2847 1571 dicturus
2873 1531 2962 1584 es,
2990 1517 3105 1573 Non
3143 1518 3315 1576 habeo
3355 1522 3470 1578 haec
3510 1541 3526 1579 :

1942 1605 1996 1652 et
2024 1600 2220 1668 quaeris
2256 1599 2394 1657 forte
2419 1603 2559 1659 unde
2589 1605 2893 1663 delecteris.
2922 1608 3171 1664 Desidera
3205 1613 3346 1669 unde
3375 1614 3527 1672 dele-

1942 1688 2135 1755 cteris;
2164 1690 2411 1748 desidera
2438 1695 2506 1749 ad
2533 1700 2697 1768 fontes
2723 1716 2969 1770 aquarum
2992 1717 3012 1756 .'
3035 1702 3194 1758 habet
3221 1705 3360 1760 Deus
3388 1707 3528 1764 unde

1942 1789 1996 1838 te
2023 1783 2260 1848 reﬁciat,
2290 1794 2344 1841 et
2372 1788 2591 1858 impleat
2619 1792 2919 1847 venientem
2951 1794 3016 1848 ad
3047 1810 3134 1862 se,
3167 1806 3219 1852 et
3258 1798 3528 1856 sitientem

1941 1883 2061 1944 post
2101 1875 2566 1948 interemptionem
2603 1884 2969 1954 serpentium,
2999 1896 3249 1959 tanquam
3289 1892 3527 1948 velocem

1941 1979 2179 2022 cervum.

2011 2061 2065 2116 4.
2094 2061 2189 2117 Est
2206 2064 2350 2118 aliud
2370 2067 2510 2136 quod
2530 2068 2923 2128 animadvertas
2946 2074 2998 2128 in
3026 2089 3204 2131 cervo.
3223 2077 3530 2136 Traduntur

1939 2154 2104 2220 cervi,
2119 2163 2174 2208 et
2197 2169 2226 2209 a
2251 2157 2564 2227 quibusdam
2586 2161 2746 2218 etiam
2763 2165 2860 2219 visi
2879 2177 3030 2233 sunt;
3050 2183 3157 2224 non
3179 2171 3318 2226 enim
3338 2172 3405 2227 de
3426 2173 3531 2230 illis

1940 2243 2047 2299 tale
2065 2245 2264 2316 aliquid
2285 2251 2630 2320 scriberetur,
2651 2256 2755 2310 nisi
2779 2266 2933 2312 antea
2957 2258 3226 2316 videretur
3249 2280 3261 2315 :
3281 2263 3531 2321 dicuntur

1941 2353 2067 2408 ergo
2095 2341 2238 2395 cervi
2275 2342 2358 2396 vel
2384 2344 2596 2413 quando
2638 2346 2691 2400 in
2733 2347 2945 2418 agmine
2975 2365 3074 2405 suo
3113 2353 3409 2421 ambulant,
3443 2356 3528 2412 vel

1939 2431 2154 2500 quando
2183 2434 2416 2489 natando
2443 2436 2578 2492 alias
2609 2445 2871 2493 terrarum
2903 2451 3083 2510 partes
3113 2454 3330 2513 petunt,
3360 2461 3524 2502 onera

1939 2525 2168 2594 capitum
2191 2541 2407 2582 suorum
2433 2539 2592 2600 super
2613 2545 2672 2586 se
2701 2532 2926 2588 invicem
2956 2550 3176 2605 ponere,
3210 2540 3280 2594 ita
3310 2549 3368 2594 ut
3393 2556 3530 2596 unus

1938 2616 2224 2686 prarcedat,
2257 2628 2311 2674 et
2337 2624 2731 2693 sequanturqui
2759 2638 2919 2694 supra
2949 2641 3070 2681 eum
3101 2629 3274 2698 capita
3306 2641 3528 2700 ponant,

1939 2717 1994 2764 et
2020 2723 2179 2779 supra
2208 2711 2326 2766 illos
2355 2713 2443 2767 alii
2474 2723 2880 2784 consequentes,
2908 2727 2962 2771 et
2989 2717 3182 2774 deinde
3209 2719 3319 2787 alii,
3349 2722 3522 2779 donec

1938 2815 2128 2872 agmen
2163 2803 2408 2860 ﬁniatur:
2431 2805 2520 2860 ille
2536 2814 2713 2860 autem
2743 2823 2878 2862 unus
2902 2810 2989 2879 qui
3018 2811 3225 2881 pondus
3246 2815 3436 2883 capitis
3467 2816 3520 2870 in

1939 2897 2168 2967 primatu
2187 2898 2449 2967 portabat,
2469 2897 2715 2969 fatigatus
2733 2900 2871 2955 redit
2886 2902 2952 2954 ad
2979 2904 3291 2972 posteriora,
3309 2913 3370 2959 ut
3389 2906 3528 2961 alius

1938 2990 1986 3046 ei
2008 2991 2276 3056 succedat,
2294 2993 2383 3062 qui
2405 3000 2582 3063 portet
2600 2993 2738 3063 quod
2759 2993 2854 3049 ‘ille
2877 2995 3139 3064 portabat,
3163 3005 3318 3067 atque
3341 2998 3429 3051 ille
3451 2998 3530 3052 fa-

1939 3081 2245 3152 tigationem
2264 3098 2412 3136 suam
2444 3093 2651 3138 recreet
2675 3083 2849 3154 posito
2877 3086 3071 3155 capite,
3096 3086 3233 3140 sicut
3259 3094 3315 3143 et
3341 3091 3524 3144 czeteri

1937 3174 2208 3245 ponebant
2251 3175 2364 3230 :ita
2392 3175 2625 3230 vicissim
2655 3176 2920 3247 portando
2961 3177 3102 3248 quod
3128 3194 3291 3249 grave
3327 3189 3437 3246 est,
3476 3191 3530 3236 et

1937 3268 2074 3323 viam
2105 3278 2396 3338 peragunt,
2439 3280 2493 3323 et
2522 3268 2748 3324 invicem
2787 3285 2846 3325 se
2877 3286 2980 3324 non
3011 3269 3289 3326 deserunt.
3337 3272 3528 3329 Nonne

1937 3361 2192 3432 quosdam
2215 3376 2403 3417 cervos
2428 3362 2714 3432 alloquitur
2737 3363 3043 3432 Apostolus,
3063 3362 3281 3419 dicens:
3301 3364 3530 3419 Invicem

1937 3471 2091 3510 onera
2132 3466 2294 3508 vestra
2325 3464 2520 3525 portate
2539 3497 2554 3522 ,
2585 3465 2630 3509 et
2659 3457 2731 3510 sic
2769 3457 3108 3527 adimplebitis
3139 3455 3302 3528 legem
3338 3456 3528 3511 Clu-isti

1936 3544 2097 3618 (Gal.
2131 3562 2204 3611 vr,
2232 3547 2344 3617 2)?

2006 3639 2061 3696 5.
2107 3638 2252 3693 Talis
2297 3653 2425 3709 ergo
2465 3653 2655 3694 cervus
2681 3639 2734 3694 in
2765 3639 2868 3694 ﬁde
2914 3642 3252 3708 constitutus,
3290 3643 3525 3698 nondum

1935 3735 2123 3790 videns
2149 3733 2290 3803 quod
2322 3733 2512 3800 credit,
2563 3735 2784 3804 cupiens
2822 3735 3118 3805 intelligere
3163 3736 3302 3806 quod
3334 3737 3525 3806 diligit,

1937 3828 2136 3899 patitur
2165 3837 2218 3883 et
2259 3829 2557 3883 contrarios
2587 3844 2694 3883 non
2724 3842 2914 3883 cervos
2943 3829 2985 3895 ί,
3013 3829 3328 3884 obScuratos
3368 3830 3526 3884 intel-

1935 3922 2170 3992 ligentia,
2202 3921 2258 3976 in
2287 3921 2522 3976 tenebris
2544 3920 2889 3976 interioribus
2909 3921 3246 3988 constitutos,
3280 3922 3527 3975 vitiorum

1933 4014 2225 4084 cupiditate
2261 4022 2528 4078 caecatos;
2578 4013 2797 4082 insuper
2835 4012 3153 4068 insultantes
3189 4021 3244 4068 et
3292 4013 3532 4070 dicentes

1934 4105 2136 4160 homini
2160 4104 2420 4168 credenti,
2454 4111 2511 4158 et
2534 4103 2678 4174 quod
2715 4104 2887 4159 credit
2915 4120 3023 4160 non
3053 4105 3354 4160 ostendenti
3385 4123 3397 4158 :
3431 4105 3531 4160 Ubi

1931 4208 2006 4254 est
2038 4197 2174 4253 Deus
2219 4198 2377 4252 tuus?
2402 4197 2540 4265 Quid
2578 4213 2708 4268 ergo
2758 4198 2858 4252 iste
2885 4213 3075 4253 cervus
3125 4197 3310 4254 fecerit
3343 4210 3529 4255 comra

1932 4293 2049 4349 haec
2077 4292 2259 4357 verba,
2287 4290 2585 4354 audiamus,
2618 4299 2678 4344 ut
2720 4301 2773 4345 et
2800 4291 2921 4360 ipsi,
2951 4291 2995 4344 si
3031 4305 3332 4359 possumus,
3365 4290 3529 4345 iacia-

1930 4399 2074 4439 mus.
2124 4383 2304 4438 Primo
2343 4381 2607 4450 expressit
2635 4381 2776 4435 sitim
2816 4396 2964 4435 suam
3000 4399 3012 4436 :
3065 4381 3525 4451 Quemadmodum,

1932 4477 2121 4547 inquit,
2153 4491 2326 4529 cervus
2345 4473 2596 4528 desiderat
2623 4475 2690 4527 ad
2711 4479 2873 4545 fontes
2889 4489 3157 4544 aquarum,
3182 4475 3254 4527 ita
3273 4476 3527 4529 desiderat

1933 4570 2102 4624 anima
2127 4583 2235 4621 mea
2262 4566 2330 4620 ad
2359 4574 2425 4633 te,
2454 4565 2608 4620 Deus.
2634 4565 2771 4634 Quid
2798 4567 2840 4620 si
2865 4581 3059 4622 cervus
3079 4565 3144 4620 ad
3165 4564 3338 4622 fontes
3363 4582 3528 4638 aqua-

1932 4679 2049 4719 rum
2079 4660 2289 4717 lavandi
2309 4673 2467 4715 causa
2512 4658 2825 4714 desiderat?
2857 4658 3040 4715 Utrum
3072 4674 3199 4728 ergo
3219 4659 3432 4715 bibendi
3458 4677 3527 4719 an

1934 4755 2144 4812 lavandi
2177 4769 2358 4820 causa,
2389 4753 2677 4809 nescimus.
2713 4751 2852 4807 Audi
2891 4751 3018 4822 quid
3050 4753 3312 4823 sequitur.
3338 4763 3392 4808 et
3416 4755 3527 4810 noli

1934 4864 2173 4922 qumrerc
2205 4867 2220 4903 :
2254 4846 2424 4902 Sitivit
2471 4846 2640 4900 anima
2676 4860 2785 4900 mea
2834 4847 2901 4898 ad
2948 4843 3116 4899 Deum
3156 4847 3343 4901 vivum.
3373 4847 3526 4915 Quod

1885 4993 1894 5002 .
1934 4943 2074 5006 dico,
2102 4938 2545 5009 Quemadmodum
2584 4953 2758 4991 cervus
2795 4937 3046 4992 desiderat
3080 4939 3148 4992 ad
3174 4941 3336 5007 fontes
3363 4957 3525 5012 aqua-

1935 5051 2070 5099 rum,
2114 5035 2185 5086 ita
2202 5031 2456 5085 desiderat
2481 5031 2654 5083 anima
2673 5029 2740 5082 ad
2769 5039 2834 5094 te,
2863 5027 3024 5097 Deus,
3059 5032 3160 5085 hoc
3193 5032 3334 5098 dico,
3377 5034 3527 5087 Sitivi

1933 5127 2103 5178 anima
2142 5139 2252 5177 mea
2290 5122 2358 5174 ad
2405 5120 2574 5174 Deum
2614 5121 2798 5174 vivum.
2847 5121 2983 5188 Quid
3049 5123 3256 5178 sitivit?
3303 5123 3522 5190 Quando

1934 5218 2130 5272 veniam
2153 5225 2200 5268 et
2229 5213 2482 5284 apparebo
2511 5221 2627 5266 ante
2653 5214 2833 5281 faciem
2855 5212 2975 5268 Dei.
3009 5215 3120 5270 Hoc
3160 5224 3241 5270 est
3269 5216 3410 5286 quod
3443 5217 3521 5270 si-

1935 5311 2028 5376 tio,
2052 5309 2236 5363 venire
2273 5316 2328 5362 et
2351 5319 2626 5375 apparere.
2659 5305 2794 5359 Sitio
2834 5307 2886 5360 in
2929 5307 3371 5376 peregrinatione,
3401 5307 3524 5361 sitio

1936 5405 1987 5459 in
2009 5417 2168 5458 cursu
2217 5419 2229 5454 :
2257 5399 2494 5454 satiabor
2526 5399 2577 5452 in
2632 5398 2883 5453 adventu.
2932 5397 3035 5453 Sed
3061 5399 3267 5467 quando
3293 5399 3525 5455 veniam?

1936 5497 2001 5551 Et
2029 5493 2170 5566 quod
2191 5492 2348 5548 citius
2375 5501 2458 5545 est
2479 5491 2607 5557 Det;
2640 5489 2846 5544 tardum
2870 5498 2953 5545 est
2978 5489 3266 5544 desiderio.
3301 5489 3520 5557 Quando

1933 5589 2127 5644 veniam
2165 5595 2212 5640 et
2239 5583 2492 5654 apparebo
2519 5590 2636 5636 ante
2661 5581 2840 5652 faciem
2868 5580 3006 5634 Dei?
3030 5582 3108 5635 Ex
3140 5582 3230 5636 illo
3254 5581 3526 5637 desiderio

1933 5688 2016 5736 est
2039 5687 2094 5736 et
2123 5679 2243 5744 hoc,
2277 5693 2340 5732 ex
2368 5693 2473 5748 quo
2507 5675 2766 5730 clamatur
2792 5674 2952 5728 alibi:
2992 5672 3160 5727 Unam
3194 5673 3312 5742 petii
3355 5690 3387 5725 (ι
3414 5672 3525 5727 Do-

1934 5775 2092 5840 mino,
2122 5773 2252 5827 hanc
2270 5774 2542 5844 requiram,
2569 5781 2624 5826 ut
2648 5769 2919 5825 inhabitem
2933 5767 2990 5820 in
3016 5766 3165 5820 domo
3187 5765 3393 5820 Domini
3426 5785 3517 5838 per

1999 5891 2018 5922 ί
2052 5889 2125 5938 sic
2145 5894 2273 5949 Mss,
2299 5895 2353 5937 At
2374 5887 2507 5947 F.dd.,
2535 5885 2796 5936 contrarios
2819 5895 2998 5944 cervos,
3023 5896 3118 5934 non
3151 5882 3303 5934 solum
3347 5882 3493 5933 olrsru

1935 5955 2084 6013 ratos,
2103 5957 2197 6001 etc.
