4042 6482
485 450 591 510 “7

492 581 667 622 onmes
693 565 799 622 dies
832 562 946 616 nite
991 575 1138 617 mea;
1165 556 1339 624 Quare
1367 553 1505 608 hoc?
1535 550 1600 604 Ut
1642 545 1963 616 contempler,
1995 543 2074 595 in-

495 661 634 731 quit,
659 656 1040 718 delectationem
1078 648 1331 719 Domini-(
1354 646 1494 700 Psal.
1539 657 1686 705 xxvi,
1731 639 1824 708 4).
1859 635 2076 704 Quando

493 751 690 813 partiam
709 758 758 804 et
779 745 1033 818 apparebo
1061 751 1177 814 ante
1206 740 1384 812 faciem
1413 735 1666 790 Domini?

567 843 623 900 6.
651 841 801 915 [ποτε.
826 837 904 911 4.]
933 834 1285 894 lnterimdum
1310 831 1552 888 meditor.
1586 827 1711 881 dum
1735 841 1912 888 curro,
1942 822 2066 877 dum

499 936 554 994 in
586 935 671 996 via
700 949 840 998 sum,
873 939 1157 998 antequam
1197 925 1426 986 veniam,
1462 929 1740 988 antequam
1770 929 2076 984 appaream,

499 1028 733 1092 Fuerunt
760 1026 882 1082 mild
912 1025 1150 1093 lact-gmw
1187 1034 1308 1074 mea:
1336 1015 1478 1085 panis
1533 1015 1613 1066 die
1649 1029 1710 1065 ac
1762 1021 1922 1074 nocte,
1965 1025 2080 1062 cum

499 1121 686 1181 dicitur
729 1119 852 1174 mihi
880 1134 966 1186 per
1007 1113 1234 1184 singulos
1283 1111 1388 1164 dies
1429 1125 1447 1161 :
1473 1107 1566 1164 Ubi
1619 1117 1689 1160 est
1741 1103 1879 1162 Deus
1929 1103 2083 1158 tuus?

501 1212 735 1268 Fuerunt
762 1210 906 1271 mihi,
940 1208 1129 1277 inquit,
1161 1205 1397 1273 lacryinm
1423 1216 1563 1266 meat,
1613 1214 1716 1256 non
1763 1195 2078 1256 amaritudo,

501 1305 593 1360 sed
629 1302 795 1374 panis.
828 1300 1026 1354 Suaves
1056 1305 1206 1351 erant
1251 1291 1378 1348 mihi
1411 1291 1536 1360 ipsa:
1577 1289 1825 1359 lacrymte
1860 1285 2082 1340 :sitiens

504 1397 651 1464 illum
697 1395 916 1458 fontem,
951 1391 1068 1462 quia
1115 1388 1295 1449 bibere
1327 1384 1556 1440 nondum
1588 1392 1856 1452 poteram,
1879 1379 2084 1432 avidius

503 1503 651 1543 meas
677 1488 938 1557 lacrymas
968 1480 1371 1538 mandnrabam.
1406 1475 1518 1530 Non
1551 1475 1688 1532 enim
1715 1473 1864 1537 dixit,
1909 1470 2083 1526 Factae

503 1590 628 1638 sunt
653 1579 785 1638 mihi
817 1578 1062 1648 lat-rymrc
1095 1590 1225 1630 mene
1254 1579 1408 1642 potus
1435 1612 1449 1636 ,
1481 1584 1546 1624 ne
1584 1569 1725 1638 ipsas
1753 1564 2086 1621 desiderasse

505 1674 772 1737 videretur
801 1673 934 1724 sicut
961 1668 1136 1724 fontes
1155 1679 1410 1736 aquarum
1447 1679 1458 1714 :
1493 1661 1582 1718 sed
1611 1669 1813 1728 servata
1844 1657 1928 1712 illa
1958 1656 2084 1724 siti,

501 1781 604 1836 qua
629 1763 936 1838 inardesco,
969 1775 1072 1830 qua
1113 1758 1290 1826 rapior
1315 1754 1380 1810 ad
1427 1753 1597 1810 fontes
1622 1765 1899 1822 aquarum,
1939 1748 2086 1817 panis

503 1859 635 1919 mihi
840 1863 961 1910 sunt
993 1853 1236 1923 lacrymae
1266 1863 1418 1914 meat,
1449 1847 1573 1905 dum
1603 1843 1836 1900 didcror.
1879 1840 1943 1898 Et
1979 1839 2088 1894 uti-

503 1968 610 2022 que
641 1947 1012 2004 manducando
1043 1946 1304 2013 lacrymas
1334 1955 1478 2006 suas,
1507 1940 1622 1993 sine
1645 1937 1808 1992 dubio
1832 1936 1948 2006 plus
1974 1935 2086 1990 sitit

503 2045 571 2104 ad
599 2045 789 2100 fontes.
837 2042 935 2098 Die
971 2041 1164 2110 quippn
1190 2052 1249 2090 ac
1279 2043 1435 2092 nocte
1481 2035 1628 2088 factae
1673 2041 1798 2100 sunt
1829 2028 1955 2086 mihi
2012 2028 2087 2081 la-

504 2152 705 2210 cryma:
755 2149 886 2195 mea:
918 2133 1091 2202 panis.
1136 2130 1322 2200 Cibum
1375 2128 1532 2182 istum
1577 2124 1664 2194 qui
1695 2123 1844 2194 panis
1872 2120 2086 2194 dicitur,

505 2231 592 2288 die
621 2229 906 2290 comedunt
933 2225 1194 2286 homines,
1225 2231 1377 2275 nocte
1397 2218 1703 2276 dormiunt:
1735 2216 1883 2285 panis
1911 2223 2086 2268 autem

506 2323 862 2395 iacrymarum
894 2328 944 2372 et
974 2318 1060 2380 die
1109 2325 1162 2370 et
1212 2321 1365 2368 nocte
1391 2310 1722 2382 comeditur;
1765 2309 1876 2362 sive
1922 2314 2087 2360 totum

504 2424 717 2486 tempus
741 2411 972 2480 accipias
996 2408 1135 2464 diem
1169 2415 1222 2462 et
1251 2412 1462 2462 noctem
1487 2419 1502 2466 ;
1527 2404 1638 2458 sive
1656 2401 1798 2469 diem
1825 2398 2089 2468 intelligas

505 2524 604 2581 pro
647 2506 805 2574 hujus
833 2502 1012 2568 saeculi
1058 2499 1426 2570 prosperitate,
1458 2503 1666 2554 noctem
1697 2507 1825 2551 vero
1863 2505 1959 2563 pro
1989 2490 2089 2550 hu-

498 2601 590 2674 jus
606 2600 783 2658 saeculi
809 2597 1147 2661 adversilate.
1173 2594 1317 2661 Sive,
1343 2592 1530 2662 inquit,
1564 2592 1615 2646 iu
1641 2588 1908 2660 prosperis
1930 2587 2090 2657 rebus

505 2693 708 2756 saeculi,
755 2692 869 2746 sive
915 2690 966 2742 in
996 2687 1235 2742 adversis
1271 2685 1432 2741 rebus
1478 2681 1680 2748 smculi,
1710 2696 1809 2752 ego
1838 2680 2088 2736 desiderii

507 2785 612 2840 mei
640 2784 902 2854 Iacrymas
921 2780 1106 2844 fundo,
1125 2793 1224 2848 ego
1243 2777 1492 2834 desiderii
1521 2777 1624 2832 mei
1655 2773 1959 2854 aviditatem
1985 2787 2089 2827 non

507 2877 701 2946 desero
725 2850 824 2930 ενοι
848 2888 968 2928 cum
999 2873 1050 2928 in
1087 2870 1286 2926 mundo
1313 2869 1446 2926 bene
1493 2877 1606 2934 est,
1651 2850 1950 2924 mihi’male
1983 2874 2087 2929 est,

507 2976 790 3038 antequam
829 2965 1094 3035 apparebo
1123 2973 1243 3018 ante
1265 2961 1451 3016 faciem
1482 2961 1589 3018 Dei.
1621 2959 1755 3030 Quid
1784 2972 1913 3027 ergo
1944 2959 2046 3016 diei
2073 2959 2088 2988 ¹

511 3061 662 3131 quasi
691 3059 942 3130 gratulari
975 3072 1058 3113 me
1086 3057 1252 3125 Cogis,
1296 3056 1337 3133 si
1374 3053 1545 3123 aliqua
1579 3053 1732 3120 hujus
1760 3052 1940 3108 saeculi
1965 3067 2091 3124 pro-

509 3153 738 3222 speritas
759 3148 1030 3206 arriserit?
1053 3161 1228 3202 nonne
1251 3145 1550 3214 ili-ceptoria
1585 3144 1702 3198 est?
1731 3159 1903 3198 nonne
1927 3143 2088 3206 ﬂuxa,

509 3242 732 3310 caduca.
760 3239 1045 3306 mortalis?
1075 3251 1251 3297 nonne
1282 3236 1603 3306 temporalis,
1633 3236 1874 3300 volatiea,
1922 3244 2094 3292 trans-

511 3333 706 3404 itoria‘l
730 3347 908 3391 nonne
934 3331 1054 3401 plus
1080 3329 1239 3396 habet
1259 3328 1583 3407 deceptionis
1607 3343 1764 3398 quam
1783 3327 2093 3392 delectatio-

512 3423 635 3482 nis?
657 3424 764 3490 Cur
794 3438 920 3492 ergo
942 3436 1046 3478 non
1077 3432 1129 3478 ct
1151 3421 1201 3479 iu
1235 3420 1346 3489 ipsa
1370 3418 1500 3494 fiant
1527 3418 1653 3472 mihi
1685 3420 1933 3490 lacrymze
1961 3435 2094 3490 mea:

511 3509 704 3588 panis?
729 3514 998 3583 Siquidem
1027 3524 1076 3568 et
1106 3528 1225 3566 cum
1252 3511 1474 3566 felicitas
1490 3511 1670 3564 smeuli
1701 3510 2091 3582 circumfulget,

510 3608 759 3682 quamdiu
799 3620 983 3663 sumus
1009 3608 1061 3660 in
1091 3619 1332 3682 corpore,
1369 3604 1768 3676 peregrinantur
1795 3620 1824 3658 a
1873 3603 2096 3678 Domino

515 3703 595 3774 (ll
619 3702 736 3756 (lor.
761 3715 814 3765 v,
843 3698 945 3770 6);
976 3705 1030 3752 et
1068 3696 1253 3751 dicitur
1299 3695 1419 3750 mihi
1447 3695 1668 3764 quotidie
1692 3710 1710 3747 :
1733 3693 1833 3750 Ubi
1858 3705 1930 3747 est
1957 3693 2095 3748 Deus

512 3793 678 3849 tuus?
715 3791 846 3862 Quia
887 3803 1120 3862 paganus
1165 3787 1209 3858 si
1242 3787 1343 3863 hoc
1387 3784 1512 3854 mihi
1563 3786 1776 3844 dixerit.
1809 3802 1910 3840 non
1943 3787 2014 3838 illi
2043 3796 2097 3840 et

513 3898 614 3956 ego
643 3896 856 3954 possum
886 3878 1068 3934 dicere
1095 3895 1106 3930 :
1141 3877 1236 3937 Ubi
1257 3887 1327 3932 est
1354 3875 1490 3931 Deus
1520 3885 1633 3930 tuus
1657 3877 1680 3928 ἒ)
1715 3877 1876 3931 [leum
1903 3877 2096 3956 quippe

515 3989 668 4050 suum
700 3973 864 4042 digito
907 3969 1156 4031 ostendit.
1200 3968 1426 4024 lntendit
1467 3969 1608 4022 enim
1651 3969 1869 4040 digitum
1903 3969 1964 4021 ad
1996 3970 2096 4024 ali-

515 4083 672 4138 quem
702 4064 952 4140 lapidem,
981 4073 1035 4121 et
1058 4063 1186 4118 dicit
1218 4081 1229 4116 :
1257 4063 1392 4121 Ecce
1436 4070 1517 4116 est
1540 4062 1678 4126 Deus
1700 4077 1871 4118 meus.
1909 4063 2006 4120 Ubi
2028 4073 2099 4117 est

519 4157 655 4219 Dens
682 4157 838 4222 tuus:
882 4156 1016 4210 (lum
1065 4153 1292 4226 lapidem
1335 4153 1575 4232 irrisero.
1607 4163 1663 4208 et
1709 4153 1979 4210 erubuerit
2009 4157 2096 4228 qui

517 4248 926 4328 demonstravit,
955 4247 1089 4302 tollit
1110 4245 1319 4300 oculum
1347 4260 1376 4324 ἢ
1406 4245 1599 4316 lapide.
1630 4246 1851 4316 suspicit
1877 4247 2096 4310 malum,

515 4323 572 4412 et
620 4323 835 4420 [or-lem
886 4339 1052 4396 solem
1084 4337 1303 4410 digitum
1349 4336 1650 4412 intendens,
1694 4337 1883 4394 iterum
1926 4337 2096 4393 dicit:

519 4433 659 4514 [icce
691 4434 830 4512 Petis
850 4446 1019 4486 meus.
1050 4428 1146 4488 Ubi
1170 4437 1241 4482 est
1274 4427 1404 4481 Deus
1426 4429 1582 4481 tuus?
1608 4429 1809 4482 Invenit
1836 4429 1923 4482 ille
1959 4429 2099 4500 quod

410 4523 416 4528 ’
517 4509 823 4592 ostenderet
848 4509 1014 4576 oculis
1054 4519 1226 4574 carnis
1256 4537 1267 4569 :
1302 4533 1400 4592 ego
1445 4528 1619 4574 autem
1669 4535 1770 4572 non
1801 4522 1947 4590 quasi
1996 4536 2099 4597 non

519 4613 743 4684 habeam
769 4628 926 4686 quem
948 4611 1243 4668 ostendam.
1269 4609 1360 4665 sed
1383 4625 1486 4664 non
1513 4611 1667 4684 habet
1696 4611 1970 4665 illeoeulos
1989 4612 2103 4680 qui—

523 4708 620 4763 bus
648 4705 947 4762 ostendam.
979 4703 1152 4757 Potuit
1178 4703 1316 4757 enim
1367 4703 1452 4756 ille
1507 4703 1670 4781 oculis
1711 4707 1950 4781 corporis
2000 4706 2100 4760 mei

521 4779 801 4878 ostendere
851 4796 1014 4875 Deum
1063 4810 1215 4847 suum
1271 4794 1437 4866 solem
1493 4775 1741 4862 z'q‘uibus
1786 4775 1889 4864 ego
1918 4775 2102 4850 ioculis

521 4889 796 4946 ostendam
828 4888 954 4942 solis
975 4888 1312 4941 creatorem?

595 4981 646 5036 7.
711 4963 1096 5036 Verumtamen.
1132 4963 1394 5032 audiendo
1439 4977 1691 5047 quotidie,
1747 4975 1844 5031 Uln'
1869 4986 1940 5031 est
1973 4977 2104 5032 Deus

524 5073 679 5130 tuus?
703 5083 756 5128 et
786 5073 836 5126 in
865 5071 1108 5142 lacryniis
1141 5051 1286 5124 inc-is
1325 5069 1643 5140 quotidianis
1675 5079 1873 5151 pastus,
1921 5071 2004 5125 die
2045 5087 2105 5125 ac

525 5178 681 5225 nocte
709 5167 994 5222 meditatus
1023 5181 1138 5220 sum
1159 5166 1295 5234 quod
1328 5165 1524 5230 audivi,
1559 5164 1654 5220 Ubi
1689 5177 1760 5218 est
1792 5164 1928 5220 Deus
1955 5168 2108 5220 Inus?

522 5259 744 5331 qumsivi
786 5259 946 5312 etiam
977 5271 1076 5326 ego
1107 5257 1219 5326 ipse
1273 5257 1434 5310 Deum
1465 5272 1640 5310 meum
1668 5299 1680 5319 ,
1712 5268 1766 5310 ut
1795 5259 1838 5310 si
1871 5274 2104 5326 possem,

527 5366 632 5404 non
664 5358 866 5404 tantum
889 5347 1184 5412 crederem,
1214 5348 1305 5402 sed
1333 5348 1526 5416 aliquid
1575 5357 1626 5402 et
1653 5348 1904 5403 viderem.
1945 5349 2108 5424 γίίίυο

525 5441 670 5494 enim
698 5455 816 5510 quae
849 5439 1032 5493 fecerit
1056 5438 1194 5494 Deus
1224 5454 1391 5500 meus,
1419 5453 1520 5491 non
1550 5449 1725 5491 autem
1755 5439 1906 5494 video
1938 5441 2110 5512 ipsum

530 5535 696 5588 Deum
717 5547 892 5588 meum
922 5531 1012 5602 qui
1035 5531 1158 5586 feeit
1179 5529 1312 5586 iure.
1340 5531 1442 5585 Sed
1471 5532 1721 5600 quoniam
1752 5533 1890 5587 sicut
1916 5547 2111 5588 cervus

531 5624 776 5679 desidero
819 5623 884 5676 ad
916 5622 1086 5677 iantes
1114 5637 1368 5691 aquarum
1391 5664 1405 5688 ,
1439 5602 1491 5676 et
1546 5633 1626 5676 est
1658 5624 1794 5692 apud
1826 5641 1946 5680 eum
1995 5625 2111 5680 fons

468 5781 474 5789 ι
533 5716 672 5776 vitae,
689 5723 744 5769 et
773 5713 826 5771 in
845 5713 1168 5767 intellectum
1188 5713 1416 5784 scriptus
1440 5725 1520 5767 est
1541 5713 1779 5789 Psalmus
1800 5715 1920 5768 ﬁliis
1951 5715 2109 5789 Core,

533 5814 589 5861 et
614 5805 892 5860 invisibilia
925 5807 1014 5861 Dei
1048 5822 1140 5874 per
1161 5823 1219 5859 ea
1249 5823 1365 5880 quae
1398 5809 1531 5862 facta
1549 5785 1670 5863 sunt
1697 5785 1972 5865 intellecta
1985 5826 2116 5864 con-

598 5914 620 5950 ί
650 5915 726 5967 αα
746 5923 849 5966 κει
869 5891 1071 5966 unde;
1097 5915 1218 5977 Quid
1241 5931 1353 5983 ergo
1371 5917 1534 5971 diris?
1563 5920 1702 5984 quasi
1721 5921 1978 5985 gratulari,
2017 5931 2112 5975 etc.

1728 436 1782 490 S.
1824 425 2186 490 AUGUSTI”
2227 428 2521 490 EPISCOPI

3655 431 3758 498 4ος

2185 544 2516 612 spiciuntur;
2561 543 2686 615 quid
2729 559 2882 617 agam
2907 588 2924 613 ,
2954 554 3012 601 ut
3035 544 3302 604 inveniam
3331 544 3496 610 Deum
3534 547 3760 615 meum?

2183 633 2543 690 Considerabo
2572 646 2766 694 terram
2796 655 2810 692 :
2840 637 2978 696 facta
3015 647 3097 695 est
3121 648 3282 694 terra.
3313 638 3409 696 Est
3431 654 3619 710 magna
3643 641 3764 710 pul-

2183 727 2428 786 ehritudo
2457 739 2718 786 terrarum
2741 749 2757 798 ;
2779 731 2873 788 sed
2893 730 3053 788 habet
3082 731 3361 791 artiﬁcem.
3389 732 3572 804 Magna
3594 734 3763 804 mira-

2183 823 2302 881 cula
2324 832 2448 880 sunt
2466 826 2724 882 seminum
2753 835 2912 898 atque
2929 826 3256 898 gignentium
3281 845 3296 892 ;
3325 826 3420 886 sed
3440 826 3638 888 habent
3659 829 3765 886 ista

2186 916 2362 972 omnia
2395 925 2712 972 creatorem.
2740 917 2976 974 (latendo
3001 919 3416 989 magnitudinem
3457 919 3764 987 circumfusi

2183 1011 2370 1074 maris,
2410 1021 2618 1080 stupeo,
2665 1012 2868 1077 miror;
2913 1011 3167 1072 artificem
3197 1027 3380 1083 quam)
3411 1031 3424 1068 :
3455 1013 3649 1074 ςωιωιι
3679 1027 3768 1087 θη.

2185 1102 2354 1171 spicio
2378 1113 2433 1160 et
2471 1103 2918 1174 pulchritudinem
2951 1105 3218 1172 siderum;
3245 1105 3483 1164 admiror
3517 1104 3770 1175 splendo-

2185 1209 2298 1250 rem
2343 1195 2470 1252 solis
2511 1196 2808 1252 exserendo
2838 1197 2852 1230 ³
2883 1195 2987 1252 diei
3037 1195 3410 1260 sufﬁcientem,
3441 1195 3617 1256 lunam
3667 1211 3769 1252 uo-

2185 1299 2403 1346 cturnas
2447 1290 2694 1346 tenebras
2735 1289 3121 1346 consolantem.
3149 1289 3278 1346 Mira
3329 1298 3452 1348 sunt
3492 1288 3627 1356 hate,
3655 1289 3774 1344 lau-

2187 1380 2358 1436 danda
2390 1389 2513 1438 sunt
2539 1381 2682 1448 haec,
2711 1381 2792 1436 vel
2809 1383 2968 1438 etiam
2983 1381 3240 1450 stupenda
3267 1391 3391 1449 sunt
3417 1381 3566 1447 hac;
3593 1396 3774 1451 neque

2187 1475 2330 1530 enim
2380 1484 2588 1530 terrena
2620 1516 2634 1538 ,
2683 1475 2774 1530 sed
2821 1475 2929 1545 jam
2977 1475 3213 1532 caelestia
3267 1485 3391 1544 sunt
3435 1475 3572 1532 haec.
3624 1474 3774 1534 Non.

2186 1567 2314 1626 dum
2343 1567 2413 1626 ibi
2454 1575 2561 1624 stat
2588 1568 2704 1626 sitis
2729 1583 2847 1624 mea
2879 1587 2890 1624 :
2920 1567 3035 1624 haec
3067 1569 3231 1626 miror
3252 1609 3268 1634 ,
3299 1567 3416 1626 haec
3443 1568 3642 1633 laudo;
3677 1567 3774 1624 sed

2188 1677 2310 1718 eum
2338 1661 2426 1730 qui
2455 1659 2580 1718 fecit
2606 1661 2720 1718 haec
2742 1703 2755 1726 ,
2785 1661 2926 1718 sitio.
2956 1661 3138 1718 Redeo
3163 1661 3229 1718 ad
3262 1663 3544 1730 meipsum,
3577 1672 3632 1717 et
3653 1663 3774 1731 quis

2187 1754 2290 1811 sim
2320 1755 2478 1812 etiam
2525 1755 2638 1824 ipse
2666 1755 2754 1824 qui
2785 1754 2906 1810 talia
2929 1769 3114 1824 quaero
3139 1797 3154 1819 ,
3183 1763 3488 1824 perscrqu
3515 1774 3530 1810 :
3558 1755 3776 1812 invenio

2191 1862 2278 1904 me
2300 1847 2498 1902 habere
2545 1861 2740 1918 corpus
2767 1855 2822 1903 et
2860 1848 3131 1913 animam;
3173 1863 3336 1904 unum
3385 1848 3524 1918 quod
3566 1863 3772 1920 regam,

2189 1938 2333 1998 aliud
2372 1953 2478 2009 quo
2521 1954 2712 2008 regar;
2742 1953 2936 2009 corpus
2969 1941 3187 2006 servire,
3216 1941 3446 1998 animam
3486 1942 3773 2010 insperare.

2193 2033 2448 2088 Discerno
2483 2032 2712 2088 animam
2742 2032 2933 2088 melius
2973 2047 3094 2088 esse
3132 2032 3328 2104 aliquid
3351 2048 3513 2102 quam
3537 2047 3735 2103 corpus
3757 2075 3774 2100 ,

2193 2125 2472 2194 ipsumque
2493 2125 2860 2196 inquisitorem
2891 2124 3072 2184 talium
3097 2139 3280 2182 rerum
3301 2139 3408 2180 non
3435 2139 3648 2194 corpus.
3679 2125 3777 2182 sed

2191 2219 2422 2276 animam
2451 2217 2604 2275 video
2633 2237 2646 2273 :
2678 2227 2730 2273 et
2755 2226 2930 2276 tamen
2955 2219 3069 2276 haec
3091 2219 3267 2274 omnia
3295 2231 3414 2288 qua:
3439 2218 3775 2282 collustrari,

2196 2325 2291 2380 per
2313 2323 2507 2380 corpus
2529 2323 2593 2366 ea
2616 2323 2704 2368 me
2730 2309 3074 2368 collustrasse
3093 2323 3377 2380 cognosco.
3411 2309 3630 2370 Terram
3663 2310 3780 2368 lau-

2193 2402 2385 2458 dabam
2407 2443 2422 2466 ,
2453 2401 2622 2458 oculis
2651 2415 3044 2473 cognoveram;
3073 2417 3220 2458 mare
3259 2401 3537 2476 laudabam
3558 2443 3576 2470 ,
3607 2403 3782 2460 oculis

2195 2507 2591 2565 cognoveram;
2621 2494 2837 2560 calum,
2867 2493 3064 2558 sidera,
3091 2493 3260 2552 solem
3287 2493 3573 2564 lunamque
3595 2493 3783 2552 lauda-

2195 2584 2342 2653 bam,
2369 2586 2538 2642 oculis
2567 2599 2949 2658 cognoveram.
2971 2584 3122 2644 Oculi
3149 2586 3395 2645 membra
3419 2594 3548 2644 sunt
3569 2587 3778 2654 carnis,

2196 2681 2443 2738 fenestrze
2468 2688 2593 2734 sunt
2609 2680 2805 2738 mentis
2840 2698 2851 2734 :
2883 2679 3104 2736 interior
3128 2687 3212 2736 est
3232 2679 3324 2750 qui
3351 2693 3446 2749 per
3469 2677 3568 2735 bas
3593 2678 3781 2744 videt;

2193 2773 2409 2846 quando
2434 2774 2753 2844 cogitatione
2777 2773 2951 2843 aliqua
2978 2771 3173 2830 absens
3199 2784 3284 2830 est
3304 2813 3320 2837 .
3348 2770 3543 2832 frustra
3572 2781 3781 2843 patent.

2198 2864 2339 2923 Deus
2365 2881 2518 2920 meus
2543 2865 2632 2935 qui
2653 2863 2777 2920 fecit
2801 2864 2934 2927 ha-c,
2962 2879 3082 2934 quae
3110 2863 3280 2920 oculis
3303 2861 3493 2929 video,
3527 2877 3635 2920 non
3665 2863 3787 2920 istis

2195 2957 2368 3012 oculis
2407 2966 2492 3012 est
2525 2955 2886 3026 inquirendus.
2939 2954 3149 3026 Aliquid
3195 2955 3356 3015 etiam
3406 2969 3501 3026 per.
3541 2956 3784 3024 seipsum

2195 3047 2406 3102 animus
2430 3048 2542 3116 ipse
2567 3047 2859 3115 conspiciat
2883 3048 2904 3079 ⁸
2938 3063 2950 3102 :
2981 3056 3156 3104 utrum
3183 3046 3254 3104 sit
3282 3045 3478 3116 aliquid
3507 3044 3650 3124 quod
3679 3060 3784 3102 non

2195 3155 2294 3212 per
2319 3141 2502 3198 oculos
2530 3141 2776 3204 sentiam,
2804 3140 2952 3210 quasi
2983 3141 3190 3210 colores
3216 3149 3270 3204 et
3296 3139 3502 3208 lucem;
3529 3155 3640 3209 non
3685 3155 3783 3211 per

2197 3249 2372 3298 aures,
2405 3235 2554 3304 quasi
2584 3241 2797 3292 cautum
2819 3241 2874 3294 et
2894 3247 3124 3312 suqum;
3157 3247 3264 3304 non
3293 3248 3390 3306 per
3423 3248 3602 3298 nares.
3625 3234 3785 3306 quasi

2195 3325 2420 3385 odorum
2472 3325 2820 3390 suavitatem;
2867 3339 2975 3384 non
3027 3340 3124 3397 per
3152 3325 3382 3395 palatum
3421 3335 3475 3380 et
3522 3324 3785 3396 linguam.

2199 3418 2345 3486 quasi
2372 3431 2615 3486 saporem
2641 3433 2655 3482 ;
2687 3430 2792 3472 non
2835 3430 2931 3486 per
2971 3425 3138 3472 totum
3168 3430 3364 3486 corpus
3385 3455 3404 3482 ,
3429 3415 3586 3486 quasi
3633 3415 3789 3478 duri-

2201 3508 2326 3569 tiem
2358 3516 2410 3562 et
2438 3508 2736 3570 mollitiem,
2765 3507 2995 3578 rigorem
3026 3515 3185 3578 atque
3207 3506 3493 3572 (crvorem,
3515 3509 3789 3578 asperi".

2202 3608 2305 3654 tem
2332 3600 2710 3668 lenitatemque
2751 3606 3068 3669 pertractetn
3095 3614 3112 3665 ;
3140 3597 3234 3658 sed
3281 3608 3458 3666 utrum
3489 3599 3558 3663 sit
3584 3599 3790 3670 aliqua!

2201 3691 2342 3748 intus
2361 3691 2503 3761 quod
2532 3691 2758 3749 videam.
2792 3691 2928 3758 Quid
2955 3699 3056 3757 est,
3086 3692 3227 3748 intus
3254 3691 3482 3758 videam.
3510 3691 3670 3760 Quod
3697 3707 3791 3764 nq-

2199 3799 2302 3855 que
2321 3787 2468 3840 color
2482 3785 2567 3853 sit,
2605 3801 2775 3856 neque
2801 3801 2982 3849 sonus.
3008 3800 3182 3854 neque
3205 3785 3361 3854 odor,
3385 3801 3562 3856 neque
3589 3801 3780 3855 sapor,

2201 3891 2372 3945 neque
2396 3877 2558 3940 calor,
2600 3884 2691 3931 aut
2737 3876 2920 3947 frigus,
2967 3889 3057 3933 aut
3098 3875 3328 3946 duritia,
3357 3885 3450 3946 aut
3477 3876 3788 3952 mollitudo.

2203 3969 2418 4024 Dicatur
2442 3983 2567 4036 ergo
2611 3967 2758 4049 mihi,
2809 3983 2965 4038 quem
2995 3967 3234 4026 colorem
3264 3968 3454 4026 habeat
3491 3969 3786 4038 sapientia.

2200 4060 2334 4116 Cum
2362 4061 2654 4132 cogitamus
2677 4059 2958 4129 justitiam,
2984 4059 3206 4132 ejusque
3245 4061 3389 4121 intus
3413 4061 3468 4132 iq
3497 4061 3612 4131 ipsa
3637 4063 3796 4134 cmi.

2205 4153 2404 4213 tatione
2438 4151 2830 4222 pulchritudine
2859 4149 3108 4221 fruimur,
3139 4151 3262 4228 quid
3287 4161 3444 4224 sonat
3487 4152 3556 4212 ad
3583 4153 3796 4225 aures?

2203 4245 2328 4315 quid
2355 4255 2602 4315 tanquam
2624 4258 2910 4313 vaporeum
2934 4243 3102 4314 surgit
3127 4243 3194 4318 ad
3209 4245 3404 4320 nares?
3432 4244 3558 4318 quid
3584 4247 3674 4318 ori
3705 4247 3788 4302 in-

2205 4337 2390 4402 fertur,
2423 4335 2546 4405 quid
2573 4350 2730 4390 manu
2768 4343 3019 4392 tractatur
3045 4345 3099 4392 et
3121 4335 3388 4412 delectati
3413 4335 3482 4401 Ει
3510 4336 3654 4408 intus
3685 4347 3792 4413 est,

2203 4440 2259 4486 et
2285 4429 2500 4499 pulchra
2529 4439 2630 4496 est,
2665 4438 2718 4498 et
2738 4428 3002 4498 laudatur,
3031 4438 3087 4484 et
3115 4429 3325 4501 videtur
3357 4447 3370 4488 ;
3401 4439 3456 4501 et
3477 4431 3520 4486 si
3548 4430 3606 4504 in
3631 4439 3798 4499 tenv—

2207 4526 2314 4583 bris
2335 4533 2456 4580 sunt
2477 4524 2614 4580 oculi
2643 4524 2750 4594 isti,
2771 4525 2978 4596 animus
3005 4523 3147 4582 illius
3170 4524 3286 4604 luce
3311 4524 3622 4598 perfruitur.
3646 4525 3796 4596 Quid

2204 4627 2288 4674 est
2329 4618 2458 4675 illud
2505 4617 2649 4686 quod
2694 4618 2886 4684 Tobias
2935 4617 3166 4683 videbat,
3197 4620 3409 4689 quando
3447 4619 3648 4680 videnti
3685 4622 3800 4678 filio

2205 4725 2377 4766 Ca-cus
2427 4709 2707 4792 consilium
2737 4709 2858 4768 vim:
2897 4709 3056 4766 dabat
3083 4708 3230 4780 (Tob.
3274 4727 3344 4774 tv,
3377 4709 3486 4784 2λῖ
3535 4711 3633 4778 Esi
3661 4727 3797 4784 ergo

2206 4800 2402 4872 aliquid
2433 4799 2573 4871 quod
2601 4799 2810 4869 animus
2831 4799 2942 4868 ipse
2957 4801 3197 4870 corporis
3222 4799 3548 4874 dominator,
3577 4811 3791 4877 rector,

2209 4891 2471 4950 habitator
2491 4890 2666 4960 videt;
2687 4889 2829 4961 quod
2860 4903 2962 4962 inoo
2991 4905 3088 4960 per
3109 4891 3295 4946 oculos
3338 4892 3579 4968 corporis
3603 4894 3800 4962 sentit,

2211 4999 2314 5038 non
2342 4998 2436 5053 per
2459 4997 2632 5046 aures,
2659 4997 2764 5038 non
2793 4997 2888 5054 per
2914 4995 3097 5047 nares,
3130 4997 3236 5040 non
3276 4998 3372 5056 per
3398 4983 3655 5056 palatum,
3689 5001 3802 5045 non

2212 5092 2305 5146 per
2334 5075 2573 5146 corporis
2608 5083 2802 5133 tactum
2827 5115 2842 5139 ,
2875 5073 2970 5130 sed
3018 5089 3112 5146 per
3159 5075 3392 5149 seipsum
3447 5092 3463 5132 :
3503 5085 3558 5132 et
3609 5079 3808 5149 utique

2211 5168 2402 5242 melius
2427 5167 2566 5236 quod
2607 5180 2698 5236 per
2741 5167 2998 5243 seipsum,
3047 5181 3204 5237 quam
3248 5167 3392 5238 quod
3436 5181 3531 5240 per
3575 5181 3804 5225 servum

2211 5275 2384 5314 suum.
2414 5257 2508 5328 Est
2533 5273 2788 5327 prorsus;
2818 5247 3050 5328 seipsum
3077 5257 3219 5319 enim
3245 5274 3342 5330 per
3365 5259 3600 5332 seipsum
3623 5261 3808 5326 videt,

2214 5358 2267 5404 et
2295 5350 2504 5404 animus
2543 5348 2658 5420 ipse
2702 5357 2760 5402 ut
2789 5349 2931 5404 norit
2965 5364 3044 5412 se,
3090 5348 3236 5404 videt
3279 5364 3357 5406 se.
3390 5349 3499 5406 Nec
3527 5351 3722 5426 utique
3754 5366 3814 5408 ut

2215 5443 2390 5498 videat
2415 5458 2494 5506 se,
2535 5441 2890 5510 corporalium
2936 5440 3211 5502 oculorum
3251 5443 3446 5514 quaerit
3484 5444 3758 5519 auxilium
3795 5463 3814 5502 :

2218 5535 2325 5588 imo
2351 5547 2476 5586 vero
2493 5532 2559 5588 ab
2579 5530 2827 5588 omnibus
2854 5535 3094 5602 corporis
3119 5535 3386 5600 sensibus,
3416 5544 3670 5621 tauquam
3703 5539 3813 5613 im-

2219 5626 2553 5698 pedientibus
2581 5634 2634 5683 et
2677 5626 3134 5698 perstrepentibus
3177 5626 3438 5707 abstrahit
3467 5643 3528 5683 se
3572 5628 3644 5707 ad
3673 5628 3697 5660 ι
3726 5644 3815 5699 se,

2217 5737 2466 5852 “$533.,
2502 5736 2732 5790 exercitio
2755 5736 2870 5790 diei.
2895 5739 3086 5802 Aliquot
3099 5745 3228 5800 κω..
3249 5741 3540 5794 nam.
3568 5741 3674 5802 Alii.
3716 5757 3814 5799 ex.

2283 5863 2303 5893 ¹
2339 5870 2399 5910 tta
2425 5863 2473 5908 iu
2495 5867 2599 5912 Mss.
2626 5863 2751 5926 Mitt
2775 5862 2907 5924 Μὰ..

2287 5926 2305 5956 ¹
2339 5926 2408 5973 κίε
2432 5930 2534 5974 Mss.
2562 5933 2615 5974 At
2638 5924 2770 5987 Μὰ,
2794 5939 2824 5974 a
2845 5938 2912 5978 se.
