  <div class='ocr_page' id='page_1' title='image "/cluster/home/n/w/nwhite01/storage/ocr_20150623/36/hvd.32044015471469/240.png"; bbox 0 0 4042 6466; ppageno 0'>
   <div class='ocr_carea' id='block_1_1' title="bbox 259 334 352 393">
    <p class='ocr_par' dir='ltr' id='par_1_1' title="bbox 259 334 352 393">
     <span class='ocr_line' id='line_1_1' title="bbox 259 334 352 393; baseline 0 0"><span class='ocrx_word' id='word_1_1' title='bbox 259 334 352 393; x_wconf 60' lang='grc' dir='ltr'>ω</span> 
     </span>
    </p>
   </div>
   <div class='ocr_carea' id='block_1_2' title="bbox 259 437 1823 518">
    <p class='ocr_par' dir='ltr' id='par_1_2' title="bbox 259 437 1823 518">
     <span class='ocr_line' id='line_1_2' title="bbox 259 437 1823 518; baseline -0.013 -8"><span class='ocrx_word' id='word_1_2' title='bbox 259 463 312 510; x_wconf 86' lang='grc' dir='ltr'><strong>ιιι</strong></span> <span class='ocrx_word' id='word_1_3' title='bbox 335 451 509 518; x_wconf 82' lang='lat' dir='ltr'><strong>videat</strong></span> <span class='ocrx_word' id='word_1_4' title='bbox 537 463 599 506; x_wconf 83' lang='lat' dir='ltr'><strong>se</strong></span> <span class='ocrx_word' id='word_1_5' title='bbox 634 450 688 504; x_wconf 90' lang='lat' dir='ltr'><strong>in</strong></span> <span class='ocrx_word' id='word_1_6' title='bbox 718 462 796 513; x_wconf 81' lang='lat' dir='ltr'><strong>se,</strong></span> <span class='ocrx_word' id='word_1_7' title='bbox 837 456 896 502; x_wconf 91' lang='lat' dir='ltr'><strong>ut</strong></span> <span class='ocrx_word' id='word_1_8' title='bbox 921 445 1131 502; x_wconf 81' lang='lat' dir='ltr'><strong>noverit</strong></span> <span class='ocrx_word' id='word_1_9' title='bbox 1159 457 1216 498; x_wconf 87' lang='lat' dir='ltr'><strong>se</strong></span> <span class='ocrx_word' id='word_1_10' title='bbox 1256 440 1392 512; x_wconf 85' lang='lat' dir='ltr'><strong>apud</strong></span> <span class='ocrx_word' id='word_1_11' title='bbox 1421 455 1502 494; x_wconf 86' lang='lat' dir='ltr'><strong>se.</strong></span> <span class='ocrx_word' id='word_1_12' title='bbox 1531 437 1636 494; x_wconf 86' lang='lat' dir='ltr'><strong>Sed</strong></span> <span class='ocrx_word' id='word_1_13' title='bbox 1669 450 1823 490; x_wconf 90' lang='lat' dir='ltr'><strong>num-</strong></span> 
     </span>
    </p>
   </div>
   <div class='ocr_carea' id='block_1_3' title="bbox 259 527 1830 620">
    <p class='ocr_par' dir='ltr' id='par_1_3' title="bbox 259 527 1830 620">
     <span class='ocr_line' id='line_1_3' title="bbox 259 527 1830 620; baseline -0.012 -19"><span class='ocrx_word' id='word_1_14' title='bbox 259 546 376 620; x_wconf 78' lang='lat' dir='ltr'><strong>quid</strong></span> <span class='ocrx_word' id='word_1_15' title='bbox 401 543 599 618; x_wconf 75' lang='lat' dir='ltr'><strong>aliquid</strong></span> <span class='ocrx_word' id='word_1_16' title='bbox 639 543 739 598; x_wconf 88' lang='lat' dir='ltr'><strong>tale</strong></span> <span class='ocrx_word' id='word_1_17' title='bbox 770 544 905 596; x_wconf 88' lang='lat' dir='ltr'><strong>Deus</strong></span> <span class='ocrx_word' id='word_1_18' title='bbox 932 541 1097 612; x_wconf 84' lang='lat' dir='ltr'><strong>ipsius</strong></span> <span class='ocrx_word' id='word_1_19' title='bbox 1126 547 1208 606; x_wconf 82' lang='lat' dir='ltr'><strong>est</strong></span> <span class='ocrx_word' id='word_1_20' title='bbox 1227 578 1241 602; x_wconf 94' lang='lat'><strong>,</strong></span> <span class='ocrx_word' id='word_1_21' title='bbox 1269 535 1441 607; x_wconf 83' lang='lat' dir='ltr'><strong>qualis</strong></span> <span class='ocrx_word' id='word_1_22' title='bbox 1465 543 1547 587; x_wconf 90' lang='lat' dir='ltr'><strong>est</strong></span> <span class='ocrx_word' id='word_1_23' title='bbox 1585 527 1830 584; x_wconf 80' lang='lat' dir='ltr'><strong>animus?</strong></span> 
     </span>
    </p>
   </div>
   <div class='ocr_carea' id='block_1_4' title="bbox 259 623 1828 716">
    <p class='ocr_par' dir='ltr' id='par_1_4' title="bbox 259 623 1828 716">
     <span class='ocr_line' id='line_1_4' title="bbox 259 623 1828 716; baseline -0.011 -21"><span class='ocrx_word' id='word_1_24' title='bbox 259 639 365 716; x_wconf 61' lang='lat' dir='ltr'><strong>Non</strong></span> <span class='ocrx_word' id='word_1_25' title='bbox 391 638 602 710; x_wconf 83' lang='lat' dir='ltr'><strong>quidem</strong></span> <span class='ocrx_word' id='word_1_26' title='bbox 630 637 794 704; x_wconf 81' lang='lat' dir='ltr'><strong>videri</strong></span> <span class='ocrx_word' id='word_1_27' title='bbox 825 623 964 690; x_wconf 20' lang='lat' dir='ltr'><strong>Deus.</strong></span> <span class='ocrx_word' id='word_1_28' title='bbox 989 634 1086 688; x_wconf 87' lang='lat' dir='ltr'><strong>nisi</strong></span> <span class='ocrx_word' id='word_1_29' title='bbox 1108 632 1284 696; x_wconf 85' lang='lat' dir='ltr'><strong>animo</strong></span> <span class='ocrx_word' id='word_1_30' title='bbox 1315 635 1506 698; x_wconf 87' lang='lat' dir='ltr'><strong>potest,</strong></span> <span class='ocrx_word' id='word_1_31' title='bbox 1542 634 1828 680; x_wconf 83' lang='lat' dir='ltr'><strong>nectamen</strong></span> 
     </span>
    </p>
   </div>
   <div class='ocr_carea' id='block_1_5' title="bbox 259 718 1829 804">
    <p class='ocr_par' dir='ltr' id='par_1_5' title="bbox 259 718 1829 804">
     <span class='ocr_line' id='line_1_5' title="bbox 259 718 1829 804; baseline -0.01 -12"><span class='ocrx_word' id='word_1_32' title='bbox 259 734 322 792; x_wconf 83' lang='lat' dir='ltr'><strong>ita</strong></span> <span class='ocrx_word' id='word_1_33' title='bbox 349 721 646 804; x_wconf 10' lang='lat' dir='ltr'><strong>utianitnu‘s</strong></span> <span class='ocrx_word' id='word_1_34' title='bbox 671 729 840 799; x_wconf 81' lang='lat' dir='ltr'><strong>videri</strong></span> <span class='ocrx_word' id='word_1_35' title='bbox 865 736 1057 799; x_wconf 83' lang='lat' dir='ltr'><strong>potest.</strong></span> <span class='ocrx_word' id='word_1_36' title='bbox 1090 725 1301 796; x_wconf 80' lang='lat' dir='ltr'><strong>Aliquid</strong></span> <span class='ocrx_word' id='word_1_37' title='bbox 1330 723 1472 778; x_wconf 89' lang='lat' dir='ltr'><strong>enim</strong></span> <span class='ocrx_word' id='word_1_38' title='bbox 1499 722 1685 791; x_wconf 71' lang='lat' dir='ltr'><strong>quierit</strong></span> <span class='ocrx_word' id='word_1_39' title='bbox 1714 718 1829 782; x_wconf 86' lang='lat' dir='ltr'><strong>aui-</strong></span> 
     </span>
    </p>
   </div>
   <div class='ocr_carea' id='block_1_6' title="bbox 260 809 1831 900">
    <p class='ocr_par' dir='ltr' id='par_1_6' title="bbox 260 809 1831 900">
     <span class='ocr_line' id='line_1_6' title="bbox 260 809 1831 900; baseline -0.012 -19"><span class='ocrx_word' id='word_1_40' title='bbox 260 840 374 900; x_wconf 71' lang='lat' dir='ltr'><strong>nius</strong></span> <span class='ocrx_word' id='word_1_41' title='bbox 401 824 502 897; x_wconf 68' lang='lat' dir='ltr'><strong>iste</strong></span> <span class='ocrx_word' id='word_1_42' title='bbox 527 821 669 896; x_wconf 69' lang='lat' dir='ltr'><strong>quod</strong></span> <span class='ocrx_word' id='word_1_43' title='bbox 699 821 839 886; x_wconf 87' lang='lat' dir='ltr'><strong>Dens</strong></span> <span class='ocrx_word' id='word_1_44' title='bbox 867 829 967 886; x_wconf 88' lang='lat' dir='ltr'><strong>est,</strong></span> <span class='ocrx_word' id='word_1_45' title='bbox 999 819 1063 874; x_wconf 89' lang='lat' dir='ltr'><strong>de</strong></span> <span class='ocrx_word' id='word_1_46' title='bbox 1093 832 1198 886; x_wconf 91' lang='lat' dir='ltr'><strong>quo</strong></span> <span class='ocrx_word' id='word_1_47' title='bbox 1222 816 1294 870; x_wconf 89' lang='lat' dir='ltr'><strong>illi</strong></span> <span class='ocrx_word' id='word_1_48' title='bbox 1321 829 1428 870; x_wconf 91' lang='lat' dir='ltr'><strong>non</strong></span> <span class='ocrx_word' id='word_1_49' title='bbox 1455 812 1714 867; x_wconf 84' lang='lat' dir='ltr'><strong>insultent</strong></span> <span class='ocrx_word' id='word_1_50' title='bbox 1742 809 1831 895; x_wconf 85' lang='lat' dir='ltr'><strong>qui</strong></span> 
     </span>
    </p>
   </div>
   <div class='ocr_carea' id='block_1_7' title="bbox 256 895 1832 996">
    <p class='ocr_par' dir='ltr' id='par_1_7' title="bbox 256 895 1832 996">
     <span class='ocr_line' id='line_1_7' title="bbox 256 895 1832 996; baseline -0.014 -20"><span class='ocrx_word' id='word_1_51' title='bbox 651 925 722 984; x_wconf 75' lang='lat' dir='ltr'><strong>est</strong></span> <span class='ocrx_word' id='word_1_52' title='bbox 751 913 886 969; x_wconf 77' lang='lat' dir='ltr'><strong>Deus</strong></span> <span class='ocrx_word' id='word_1_53' title='bbox 917 915 1074 982; x_wconf 77' lang='lat' dir='ltr'><strong>tuus?</strong></span> <span class='ocrx_word' id='word_1_54' title='bbox 1121 911 1362 982; x_wconf 84' lang='lat' dir='ltr'><strong>Aliquam</strong></span> <span class='ocrx_word' id='word_1_55' title='bbox 1389 908 1575 977; x_wconf 63' lang='lat' dir='ltr'><strong>quierit</strong></span> <span class='ocrx_word' id='word_1_56' title='bbox 1635 906 1832 960; x_wconf 87' lang='lat' dir='ltr'><strong>incom-</strong></span> 
     </span>
    </p>
   </div>
   <div class='ocr_carea' id='block_1_8' title="bbox 266 1001 1830 1086">
    <p class='ocr_par' dir='ltr' id='par_1_8' title="bbox 266 1001 1830 1086">
     <span class='ocr_line' id='line_1_8' title="bbox 266 1001 1830 1086; baseline -0.013 -15"><span class='ocrx_word' id='word_1_57' title='bbox 266 1012 574 1086; x_wconf 66' lang='lat' dir='ltr'><strong>mutabilem</strong></span> <span class='ocrx_word' id='word_1_58' title='bbox 642 1010 959 1073; x_wconf 85' lang='lat' dir='ltr'><strong>veritatem,</strong></span> <span class='ocrx_word' id='word_1_59' title='bbox 1011 1007 1127 1062; x_wconf 88' lang='lat' dir='ltr'><strong>sine</strong></span> <span class='ocrx_word' id='word_1_60' title='bbox 1194 1006 1403 1061; x_wconf 82' lang='lat' dir='ltr'><strong>defectu</strong></span> <span class='ocrx_word' id='word_1_61' title='bbox 1463 1001 1830 1068; x_wconf 72' lang='lat' dir='ltr'><strong>substantiam.</strong></span> 
     </span>
    </p>
   </div>
   <div class='ocr_carea' id='block_1_9' title="bbox 260 1094 1832 1182">
    <p class='ocr_par' dir='ltr' id='par_1_9' title="bbox 260 1094 1832 1182">
     <span class='ocr_line' id='line_1_9' title="bbox 260 1094 1832 1182; baseline -0.009 -18"><span class='ocrx_word' id='word_1_62' title='bbox 260 1107 367 1164; x_wconf 83' lang='lat' dir='ltr'><strong>Non</strong></span> <span class='ocrx_word' id='word_1_63' title='bbox 399 1115 483 1164; x_wconf 86' lang='lat' dir='ltr'><strong>est</strong></span> <span class='ocrx_word' id='word_1_64' title='bbox 518 1105 640 1164; x_wconf 91' lang='lat' dir='ltr'><strong>talis</strong></span> <span class='ocrx_word' id='word_1_65' title='bbox 690 1105 802 1182; x_wconf 88' lang='lat' dir='ltr'><strong>ipsc</strong></span> <span class='ocrx_word' id='word_1_66' title='bbox 845 1101 1053 1157; x_wconf 89' lang='lat' dir='ltr'><strong>animus</strong></span> <span class='ocrx_word' id='word_1_67' title='bbox 1097 1099 1343 1165; x_wconf 88' lang='lat' dir='ltr'><strong>:deﬁcit,</strong></span> <span class='ocrx_word' id='word_1_68' title='bbox 1388 1097 1625 1174; x_wconf 80' lang='lat' dir='ltr'><strong>prolicit;</strong></span> <span class='ocrx_word' id='word_1_69' title='bbox 1669 1094 1832 1167; x_wconf 82' lang='lat' dir='ltr'><strong>novit,</strong></span> 
     </span>
    </p>
   </div>
   <div class='ocr_carea' id='block_1_10' title="bbox 260 1187 1837 1270">
    <p class='ocr_par' dir='ltr' id='par_1_10' title="bbox 260 1187 1837 1270">
     <span class='ocr_line' id='line_1_10' title="bbox 260 1187 1837 1270; baseline -0.008 -18"><span class='ocrx_word' id='word_1_70' title='bbox 260 1200 494 1270; x_wconf 70' lang='lat' dir='ltr'><strong>ignorat;</strong></span> <span class='ocrx_word' id='word_1_71' title='bbox 514 1196 775 1268; x_wconf 64' lang='lat' dir='ltr'><strong>meminit,</strong></span> <span class='ocrx_word' id='word_1_72' title='bbox 802 1194 1131 1260; x_wconf 82' lang='lat' dir='ltr'><strong>obliviscitur</strong></span> <span class='ocrx_word' id='word_1_73' title='bbox 1155 1209 1167 1256; x_wconf 93' lang='lat'><strong>;</strong></span> <span class='ocrx_word' id='word_1_74' title='bbox 1191 1191 1347 1260; x_wconf 81' lang='lat' dir='ltr'><strong>modo</strong></span> <span class='ocrx_word' id='word_1_75' title='bbox 1373 1189 1500 1244; x_wconf 88' lang='lat' dir='ltr'><strong>illud</strong></span> <span class='ocrx_word' id='word_1_76' title='bbox 1523 1189 1652 1254; x_wconf 91' lang='lat' dir='ltr'><strong>vult,</strong></span> <span class='ocrx_word' id='word_1_77' title='bbox 1678 1187 1837 1256; x_wconf 78' lang='lat' dir='ltr'><strong>modo</strong></span> 
     </span>
    </p>
   </div>
   <div class='ocr_carea' id='block_1_11' title="bbox 215 1278 1834 1358">
    <p class='ocr_par' dir='ltr' id='par_1_11' title="bbox 215 1278 1834 1358">
     <span class='ocr_line' id='line_1_11' title="bbox 215 1278 1834 1358; baseline -0.011 -11"><span class='ocrx_word' id='word_1_78' title='bbox 215 1301 227 1314; x_wconf 56' lang='grc' dir='ltr'><strong>’λ</strong></span> <span class='ocrx_word' id='word_1_79' title='bbox 258 1305 356 1346; x_wconf 89' lang='lat' dir='ltr'><strong>non</strong></span> <span class='ocrx_word' id='word_1_80' title='bbox 402 1288 536 1358; x_wconf 79' lang='lat' dir='ltr'><strong>vult.</strong></span> <span class='ocrx_word' id='word_1_81' title='bbox 591 1289 693 1350; x_wconf 89' lang='lat' dir='ltr'><strong>lsta</strong></span> <span class='ocrx_word' id='word_1_82' title='bbox 751 1285 1072 1352; x_wconf 74' lang='lat' dir='ltr'><strong>mutabilitas</strong></span> <span class='ocrx_word' id='word_1_83' title='bbox 1115 1297 1215 1338; x_wconf 88' lang='lat' dir='ltr'><strong>non</strong></span> <span class='ocrx_word' id='word_1_84' title='bbox 1259 1281 1400 1348; x_wconf 84' lang='lat' dir='ltr'><strong>cadit</strong></span> <span class='ocrx_word' id='word_1_85' title='bbox 1446 1281 1496 1350; x_wconf 86' lang='lat' dir='ltr'><strong>in</strong></span> <span class='ocrx_word' id='word_1_86' title='bbox 1536 1280 1722 1348; x_wconf 80' lang='lat' dir='ltr'><strong>Deum.</strong></span> <span class='ocrx_word' id='word_1_87' title='bbox 1779 1278 1834 1334; x_wconf 90' lang='lat' dir='ltr'><strong>Si</strong></span> 
     </span>
    </p>
   </div>
   <div class='ocr_carea' id='block_1_12' title="bbox 258 1371 1834 1452">
    <p class='ocr_par' dir='ltr' id='par_1_12' title="bbox 258 1371 1834 1452">
     <span class='ocr_line' id='line_1_12' title="bbox 258 1371 1834 1452; baseline -0.008 -14"><span class='ocrx_word' id='word_1_88' title='bbox 258 1382 460 1448; x_wconf 77' lang='lat' dir='ltr'><strong>dixero,</strong></span> <span class='ocrx_word' id='word_1_89' title='bbox 509 1381 770 1452; x_wconf 79' lang='lat' dir='ltr'><strong>Mutabilis</strong></span> <span class='ocrx_word' id='word_1_90' title='bbox 790 1388 868 1452; x_wconf 73' lang='lat' dir='ltr'><strong>est</strong></span> <span class='ocrx_word' id='word_1_91' title='bbox 901 1379 1060 1446; x_wconf 84' lang='lat' dir='ltr'><strong>Dens,</strong></span> <span class='ocrx_word' id='word_1_92' title='bbox 1089 1375 1416 1432; x_wconf 87' lang='lat' dir='ltr'><strong>insultabunt</strong></span> <span class='ocrx_word' id='word_1_93' title='bbox 1445 1373 1575 1432; x_wconf 86' lang='lat' dir='ltr'><strong>mihi</strong></span> <span class='ocrx_word' id='word_1_94' title='bbox 1618 1372 1704 1442; x_wconf 85' lang='lat' dir='ltr'><strong>qui</strong></span> <span class='ocrx_word' id='word_1_95' title='bbox 1753 1371 1834 1428; x_wconf 87' lang='lat' dir='ltr'><strong>di-</strong></span> 
     </span>
    </p>
   </div>
   <div class='ocr_carea' id='block_1_13' title="bbox 258 1471 1009 1544">
    <p class='ocr_par' dir='ltr' id='par_1_13' title="bbox 258 1471 1009 1544">
     <span class='ocr_line' id='line_1_13' title="bbox 258 1471 1009 1544; baseline -0.009 -13"><span class='ocrx_word' id='word_1_96' title='bbox 258 1483 378 1538; x_wconf 79' lang='lat' dir='ltr'><strong>cunt</strong></span> <span class='ocrx_word' id='word_1_97' title='bbox 409 1492 422 1528; x_wconf 91' lang='lat'>:</span> <span class='ocrx_word' id='word_1_98' title='bbox 455 1472 556 1534; x_wconf 77' lang='lat' dir='ltr'><strong>Ubi</strong></span> <span class='ocrx_word' id='word_1_99' title='bbox 581 1483 653 1532; x_wconf 69' lang='lat' dir='ltr'><strong>est</strong></span> <span class='ocrx_word' id='word_1_100' title='bbox 681 1471 820 1544; x_wconf 68' lang='lat' dir='ltr'><strong>Deus</strong></span> <span class='ocrx_word' id='word_1_101' title='bbox 850 1471 1009 1530; x_wconf 77' lang='lat' dir='ltr'><strong>tuus?</strong></span> 
     </span>
    </p>
   </div>
   <div class='ocr_carea' id='block_1_14' title="bbox 321 1557 1840 1640">
    <p class='ocr_par' dir='ltr' id='par_1_14' title="bbox 321 1557 1840 1640">
     <span class='ocr_line' id='line_1_14' title="bbox 321 1557 1840 1640; baseline -0.007 -19"><span class='ocrx_word' id='word_1_102' title='bbox 321 1565 375 1621; x_wconf 91' lang='lat'><strong>8.</strong></span> <span class='ocrx_word' id='word_1_103' title='bbox 409 1563 561 1640; x_wconf 76' lang='grc' dir='ltr'><strong>[υεη.</strong></span> <span class='ocrx_word' id='word_1_104' title='bbox 591 1562 669 1636; x_wconf 83' lang='grc'><strong>5.]</strong></span> <span class='ocrx_word' id='word_1_105' title='bbox 699 1563 953 1633; x_wconf 69' lang='lat' dir='ltr'><strong>Qumrens</strong></span> <span class='ocrx_word' id='word_1_106' title='bbox 995 1571 1124 1632; x_wconf 75' lang='lat' dir='ltr'><strong>ergo</strong></span> <span class='ocrx_word' id='word_1_107' title='bbox 1176 1561 1341 1630; x_wconf 86' lang='lat' dir='ltr'><strong>Deum</strong></span> <span class='ocrx_word' id='word_1_108' title='bbox 1389 1575 1565 1624; x_wconf 84' lang='lat' dir='ltr'><strong>meum</strong></span> <span class='ocrx_word' id='word_1_109' title='bbox 1597 1559 1649 1614; x_wconf 94' lang='lat' dir='ltr'><strong>in</strong></span> <span class='ocrx_word' id='word_1_110' title='bbox 1680 1557 1840 1627; x_wconf 82' lang='lat' dir='ltr'><strong>rebus</strong></span> 
     </span>
    </p>
   </div>
   <div class='ocr_carea' id='block_1_15' title="bbox 260 1650 1838 1722">
    <p class='ocr_par' dir='ltr' id='par_1_15' title="bbox 260 1650 1838 1722">
     <span class='ocr_line' id='line_1_15' title="bbox 260 1650 1838 1722; baseline -0.004 -13"><span class='ocrx_word' id='word_1_111' title='bbox 260 1656 554 1711; x_wconf 90' lang='lat' dir='ltr'><strong>visibilibus</strong></span> <span class='ocrx_word' id='word_1_112' title='bbox 583 1663 638 1708; x_wconf 89' lang='lat' dir='ltr'><strong>ct</strong></span> <span class='ocrx_word' id='word_1_113' title='bbox 661 1653 1063 1722; x_wconf 83' lang='lat' dir='ltr'><strong>corporalibus,</strong></span> <span class='ocrx_word' id='word_1_114' title='bbox 1096 1661 1149 1708; x_wconf 92' lang='lat' dir='ltr'><strong>et</strong></span> <span class='ocrx_word' id='word_1_115' title='bbox 1194 1667 1300 1708; x_wconf 89' lang='lat' dir='ltr'><strong>non</strong></span> <span class='ocrx_word' id='word_1_116' title='bbox 1348 1650 1658 1714; x_wconf 88' lang='lat' dir='ltr'><strong>inveniens;</strong></span> <span class='ocrx_word' id='word_1_117' title='bbox 1692 1664 1838 1718; x_wconf 47' lang='lat' dir='ltr'><strong>qua»</strong></span> 
     </span>
    </p>
   </div>
   <div class='ocr_carea' id='block_1_16' title="bbox 259 1743 1842 1818">
    <p class='ocr_par' dir='ltr' id='par_1_16' title="bbox 259 1743 1842 1818">
     <span class='ocr_line' id='line_1_16' title="bbox 259 1743 1842 1818; baseline -0.004 -13"><span class='ocrx_word' id='word_1_118' title='bbox 259 1765 377 1812; x_wconf 87' lang='lat' dir='ltr'><strong>rens</strong></span> <span class='ocrx_word' id='word_1_119' title='bbox 392 1750 510 1818; x_wconf 79' lang='lat' dir='ltr'><strong>ejus</strong></span> <span class='ocrx_word' id='word_1_120' title='bbox 523 1748 872 1818; x_wconf 86' lang='lat' dir='ltr'><strong>substantiam</strong></span> <span class='ocrx_word' id='word_1_121' title='bbox 893 1748 942 1802; x_wconf 92' lang='lat' dir='ltr'><strong>in</strong></span> <span class='ocrx_word' id='word_1_122' title='bbox 963 1746 1187 1818; x_wconf 90' lang='lat' dir='ltr'><strong>meipso,</strong></span> <span class='ocrx_word' id='word_1_123' title='bbox 1206 1747 1353 1816; x_wconf 86' lang='lat' dir='ltr'><strong>quasi</strong></span> <span class='ocrx_word' id='word_1_124' title='bbox 1373 1747 1438 1802; x_wconf 82' lang='lat' dir='ltr'><strong>sit</strong></span> <span class='ocrx_word' id='word_1_125' title='bbox 1458 1743 1656 1816; x_wconf 86' lang='lat' dir='ltr'><strong>aliquid</strong></span> <span class='ocrx_word' id='word_1_126' title='bbox 1671 1744 1842 1817; x_wconf 80' lang='lat' dir='ltr'><strong>qualis</strong></span> 
     </span>
    </p>
   </div>
   <div class='ocr_carea' id='block_1_17' title="bbox 260 1836 1841 1914">
    <p class='ocr_par' dir='ltr' id='par_1_17' title="bbox 260 1836 1841 1914">
     <span class='ocr_line' id='line_1_17' title="bbox 260 1836 1841 1914; baseline -0.001 -18"><span class='ocrx_word' id='word_1_127' title='bbox 260 1857 348 1911; x_wconf 78' lang='lat' dir='ltr'><strong>ego</strong></span> <span class='ocrx_word' id='word_1_128' title='bbox 375 1855 521 1912; x_wconf 83' lang='lat' dir='ltr'><strong>sum,</strong></span> <span class='ocrx_word' id='word_1_129' title='bbox 555 1855 728 1914; x_wconf 78' lang='lat' dir='ltr'><strong>neque</strong></span> <span class='ocrx_word' id='word_1_130' title='bbox 755 1841 853 1909; x_wconf 80' lang='lat' dir='ltr'><strong>hoc</strong></span> <span class='ocrx_word' id='word_1_131' title='bbox 882 1839 1189 1903; x_wconf 85' lang='lat' dir='ltr'><strong>inveniens;</strong></span> <span class='ocrx_word' id='word_1_132' title='bbox 1209 1837 1403 1908; x_wconf 75' lang='lat' dir='ltr'><strong>aliquid</strong></span> <span class='ocrx_word' id='word_1_133' title='bbox 1431 1852 1591 1908; x_wconf 84' lang='lat' dir='ltr'><strong>super</strong></span> <span class='ocrx_word' id='word_1_134' title='bbox 1612 1836 1841 1894; x_wconf 85' lang='lat' dir='ltr'><strong>animam</strong></span> 
     </span>
    </p>
   </div>
   <div class='ocr_carea' id='block_1_18' title="bbox 260 1919 1839 2006">
    <p class='ocr_par' dir='ltr' id='par_1_18' title="bbox 260 1919 1839 2006">
     <span class='ocr_line' id='line_1_18' title="bbox 260 1919 1839 2006; baseline -0.004 -19"><span class='ocrx_word' id='word_1_135' title='bbox 260 1924 372 2002; x_wconf 81' lang='lat' dir='ltr'><strong>esse</strong></span> <span class='ocrx_word' id='word_1_136' title='bbox 422 1933 600 1996; x_wconf 81' lang='lat' dir='ltr'><strong>sentio</strong></span> <span class='ocrx_word' id='word_1_137' title='bbox 644 1919 807 2006; x_wconf 76' lang='lat' dir='ltr'><strong>Deum</strong></span> <span class='ocrx_word' id='word_1_138' title='bbox 854 1947 1051 2000; x_wconf 87' lang='lat' dir='ltr'><strong>meum.</strong></span> <span class='ocrx_word' id='word_1_139' title='bbox 1088 1931 1246 1999; x_wconf 76' lang='lat' dir='ltr'><strong>Ergo,</strong></span> <span class='ocrx_word' id='word_1_140' title='bbox 1273 1941 1329 1985; x_wconf 92' lang='lat' dir='ltr'><strong>ut</strong></span> <span class='ocrx_word' id='word_1_141' title='bbox 1367 1930 1517 2000; x_wconf 80' lang='lat' dir='ltr'><strong>eum&#39;</strong></span> <span class='ocrx_word' id='word_1_142' title='bbox 1549 1937 1839 1997; x_wconf 79' lang='lat' dir='ltr'><strong>tangerem,</strong></span> 
     </span>
    </p>
   </div>
   <div class='ocr_carea' id='block_1_19' title="bbox 263 2022 1840 2100">
    <p class='ocr_par' dir='ltr' id='par_1_19' title="bbox 263 2022 1840 2100">
     <span class='ocr_line' id='line_1_19' title="bbox 263 2022 1840 2100; baseline -0.004 -21"><span class='ocrx_word' id='word_1_143' title='bbox 263 2025 380 2100; x_wconf 62' lang='grc' dir='ltr'><strong>Ηιξς</strong></span> <span class='ocrx_word' id='word_1_144' title='bbox 404 2026 678 2098; x_wconf 70' lang='lat' dir='ltr'><strong>meditatus</strong></span> <span class='ocrx_word' id='word_1_145' title='bbox 716 2041 844 2090; x_wconf 80' lang='lat' dir='ltr'><strong>sum,</strong></span> <span class='ocrx_word' id='word_1_146' title='bbox 874 2033 920 2076; x_wconf 86' lang='lat' dir='ltr'><strong>et</strong></span> <span class='ocrx_word' id='word_1_147' title='bbox 946 2022 1101 2090; x_wconf 76' lang='lat' dir='ltr'><strong>c/fudi</strong></span> <span class='ocrx_word' id='word_1_148' title='bbox 1123 2039 1270 2093; x_wconf 78' lang='lat' dir='ltr'><strong>super</strong></span> <span class='ocrx_word' id='word_1_149' title='bbox 1295 2039 1372 2086; x_wconf 71' lang='lat' dir='ltr'><strong>tne</strong></span> <span class='ocrx_word' id='word_1_150' title='bbox 1403 2022 1620 2082; x_wconf 80' lang='lat' dir='ltr'><strong>animam</strong></span> <span class='ocrx_word' id='word_1_151' title='bbox 1659 2035 1840 2074; x_wconf 80' lang='lat' dir='ltr'><strong>meum.</strong></span> 
     </span>
    </p>
   </div>
   <div class='ocr_carea' id='block_1_20' title="bbox 259 2113 1844 2193">
    <p class='ocr_par' dir='ltr' id='par_1_20' title="bbox 259 2113 1844 2193">
     <span class='ocr_line' id='line_1_20' title="bbox 259 2113 1844 2193; baseline -0.003 -22"><span class='ocrx_word' id='word_1_152' title='bbox 259 2116 476 2193; x_wconf 71' lang='lat' dir='ltr'><strong>Quando</strong></span> <span class='ocrx_word' id='word_1_153' title='bbox 509 2117 684 2190; x_wconf 77' lang='lat' dir='ltr'><strong>anima</strong></span> <span class='ocrx_word' id='word_1_154' title='bbox 724 2131 839 2188; x_wconf 80' lang='lat' dir='ltr'><strong>mea</strong></span> <span class='ocrx_word' id='word_1_155' title='bbox 880 2115 1209 2184; x_wconf 84' lang='lat' dir='ltr'><strong>contingeret</strong></span> <span class='ocrx_word' id='word_1_156' title='bbox 1237 2115 1375 2186; x_wconf 86' lang='lat' dir='ltr'><strong>quod</strong></span> <span class='ocrx_word' id='word_1_157' title='bbox 1408 2127 1571 2184; x_wconf 78' lang='lat' dir='ltr'><strong>super</strong></span> <span class='ocrx_word' id='word_1_158' title='bbox 1613 2113 1844 2166; x_wconf 89' lang='lat' dir='ltr'><strong>animam</strong></span> 
     </span>
    </p>
   </div>
   <div class='ocr_carea' id='block_1_21' title="bbox 260 2203 1845 2292">
    <p class='ocr_par' dir='ltr' id='par_1_21' title="bbox 260 2203 1845 2292">
     <span class='ocr_line' id='line_1_21' title="bbox 260 2203 1845 2292; baseline -0.004 -28"><span class='ocrx_word' id='word_1_159' title='bbox 260 2224 427 2278; x_wconf 84' lang='lat' dir='ltr'><strong>meam</strong></span> <span class='ocrx_word' id='word_1_160' title='bbox 446 2208 726 2292; x_wconf 60' lang='lat' dir='ltr'><strong>quaeritur,</strong></span> <span class='ocrx_word' id='word_1_161' title='bbox 747 2209 844 2274; x_wconf 73' lang='lat' dir='ltr'><strong>nisi</strong></span> <span class='ocrx_word' id='word_1_162' title='bbox 863 2209 1036 2261; x_wconf 91' lang='lat' dir='ltr'><strong>anima</strong></span> <span class='ocrx_word' id='word_1_163' title='bbox 1057 2223 1173 2262; x_wconf 88' lang='lat' dir='ltr'><strong>mea</strong></span> <span class='ocrx_word' id='word_1_164' title='bbox 1193 2222 1354 2276; x_wconf 84' lang='lat' dir='ltr'><strong>snper</strong></span> <span class='ocrx_word' id='word_1_165' title='bbox 1371 2207 1595 2276; x_wconf 86' lang='lat' dir='ltr'><strong>seipsam</strong></span> <span class='ocrx_word' id='word_1_166' title='bbox 1611 2203 1845 2262; x_wconf 78' lang='lat' dir='ltr'><strong>eﬂ&#39;undc-</strong></span> 
     </span>
    </p>
   </div>
   <div class='ocr_carea' id='block_1_22' title="bbox 261 2297 1844 2372">
    <p class='ocr_par' dir='ltr' id='par_1_22' title="bbox 261 2297 1844 2372">
     <span class='ocr_line' id='line_1_22' title="bbox 261 2297 1844 2372; baseline -0.003 -15"><span class='ocrx_word' id='word_1_167' title='bbox 261 2301 437 2358; x_wconf 84' lang='lat' dir='ltr'><strong>retur?</strong></span> <span class='ocrx_word' id='word_1_168' title='bbox 469 2299 527 2355; x_wconf 89' lang='lat' dir='ltr'><strong>Si</strong></span> <span class='ocrx_word' id='word_1_169' title='bbox 555 2300 698 2372; x_wconf 85' lang='lat' dir='ltr'><strong>enim</strong></span> <span class='ocrx_word' id='word_1_170' title='bbox 727 2300 780 2354; x_wconf 91' lang='lat' dir='ltr'><strong>in</strong></span> <span class='ocrx_word' id='word_1_171' title='bbox 807 2301 978 2369; x_wconf 85' lang='lat' dir='ltr'><strong>scipsa</strong></span> <span class='ocrx_word' id='word_1_172' title='bbox 1010 2309 1328 2359; x_wconf 77' lang='lat' dir='ltr'><strong>remaneret,</strong></span> <span class='ocrx_word' id='word_1_173' title='bbox 1361 2299 1486 2352; x_wconf 83' lang='lat' dir='ltr'><strong>nihil</strong></span> <span class='ocrx_word' id='word_1_174' title='bbox 1518 2297 1657 2352; x_wconf 84' lang='lat' dir='ltr'><strong>aliud</strong></span> <span class='ocrx_word' id='word_1_175' title='bbox 1687 2312 1844 2368; x_wconf 90' lang='lat' dir='ltr'><strong>quam</strong></span> 
     </span>
    </p>
   </div>
   <div class='ocr_carea' id='block_1_23' title="bbox 261 2391 1844 2464">
    <p class='ocr_par' dir='ltr' id='par_1_23' title="bbox 261 2391 1844 2464">
     <span class='ocr_line' id='line_1_23' title="bbox 261 2391 1844 2464; baseline -0.005 -14"><span class='ocrx_word' id='word_1_176' title='bbox 261 2409 313 2450; x_wconf 83' lang='lat' dir='ltr'><strong>se</strong></span> <span class='ocrx_word' id='word_1_177' title='bbox 332 2394 544 2464; x_wconf 80' lang='lat' dir='ltr'><strong>videret</strong></span> <span class='ocrx_word' id='word_1_178' title='bbox 572 2402 661 2462; x_wconf 82' lang='lat' dir='ltr'><strong>:et</strong></span> <span class='ocrx_word' id='word_1_179' title='bbox 693 2408 812 2460; x_wconf 88' lang='lat' dir='ltr'><strong>cum</strong></span> <span class='ocrx_word' id='word_1_180' title='bbox 835 2407 894 2448; x_wconf 88' lang='lat' dir='ltr'><strong>se</strong></span> <span class='ocrx_word' id='word_1_181' title='bbox 919 2391 1139 2456; x_wconf 84' lang='lat' dir='ltr'><strong>videret,</strong></span> <span class='ocrx_word' id='word_1_182' title='bbox 1173 2407 1276 2444; x_wconf 90' lang='lat' dir='ltr'><strong>non</strong></span> <span class='ocrx_word' id='word_1_183' title='bbox 1300 2392 1477 2461; x_wconf 79' lang='lat' dir='ltr'><strong>utique</strong></span> <span class='ocrx_word' id='word_1_184' title='bbox 1509 2392 1669 2447; x_wconf 87' lang='lat' dir='ltr'><strong>Deum</strong></span> <span class='ocrx_word' id='word_1_185' title='bbox 1691 2404 1844 2446; x_wconf 91' lang='lat' dir='ltr'><strong>suum</strong></span> 
     </span>
    </p>
   </div>
   <div class='ocr_carea' id='block_1_24' title="bbox 262 2480 1848 2562">
    <p class='ocr_par' dir='ltr' id='par_1_24' title="bbox 262 2480 1848 2562">
     <span class='ocr_line' id='line_1_24' title="bbox 262 2480 1848 2562; baseline -0.006 -20"><span class='ocrx_word' id='word_1_186' title='bbox 262 2488 482 2560; x_wconf 63' lang='lat' dir='ltr'><strong>vidi-ret.</strong></span> <span class='ocrx_word' id='word_1_187' title='bbox 501 2485 688 2556; x_wconf 78' lang='lat' dir='ltr'><strong>Dicant</strong></span> <span class='ocrx_word' id='word_1_188' title='bbox 705 2484 813 2562; x_wconf 88' lang='lat' dir='ltr'><strong>jam</strong></span> <span class='ocrx_word' id='word_1_189' title='bbox 833 2485 1170 2556; x_wconf 85' lang='lat' dir='ltr'><strong>insultatores</strong></span> <span class='ocrx_word' id='word_1_190' title='bbox 1184 2484 1308 2549; x_wconf 86' lang='lat' dir='ltr'><strong>mei,</strong></span> <span class='ocrx_word' id='word_1_191' title='bbox 1328 2481 1426 2537; x_wconf 80' lang='lat' dir='ltr'><strong>Ubi</strong></span> <span class='ocrx_word' id='word_1_192' title='bbox 1447 2491 1518 2536; x_wconf 83' lang='lat' dir='ltr'><strong>est</strong></span> <span class='ocrx_word' id='word_1_193' title='bbox 1542 2480 1680 2536; x_wconf 72' lang='lat' dir='ltr'><strong>Deus</strong></span> <span class='ocrx_word' id='word_1_194' title='bbox 1698 2481 1848 2534; x_wconf 81' lang='lat' dir='ltr'><strong>tuus?</strong></span> 
     </span>
    </p>
   </div>
   <div class='ocr_carea' id='block_1_25' title="bbox 263 2572 1842 2651">
    <p class='ocr_par' dir='ltr' id='par_1_25' title="bbox 263 2572 1842 2651">
     <span class='ocr_line' id='line_1_25' title="bbox 263 2572 1842 2651; baseline -0.006 -15"><span class='ocrx_word' id='word_1_195' title='bbox 263 2581 473 2636; x_wconf 83' lang='lat' dir='ltr'><strong>dicant:</strong></span> <span class='ocrx_word' id='word_1_196' title='bbox 507 2594 608 2651; x_wconf 79' lang='lat' dir='ltr'><strong>ego</strong></span> <span class='ocrx_word' id='word_1_197' title='bbox 632 2577 888 2648; x_wconf 91' lang='lat' dir='ltr'><strong>quamdiu</strong></span> <span class='ocrx_word' id='word_1_198' title='bbox 942 2591 1046 2630; x_wconf 91' lang='lat' dir='ltr'><strong>non</strong></span> <span class='ocrx_word' id='word_1_199' title='bbox 1077 2575 1254 2638; x_wconf 87' lang='lat' dir='ltr'><strong>video,</strong></span> <span class='ocrx_word' id='word_1_200' title='bbox 1307 2575 1556 2648; x_wconf 75' lang='lat' dir='ltr'><strong>quamdiu</strong></span> <span class='ocrx_word' id='word_1_201' title='bbox 1605 2572 1842 2639; x_wconf 68' lang='lat' dir='ltr'><strong>dilicror,</strong></span> 
     </span>
    </p>
   </div>
   <div class='ocr_carea' id='block_1_26' title="bbox 266 2657 1846 2742">
    <p class='ocr_par' dir='ltr' id='par_1_26' title="bbox 266 2657 1846 2742">
     <span class='ocr_line' id='line_1_26' title="bbox 266 2657 1846 2742; baseline -0.006 -16"><span class='ocrx_word' id='word_1_202' title='bbox 266 2657 650 2742; x_wconf 28' lang='lat' dir='ltr'><strong>manduco-die</strong></span> <span class='ocrx_word' id='word_1_203' title='bbox 708 2684 770 2734; x_wconf 82' lang='lat' dir='ltr'><strong>ac</strong></span> <span class='ocrx_word' id='word_1_204' title='bbox 825 2669 1274 2739; x_wconf 86' lang='lat' dir='ltr'><strong>noctelacrymas</strong></span> <span class='ocrx_word' id='word_1_205' title='bbox 1327 2682 1492 2738; x_wconf 81' lang='lat' dir='ltr'><strong>nicas.</strong></span> <span class='ocrx_word' id='word_1_206' title='bbox 1541 2666 1724 2718; x_wconf 84' lang='lat' dir='ltr'><strong>Dicant</strong></span> <span class='ocrx_word' id='word_1_207' title='bbox 1769 2664 1846 2722; x_wconf 87' lang='lat' dir='ltr'><strong>illi</strong></span> 
     </span>
    </p>
   </div>
   <div class='ocr_carea' id='block_1_27' title="bbox 265 2751 1847 2840">
    <p class='ocr_par' dir='ltr' id='par_1_27' title="bbox 265 2751 1847 2840">
     <span class='ocr_line' id='line_1_27' title="bbox 265 2751 1847 2840; baseline -0.005 -22"><span class='ocrx_word' id='word_1_208' title='bbox 265 2751 449 2840; x_wconf 75' lang='lat' dir='ltr'><strong>adhuc,</strong></span> <span class='ocrx_word' id='word_1_209' title='bbox 487 2760 588 2834; x_wconf 78' lang='lat' dir='ltr'><strong>Ubi</strong></span> <span class='ocrx_word' id='word_1_210' title='bbox 605 2771 677 2832; x_wconf 81' lang='lat' dir='ltr'><strong>est</strong></span> <span class='ocrx_word' id='word_1_211' title='bbox 700 2759 839 2815; x_wconf 78' lang='lat' dir='ltr'><strong>Deus</strong></span> <span class='ocrx_word' id='word_1_212' title='bbox 867 2759 1026 2815; x_wconf 76' lang='lat' dir='ltr'><strong>tuus?</strong></span> <span class='ocrx_word' id='word_1_213' title='bbox 1063 2773 1244 2828; x_wconf 52' lang='lat' dir='ltr'><strong>quairo</strong></span> <span class='ocrx_word' id='word_1_214' title='bbox 1267 2773 1366 2830; x_wconf 76' lang='lat' dir='ltr'><strong>ego</strong></span> <span class='ocrx_word' id='word_1_215' title='bbox 1399 2759 1561 2820; x_wconf 86' lang='lat' dir='ltr'><strong>Deum</strong></span> <span class='ocrx_word' id='word_1_216' title='bbox 1591 2772 1765 2810; x_wconf 88' lang='lat' dir='ltr'><strong>meum</strong></span> <span class='ocrx_word' id='word_1_217' title='bbox 1795 2757 1847 2816; x_wconf 90' lang='lat' dir='ltr'><strong>in</strong></span> 
     </span>
    </p>
   </div>
   <div class='ocr_carea' id='block_1_28' title="bbox 266 2838 1847 2930">
    <p class='ocr_par' dir='ltr' id='par_1_28' title="bbox 266 2838 1847 2930">
     <span class='ocr_line' id='line_1_28' title="bbox 266 2838 1847 2930; baseline -0.007 -19"><span class='ocrx_word' id='word_1_218' title='bbox 266 2838 400 2930; x_wconf 77' lang='lat' dir='ltr'><strong>omni</strong></span> <span class='ocrx_word' id='word_1_219' title='bbox 432 2869 686 2930; x_wconf 79' lang='lat' dir='ltr'><strong>corpore,</strong></span> <span class='ocrx_word' id='word_1_220' title='bbox 717 2848 828 2928; x_wconf 77' lang='lat' dir='ltr'><strong>sive</strong></span> <span class='ocrx_word' id='word_1_221' title='bbox 859 2851 1116 2922; x_wconf 74' lang='lat' dir='ltr'><strong>terrestri,</strong></span> <span class='ocrx_word' id='word_1_222' title='bbox 1146 2851 1260 2920; x_wconf 82' lang='lat' dir='ltr'><strong>sive</strong></span> <span class='ocrx_word' id='word_1_223' title='bbox 1287 2850 1511 2924; x_wconf 65' lang='lat' dir='ltr'><strong>caelesti,</strong></span> <span class='ocrx_word' id='word_1_224' title='bbox 1537 2858 1590 2902; x_wconf 92' lang='lat' dir='ltr'><strong>et</strong></span> <span class='ocrx_word' id='word_1_225' title='bbox 1631 2863 1733 2902; x_wconf 93' lang='lat' dir='ltr'><strong>non</strong></span> <span class='ocrx_word' id='word_1_226' title='bbox 1765 2849 1847 2922; x_wconf 50' lang='lat' dir='ltr'><strong>ing</strong></span> 
     </span>
    </p>
   </div>
   <div class='ocr_carea' id='block_1_29' title="bbox 265 2941 1850 3016">
    <p class='ocr_par' dir='ltr' id='par_1_29' title="bbox 265 2941 1850 3016">
     <span class='ocr_line' id='line_1_29' title="bbox 265 2941 1850 3016; baseline -0.006 -16"><span class='ocrx_word' id='word_1_227' title='bbox 265 2947 412 3002; x_wconf 83' lang='lat' dir='ltr'><strong>venio</strong></span> <span class='ocrx_word' id='word_1_228' title='bbox 441 2962 455 3001; x_wconf 92' lang='lat'>:</span> <span class='ocrx_word' id='word_1_229' title='bbox 488 2960 674 3016; x_wconf 63' lang='lat' dir='ltr'><strong>qua‘ro</strong></span> <span class='ocrx_word' id='word_1_230' title='bbox 701 2942 1052 3015; x_wconf 80' lang='lat' dir='ltr'><strong>substantiam</strong></span> <span class='ocrx_word' id='word_1_231' title='bbox 1085 2941 1200 3014; x_wconf 84' lang='lat' dir='ltr'><strong>ejus</strong></span> <span class='ocrx_word' id='word_1_232' title='bbox 1228 2943 1276 2994; x_wconf 91' lang='lat' dir='ltr'><strong>in</strong></span> <span class='ocrx_word' id='word_1_233' title='bbox 1298 2941 1474 3014; x_wconf 78' lang='lat' dir='ltr'><strong>anima</strong></span> <span class='ocrx_word' id='word_1_234' title='bbox 1499 2954 1638 3002; x_wconf 87' lang='lat' dir='ltr'><strong>mea,</strong></span> <span class='ocrx_word' id='word_1_235' title='bbox 1669 2950 1722 2994; x_wconf 89' lang='lat' dir='ltr'><strong>et</strong></span> <span class='ocrx_word' id='word_1_236' title='bbox 1743 2955 1850 3014; x_wconf 69' lang='lat' dir='ltr'><strong>non</strong></span> 
     </span>
    </p>
   </div>
   <div class='ocr_carea' id='block_1_30' title="bbox 267 3021 1850 3113">
    <p class='ocr_par' dir='ltr' id='par_1_30' title="bbox 267 3021 1850 3113">
     <span class='ocr_line' id='line_1_30' title="bbox 267 3021 1850 3113; baseline -0.008 -16"><span class='ocrx_word' id='word_1_237' title='bbox 267 3038 521 3113; x_wconf 75' lang='lat' dir='ltr'><strong>invenio:</strong></span> <span class='ocrx_word' id='word_1_238' title='bbox 556 3035 840 3110; x_wconf 84' lang='lat' dir='ltr'><strong>meditatus</strong></span> <span class='ocrx_word' id='word_1_239' title='bbox 898 3050 1014 3087; x_wconf 91' lang='lat' dir='ltr'><strong>sum</strong></span> <span class='ocrx_word' id='word_1_240' title='bbox 1067 3043 1239 3104; x_wconf 83' lang='lat' dir='ltr'><strong>tamen</strong></span> <span class='ocrx_word' id='word_1_241' title='bbox 1302 3021 1696 3110; x_wconf 72' lang='lat' dir='ltr'><strong>inquisitionem</strong></span> <span class='ocrx_word' id='word_1_242' title='bbox 1757 3031 1850 3104; x_wconf 72' lang='lat' dir='ltr'><strong>Dei</strong></span> 
     </span>
    </p>
   </div>
   <div class='ocr_carea' id='block_1_31' title="bbox 267 3123 1850 3206">
    <p class='ocr_par' dir='ltr' id='par_1_31' title="bbox 267 3123 1850 3206">
     <span class='ocr_line' id='line_1_31' title="bbox 267 3123 1850 3206; baseline -0.009 -18"><span class='ocrx_word' id='word_1_243' title='bbox 267 3133 363 3204; x_wconf 83' lang='lat' dir='ltr'><strong>mei</strong></span> <span class='ocrx_word' id='word_1_244' title='bbox 389 3174 407 3202; x_wconf 85' lang='lat'><strong>,</strong></span> <span class='ocrx_word' id='word_1_245' title='bbox 439 3135 496 3188; x_wconf 70' lang='lat' dir='ltr'><strong>et</strong></span> <span class='ocrx_word' id='word_1_246' title='bbox 520 3145 615 3206; x_wconf 80' lang='lat' dir='ltr'><strong>per</strong></span> <span class='ocrx_word' id='word_1_247' title='bbox 639 3144 700 3183; x_wconf 82' lang='lat' dir='ltr'><strong>ea</strong></span> <span class='ocrx_word' id='word_1_248' title='bbox 748 3143 865 3199; x_wconf 67' lang='lat' dir='ltr'><strong>qua:</strong></span> <span class='ocrx_word' id='word_1_249' title='bbox 898 3127 1028 3180; x_wconf 81' lang='lat' dir='ltr'><strong>facta</strong></span> <span class='ocrx_word' id='word_1_250' title='bbox 1080 3135 1233 3190; x_wconf 88' lang='lat' dir='ltr'><strong>sunt,</strong></span> <span class='ocrx_word' id='word_1_251' title='bbox 1284 3125 1567 3196; x_wconf 75' lang='lat' dir='ltr'><strong>invisibilia</strong></span> <span class='ocrx_word' id='word_1_252' title='bbox 1599 3123 1689 3176; x_wconf 89' lang='lat' dir='ltr'><strong>Dei</strong></span> <span class='ocrx_word' id='word_1_253' title='bbox 1746 3123 1850 3196; x_wconf 75' lang='lat' dir='ltr'><strong>inci</strong></span> 
     </span>
    </p>
   </div>
   <div class='ocr_carea' id='block_1_32' title="bbox 267 3212 1848 3298">
    <p class='ocr_par' dir='ltr' id='par_1_32' title="bbox 267 3212 1848 3298">
     <span class='ocr_line' id='line_1_32' title="bbox 267 3212 1848 3298; baseline -0.006 -21"><span class='ocrx_word' id='word_1_254' title='bbox 267 3225 484 3298; x_wconf 85' lang='lat' dir='ltr'><strong>cupiens</strong></span> <span class='ocrx_word' id='word_1_255' title='bbox 533 3219 804 3296; x_wconf 87' lang='lat' dir='ltr'><strong>intellecta</strong></span> <span class='ocrx_word' id='word_1_256' title='bbox 859 3218 1169 3290; x_wconf 78' lang='lat' dir='ltr'><strong>conspicere</strong></span> <span class='ocrx_word' id='word_1_257' title='bbox 1222 3215 1395 3288; x_wconf 76' lang='lat' dir='ltr'><strong>(Boni.</strong></span> <span class='ocrx_word' id='word_1_258' title='bbox 1431 3233 1465 3283; x_wconf 85' lang='grc' dir='ltr'>ι,</span> <span class='ocrx_word' id='word_1_259' title='bbox 1508 3215 1646 3285; x_wconf 72' lang='lat'><strong>20),</strong></span> <span class='ocrx_word' id='word_1_260' title='bbox 1691 3212 1848 3280; x_wconf 66' lang='lat' dir='ltr'><strong>amuli</strong></span> 
     </span>
    </p>
   </div>
   <div class='ocr_carea' id='block_1_33' title="bbox 267 3309 1851 3386">
    <p class='ocr_par' dir='ltr' id='par_1_33' title="bbox 267 3309 1851 3386">
     <span class='ocr_line' id='line_1_33' title="bbox 267 3309 1851 3386; baseline -0.006 -17"><span class='ocrx_word' id='word_1_261' title='bbox 267 3331 409 3386; x_wconf 69' lang='lat' dir='ltr'><strong>super</strong></span> <span class='ocrx_word' id='word_1_262' title='bbox 438 3330 520 3366; x_wconf 87' lang='lat' dir='ltr'><strong>me</strong></span> <span class='ocrx_word' id='word_1_263' title='bbox 547 3312 772 3365; x_wconf 88' lang='lat' dir='ltr'><strong>animam</strong></span> <span class='ocrx_word' id='word_1_264' title='bbox 796 3325 993 3382; x_wconf 84' lang='lat' dir='ltr'><strong>meam;</strong></span> <span class='ocrx_word' id='word_1_265' title='bbox 1023 3317 1077 3363; x_wconf 88' lang='lat' dir='ltr'><strong>et</strong></span> <span class='ocrx_word' id='word_1_266' title='bbox 1104 3324 1206 3361; x_wconf 91' lang='lat' dir='ltr'><strong>non</strong></span> <span class='ocrx_word' id='word_1_267' title='bbox 1231 3309 1338 3376; x_wconf 79' lang='lat' dir='ltr'><strong>jam</strong></span> <span class='ocrx_word' id='word_1_268' title='bbox 1365 3317 1526 3378; x_wconf 78' lang='lat' dir='ltr'><strong>restat</strong></span> <span class='ocrx_word' id='word_1_269' title='bbox 1547 3322 1703 3378; x_wconf 84' lang='lat' dir='ltr'><strong>quem</strong></span> <span class='ocrx_word' id='word_1_270' title='bbox 1732 3316 1851 3362; x_wconf 87' lang='lat' dir='ltr'><strong>tan-</strong></span> 
     </span>
    </p>
   </div>
   <div class='ocr_carea' id='block_1_34' title="bbox 266 3398 1852 3484">
    <p class='ocr_par' dir='ltr' id='par_1_34' title="bbox 266 3398 1852 3484">
     <span class='ocr_line' id='line_1_34' title="bbox 266 3398 1852 3484; baseline -0.047 37"><span class='ocrx_word' id='word_1_271' title='bbox 266 3422 401 3482; x_wconf 51' lang='lat' dir='ltr'><strong>gam”</strong></span> <span class='ocrx_word' id='word_1_272' title='bbox 425 3404 528 3484; x_wconf 56' lang='grc' dir='ltr'><strong>θῖθί</strong></span> <span class='ocrx_word' id='word_1_273' title='bbox 556 3404 722 3479; x_wconf 51' lang='lat' dir='ltr'><strong>mw“</strong></span> <span class='ocrx_word' id='word_1_274' title='bbox 761 3417 955 3476; x_wconf 48' lang='lat'><strong>&quot;19&quot;.“</strong></span> <span class='ocrx_word' id='word_1_275' title='bbox 988 3400 1059 3476; x_wconf 58' lang='lat'><strong>“2‘.</strong></span> <span class='ocrx_word' id='word_1_276' title='bbox 1091 3401 1232 3471; x_wconf 64' lang='grc' dir='ltr'>εηίιη</span> <span class='ocrx_word' id='word_1_277' title='bbox 1261 3399 1448 3474; x_wconf 57' lang='lat' dir='ltr'><strong>dotatis</strong></span> <span class='ocrx_word' id='word_1_278' title='bbox 1483 3398 1573 3474; x_wconf 75' lang='lat' dir='ltr'><strong>Dei</strong></span> <span class='ocrx_word' id='word_1_279' title='bbox 1611 3399 1732 3462; x_wconf 81' lang='lat' dir='ltr'><strong>mei,</strong></span> <span class='ocrx_word' id='word_1_280' title='bbox 1767 3413 1852 3450; x_wconf 87' lang='lat' dir='ltr'><strong>sn-</strong></span> 
     </span>
    </p>
   </div>
   <div class='ocr_carea' id='block_1_35' title="bbox 270 3489 1849 3577">
    <p class='ocr_par' dir='ltr' id='par_1_35' title="bbox 270 3489 1849 3577">
     <span class='ocr_line' id='line_1_35' title="bbox 270 3489 1849 3577; baseline -0.008 -25"><span class='ocrx_word' id='word_1_281' title='bbox 270 3514 356 3570; x_wconf 80' lang='lat' dir='ltr'><strong>per</strong></span> <span class='ocrx_word' id='word_1_282' title='bbox 380 3497 614 3577; x_wconf 81' lang='lat' dir='ltr'><strong>animam</strong></span> <span class='ocrx_word' id='word_1_283' title='bbox 650 3508 819 3569; x_wconf 78' lang='lat' dir='ltr'><strong>tneam</strong></span> <span class='ocrx_word' id='word_1_284' title='bbox 851 3511 862 3545; x_wconf 91' lang='lat'><strong>:</strong></span> <span class='ocrx_word' id='word_1_285' title='bbox 907 3492 976 3546; x_wconf 90' lang='lat' dir='ltr'><strong>ibi</strong></span> <span class='ocrx_word' id='word_1_286' title='bbox 1016 3490 1237 3555; x_wconf 89' lang='lat' dir='ltr'><strong>habitat,</strong></span> <span class='ocrx_word' id='word_1_287' title='bbox 1284 3490 1404 3544; x_wconf 90' lang='lat' dir='ltr'><strong>inde</strong></span> <span class='ocrx_word' id='word_1_288' title='bbox 1456 3505 1540 3562; x_wconf 87' lang='lat' dir='ltr'><strong>me</strong></span> <span class='ocrx_word' id='word_1_289' title='bbox 1577 3489 1849 3559; x_wconf 76' lang='lat' dir='ltr'><strong>proSpicit,</strong></span> 
     </span>
    </p>
   </div>
   <div class='ocr_carea' id='block_1_36' title="bbox 270 3579 1828 3660">
    <p class='ocr_par' dir='ltr' id='par_1_36' title="bbox 270 3579 1828 3660">
     <span class='ocr_line' id='line_1_36' title="bbox 270 3579 1828 3660; baseline -0.01 -12"><span class='ocrx_word' id='word_1_290' title='bbox 270 3589 386 3648; x_wconf 90' lang='lat' dir='ltr'><strong>inde</strong></span> <span class='ocrx_word' id='word_1_291' title='bbox 416 3604 503 3644; x_wconf 89' lang='lat' dir='ltr'><strong>me</strong></span> <span class='ocrx_word' id='word_1_292' title='bbox 530 3585 753 3660; x_wconf 84' lang='lat' dir='ltr'><strong>creavit,</strong></span> <span class='ocrx_word' id='word_1_293' title='bbox 779 3585 900 3638; x_wconf 90' lang='lat' dir='ltr'><strong>inde</strong></span> <span class='ocrx_word' id='word_1_294' title='bbox 929 3599 1013 3638; x_wconf 90' lang='lat' dir='ltr'><strong>me</strong></span> <span class='ocrx_word' id='word_1_295' title='bbox 1033 3582 1314 3656; x_wconf 74' lang='lat' dir='ltr'><strong>gubernat,</strong></span> <span class='ocrx_word' id='word_1_296' title='bbox 1348 3581 1468 3636; x_wconf 89' lang='lat' dir='ltr'><strong>inde</strong></span> <span class='ocrx_word' id='word_1_297' title='bbox 1499 3579 1625 3633; x_wconf 88' lang='lat' dir='ltr'><strong>mihi</strong></span> <span class='ocrx_word' id='word_1_298' title='bbox 1663 3595 1828 3633; x_wconf 90' lang='lat' dir='ltr'><strong>cousu</strong></span> 
     </span>
    </p>
   </div>
   <div class='ocr_carea' id='block_1_37' title="bbox 269 3671 1851 3754">
    <p class='ocr_par' dir='ltr' id='par_1_37' title="bbox 269 3671 1851 3754">
     <span class='ocr_line' id='line_1_37' title="bbox 269 3671 1851 3754; baseline -0.007 -19"><span class='ocrx_word' id='word_1_299' title='bbox 269 3681 342 3748; x_wconf 91' lang='lat' dir='ltr'><strong>lit,</strong></span> <span class='ocrx_word' id='word_1_300' title='bbox 370 3680 494 3754; x_wconf 81' lang='lat' dir='ltr'><strong>inde</strong></span> <span class='ocrx_word' id='word_1_301' title='bbox 524 3693 610 3732; x_wconf 88' lang='lat' dir='ltr'><strong>me</strong></span> <span class='ocrx_word' id='word_1_302' title='bbox 638 3675 861 3742; x_wconf 80' lang='lat' dir='ltr'><strong>excitat,</strong></span> <span class='ocrx_word' id='word_1_303' title='bbox 890 3675 1014 3729; x_wconf 87' lang='lat' dir='ltr'><strong>inde</strong></span> <span class='ocrx_word' id='word_1_304' title='bbox 1053 3689 1138 3728; x_wconf 91' lang='lat' dir='ltr'><strong>me</strong></span> <span class='ocrx_word' id='word_1_305' title='bbox 1166 3681 1338 3739; x_wconf 88' lang='lat' dir='ltr'><strong>vocat,</strong></span> <span class='ocrx_word' id='word_1_306' title='bbox 1371 3671 1494 3726; x_wconf 90' lang='lat' dir='ltr'><strong>inde</strong></span> <span class='ocrx_word' id='word_1_307' title='bbox 1540 3687 1623 3725; x_wconf 89' lang='lat' dir='ltr'><strong>me</strong></span> <span class='ocrx_word' id='word_1_308' title='bbox 1650 3671 1851 3742; x_wconf 79' lang='lat' dir='ltr'><strong>dirigit,</strong></span> 
     </span>
    </p>
   </div>
   <div class='ocr_carea' id='block_1_38' title="bbox 270 3752 1249 3854">
    <p class='ocr_par' dir='ltr' id='par_1_38' title="bbox 270 3752 1249 3854">
     <span class='ocr_line' id='line_1_38' title="bbox 270 3752 1249 3854; baseline -0.014 -23"><span class='ocrx_word' id='word_1_309' title='bbox 270 3774 388 3831; x_wconf 88' lang='lat' dir='ltr'><strong>inde</strong></span> <span class='ocrx_word' id='word_1_310' title='bbox 417 3752 504 3829; x_wconf 81' lang='lat' dir='ltr'><strong>me</strong></span> <span class='ocrx_word' id='word_1_311' title='bbox 532 3771 699 3835; x_wconf 87' lang='lat' dir='ltr'><strong>ducit,</strong></span> <span class='ocrx_word' id='word_1_312' title='bbox 731 3769 853 3842; x_wconf 86' lang='lat' dir='ltr'><strong>inde</strong></span> <span class='ocrx_word' id='word_1_313' title='bbox 877 3783 962 3846; x_wconf 79' lang='lat' dir='ltr'><strong>me</strong></span> <span class='ocrx_word' id='word_1_314' title='bbox 990 3765 1249 3854; x_wconf 85' lang='lat' dir='ltr'><strong>perducit.</strong></span> 
     </span>
    </p>
   </div>
   <div class='ocr_carea' id='block_1_39' title="bbox 335 3855 1850 3938">
    <p class='ocr_par' dir='ltr' id='par_1_39' title="bbox 335 3855 1850 3938">
     <span class='ocr_line' id='line_1_39' title="bbox 335 3855 1850 3938; baseline -0.008 -16"><span class='ocrx_word' id='word_1_315' title='bbox 335 3865 388 3922; x_wconf 88' lang='lat'><strong>9.</strong></span> <span class='ocrx_word' id='word_1_316' title='bbox 421 3865 514 3938; x_wconf 82' lang='lat' dir='ltr'><strong>llle</strong></span> <span class='ocrx_word' id='word_1_317' title='bbox 541 3865 684 3938; x_wconf 81' lang='lat' dir='ltr'><strong>enim</strong></span> <span class='ocrx_word' id='word_1_318' title='bbox 725 3861 812 3931; x_wconf 93' lang='lat' dir='ltr'><strong>qui</strong></span> <span class='ocrx_word' id='word_1_319' title='bbox 857 3859 1016 3935; x_wconf 79' lang='lat' dir='ltr'><strong>habet</strong></span> <span class='ocrx_word' id='word_1_320' title='bbox 1055 3859 1366 3936; x_wconf 74' lang='lat' dir='ltr'><strong>altissimam</strong></span> <span class='ocrx_word' id='word_1_321' title='bbox 1411 3857 1462 3932; x_wconf 86' lang='lat' dir='ltr'><strong>in</strong></span> <span class='ocrx_word' id='word_1_322' title='bbox 1492 3866 1699 3928; x_wconf 85' lang='lat' dir='ltr'><strong>secreto</strong></span> <span class='ocrx_word' id='word_1_323' title='bbox 1754 3855 1850 3910; x_wconf 49' lang='lat' dir='ltr'><strong>doc</strong></span> 
     </span>
    </p>
   </div>
   <div class='ocr_carea' id='block_1_40' title="bbox 270 3937 1854 4029">
    <p class='ocr_par' dir='ltr' id='par_1_40' title="bbox 270 3937 1854 4029">
     <span class='ocr_line' id='line_1_40' title="bbox 270 3937 1854 4029; baseline -0.009 -10"><span class='ocrx_word' id='word_1_324' title='bbox 270 3939 433 4029; x_wconf 73' lang='lat' dir='ltr'><strong>mum,</strong></span> <span class='ocrx_word' id='word_1_325' title='bbox 458 3937 620 4014; x_wconf 85' lang='lat' dir='ltr'><strong>habet</strong></span> <span class='ocrx_word' id='word_1_326' title='bbox 638 3937 797 4029; x_wconf 82' lang='lat' dir='ltr'><strong>etiam</strong></span> <span class='ocrx_word' id='word_1_327' title='bbox 834 3957 884 4008; x_wconf 93' lang='lat' dir='ltr'><strong>in</strong></span> <span class='ocrx_word' id='word_1_328' title='bbox 917 3967 1055 4027; x_wconf 83' lang='lat' dir='ltr'><strong>terra</strong></span> <span class='ocrx_word' id='word_1_329' title='bbox 1082 3952 1503 4024; x_wconf 56' lang='lat' dir='ltr'><strong>tabernaculum,</strong></span> <span class='ocrx_word' id='word_1_330' title='bbox 1524 3951 1854 4022; x_wconf 79' lang='lat' dir='ltr'><strong>Tabcruacu-</strong></span> 
     </span>
    </p>
   </div>
   <div class='ocr_carea' id='block_1_41' title="bbox 212 4025 1853 4124">
    <p class='ocr_par' dir='ltr' id='par_1_41' title="bbox 212 4025 1853 4124">
     <span class='ocr_line' id='line_1_41' title="bbox 212 4025 1853 4124; baseline -0.009 -15"><span class='ocrx_word' id='word_1_331' title='bbox 212 4063 218 4072; x_wconf 88' lang='lat'>&#39;</span> <span class='ocrx_word' id='word_1_332' title='bbox 271 4035 374 4110; x_wconf 89' lang='lat' dir='ltr'><strong>lum</strong></span> <span class='ocrx_word' id='word_1_333' title='bbox 403 4029 604 4124; x_wconf 79' lang='lat' dir='ltr'><strong>ejusin</strong></span> <span class='ocrx_word' id='word_1_334' title='bbox 629 4025 787 4112; x_wconf 78' lang='lat' dir='ltr'><strong>terra,</strong></span> <span class='ocrx_word' id='word_1_335' title='bbox 816 4045 1050 4100; x_wconf 87' lang='lat' dir='ltr'><strong>Ecclesia</strong></span> <span class='ocrx_word' id='word_1_336' title='bbox 1082 4044 1196 4113; x_wconf 83' lang='lat' dir='ltr'><strong>ejus</strong></span> <span class='ocrx_word' id='word_1_337' title='bbox 1223 4052 1305 4097; x_wconf 90' lang='lat' dir='ltr'><strong>cst</strong></span> <span class='ocrx_word' id='word_1_338' title='bbox 1344 4043 1516 4096; x_wconf 89' lang='lat' dir='ltr'><strong>adhuc</strong></span> <span class='ocrx_word' id='word_1_339' title='bbox 1559 4043 1853 4114; x_wconf 80' lang='lat' dir='ltr'><strong>peregrina.</strong></span> 
     </span>
    </p>
   </div>
   <div class='ocr_carea' id='block_1_42' title="bbox 271 4135 1859 4219">
    <p class='ocr_par' dir='ltr' id='par_1_42' title="bbox 271 4135 1859 4219">
     <span class='ocr_line' id='line_1_42' title="bbox 271 4135 1859 4219; baseline -0.009 -18"><span class='ocrx_word' id='word_1_340' title='bbox 271 4144 374 4201; x_wconf 86' lang='lat' dir='ltr'><strong>Sed</strong></span> <span class='ocrx_word' id='word_1_341' title='bbox 401 4143 489 4201; x_wconf 89' lang='lat' dir='ltr'><strong>hic</strong></span> <span class='ocrx_word' id='word_1_342' title='bbox 517 4139 836 4219; x_wconf 80' lang='lat' dir='ltr'><strong>quaerendus</strong></span> <span class='ocrx_word' id='word_1_343' title='bbox 864 4147 961 4214; x_wconf 85' lang='lat' dir='ltr'><strong>est.</strong></span> <span class='ocrx_word' id='word_1_344' title='bbox 987 4138 1107 4214; x_wconf 82' lang='lat' dir='ltr'><strong>quia</strong></span> <span class='ocrx_word' id='word_1_345' title='bbox 1142 4137 1192 4190; x_wconf 90' lang='lat' dir='ltr'><strong>in</strong></span> <span class='ocrx_word' id='word_1_346' title='bbox 1223 4135 1563 4210; x_wconf 84' lang='lat' dir='ltr'><strong>tabernaculo</strong></span> <span class='ocrx_word' id='word_1_347' title='bbox 1596 4135 1859 4208; x_wconf 73' lang='lat' dir='ltr'><strong>invenitur</strong></span> 
     </span>
    </p>
   </div>
   <div class='ocr_carea' id='block_1_43' title="bbox 270 4227 1859 4310">
    <p class='ocr_par' dir='ltr' id='par_1_43' title="bbox 270 4227 1859 4310">
     <span class='ocr_line' id='line_1_43' title="bbox 270 4227 1859 4310; baseline -0.008 -18"><span class='ocrx_word' id='word_1_348' title='bbox 270 4239 370 4302; x_wconf 83' lang='lat' dir='ltr'><strong>via,</strong></span> <span class='ocrx_word' id='word_1_349' title='bbox 395 4253 492 4308; x_wconf 87' lang='lat' dir='ltr'><strong>per</strong></span> <span class='ocrx_word' id='word_1_350' title='bbox 516 4249 676 4310; x_wconf 90' lang='lat' dir='ltr'><strong>quam</strong></span> <span class='ocrx_word' id='word_1_351' title='bbox 704 4231 912 4300; x_wconf 86' lang='lat' dir='ltr'><strong>venitur</strong></span> <span class='ocrx_word' id='word_1_352' title='bbox 941 4229 1006 4284; x_wconf 92' lang='lat' dir='ltr'><strong>ad</strong></span> <span class='ocrx_word' id='word_1_353' title='bbox 1032 4229 1270 4304; x_wconf 82' lang='lat' dir='ltr'><strong>domum.</strong></span> <span class='ocrx_word' id='word_1_354' title='bbox 1305 4228 1511 4302; x_wconf 78' lang='lat' dir='ltr'><strong>Etenim</strong></span> <span class='ocrx_word' id='word_1_355' title='bbox 1535 4242 1654 4282; x_wconf 92' lang='lat' dir='ltr'><strong>cum</strong></span> <span class='ocrx_word' id='word_1_356' title='bbox 1683 4227 1859 4298; x_wconf 67' lang='lat' dir='ltr'><strong>cll‘un-</strong></span> 
     </span>
    </p>
   </div>
   <div class='ocr_carea' id='block_1_44' title="bbox 271 4319 1857 4402">
    <p class='ocr_par' dir='ltr' id='par_1_44' title="bbox 271 4319 1857 4402">
     <span class='ocr_line' id='line_1_44' title="bbox 271 4319 1857 4402; baseline -0.008 -16"><span class='ocrx_word' id='word_1_357' title='bbox 271 4329 446 4386; x_wconf 89' lang='lat' dir='ltr'><strong>derem</strong></span> <span class='ocrx_word' id='word_1_358' title='bbox 489 4342 654 4402; x_wconf 83' lang='lat' dir='ltr'><strong>super</strong></span> <span class='ocrx_word' id='word_1_359' title='bbox 707 4340 794 4395; x_wconf 87' lang='lat' dir='ltr'><strong>me</strong></span> <span class='ocrx_word' id='word_1_360' title='bbox 844 4325 1334 4396; x_wconf 82' lang='lat' dir='ltr'><strong>animam-meam,</strong></span> <span class='ocrx_word' id='word_1_361' title='bbox 1383 4319 1446 4394; x_wconf 84' lang='lat' dir='ltr'><strong>ad</strong></span> <span class='ocrx_word' id='word_1_362' title='bbox 1498 4319 1857 4394; x_wconf 77' lang='lat' dir='ltr'><strong>attingendum</strong></span> 
     </span>
    </p>
   </div>
   <div class='ocr_carea' id='block_1_45' title="bbox 274 4413 1860 4488">
    <p class='ocr_par' dir='ltr' id='par_1_45' title="bbox 274 4413 1860 4488">
     <span class='ocr_line' id='line_1_45' title="bbox 274 4413 1860 4488; baseline -0.008 -11"><span class='ocrx_word' id='word_1_363' title='bbox 274 4421 432 4477; x_wconf 90' lang='lat' dir='ltr'><strong>Deum</strong></span> <span class='ocrx_word' id='word_1_364' title='bbox 461 4435 668 4482; x_wconf 90' lang='lat' dir='ltr'><strong>meum,</strong></span> <span class='ocrx_word' id='word_1_365' title='bbox 715 4431 880 4488; x_wconf 89' lang='lat' dir='ltr'><strong>quare</strong></span> <span class='ocrx_word' id='word_1_366' title='bbox 921 4414 1022 4478; x_wconf 84' lang='lat' dir='ltr'><strong>hoc</strong></span> <span class='ocrx_word' id='word_1_367' title='bbox 1061 4413 1196 4468; x_wconf 79' lang='lat' dir='ltr'><strong>feci?</strong></span> <span class='ocrx_word' id='word_1_368' title='bbox 1227 4413 1476 4480; x_wconf 78' lang='lat' dir='ltr'><strong>Quoniam</strong></span> <span class='ocrx_word' id='word_1_369' title='bbox 1516 4413 1770 4483; x_wconf 72' lang='lat' dir='ltr'><strong>ingrediar</strong></span> <span class='ocrx_word' id='word_1_370' title='bbox 1809 4414 1860 4464; x_wconf 87' lang='lat' dir='ltr'><strong>in</strong></span> 
     </span>
    </p>
   </div>
   <div class='ocr_carea' id='block_1_46' title="bbox 273 4503 1863 4584">
    <p class='ocr_par' dir='ltr' id='par_1_46' title="bbox 273 4503 1863 4584">
     <span class='ocr_line' id='line_1_46' title="bbox 273 4503 1863 4584; baseline -0.01 -15"><span class='ocrx_word' id='word_1_371' title='bbox 273 4514 434 4569; x_wconf 82' lang='lat' dir='ltr'><strong>locum</strong></span> <span class='ocrx_word' id='word_1_372' title='bbox 459 4509 789 4566; x_wconf 80' lang='lat' dir='ltr'><strong>tabernaculi.</strong></span> <span class='ocrx_word' id='word_1_373' title='bbox 824 4507 956 4584; x_wconf 82' lang='lat' dir='ltr'><strong>Nam</strong></span> <span class='ocrx_word' id='word_1_374' title='bbox 982 4515 1129 4584; x_wconf 74' lang='lat' dir='ltr'><strong>extra</strong></span> <span class='ocrx_word' id='word_1_375' title='bbox 1160 4505 1330 4558; x_wconf 89' lang='lat' dir='ltr'><strong>locum</strong></span> <span class='ocrx_word' id='word_1_376' title='bbox 1365 4503 1687 4576; x_wconf 66' lang='lat' dir='ltr'><strong>tabernaculi</strong></span> <span class='ocrx_word' id='word_1_377' title='bbox 1718 4517 1863 4578; x_wconf 80' lang='lat' dir='ltr'><strong>erra—</strong></span> 
     </span>
    </p>
   </div>
   <div class='ocr_carea' id='block_1_47' title="bbox 274 4579 1862 4680">
    <p class='ocr_par' dir='ltr' id='par_1_47' title="bbox 274 4579 1862 4680">
     <span class='ocr_line' id='line_1_47' title="bbox 274 4579 1862 4680; baseline -0.011 -16"><span class='ocrx_word' id='word_1_378' title='bbox 274 4605 341 4664; x_wconf 82' lang='lat' dir='ltr'><strong>bo</strong></span> <span class='ocrx_word' id='word_1_379' title='bbox 393 4619 641 4679; x_wconf 57' lang='lat' dir='ltr'><strong>quaerens</strong></span> <span class='ocrx_word' id='word_1_380' title='bbox 713 4602 878 4680; x_wconf 74' lang='lat' dir='ltr'><strong>Deltrn</strong></span> <span class='ocrx_word' id='word_1_381' title='bbox 945 4579 1141 4678; x_wconf 72' lang='lat' dir='ltr'><strong>ineunt.</strong></span> <span class='ocrx_word' id='word_1_382' title='bbox 1215 4597 1464 4662; x_wconf 76' lang='lat' dir='ltr'><strong>Quoniam</strong></span> <span class='ocrx_word' id='word_1_383' title='bbox 1509 4596 1764 4667; x_wconf 80' lang='lat' dir='ltr'><strong>ingrediar</strong></span> <span class='ocrx_word' id='word_1_384' title='bbox 1811 4596 1862 4664; x_wconf 76' lang='lat' dir='ltr'><strong>in</strong></span> 
     </span>
    </p>
   </div>
   <div class='ocr_carea' id='block_1_48' title="bbox 276 4687 1858 4768">
    <p class='ocr_par' dir='ltr' id='par_1_48' title="bbox 276 4687 1858 4768">
     <span class='ocr_line' id='line_1_48' title="bbox 276 4687 1858 4768; baseline -0.009 -15"><span class='ocrx_word' id='word_1_385' title='bbox 276 4699 439 4754; x_wconf 86' lang='lat' dir='ltr'><strong>locum</strong></span> <span class='ocrx_word' id='word_1_386' title='bbox 484 4693 799 4768; x_wconf 72' lang='lat' dir='ltr'><strong>tabernaculi</strong></span> <span class='ocrx_word' id='word_1_387' title='bbox 839 4690 1172 4768; x_wconf 61' lang='lat' dir='ltr'><strong>admirabilis,</strong></span> <span class='ocrx_word' id='word_1_388' title='bbox 1225 4705 1379 4759; x_wconf 77' lang='lat' dir='ltr'><strong>usque</strong></span> <span class='ocrx_word' id='word_1_389' title='bbox 1405 4689 1470 4764; x_wconf 83' lang='lat' dir='ltr'><strong>ad</strong></span> <span class='ocrx_word' id='word_1_390' title='bbox 1501 4689 1700 4752; x_wconf 79' lang='lat' dir='ltr'><strong>domum</strong></span> <span class='ocrx_word' id='word_1_391' title='bbox 1744 4687 1858 4762; x_wconf 74' lang='lat' dir='ltr'><strong>Dei.</strong></span> 
     </span>
    </p>
   </div>
   <div class='ocr_carea' id='block_1_49' title="bbox 277 4763 1859 4862">
    <p class='ocr_par' dir='ltr' id='par_1_49' title="bbox 277 4763 1859 4862">
     <span class='ocr_line' id='line_1_49' title="bbox 277 4763 1859 4862; baseline -0.008 -17"><span class='ocrx_word' id='word_1_392' title='bbox 277 4789 334 4845; x_wconf 86' lang='lat' dir='ltr'><strong>In</strong></span> <span class='ocrx_word' id='word_1_393' title='bbox 366 4767 540 4862; x_wconf 78' lang='lat' dir='ltr'><strong>locum</strong></span> <span class='ocrx_word' id='word_1_394' title='bbox 573 4763 1227 4862; x_wconf 70' lang='lat' dir='ltr'><strong>tabernaculiingrediar,</strong></span> <span class='ocrx_word' id='word_1_395' title='bbox 1259 4780 1586 4856; x_wconf 66' lang='lat' dir='ltr'><strong>admirabilis</strong></span> <span class='ocrx_word' id='word_1_396' title='bbox 1618 4780 1859 4854; x_wconf 79' lang='lat' dir='ltr'><strong>taberna-</strong></span> 
     </span>
    </p>
   </div>
   <div class='ocr_carea' id='block_1_50' title="bbox 276 4854 1865 4960">
    <p class='ocr_par' dir='ltr' id='par_1_50' title="bbox 276 4854 1865 4960">
     <span class='ocr_line' id='line_1_50' title="bbox 276 4854 1865 4960; baseline -0.01 -22"><span class='ocrx_word' id='word_1_397' title='bbox 276 4854 942 4960; x_wconf 12' lang='lat' dir='ltr'><strong>culi,‘iusqlue&#39;addomum</strong></span> <span class='ocrx_word' id='word_1_398' title='bbox 982 4873 1097 4946; x_wconf 78' lang='lat' dir='ltr'><strong>Dei.</strong></span> <span class='ocrx_word' id='word_1_399' title='bbox 1125 4873 1240 4928; x_wconf 84' lang='lat' dir='ltr'><strong>Jam</strong></span> <span class='ocrx_word' id='word_1_400' title='bbox 1265 4854 1405 4926; x_wconf 83' lang='lat' dir='ltr'><strong>enim</strong></span> <span class='ocrx_word' id='word_1_401' title='bbox 1440 4872 1601 4934; x_wconf 83' lang='lat' dir='ltr'><strong>multa</strong></span> <span class='ocrx_word' id='word_1_402' title='bbox 1633 4871 1865 4948; x_wconf 84' lang='lat' dir='ltr'><strong>admiror</strong></span> 
     </span>
    </p>
   </div>
   <div class='ocr_carea' id='block_1_51' title="bbox 278 4963 1865 5052">
    <p class='ocr_par' dir='ltr' id='par_1_51' title="bbox 278 4963 1865 5052">
     <span class='ocr_line' id='line_1_51' title="bbox 278 4963 1865 5052; baseline -0.009 -22"><span class='ocrx_word' id='word_1_403' title='bbox 278 4976 332 5030; x_wconf 89' lang='lat' dir='ltr'><strong>in</strong></span> <span class='ocrx_word' id='word_1_404' title='bbox 366 4971 724 5052; x_wconf 76' lang='lat' dir='ltr'><strong>tabernaculo.</strong></span> <span class='ocrx_word' id='word_1_405' title='bbox 758 4970 896 5025; x_wconf 90' lang='lat' dir='ltr'><strong>Ecce</strong></span> <span class='ocrx_word' id='word_1_406' title='bbox 922 4977 1116 5040; x_wconf 87' lang='lat' dir='ltr'><strong>quanta</strong></span> <span class='ocrx_word' id='word_1_407' title='bbox 1149 4963 1382 5020; x_wconf 87' lang='lat' dir='ltr'><strong>admiror</strong></span> <span class='ocrx_word' id='word_1_408' title='bbox 1411 4963 1460 5016; x_wconf 94' lang='lat' dir='ltr'><strong>in</strong></span> <span class='ocrx_word' id='word_1_409' title='bbox 1493 4963 1865 5038; x_wconf 61' lang='lat' dir='ltr'><strong>tabernaculoi</strong></span> 
     </span>
    </p>
   </div>
   <div class='ocr_carea' id='block_1_52' title="bbox 280 5056 1869 5147">
    <p class='ocr_par' dir='ltr' id='par_1_52' title="bbox 280 5056 1869 5147">
     <span class='ocr_line' id='line_1_52' title="bbox 280 5056 1869 5147; baseline -0.01 -24"><span class='ocrx_word' id='word_1_410' title='bbox 280 5066 706 5147; x_wconf 82' lang='lat' dir='ltr'><strong>Tabernaculum</strong></span> <span class='ocrx_word' id='word_1_411' title='bbox 735 5062 877 5140; x_wconf 85' lang='lat' dir='ltr'><strong>enim</strong></span> <span class='ocrx_word' id='word_1_412' title='bbox 913 5061 1004 5138; x_wconf 86' lang='lat' dir='ltr'><strong>Dei</strong></span> <span class='ocrx_word' id='word_1_413' title='bbox 1039 5060 1090 5134; x_wconf 82' lang='lat' dir='ltr'><strong>in</strong></span> <span class='ocrx_word' id='word_1_414' title='bbox 1124 5069 1283 5134; x_wconf 77' lang='lat' dir='ltr'><strong>terra,</strong></span> <span class='ocrx_word' id='word_1_415' title='bbox 1315 5057 1559 5110; x_wconf 88' lang='lat' dir='ltr'><strong>homines</strong></span> <span class='ocrx_word' id='word_1_416' title='bbox 1595 5063 1716 5108; x_wconf 86' lang='lat' dir='ltr'><strong>sunt</strong></span> <span class='ocrx_word' id='word_1_417' title='bbox 1742 5056 1869 5124; x_wconf 77' lang='lat' dir='ltr'><strong>title-</strong></span> 
     </span>
    </p>
   </div>
   <div class='ocr_carea' id='block_1_53' title="bbox 282 5147 1866 5222">
    <p class='ocr_par' dir='ltr' id='par_1_53' title="bbox 282 5147 1866 5222">
     <span class='ocr_line' id='line_1_53' title="bbox 282 5147 1866 5222; baseline -0.01 -7"><span class='ocrx_word' id='word_1_418' title='bbox 282 5160 364 5216; x_wconf 86' lang='lat' dir='ltr'><strong>les</strong></span> <span class='ocrx_word' id='word_1_419' title='bbox 388 5179 398 5213; x_wconf 91' lang='lat'>:</span> <span class='ocrx_word' id='word_1_420' title='bbox 429 5159 665 5214; x_wconf 86' lang='lat' dir='ltr'><strong>admiror</strong></span> <span class='ocrx_word' id='word_1_421' title='bbox 694 5157 743 5209; x_wconf 89' lang='lat' dir='ltr'><strong>in</strong></span> <span class='ocrx_word' id='word_1_422' title='bbox 768 5155 846 5209; x_wconf 89' lang='lat' dir='ltr'><strong>eis</strong></span> <span class='ocrx_word' id='word_1_423' title='bbox 875 5155 1110 5222; x_wconf 91' lang='lat' dir='ltr'><strong>ipsorum</strong></span> <span class='ocrx_word' id='word_1_424' title='bbox 1136 5149 1496 5205; x_wconf 84' lang='lat' dir='ltr'><strong>membrorum</strong></span> <span class='ocrx_word' id='word_1_425' title='bbox 1521 5147 1828 5216; x_wconf 71' lang='lat' dir='ltr'><strong>obsequium</strong></span> <span class='ocrx_word' id='word_1_426' title='bbox 1853 5166 1866 5212; x_wconf 85' lang='lat'><strong>;</strong></span> 
     </span>
    </p>
   </div>
   <div class='ocr_carea' id='block_1_54' title="bbox 281 5227 1870 5328">
    <p class='ocr_par' dir='ltr' id='par_1_54' title="bbox 281 5227 1870 5324">
     <span class='ocr_line' id='line_1_54' title="bbox 281 5227 1870 5324; baseline -0.009 -17"><span class='ocrx_word' id='word_1_427' title='bbox 281 5253 406 5323; x_wconf 86' lang='lat' dir='ltr'><strong>quia</strong></span> <span class='ocrx_word' id='word_1_428' title='bbox 429 5267 532 5306; x_wconf 90' lang='lat' dir='ltr'><strong>non</strong></span> <span class='ocrx_word' id='word_1_429' title='bbox 559 5251 613 5304; x_wconf 92' lang='lat' dir='ltr'><strong>in</strong></span> <span class='ocrx_word' id='word_1_430' title='bbox 644 5227 721 5304; x_wconf 80' lang='lat' dir='ltr'><strong>eis</strong></span> <span class='ocrx_word' id='word_1_431' title='bbox 741 5227 930 5318; x_wconf 78' lang='lat' dir='ltr'><strong>regnat</strong></span> <span class='ocrx_word' id='word_1_432' title='bbox 953 5252 1224 5324; x_wconf 79' lang='lat' dir='ltr'><strong>peccatum</strong></span> <span class='ocrx_word' id='word_1_433' title='bbox 1252 5241 1319 5318; x_wconf 82' lang='lat' dir='ltr'><strong>ad</strong></span> <span class='ocrx_word' id='word_1_434' title='bbox 1349 5239 1703 5311; x_wconf 81' lang='lat' dir='ltr'><strong>obedientium</strong></span> <span class='ocrx_word' id='word_1_435' title='bbox 1731 5240 1870 5294; x_wconf 82' lang='lat' dir='ltr'><strong>dcsi-</strong></span> 
     </span>
    </p>
   </div>
   <div class='ocr_carea' id='block_1_55' title="bbox 283 5333 1868 5418">
    <p class='ocr_par' dir='ltr' id='par_1_55' title="bbox 283 5333 1868 5418">
     <span class='ocr_line' id='line_1_55' title="bbox 283 5333 1868 5418; baseline -0.01 -19"><span class='ocrx_word' id='word_1_436' title='bbox 283 5343 447 5418; x_wconf 82' lang='lat' dir='ltr'><strong>deriis</strong></span> <span class='ocrx_word' id='word_1_437' title='bbox 476 5346 613 5414; x_wconf 90' lang='lat' dir='ltr'><strong>ejus,</strong></span> <span class='ocrx_word' id='word_1_438' title='bbox 648 5355 748 5396; x_wconf 88' lang='lat' dir='ltr'><strong>nec</strong></span> <span class='ocrx_word' id='word_1_439' title='bbox 778 5338 1032 5393; x_wconf 81' lang='lat' dir='ltr'><strong>exhibent</strong></span> <span class='ocrx_word' id='word_1_440' title='bbox 1061 5335 1300 5408; x_wconf 82' lang='lat' dir='ltr'><strong>membra</strong></span> <span class='ocrx_word' id='word_1_441' title='bbox 1324 5348 1417 5387; x_wconf 90' lang='lat' dir='ltr'><strong>sua</strong></span> <span class='ocrx_word' id='word_1_442' title='bbox 1445 5348 1589 5385; x_wconf 91' lang='lat' dir='ltr'><strong>arma</strong></span> <span class='ocrx_word' id='word_1_443' title='bbox 1621 5333 1868 5404; x_wconf 85' lang='lat' dir='ltr'><strong>iniquita-</strong></span> 
     </span>
    </p>
   </div>
   <div class='ocr_carea' id='block_1_56' title="bbox 287 5423 1866 5510">
    <p class='ocr_par' dir='ltr' id='par_1_56' title="bbox 287 5423 1866 5510">
     <span class='ocr_line' id='line_1_56' title="bbox 287 5423 1866 5510; baseline -0.012 -19"><span class='ocrx_word' id='word_1_444' title='bbox 287 5439 358 5491; x_wconf 86' lang='lat' dir='ltr'><strong>tis</strong></span> <span class='ocrx_word' id='word_1_445' title='bbox 385 5423 621 5508; x_wconf 85' lang='lat' dir='ltr'><strong>peccato,</strong></span> <span class='ocrx_word' id='word_1_446' title='bbox 650 5423 748 5510; x_wconf 75' lang='lat' dir='ltr'><strong>sed</strong></span> <span class='ocrx_word' id='word_1_447' title='bbox 775 5430 1028 5485; x_wconf 88' lang='lat' dir='ltr'><strong>exhibent</strong></span> <span class='ocrx_word' id='word_1_448' title='bbox 1053 5427 1162 5482; x_wconf 89' lang='lat' dir='ltr'><strong>Deo</strong></span> <span class='ocrx_word' id='word_1_449' title='bbox 1183 5425 1300 5506; x_wconf 79' lang='lat' dir='ltr'><strong>vivo</strong></span> <span class='ocrx_word' id='word_1_450' title='bbox 1331 5425 1386 5502; x_wconf 87' lang='lat' dir='ltr'><strong>in</strong></span> <span class='ocrx_word' id='word_1_451' title='bbox 1413 5425 1562 5479; x_wconf 89' lang='lat' dir='ltr'><strong>bonis</strong></span> <span class='ocrx_word' id='word_1_452' title='bbox 1590 5424 1866 5493; x_wconf 81' lang='lat' dir='ltr'><strong>operibus:</strong></span> 
     </span>
    </p>
   </div>
   <div class='ocr_carea' id='block_1_57' title="bbox 287 5515 1873 5585">
    <p class='ocr_par' dir='ltr' id='par_1_57' title="bbox 287 5515 1873 5585">
     <span class='ocr_line' id='line_1_57' title="bbox 287 5515 1873 5585; baseline -0.007 -6"><span class='ocrx_word' id='word_1_453' title='bbox 287 5515 480 5582; x_wconf 75' lang='lat' dir='ltr'><strong>anima:</strong></span> <span class='ocrx_word' id='word_1_454' title='bbox 530 5523 782 5579; x_wconf 88' lang='lat' dir='ltr'><strong>servienti</strong></span> <span class='ocrx_word' id='word_1_455' title='bbox 842 5524 949 5576; x_wconf 90' lang='lat' dir='ltr'><strong>Deo</strong></span> <span class='ocrx_word' id='word_1_456' title='bbox 999 5518 1238 5575; x_wconf 88' lang='lat' dir='ltr'><strong>membra</strong></span> <span class='ocrx_word' id='word_1_457' title='bbox 1287 5516 1586 5585; x_wconf 90' lang='lat' dir='ltr'><strong>corporalia</strong></span> <span class='ocrx_word' id='word_1_458' title='bbox 1647 5515 1873 5569; x_wconf 86' lang='lat' dir='ltr'><strong>militare</strong></span> 
     </span>
    </p>
   </div>
   <div class='ocr_carea' id='block_1_58' title="bbox 288 5609 1871 5692">
    <p class='ocr_par' dir='ltr' id='par_1_58' title="bbox 288 5609 1871 5692">
     <span class='ocr_line' id='line_1_58' title="bbox 288 5609 1871 5692; baseline -0.008 -19"><span class='ocrx_word' id='word_1_459' title='bbox 288 5618 525 5673; x_wconf 86' lang='lat' dir='ltr'><strong>admiror</strong></span> <span class='ocrx_word' id='word_1_460' title='bbox 553 5614 664 5686; x_wconf 87' lang='lat' dir='ltr'><strong>(Id.</strong></span> <span class='ocrx_word' id='word_1_461' title='bbox 695 5610 1020 5692; x_wconf 72' lang='grc' dir='ltr'><strong>νι,12,15).</strong></span> <span class='ocrx_word' id='word_1_462' title='bbox 1065 5609 1312 5680; x_wconf 81' lang='lat' dir='ltr'><strong>Respicio</strong></span> <span class='ocrx_word' id='word_1_463' title='bbox 1349 5619 1400 5664; x_wconf 89' lang='lat' dir='ltr'><strong>et</strong></span> <span class='ocrx_word' id='word_1_464' title='bbox 1430 5609 1596 5678; x_wconf 87' lang='lat' dir='ltr'><strong>ipsam</strong></span> <span class='ocrx_word' id='word_1_465' title='bbox 1647 5610 1871 5661; x_wconf 75' lang='lat' dir='ltr'><strong>animum</strong></span> 
     </span>
    </p>
   </div>
   <div class='ocr_carea' id='block_1_59' title="bbox 250 5740 1876 5814">
    <p class='ocr_par' dir='ltr' id='par_1_59' title="bbox 250 5740 1876 5814">
     <span class='ocr_line' id='line_1_59' title="bbox 250 5740 1876 5814; baseline -0.009 -11"><span class='ocrx_word' id='word_1_466' title='bbox 250 5795 256 5803; x_wconf 94' lang='lat'><strong>.</strong></span> <span class='ocrx_word' id='word_1_467' title='bbox 362 5755 380 5783; x_wconf 74' lang='grc' dir='ltr'>ί</span> <span class='ocrx_word' id='word_1_468' title='bbox 414 5756 542 5814; x_wconf 76' lang='lat' dir='ltr'><strong>Apud</strong></span> <span class='ocrx_word' id='word_1_469' title='bbox 565 5757 670 5814; x_wconf 54' lang='grc' dir='ltr'>μοι.</span> <span class='ocrx_word' id='word_1_470' title='bbox 702 5749 1026 5811; x_wconf 86' lang='lat' dir='ltr'><strong>interponitur</strong></span> <span class='ocrx_word' id='word_1_471' title='bbox 1064 5746 1161 5804; x_wconf 79' lang='lat' dir='ltr'><strong>hic,</strong></span> <span class='ocrx_word' id='word_1_472' title='bbox 1185 5741 1333 5794; x_wconf 71' lang='grc' dir='ltr'><strong>αηίηιὶ</strong></span> <span class='ocrx_word' id='word_1_473' title='bbox 1372 5740 1654 5792; x_wconf 74' lang='lat' dir='ltr'><strong>intellectu:</strong></span> <span class='ocrx_word' id='word_1_474' title='bbox 1692 5743 1781 5790; x_wconf 90' lang='lat' dir='ltr'><strong>hoc</strong></span> <span class='ocrx_word' id='word_1_475' title='bbox 1816 5741 1876 5789; x_wconf 91' lang='lat' dir='ltr'><strong>ab</strong></span> 
     </span>
    </p>
   </div>
   <div class='ocr_carea' id='block_1_60' title="bbox 289 5813 750 5875">
    <p class='ocr_par' dir='ltr' id='par_1_60' title="bbox 289 5813 750 5875">
     <span class='ocr_line' id='line_1_60' title="bbox 289 5813 750 5875; baseline -0.009 -11"><span class='ocrx_word' id='word_1_476' title='bbox 289 5819 369 5866; x_wconf 66' lang='lat' dir='ltr'><strong>Er.</strong></span> <span class='ocrx_word' id='word_1_477' title='bbox 399 5813 567 5875; x_wconf 61' lang='lat' dir='ltr'><strong>ames.</strong></span> <span class='ocrx_word' id='word_1_478' title='bbox 592 5813 750 5868; x_wconf 79' lang='lat' dir='ltr'><strong>abest.</strong></span> 
     </span>
    </p>
   </div>
   <div class='ocr_carea' id='block_1_61' title="bbox 1367 307 2392 381">
    <p class='ocr_par' dir='ltr' id='par_1_61' title="bbox 1367 307 2392 381">
     <span class='ocr_line' id='line_1_61' title="bbox 1367 307 2392 381; baseline -0.007 0"><span class='ocrx_word' id='word_1_479' title='bbox 1367 317 1762 381; x_wconf 78' lang='lat' dir='ltr'><strong>ENARBATIO</strong></span> <span class='ocrx_word' id='word_1_480' title='bbox 1799 307 1865 374; x_wconf 71' lang='lat' dir='ltr'><strong>IN</strong></span> <span class='ocrx_word' id='word_1_481' title='bbox 1902 314 2222 375; x_wconf 74' lang='lat' dir='ltr'><strong>PSALMUM</strong></span> <span class='ocrx_word' id='word_1_482' title='bbox 2259 319 2392 377; x_wconf 80' lang='lat' dir='ltr'><strong>XLI.</strong></span> 
     </span>
    </p>
   </div>
   <div class='ocr_carea' id='block_1_62' title="bbox 3412 336 3514 392">
    <p class='ocr_par' dir='ltr' id='par_1_62' title="bbox 3412 336 3514 392">
     <span class='ocr_line' id='line_1_62' title="bbox 3412 336 3514 392; baseline 0.02 -2"><span class='ocrx_word' id='word_1_483' title='bbox 3412 336 3514 392; x_wconf 73' lang='grc' dir='ltr'><strong>ΠΟ</strong></span> 
     </span>
    </p>
   </div>
   <div class='ocr_carea' id='block_1_63' title="bbox 1937 430 3513 522">
    <p class='ocr_par' dir='ltr' id='par_1_63' title="bbox 1937 430 3513 522">
     <span class='ocr_line' id='line_1_63' title="bbox 1937 430 3513 522; baseline 0.018 -38"><span class='ocrx_word' id='word_1_484' title='bbox 1937 430 2272 492; x_wconf 87' lang='lat' dir='ltr'><strong>obedientem</strong></span> <span class='ocrx_word' id='word_1_485' title='bbox 2300 436 2431 503; x_wconf 88' lang='lat' dir='ltr'><strong>Deo,</strong></span> <span class='ocrx_word' id='word_1_486' title='bbox 2457 438 2857 502; x_wconf 86' lang='lat' dir='ltr'><strong>distribuentem</strong></span> <span class='ocrx_word' id='word_1_487' title='bbox 2893 460 3049 517; x_wconf 87' lang='lat' dir='ltr'><strong>opera</strong></span> <span class='ocrx_word' id='word_1_488' title='bbox 3093 460 3242 506; x_wconf 83' lang='lat' dir='ltr'><strong>actus</strong></span> <span class='ocrx_word' id='word_1_489' title='bbox 3264 453 3369 522; x_wconf 79' lang='lat' dir='ltr'><strong>sui,</strong></span> <span class='ocrx_word' id='word_1_490' title='bbox 3402 452 3513 512; x_wconf 74' lang='lat' dir='ltr'><strong>fre-</strong></span> 
     </span>
    </p>
   </div>
   <div class='ocr_carea' id='block_1_64' title="bbox 1937 529 3513 610">
    <p class='ocr_par' dir='ltr' id='par_1_64' title="bbox 1937 529 3513 610">
     <span class='ocr_line' id='line_1_64' title="bbox 1937 529 3513 610; baseline 0.017 -32"><span class='ocrx_word' id='word_1_491' title='bbox 1937 534 2153 580; x_wconf 89' lang='lat' dir='ltr'><strong>nantem</strong></span> <span class='ocrx_word' id='word_1_492' title='bbox 2180 529 2532 600; x_wconf 89' lang='lat' dir='ltr'><strong>cupiditates,</strong></span> <span class='ocrx_word' id='word_1_493' title='bbox 2565 535 2848 606; x_wconf 87' lang='lat' dir='ltr'><strong>pellentem</strong></span> <span class='ocrx_word' id='word_1_494' title='bbox 2889 540 3238 610; x_wconf 52' lang='lat' dir='ltr'><strong>unorantiam</strong></span> <span class='ocrx_word' id='word_1_495' title='bbox 3263 587 3278 610; x_wconf 92' lang='lat'><strong>,</strong></span> <span class='ocrx_word' id='word_1_496' title='bbox 3325 557 3513 604; x_wconf 78' lang='lat' dir='ltr'><strong>exten-</strong></span> 
     </span>
    </p>
   </div>
   <div class='ocr_carea' id='block_1_65' title="bbox 1937 616 3508 706">
    <p class='ocr_par' dir='ltr' id='par_1_65' title="bbox 1937 616 3508 706">
     <span class='ocr_line' id='line_1_65' title="bbox 1937 616 3508 706; baseline 0.016 -36"><span class='ocrx_word' id='word_1_497' title='bbox 1937 616 2150 686; x_wconf 89' lang='lat' dir='ltr'><strong>dentem</strong></span> <span class='ocrx_word' id='word_1_498' title='bbox 2211 637 2271 675; x_wconf 86' lang='lat' dir='ltr'><strong>se</strong></span> <span class='ocrx_word' id='word_1_499' title='bbox 2327 623 2392 677; x_wconf 92' lang='lat' dir='ltr'><strong>ad</strong></span> <span class='ocrx_word' id='word_1_500' title='bbox 2444 626 2618 692; x_wconf 84' lang='lat' dir='ltr'><strong>omnia</strong></span> <span class='ocrx_word' id='word_1_501' title='bbox 2669 642 2854 698; x_wconf 86' lang='lat' dir='ltr'><strong>aspera</strong></span> <span class='ocrx_word' id='word_1_502' title='bbox 2911 641 2965 687; x_wconf 86' lang='lat' dir='ltr'><strong>et</strong></span> <span class='ocrx_word' id='word_1_503' title='bbox 3015 634 3146 696; x_wconf 85' lang='lat' dir='ltr'><strong>dura</strong></span> <span class='ocrx_word' id='word_1_504' title='bbox 3197 639 3508 706; x_wconf 85' lang='lat' dir='ltr'><strong>toleranda,</strong></span> 
     </span>
    </p>
   </div>
   <div class='ocr_carea' id='block_1_66' title="bbox 1935 707 3526 794">
    <p class='ocr_par' dir='ltr' id='par_1_66' title="bbox 1935 707 3526 794">
     <span class='ocr_line' id='line_1_66' title="bbox 1935 707 3526 794; baseline 0.019 -33"><span class='ocrx_word' id='word_1_505' title='bbox 1935 708 2193 778; x_wconf 83' lang='lat' dir='ltr'><strong>justitiam</strong></span> <span class='ocrx_word' id='word_1_506' title='bbox 2219 723 2271 767; x_wconf 91' lang='lat' dir='ltr'><strong>et</strong></span> <span class='ocrx_word' id='word_1_507' title='bbox 2297 715 2608 774; x_wconf 89' lang='lat' dir='ltr'><strong>charitatem</strong></span> <span class='ocrx_word' id='word_1_508' title='bbox 2633 721 2648 752; x_wconf 84' lang='grc'>⁸</span> <span class='ocrx_word' id='word_1_509' title='bbox 2682 720 3072 794; x_wconf 85' lang='lat' dir='ltr'><strong>impendentem</strong></span> <span class='ocrx_word' id='word_1_510' title='bbox 3096 733 3321 788; x_wconf 68' lang='lat' dir='ltr'><strong>caneris.</strong></span> <span class='ocrx_word' id='word_1_511' title='bbox 3353 707 3526 790; x_wconf 43' lang='lat' dir='ltr'><strong>Miror.</strong></span> 
     </span>
    </p>
   </div>
   <div class='ocr_carea' id='block_1_67' title="bbox 1941 802 3516 884">
    <p class='ocr_par' dir='ltr' id='par_1_67' title="bbox 1941 802 3516 884">
     <span class='ocr_line' id='line_1_67' title="bbox 1941 802 3516 884; baseline 0.02 -31"><span class='ocrx_word' id='word_1_512' title='bbox 1941 808 1996 853; x_wconf 88' lang='lat' dir='ltr'><strong>et</strong></span> <span class='ocrx_word' id='word_1_513' title='bbox 2026 802 2153 857; x_wconf 85' lang='lat' dir='ltr'><strong>istas</strong></span> <span class='ocrx_word' id='word_1_514' title='bbox 2176 806 2400 863; x_wconf 88' lang='lat' dir='ltr'><strong>virtutes</strong></span> <span class='ocrx_word' id='word_1_515' title='bbox 2433 812 2481 864; x_wconf 92' lang='lat' dir='ltr'><strong>in</strong></span> <span class='ocrx_word' id='word_1_516' title='bbox 2513 814 2685 870; x_wconf 87' lang='lat' dir='ltr'><strong>anima</strong></span> <span class='ocrx_word' id='word_1_517' title='bbox 2712 833 2725 869; x_wconf 92' lang='lat'><strong>:</strong></span> <span class='ocrx_word' id='word_1_518' title='bbox 2758 817 2851 872; x_wconf 88' lang='lat' dir='ltr'><strong>sed</strong></span> <span class='ocrx_word' id='word_1_519' title='bbox 2878 818 3052 875; x_wconf 87' lang='lat' dir='ltr'><strong>adhuc</strong></span> <span class='ocrx_word' id='word_1_520' title='bbox 3089 823 3142 878; x_wconf 89' lang='lat' dir='ltr'><strong>in</strong></span> <span class='ocrx_word' id='word_1_521' title='bbox 3183 823 3300 884; x_wconf 91' lang='lat' dir='ltr'><strong>loco</strong></span> <span class='ocrx_word' id='word_1_522' title='bbox 3340 826 3516 884; x_wconf 78' lang='lat' dir='ltr'><strong>taber-</strong></span> 
     </span>
    </p>
   </div>
   <div class='ocr_carea' id='block_1_68' title="bbox 1945 894 3515 984">
    <p class='ocr_par' dir='ltr' id='par_1_68' title="bbox 1945 894 3515 984">
     <span class='ocr_line' id='line_1_68' title="bbox 1945 894 3515 984; baseline 0.02 -40"><span class='ocrx_word' id='word_1_523' title='bbox 1945 894 2115 984; x_wconf 88' lang='lat' dir='ltr'><strong>naeuli</strong></span> <span class='ocrx_word' id='word_1_524' title='bbox 2140 897 2372 953; x_wconf 88' lang='lat' dir='ltr'><strong>ambulo.</strong></span> <span class='ocrx_word' id='word_1_525' title='bbox 2407 899 2644 960; x_wconf 88' lang='lat' dir='ltr'><strong>Transeo</strong></span> <span class='ocrx_word' id='word_1_526' title='bbox 2670 915 2724 961; x_wconf 90' lang='lat' dir='ltr'><strong>et</strong></span> <span class='ocrx_word' id='word_1_527' title='bbox 2747 906 2861 976; x_wconf 81' lang='lat' dir='ltr'><strong>haec</strong></span> <span class='ocrx_word' id='word_1_528' title='bbox 2895 927 2906 962; x_wconf 93' lang='lat'>:</span> <span class='ocrx_word' id='word_1_529' title='bbox 2937 920 2989 968; x_wconf 89' lang='lat' dir='ltr'><strong>et</strong></span> <span class='ocrx_word' id='word_1_530' title='bbox 3014 914 3255 984; x_wconf 82' lang='lat' dir='ltr'><strong>quamvis</strong></span> <span class='ocrx_word' id='word_1_531' title='bbox 3282 914 3515 980; x_wconf 81' lang='lat' dir='ltr'><strong>admira-</strong></span> 
     </span>
    </p>
   </div>
   <div class='ocr_carea' id='block_1_69' title="bbox 1889 982 3518 1086">
    <p class='ocr_par' dir='ltr' id='par_1_69' title="bbox 1889 982 3518 1086">
     <span class='ocr_line' id='line_1_69' title="bbox 1889 982 3518 1086; baseline 0.017 -51"><span class='ocrx_word' id='word_1_532' title='bbox 1889 1075 1897 1086; x_wconf 36' lang='lat'><strong><em>&#39;</em></strong></span> <span class='ocrx_word' id='word_1_533' title='bbox 1942 982 2048 1086; x_wconf 76' lang='lat' dir='ltr'><strong>bile</strong></span> <span class='ocrx_word' id='word_1_534' title='bbox 2074 988 2139 1039; x_wconf 90' lang='lat' dir='ltr'><strong>sit</strong></span> <span class='ocrx_word' id='word_1_535' title='bbox 2166 991 2584 1061; x_wconf 87' lang='lat' dir='ltr'><strong>tabernaculum,</strong></span> <span class='ocrx_word' id='word_1_536' title='bbox 2616 1006 2802 1070; x_wconf 88' lang='lat' dir='ltr'><strong>stupeo</strong></span> <span class='ocrx_word' id='word_1_537' title='bbox 2825 1016 2946 1056; x_wconf 90' lang='lat' dir='ltr'><strong>eum</strong></span> <span class='ocrx_word' id='word_1_538' title='bbox 2978 982 3226 1072; x_wconf 87' lang='lat' dir='ltr'><strong>pervenio</strong></span> <span class='ocrx_word' id='word_1_539' title='bbox 3262 1020 3426 1076; x_wconf 86' lang='lat' dir='ltr'><strong>usque</strong></span> <span class='ocrx_word' id='word_1_540' title='bbox 3451 1007 3518 1064; x_wconf 86' lang='lat' dir='ltr'><strong>ad</strong></span> 
     </span>
    </p>
   </div>
   <div class='ocr_carea' id='block_1_70' title="bbox 1944 1075 3519 1166">
    <p class='ocr_par' dir='ltr' id='par_1_70' title="bbox 1944 1075 3519 1166">
     <span class='ocr_line' id='line_1_70' title="bbox 1944 1075 3519 1166; baseline 0.02 -39"><span class='ocrx_word' id='word_1_541' title='bbox 1944 1075 2159 1132; x_wconf 90' lang='lat' dir='ltr'><strong>domum</strong></span> <span class='ocrx_word' id='word_1_542' title='bbox 2191 1081 2301 1136; x_wconf 78' lang='lat' dir='ltr'><strong>Dei.</strong></span> <span class='ocrx_word' id='word_1_543' title='bbox 2336 1084 2409 1139; x_wconf 91' lang='lat' dir='ltr'><strong>De</strong></span> <span class='ocrx_word' id='word_1_544' title='bbox 2436 1102 2538 1156; x_wconf 90' lang='lat' dir='ltr'><strong>qua</strong></span> <span class='ocrx_word' id='word_1_545' title='bbox 2568 1089 2727 1156; x_wconf 84' lang='lat' dir='ltr'><strong>domo</strong></span> <span class='ocrx_word' id='word_1_546' title='bbox 2772 1091 2900 1147; x_wconf 90' lang='lat' dir='ltr'><strong>dicit</strong></span> <span class='ocrx_word' id='word_1_547' title='bbox 2926 1095 2976 1150; x_wconf 92' lang='lat' dir='ltr'><strong>in</strong></span> <span class='ocrx_word' id='word_1_548' title='bbox 3004 1096 3108 1164; x_wconf 78' lang='lat' dir='ltr'><strong>alio</strong></span> <span class='ocrx_word' id='word_1_549' title='bbox 3146 1075 3371 1166; x_wconf 70' lang='lat' dir='ltr'><strong>psalmo,</strong></span> <span class='ocrx_word' id='word_1_550' title='bbox 3397 1114 3519 1158; x_wconf 81' lang='lat' dir='ltr'><strong>eum</strong></span> 
     </span>
    </p>
   </div>
   <div class='ocr_carea' id='block_1_71' title="bbox 1944 1171 3520 1256">
    <p class='ocr_par' dir='ltr' id='par_1_71' title="bbox 1944 1171 3520 1256">
     <span class='ocr_line' id='line_1_71' title="bbox 1944 1171 3520 1256; baseline 0.018 -38"><span class='ocrx_word' id='word_1_551' title='bbox 1944 1171 2311 1238; x_wconf 79' lang='lat' dir='ltr'><strong>proposuisset</strong></span> <span class='ocrx_word' id='word_1_552' title='bbox 2382 1177 2480 1232; x_wconf 87' lang='lat' dir='ltr'><strong>sibi</strong></span> <span class='ocrx_word' id='word_1_553' title='bbox 2550 1182 2831 1256; x_wconf 83' lang='lat' dir='ltr'><strong>quamdam</strong></span> <span class='ocrx_word' id='word_1_554' title='bbox 2900 1185 3085 1256; x_wconf 71' lang='lat' dir='ltr'><strong>duram</strong></span> <span class='ocrx_word' id='word_1_555' title='bbox 3151 1199 3203 1243; x_wconf 88' lang='lat' dir='ltr'><strong>et</strong></span> <span class='ocrx_word' id='word_1_556' title='bbox 3249 1188 3520 1252; x_wconf 75' lang='lat' dir='ltr'><strong>difﬁcilem</strong></span> 
     </span>
    </p>
   </div>
   <div class='ocr_carea' id='block_1_72' title="bbox 1944 1264 3524 1350">
    <p class='ocr_par' dir='ltr' id='par_1_72' title="bbox 1944 1264 3524 1350">
     <span class='ocr_line' id='line_1_72' title="bbox 1944 1264 3524 1350; baseline 0.018 -40"><span class='ocrx_word' id='word_1_557' title='bbox 1944 1264 2316 1330; x_wconf 66' lang='lat' dir='ltr'><strong>quaestionem,</strong></span> <span class='ocrx_word' id='word_1_558' title='bbox 2344 1283 2505 1336; x_wconf 85' lang='lat' dir='ltr'><strong>quare</strong></span> <span class='ocrx_word' id='word_1_559' title='bbox 2532 1269 2580 1323; x_wconf 90' lang='lat' dir='ltr'><strong>in</strong></span> <span class='ocrx_word' id='word_1_560' title='bbox 2627 1275 2719 1326; x_wconf 87' lang='lat' dir='ltr'><strong>bac</strong></span> <span class='ocrx_word' id='word_1_561' title='bbox 2768 1283 2904 1340; x_wconf 79' lang='lat' dir='ltr'><strong>terra</strong></span> <span class='ocrx_word' id='word_1_562' title='bbox 2935 1278 3246 1350; x_wconf 87' lang='lat' dir='ltr'><strong>plerumque</strong></span> <span class='ocrx_word' id='word_1_563' title='bbox 3278 1281 3414 1337; x_wconf 88' lang='lat' dir='ltr'><strong>bene</strong></span> <span class='ocrx_word' id='word_1_564' title='bbox 3441 1293 3524 1338; x_wconf 82' lang='lat' dir='ltr'><strong>est</strong></span> 
     </span>
    </p>
   </div>
   <div class='ocr_carea' id='block_1_73' title="bbox 1944 1353 3526 1440">
    <p class='ocr_par' dir='ltr' id='par_1_73' title="bbox 1944 1353 3526 1440">
     <span class='ocr_line' id='line_1_73' title="bbox 1944 1353 3526 1440; baseline 0.017 -36"><span class='ocrx_word' id='word_1_565' title='bbox 1944 1353 2336 1417; x_wconf 72' lang='lat' dir='ltr'><strong>malis,ctmale</strong></span> <span class='ocrx_word' id='word_1_566' title='bbox 2351 1360 2689 1426; x_wconf 79' lang='lat' dir='ltr'><strong>cstboois,et</strong></span> <span class='ocrx_word' id='word_1_567' title='bbox 2723 1367 2793 1420; x_wconf 87' lang='lat' dir='ltr'><strong>ait</strong></span> <span class='ocrx_word' id='word_1_568' title='bbox 2817 1384 2829 1419; x_wconf 88' lang='lat'><strong>:</strong></span> <span class='ocrx_word' id='word_1_569' title='bbox 2851 1367 3064 1440; x_wconf 78' lang='lat' dir='ltr'><strong>Suscepi</strong></span> <span class='ocrx_word' id='word_1_570' title='bbox 3094 1374 3526 1440; x_wconf 72' lang='lat' dir='ltr'><strong>cognoscereJnoc</strong></span> 
     </span>
    </p>
   </div>
   <div class='ocr_carea' id='block_1_74' title="bbox 1945 1443 3528 1529">
    <p class='ocr_par' dir='ltr' id='par_1_74' title="bbox 1945 1443 3528 1529">
     <span class='ocr_line' id='line_1_74' title="bbox 1945 1443 3528 1529; baseline 0.015 -30"><span class='ocrx_word' id='word_1_571' title='bbox 1945 1443 2169 1499; x_wconf 72' lang='lat' dir='ltr'><strong>labores!</strong></span> <span class='ocrx_word' id='word_1_572' title='bbox 2199 1459 2424 1516; x_wconf 79' lang='lat' dir='ltr'><strong>anteme,</strong></span> <span class='ocrx_word' id='word_1_573' title='bbox 2457 1454 2611 1508; x_wconf 59' lang='lat' dir='ltr'><strong>donec</strong></span> <span class='ocrx_word' id='word_1_574' title='bbox 2641 1457 2879 1512; x_wconf 80' lang='lat' dir='ltr'><strong>introeant</strong></span> <span class='ocrx_word' id='word_1_575' title='bbox 2904 1461 2954 1512; x_wconf 87' lang='lat' dir='ltr'><strong>in</strong></span> <span class='ocrx_word' id='word_1_576' title='bbox 2977 1463 3448 1529; x_wconf 78' lang='lat' dir='ltr'><strong>aauctuariumDei,</strong></span> <span class='ocrx_word' id='word_1_577' title='bbox 3480 1477 3528 1522; x_wconf 78' lang='lat' dir='ltr'><strong>et</strong></span> 
     </span>
    </p>
   </div>
   <div class='ocr_carea' id='block_1_75' title="bbox 1944 1536 3526 1627">
    <p class='ocr_par' dir='ltr' id='par_1_75' title="bbox 1944 1536 3526 1627">
     <span class='ocr_line' id='line_1_75' title="bbox 1944 1536 3526 1627; baseline 0.016 -38"><span class='ocrx_word' id='word_1_578' title='bbox 1944 1536 2222 1606; x_wconf 75' lang='lat' dir='ltr'><strong>intelligant</strong></span> <span class='ocrx_word' id='word_1_579' title='bbox 2245 1542 2293 1594; x_wconf 83' lang='lat' dir='ltr'><strong>in</strong></span> <span class='ocrx_word' id='word_1_580' title='bbox 2325 1546 2948 1619; x_wconf 56' lang='lat' dir='ltr'><strong>notissimaU’saLLxxu,</strong></span> <span class='ocrx_word' id='word_1_581' title='bbox 2981 1554 3065 1617; x_wconf 83' lang='grc'><strong>16,</strong></span> <span class='ocrx_word' id='word_1_582' title='bbox 3087 1553 3367 1627; x_wconf 80' lang='lat' dir='ltr'><strong>l7).lbiest</strong></span> <span class='ocrx_word' id='word_1_583' title='bbox 3383 1559 3526 1614; x_wconf 91' lang='lat' dir='ltr'><strong>enim</strong></span> 
     </span>
    </p>
   </div>
   <div class='ocr_carea' id='block_1_76' title="bbox 1947 1627 3527 1714">
    <p class='ocr_par' dir='ltr' id='par_1_76' title="bbox 1947 1627 3527 1714">
     <span class='ocr_line' id='line_1_76' title="bbox 1947 1627 3527 1714; baseline 0.017 -34"><span class='ocrx_word' id='word_1_584' title='bbox 1947 1627 2063 1681; x_wconf 73' lang='lat' dir='ltr'><strong>fons</strong></span> <span class='ocrx_word' id='word_1_585' title='bbox 2079 1630 2303 1686; x_wconf 83' lang='lat' dir='ltr'><strong>intellect</strong></span> <span class='ocrx_word' id='word_1_586' title='bbox 2315 1637 2451 1699; x_wconf 90' lang='lat' dir='ltr'><strong>us,in</strong></span> <span class='ocrx_word' id='word_1_587' title='bbox 2467 1652 2520 1690; x_wconf 88' lang='lat' dir='ltr'><strong>sa</strong></span> <span class='ocrx_word' id='word_1_588' title='bbox 2531 1643 2766 1695; x_wconf 87' lang='lat' dir='ltr'><strong>nctnario</strong></span> <span class='ocrx_word' id='word_1_589' title='bbox 2794 1643 2909 1714; x_wconf 77' lang='lat' dir='ltr'><strong>Dei,</strong></span> <span class='ocrx_word' id='word_1_590' title='bbox 2925 1645 2974 1698; x_wconf 92' lang='lat' dir='ltr'><strong>iu</strong></span> <span class='ocrx_word' id='word_1_591' title='bbox 2989 1645 3146 1703; x_wconf 88' lang='lat' dir='ltr'><strong>domo</strong></span> <span class='ocrx_word' id='word_1_592' title='bbox 3162 1648 3269 1703; x_wconf 85' lang='lat' dir='ltr'><strong>Dei.</strong></span> <span class='ocrx_word' id='word_1_593' title='bbox 3283 1648 3354 1710; x_wconf 88' lang='lat' dir='ltr'><strong>lbi</strong></span> <span class='ocrx_word' id='word_1_594' title='bbox 3372 1650 3527 1708; x_wconf 79' lang='lat' dir='ltr'><strong>intel-</strong></span> 
     </span>
    </p>
   </div>
   <div class='ocr_carea' id='block_1_77' title="bbox 1948 1720 3530 1808">
    <p class='ocr_par' dir='ltr' id='par_1_77' title="bbox 1948 1720 3530 1808">
     <span class='ocr_line' id='line_1_77' title="bbox 1948 1720 3530 1808; baseline 0.016 -34"><span class='ocrx_word' id='word_1_595' title='bbox 1948 1720 2074 1774; x_wconf 84' lang='lat' dir='ltr'><strong>lexit</strong></span> <span class='ocrx_word' id='word_1_596' title='bbox 2091 1722 2188 1778; x_wconf 88' lang='lat' dir='ltr'><strong>iste</strong></span> <span class='ocrx_word' id='word_1_597' title='bbox 2208 1725 2258 1778; x_wconf 91' lang='lat' dir='ltr'><strong>in</strong></span> <span class='ocrx_word' id='word_1_598' title='bbox 2273 1729 2578 1797; x_wconf 87' lang='lat' dir='ltr'><strong>novissima,</strong></span> <span class='ocrx_word' id='word_1_599' title='bbox 2599 1740 2653 1785; x_wconf 88' lang='lat' dir='ltr'><strong>et</strong></span> <span class='ocrx_word' id='word_1_600' title='bbox 2668 1734 2820 1792; x_wconf 91' lang='lat' dir='ltr'><strong>solvit</strong></span> <span class='ocrx_word' id='word_1_601' title='bbox 2839 1738 3185 1808; x_wconf 59' lang='lat' dir='ltr'><strong>quaestionem</strong></span> <span class='ocrx_word' id='word_1_602' title='bbox 3200 1739 3264 1806; x_wconf 84' lang='lat' dir='ltr'><strong>de</strong></span> <span class='ocrx_word' id='word_1_603' title='bbox 3279 1739 3530 1806; x_wconf 68' lang='lat' dir='ltr'><strong>felicitate</strong></span> 
     </span>
    </p>
   </div>
   <div class='ocr_carea' id='block_1_78' title="bbox 1948 1814 3532 1898">
    <p class='ocr_par' dir='ltr' id='par_1_78' title="bbox 1948 1814 3532 1898">
     <span class='ocr_line' id='line_1_78' title="bbox 1948 1814 3532 1898; baseline 0.015 -31"><span class='ocrx_word' id='word_1_604' title='bbox 1948 1814 2269 1884; x_wconf 87' lang='lat' dir='ltr'><strong>iniquorum,</strong></span> <span class='ocrx_word' id='word_1_605' title='bbox 2326 1833 2378 1874; x_wconf 88' lang='lat' dir='ltr'><strong>et</strong></span> <span class='ocrx_word' id='word_1_606' title='bbox 2427 1823 2606 1886; x_wconf 83' lang='lat' dir='ltr'><strong>labore</strong></span> <span class='ocrx_word' id='word_1_607' title='bbox 2653 1827 2937 1896; x_wconf 88' lang='lat' dir='ltr'><strong>justorum.</strong></span> <span class='ocrx_word' id='word_1_608' title='bbox 2995 1831 3272 1898; x_wconf 82' lang='lat' dir='ltr'><strong>Quomodo</strong></span> <span class='ocrx_word' id='word_1_609' title='bbox 3325 1835 3532 1891; x_wconf 72' lang='lat' dir='ltr'><strong>solvit?</strong></span> 
     </span>
    </p>
   </div>
   <div class='ocr_carea' id='block_1_79' title="bbox 1949 1910 3530 1994">
    <p class='ocr_par' dir='ltr' id='par_1_79' title="bbox 1949 1910 3530 1994">
     <span class='ocr_line' id='line_1_79' title="bbox 1949 1910 3530 1994; baseline 0.016 -34"><span class='ocrx_word' id='word_1_610' title='bbox 1949 1910 2079 1977; x_wconf 86' lang='lat' dir='ltr'><strong>Quia</strong></span> <span class='ocrx_word' id='word_1_611' title='bbox 2111 1913 2231 1966; x_wconf 87' lang='lat' dir='ltr'><strong>mali</strong></span> <span class='ocrx_word' id='word_1_612' title='bbox 2263 1929 2382 1969; x_wconf 91' lang='lat' dir='ltr'><strong>eum</strong></span> <span class='ocrx_word' id='word_1_613' title='bbox 2414 1916 2497 1978; x_wconf 87' lang='lat' dir='ltr'><strong>hic</strong></span> <span class='ocrx_word' id='word_1_614' title='bbox 2541 1919 2885 1988; x_wconf 79' lang='lat' dir='ltr'><strong>differuntur,</strong></span> <span class='ocrx_word' id='word_1_615' title='bbox 2931 1925 2998 1980; x_wconf 91' lang='lat' dir='ltr'><strong>ad</strong></span> <span class='ocrx_word' id='word_1_616' title='bbox 3040 1939 3221 1994; x_wconf 65' lang='lat' dir='ltr'><strong>pennas</strong></span> <span class='ocrx_word' id='word_1_617' title='bbox 3263 1928 3378 1984; x_wconf 86' lang='lat' dir='ltr'><strong>sine</strong></span> <span class='ocrx_word' id='word_1_618' title='bbox 3425 1928 3530 1994; x_wconf 76' lang='lat' dir='ltr'><strong>ﬁne</strong></span> 
     </span>
    </p>
   </div>
   <div class='ocr_carea' id='block_1_80' title="bbox 1951 2013 3530 2087">
    <p class='ocr_par' dir='ltr' id='par_1_80' title="bbox 1951 2013 3530 2087">
     <span class='ocr_line' id='line_1_80' title="bbox 1951 2013 3530 2087; baseline 0.013 -29"><span class='ocrx_word' id='word_1_619' title='bbox 1951 2018 2260 2074; x_wconf 82' lang='lat' dir='ltr'><strong>servantur;</strong></span> <span class='ocrx_word' id='word_1_620' title='bbox 2309 2021 2360 2066; x_wconf 87' lang='lat' dir='ltr'><strong>et</strong></span> <span class='ocrx_word' id='word_1_621' title='bbox 2392 2013 2512 2076; x_wconf 80' lang='lat' dir='ltr'><strong>boni</strong></span> <span class='ocrx_word' id='word_1_622' title='bbox 2538 2030 2656 2070; x_wconf 92' lang='lat' dir='ltr'><strong>cum</strong></span> <span class='ocrx_word' id='word_1_623' title='bbox 2691 2016 2777 2078; x_wconf 86' lang='lat' dir='ltr'><strong>hic</strong></span> <span class='ocrx_word' id='word_1_624' title='bbox 2814 2018 3073 2085; x_wconf 89' lang='lat' dir='ltr'><strong>laborant,</strong></span> <span class='ocrx_word' id='word_1_625' title='bbox 3102 2033 3440 2087; x_wconf 76' lang='lat' dir='ltr'><strong>exercentur,</strong></span> <span class='ocrx_word' id='word_1_626' title='bbox 3475 2035 3530 2079; x_wconf 82' lang='lat' dir='ltr'><strong>ut</strong></span> 
     </span>
    </p>
   </div>
   <div class='ocr_carea' id='block_1_81' title="bbox 1953 2101 3532 2182">
    <p class='ocr_par' dir='ltr' id='par_1_81' title="bbox 1953 2101 3532 2182">
     <span class='ocr_line' id='line_1_81' title="bbox 1953 2101 3532 2182; baseline 0.014 -30"><span class='ocrx_word' id='word_1_627' title='bbox 1953 2101 2002 2153; x_wconf 86' lang='lat' dir='ltr'><strong>in</strong></span> <span class='ocrx_word' id='word_1_628' title='bbox 2033 2101 2135 2155; x_wconf 82' lang='lat' dir='ltr'><strong>ﬁne</strong></span> <span class='ocrx_word' id='word_1_629' title='bbox 2166 2105 2526 2168; x_wconf 73' lang='lat' dir='ltr'><strong>hmreditatcm</strong></span> <span class='ocrx_word' id='word_1_630' title='bbox 2558 2122 2968 2182; x_wconf 85' lang='lat' dir='ltr'><strong>consequantur.</strong></span> <span class='ocrx_word' id='word_1_631' title='bbox 3002 2113 3069 2168; x_wconf 89' lang='lat' dir='ltr'><strong>Et</strong></span> <span class='ocrx_word' id='word_1_632' title='bbox 3097 2115 3195 2170; x_wconf 90' lang='lat' dir='ltr'><strong>hoc</strong></span> <span class='ocrx_word' id='word_1_633' title='bbox 3221 2116 3310 2172; x_wconf 88' lang='lat' dir='ltr'><strong>ille</strong></span> <span class='ocrx_word' id='word_1_634' title='bbox 3335 2117 3385 2172; x_wconf 93' lang='lat' dir='ltr'><strong>in</strong></span> <span class='ocrx_word' id='word_1_635' title='bbox 3409 2133 3532 2174; x_wconf 89' lang='lat' dir='ltr'><strong>san-</strong></span> 
     </span>
    </p>
   </div>
   <div class='ocr_carea' id='block_1_82' title="bbox 1951 2195 3532 2268">
    <p class='ocr_par' dir='ltr' id='par_1_82' title="bbox 1951 2195 3532 2268">
     <span class='ocr_line' id='line_1_82' title="bbox 1951 2195 3532 2268; baseline 0.013 -22"><span class='ocrx_word' id='word_1_636' title='bbox 1951 2195 2156 2247; x_wconf 86' lang='lat' dir='ltr'><strong>ctuario</strong></span> <span class='ocrx_word' id='word_1_637' title='bbox 2189 2196 2276 2249; x_wconf 88' lang='lat' dir='ltr'><strong>Dei</strong></span> <span class='ocrx_word' id='word_1_638' title='bbox 2308 2201 2572 2268; x_wconf 85' lang='lat' dir='ltr'><strong>cognovit,</strong></span> <span class='ocrx_word' id='word_1_639' title='bbox 2607 2202 2862 2268; x_wconf 79' lang='lat' dir='ltr'><strong>intellexit</strong></span> <span class='ocrx_word' id='word_1_640' title='bbox 2894 2205 2946 2260; x_wconf 94' lang='lat' dir='ltr'><strong>in</strong></span> <span class='ocrx_word' id='word_1_641' title='bbox 2973 2207 3279 2263; x_wconf 89' lang='lat' dir='ltr'><strong>novissima.</strong></span> <span class='ocrx_word' id='word_1_642' title='bbox 3330 2209 3532 2266; x_wconf 77' lang='lat' dir='ltr'><strong>Ascen-</strong></span> 
     </span>
    </p>
   </div>
   <div class='ocr_carea' id='block_1_83' title="bbox 1953 2285 3537 2362">
    <p class='ocr_par' dir='ltr' id='par_1_83' title="bbox 1953 2285 3537 2362">
     <span class='ocr_line' id='line_1_83' title="bbox 1953 2285 3537 2362; baseline 0.009 -24"><span class='ocrx_word' id='word_1_643' title='bbox 1953 2285 2082 2339; x_wconf 88' lang='lat' dir='ltr'><strong>dens</strong></span> <span class='ocrx_word' id='word_1_644' title='bbox 2111 2287 2530 2352; x_wconf 88' lang='lat' dir='ltr'><strong>tabernaculum,</strong></span> <span class='ocrx_word' id='word_1_645' title='bbox 2564 2296 2803 2362; x_wconf 82' lang='lat' dir='ltr'><strong>pervenit</strong></span> <span class='ocrx_word' id='word_1_646' title='bbox 2832 2296 2898 2349; x_wconf 89' lang='lat' dir='ltr'><strong>ad</strong></span> <span class='ocrx_word' id='word_1_647' title='bbox 2927 2297 3140 2354; x_wconf 86' lang='lat' dir='ltr'><strong>domum</strong></span> <span class='ocrx_word' id='word_1_648' title='bbox 3180 2299 3293 2354; x_wconf 89' lang='lat' dir='ltr'><strong>Dei.</strong></span> <span class='ocrx_word' id='word_1_649' title='bbox 3335 2299 3537 2356; x_wconf 87' lang='lat' dir='ltr'><strong>Tamen</strong></span> 
     </span>
    </p>
   </div>
   <div class='ocr_carea' id='block_1_84' title="bbox 1953 2380 3538 2462">
    <p class='ocr_par' dir='ltr' id='par_1_84' title="bbox 1953 2380 3538 2462">
     <span class='ocr_line' id='line_1_84' title="bbox 1953 2380 3538 2462; baseline 0.012 -30"><span class='ocrx_word' id='word_1_650' title='bbox 1953 2380 2077 2434; x_wconf 91' lang='lat' dir='ltr'><strong>dum</strong></span> <span class='ocrx_word' id='word_1_651' title='bbox 2123 2384 2344 2438; x_wconf 89' lang='lat' dir='ltr'><strong>miratur</strong></span> <span class='ocrx_word' id='word_1_652' title='bbox 2387 2386 2622 2440; x_wconf 88' lang='lat' dir='ltr'><strong>membra</strong></span> <span class='ocrx_word' id='word_1_653' title='bbox 2653 2388 3008 2454; x_wconf 85' lang='lat' dir='ltr'><strong>tabernaculi,</strong></span> <span class='ocrx_word' id='word_1_654' title='bbox 3044 2393 3114 2446; x_wconf 89' lang='lat' dir='ltr'><strong>ita</strong></span> <span class='ocrx_word' id='word_1_655' title='bbox 3143 2392 3428 2462; x_wconf 72' lang='lat' dir='ltr'><strong>perductus</strong></span> <span class='ocrx_word' id='word_1_656' title='bbox 3457 2404 3538 2451; x_wconf 81' lang='lat' dir='ltr'><strong>est</strong></span> 
     </span>
    </p>
   </div>
   <div class='ocr_carea' id='block_1_85' title="bbox 1953 2463 3536 2556">
    <p class='ocr_par' dir='ltr' id='par_1_85' title="bbox 1953 2463 3536 2556">
     <span class='ocr_line' id='line_1_85' title="bbox 1953 2463 3536 2556; baseline 0.011 -30"><span class='ocrx_word' id='word_1_657' title='bbox 1953 2475 2017 2526; x_wconf 87' lang='lat' dir='ltr'><strong>ad</strong></span> <span class='ocrx_word' id='word_1_658' title='bbox 2067 2475 2282 2532; x_wconf 87' lang='lat' dir='ltr'><strong>domum</strong></span> <span class='ocrx_word' id='word_1_659' title='bbox 2328 2477 2422 2532; x_wconf 85' lang='lat' dir='ltr'><strong>Dei</strong></span> <span class='ocrx_word' id='word_1_660' title='bbox 2445 2481 2482 2543; x_wconf 84' lang='grc'><strong>²,</strong></span> <span class='ocrx_word' id='word_1_661' title='bbox 2527 2481 2810 2550; x_wconf 84' lang='lat' dir='ltr'><strong>quamdam</strong></span> <span class='ocrx_word' id='word_1_662' title='bbox 2855 2483 3188 2550; x_wconf 68' lang='lat' dir='ltr'><strong>dulcedinem</strong></span> <span class='ocrx_word' id='word_1_663' title='bbox 3229 2463 3536 2556; x_wconf 88' lang='lat' dir='ltr'><strong>sequendo,</strong></span> 
     </span>
    </p>
   </div>
   <div class='ocr_carea' id='block_1_86' title="bbox 1956 2563 3538 2647">
    <p class='ocr_par' dir='ltr' id='par_1_86' title="bbox 1956 2563 3538 2647">
     <span class='ocr_line' id='line_1_86' title="bbox 1956 2563 3538 2647; baseline 0.011 -29"><span class='ocrx_word' id='word_1_664' title='bbox 1956 2563 2258 2620; x_wconf 84' lang='lat' dir='ltr'><strong>interiorem</strong></span> <span class='ocrx_word' id='word_1_665' title='bbox 2306 2571 2486 2624; x_wconf 87' lang='lat' dir='ltr'><strong>nescio</strong></span> <span class='ocrx_word' id='word_1_666' title='bbox 2548 2588 2704 2640; x_wconf 86' lang='lat' dir='ltr'><strong>quam</strong></span> <span class='ocrx_word' id='word_1_667' title='bbox 2761 2584 2814 2627; x_wconf 90' lang='lat' dir='ltr'><strong>et</strong></span> <span class='ocrx_word' id='word_1_668' title='bbox 2861 2577 3120 2632; x_wconf 88' lang='lat' dir='ltr'><strong>occultam</strong></span> <span class='ocrx_word' id='word_1_669' title='bbox 3179 2578 3538 2647; x_wconf 84' lang='lat' dir='ltr'><strong>voluptatem.</strong></span> 
     </span>
    </p>
   </div>
   <div class='ocr_carea' id='block_1_87' title="bbox 1955 2661 3538 2740">
    <p class='ocr_par' dir='ltr' id='par_1_87' title="bbox 1955 2661 3538 2740">
     <span class='ocr_line' id='line_1_87' title="bbox 1955 2661 3538 2740; baseline 0.008 -28"><span class='ocrx_word' id='word_1_670' title='bbox 1955 2667 2202 2729; x_wconf 88' lang='lat' dir='ltr'><strong>tanquam</strong></span> <span class='ocrx_word' id='word_1_671' title='bbox 2226 2661 2292 2714; x_wconf 85' lang='lat' dir='ltr'><strong>de</strong></span> <span class='ocrx_word' id='word_1_672' title='bbox 2323 2661 2480 2716; x_wconf 86' lang='lat' dir='ltr'><strong>domo</strong></span> <span class='ocrx_word' id='word_1_673' title='bbox 2524 2663 2614 2718; x_wconf 88' lang='lat' dir='ltr'><strong>Dei</strong></span> <span class='ocrx_word' id='word_1_674' title='bbox 2646 2673 2861 2722; x_wconf 84' lang='lat' dir='ltr'><strong>sonaret</strong></span> <span class='ocrx_word' id='word_1_675' title='bbox 2889 2668 3122 2724; x_wconf 76' lang='lat' dir='ltr'><strong>suaviter</strong></span> <span class='ocrx_word' id='word_1_676' title='bbox 3142 2669 3355 2739; x_wconf 74' lang='lat' dir='ltr'><strong>aliquod</strong></span> <span class='ocrx_word' id='word_1_677' title='bbox 3381 2684 3538 2740; x_wconf 71' lang='lat' dir='ltr'><strong>orga-</strong></span> 
     </span>
    </p>
   </div>
   <div class='ocr_carea' id='block_1_88' title="bbox 1955 2755 3542 2826">
    <p class='ocr_par' dir='ltr' id='par_1_88' title="bbox 1955 2755 3542 2826">
     <span class='ocr_line' id='line_1_88' title="bbox 1955 2755 3542 2826; baseline 0.01 -22"><span class='ocrx_word' id='word_1_678' title='bbox 1955 2767 2080 2806; x_wconf 91' lang='lat' dir='ltr'><strong>num</strong></span> <span class='ocrx_word' id='word_1_679' title='bbox 2115 2770 2126 2804; x_wconf 90' lang='lat'>:</span> <span class='ocrx_word' id='word_1_680' title='bbox 2157 2764 2211 2807; x_wconf 90' lang='lat' dir='ltr'><strong>et</strong></span> <span class='ocrx_word' id='word_1_681' title='bbox 2252 2769 2370 2808; x_wconf 90' lang='lat' dir='ltr'><strong>eum</strong></span> <span class='ocrx_word' id='word_1_682' title='bbox 2413 2755 2498 2808; x_wconf 91' lang='lat' dir='ltr'><strong>ille</strong></span> <span class='ocrx_word' id='word_1_683' title='bbox 2528 2756 2821 2814; x_wconf 88' lang='lat' dir='ltr'><strong>ambularet</strong></span> <span class='ocrx_word' id='word_1_684' title='bbox 2861 2761 2910 2812; x_wconf 86' lang='lat' dir='ltr'><strong>in</strong></span> <span class='ocrx_word' id='word_1_685' title='bbox 2956 2761 3316 2826; x_wconf 85' lang='lat' dir='ltr'><strong>tabernaculo,</strong></span> <span class='ocrx_word' id='word_1_686' title='bbox 3364 2762 3542 2826; x_wconf 82' lang='lat' dir='ltr'><strong>audito</strong></span> 
     </span>
    </p>
   </div>
   <div class='ocr_carea' id='block_1_89' title="bbox 1955 2843 3541 2930">
    <p class='ocr_par' dir='ltr' id='par_1_89' title="bbox 1955 2843 3541 2930">
     <span class='ocr_line' id='line_1_89' title="bbox 1955 2843 3541 2930; baseline 0.006 -34"><span class='ocrx_word' id='word_1_687' title='bbox 1955 2843 2180 2912; x_wconf 86' lang='lat' dir='ltr'><strong>quodam</strong></span> <span class='ocrx_word' id='word_1_688' title='bbox 2225 2845 2473 2900; x_wconf 87' lang='lat' dir='ltr'><strong>interiore</strong></span> <span class='ocrx_word' id='word_1_689' title='bbox 2525 2862 2679 2910; x_wconf 85' lang='lat' dir='ltr'><strong>sono,</strong></span> <span class='ocrx_word' id='word_1_690' title='bbox 2727 2849 2916 2918; x_wconf 76' lang='lat' dir='ltr'><strong>ductus</strong></span> <span class='ocrx_word' id='word_1_691' title='bbox 2964 2852 3270 2916; x_wconf 88' lang='lat' dir='ltr'><strong>dulcedine,</strong></span> <span class='ocrx_word' id='word_1_692' title='bbox 3314 2868 3541 2930; x_wconf 59' lang='lat' dir='ltr'><strong>sequens</strong></span> 
     </span>
    </p>
   </div>
   <div class='ocr_carea' id='block_1_90' title="bbox 1956 2935 3546 3014">
    <p class='ocr_par' dir='ltr' id='par_1_90' title="bbox 1956 2935 3546 3014">
     <span class='ocr_line' id='line_1_90' title="bbox 1956 2935 3546 3014; baseline 0.011 -30"><span class='ocrx_word' id='word_1_693' title='bbox 1956 2935 2095 3014; x_wconf 75' lang='lat' dir='ltr'><strong>quod</strong></span> <span class='ocrx_word' id='word_1_694' title='bbox 2123 2937 2362 2998; x_wconf 86' lang='lat' dir='ltr'><strong>sonabat,</strong></span> <span class='ocrx_word' id='word_1_695' title='bbox 2408 2939 2726 2994; x_wconf 85' lang='lat' dir='ltr'><strong>abstrahcns</strong></span> <span class='ocrx_word' id='word_1_696' title='bbox 2761 2958 2818 2995; x_wconf 90' lang='lat' dir='ltr'><strong>se</strong></span> <span class='ocrx_word' id='word_1_697' title='bbox 2848 2942 2915 2998; x_wconf 90' lang='lat' dir='ltr'><strong>ab</strong></span> <span class='ocrx_word' id='word_1_698' title='bbox 2943 2943 3090 3000; x_wconf 89' lang='lat' dir='ltr'><strong>omni</strong></span> <span class='ocrx_word' id='word_1_699' title='bbox 3118 2945 3338 3014; x_wconf 86' lang='lat' dir='ltr'><strong>strepitu</strong></span> <span class='ocrx_word' id='word_1_700' title='bbox 3367 2947 3546 3010; x_wconf 57' lang='lat' dir='ltr'><strong>carnis</strong></span> 
     </span>
    </p>
   </div>
   <div class='ocr_carea' id='block_1_91' title="bbox 1957 3027 3544 3103">
    <p class='ocr_par' dir='ltr' id='par_1_91' title="bbox 1957 3027 3544 3103">
     <span class='ocr_line' id='line_1_91' title="bbox 1957 3027 3544 3103; baseline 0.008 -21"><span class='ocrx_word' id='word_1_701' title='bbox 1957 3038 2010 3098; x_wconf 85' lang='lat' dir='ltr'><strong>et</strong></span> <span class='ocrx_word' id='word_1_702' title='bbox 2051 3027 2342 3101; x_wconf 79' lang='lat' dir='ltr'><strong>sanguinis,</strong></span> <span class='ocrx_word' id='word_1_703' title='bbox 2402 3032 2644 3102; x_wconf 84' lang='lat' dir='ltr'><strong>pervenit</strong></span> <span class='ocrx_word' id='word_1_704' title='bbox 2689 3048 2855 3103; x_wconf 89' lang='lat' dir='ltr'><strong>usque</strong></span> <span class='ocrx_word' id='word_1_705' title='bbox 2896 3036 2960 3090; x_wconf 87' lang='lat' dir='ltr'><strong>ad</strong></span> <span class='ocrx_word' id='word_1_706' title='bbox 3004 3036 3220 3092; x_wconf 91' lang='lat' dir='ltr'><strong>domum</strong></span> <span class='ocrx_word' id='word_1_707' title='bbox 3252 3037 3364 3100; x_wconf 86' lang='lat' dir='ltr'><strong>Dei.</strong></span> <span class='ocrx_word' id='word_1_708' title='bbox 3411 3039 3544 3103; x_wconf 82' lang='lat' dir='ltr'><strong>Nam</strong></span> 
     </span>
    </p>
   </div>
   <div class='ocr_carea' id='block_1_92' title="bbox 1957 3123 3542 3200">
    <p class='ocr_par' dir='ltr' id='par_1_92' title="bbox 1957 3123 3542 3200">
     <span class='ocr_line' id='line_1_92' title="bbox 1957 3123 3542 3200; baseline 0.01 -27"><span class='ocrx_word' id='word_1_709' title='bbox 1957 3123 2092 3196; x_wconf 85' lang='lat' dir='ltr'><strong>viam</strong></span> <span class='ocrx_word' id='word_1_710' title='bbox 2139 3138 2289 3179; x_wconf 90' lang='lat' dir='ltr'><strong>suam</strong></span> <span class='ocrx_word' id='word_1_711' title='bbox 2325 3133 2377 3178; x_wconf 90' lang='lat' dir='ltr'><strong>et</strong></span> <span class='ocrx_word' id='word_1_712' title='bbox 2417 3125 2632 3180; x_wconf 91' lang='lat' dir='ltr'><strong>ductum</strong></span> <span class='ocrx_word' id='word_1_713' title='bbox 2669 3139 2820 3184; x_wconf 89' lang='lat' dir='ltr'><strong>suum</strong></span> <span class='ocrx_word' id='word_1_714' title='bbox 2863 3129 2940 3183; x_wconf 86' lang='lat' dir='ltr'><strong>sic</strong></span> <span class='ocrx_word' id='word_1_715' title='bbox 2983 3129 3098 3200; x_wconf 88' lang='lat' dir='ltr'><strong>ipse</strong></span> <span class='ocrx_word' id='word_1_716' title='bbox 3136 3141 3542 3199; x_wconf 83' lang='lat' dir='ltr'><strong>commemorat,</strong></span> 
     </span>
    </p>
   </div>
   <div class='ocr_carea' id='block_1_93' title="bbox 1959 3217 3546 3288">
    <p class='ocr_par' dir='ltr' id='par_1_93' title="bbox 1959 3217 3546 3288">
     <span class='ocr_line' id='line_1_93' title="bbox 1959 3217 3546 3288; baseline 0.01 -21"><span class='ocrx_word' id='word_1_717' title='bbox 1959 3218 2105 3288; x_wconf 87' lang='lat' dir='ltr'><strong>quasi</strong></span> <span class='ocrx_word' id='word_1_718' title='bbox 2154 3217 2448 3272; x_wconf 83' lang='lat' dir='ltr'><strong>diceremus</strong></span> <span class='ocrx_word' id='word_1_719' title='bbox 2496 3219 2581 3281; x_wconf 90' lang='lat' dir='ltr'><strong>ei,</strong></span> <span class='ocrx_word' id='word_1_720' title='bbox 2637 3219 2843 3275; x_wconf 81' lang='lat' dir='ltr'><strong>Miraris</strong></span> <span class='ocrx_word' id='word_1_721' title='bbox 2897 3219 3297 3280; x_wconf 86' lang='lat' dir='ltr'><strong>tabernaculum</strong></span> <span class='ocrx_word' id='word_1_722' title='bbox 3337 3225 3392 3284; x_wconf 82' lang='lat' dir='ltr'><strong>in</strong></span> <span class='ocrx_word' id='word_1_723' title='bbox 3447 3226 3546 3288; x_wconf 70' lang='lat' dir='ltr'><strong>hac</strong></span> 
     </span>
    </p>
   </div>
   <div class='ocr_carea' id='block_1_94' title="bbox 1962 3309 3546 3381">
    <p class='ocr_par' dir='ltr' id='par_1_94' title="bbox 1962 3309 3546 3381">
     <span class='ocr_line' id='line_1_94' title="bbox 1962 3309 3546 3381; baseline 0.012 -22"><span class='ocrx_word' id='word_1_724' title='bbox 1962 3317 2138 3372; x_wconf 74' lang='lat' dir='ltr'><strong>terra;</strong></span> <span class='ocrx_word' id='word_1_725' title='bbox 2171 3309 2438 3378; x_wconf 89' lang='lat' dir='ltr'><strong>quomodo</strong></span> <span class='ocrx_word' id='word_1_726' title='bbox 2462 3310 2745 3377; x_wconf 82' lang='lat' dir='ltr'><strong>pervenisti</strong></span> <span class='ocrx_word' id='word_1_727' title='bbox 2771 3311 2838 3366; x_wconf 92' lang='lat' dir='ltr'><strong>ad</strong></span> <span class='ocrx_word' id='word_1_728' title='bbox 2877 3324 3141 3370; x_wconf 89' lang='lat' dir='ltr'><strong>secretum</strong></span> <span class='ocrx_word' id='word_1_729' title='bbox 3179 3315 3369 3381; x_wconf 80' lang='lat' dir='ltr'><strong>domus</strong></span> <span class='ocrx_word' id='word_1_730' title='bbox 3408 3316 3546 3378; x_wconf 63' lang='lat' dir='ltr'><strong>Dei!</strong></span> 
     </span>
    </p>
   </div>
   <div class='ocr_carea' id='block_1_95' title="bbox 1959 3397 3547 3478">
    <p class='ocr_par' dir='ltr' id='par_1_95' title="bbox 1959 3397 3547 3478">
     <span class='ocr_line' id='line_1_95' title="bbox 1959 3397 3547 3478; baseline 0.009 -27"><span class='ocrx_word' id='word_1_731' title='bbox 1959 3397 2025 3452; x_wconf 82' lang='lat' dir='ltr'><strong>In</strong></span> <span class='ocrx_word' id='word_1_732' title='bbox 2056 3415 2190 3463; x_wconf 80' lang='lat' dir='ltr'><strong>voce,</strong></span> <span class='ocrx_word' id='word_1_733' title='bbox 2226 3401 2413 3468; x_wconf 87' lang='lat' dir='ltr'><strong>inquit,</strong></span> <span class='ocrx_word' id='word_1_734' title='bbox 2445 3403 2793 3457; x_wconf 65' lang='lat' dir='ltr'><strong>extra/talionis</strong></span> <span class='ocrx_word' id='word_1_735' title='bbox 2819 3414 2865 3456; x_wconf 86' lang='lat' dir='ltr'><strong>et</strong></span> <span class='ocrx_word' id='word_1_736' title='bbox 2884 3407 3236 3474; x_wconf 68' lang='lat' dir='ltr'><strong>confessionis,</strong></span> <span class='ocrx_word' id='word_1_737' title='bbox 3269 3409 3379 3463; x_wconf 67' lang='lat' dir='ltr'><strong>soni</strong></span> <span class='ocrx_word' id='word_1_738' title='bbox 3407 3410 3547 3478; x_wconf 54' lang='lat' dir='ltr'><strong>festi-2</strong></span> 
     </span>
    </p>
   </div>
   <div class='ocr_carea' id='block_1_96' title="bbox 1958 3495 3549 3571">
    <p class='ocr_par' dir='ltr' id='par_1_96' title="bbox 1958 3495 3549 3571">
     <span class='ocr_line' id='line_1_96' title="bbox 1958 3495 3549 3571; baseline 0.006 -23"><span class='ocrx_word' id='word_1_739' title='bbox 1958 3496 2159 3571; x_wconf 65' lang='lat' dir='ltr'><strong>vitarent</strong></span> <span class='ocrx_word' id='word_1_740' title='bbox 2191 3495 2504 3560; x_wconf 76' lang='lat' dir='ltr'><strong>celebrantis.</strong></span> <span class='ocrx_word' id='word_1_741' title='bbox 2542 3495 2695 3550; x_wconf 82' lang='lat' dir='ltr'><strong>Festa</strong></span> <span class='ocrx_word' id='word_1_742' title='bbox 2724 3512 2844 3560; x_wconf 84' lang='lat' dir='ltr'><strong>cum</strong></span> <span class='ocrx_word' id='word_1_743' title='bbox 2886 3497 2972 3552; x_wconf 89' lang='lat' dir='ltr'><strong>hic</strong></span> <span class='ocrx_word' id='word_1_744' title='bbox 2998 3499 3239 3556; x_wconf 86' lang='lat' dir='ltr'><strong>homines</strong></span> <span class='ocrx_word' id='word_1_745' title='bbox 3274 3501 3549 3558; x_wconf 80' lang='lat' dir='ltr'><strong>celebrant</strong></span> 
     </span>
    </p>
   </div>
   <div class='ocr_carea' id='block_1_97' title="bbox 1960 3587 3548 3658">
    <p class='ocr_par' dir='ltr' id='par_1_97' title="bbox 1960 3587 3548 3658">
     <span class='ocr_line' id='line_1_97' title="bbox 1960 3587 3548 3658; baseline 0.006 -20"><span class='ocrx_word' id='word_1_746' title='bbox 1960 3603 2071 3644; x_wconf 76' lang='lat' dir='ltr'><strong>sum</strong></span> <span class='ocrx_word' id='word_1_747' title='bbox 2098 3601 2307 3656; x_wconf 89' lang='lat' dir='ltr'><strong>quoque</strong></span> <span class='ocrx_word' id='word_1_748' title='bbox 2339 3587 2578 3641; x_wconf 68' lang='lat' dir='ltr'><strong>luxuria).</strong></span> <span class='ocrx_word' id='word_1_749' title='bbox 2630 3589 3067 3658; x_wconf 81' lang='lat' dir='ltr'><strong>consuetudinem</strong></span> <span class='ocrx_word' id='word_1_750' title='bbox 3110 3589 3307 3650; x_wconf 77' lang='lat' dir='ltr'><strong>habent,</strong></span> <span class='ocrx_word' id='word_1_751' title='bbox 3347 3592 3548 3654; x_wconf 85' lang='lat' dir='ltr'><strong>consti-</strong></span> 
     </span>
    </p>
   </div>
   <div class='ocr_carea' id='block_1_98' title="bbox 1962 3679 3549 3754">
    <p class='ocr_par' dir='ltr' id='par_1_98' title="bbox 1962 3679 3549 3754">
     <span class='ocr_line' id='line_1_98' title="bbox 1962 3679 3549 3754; baseline 0.002 -21"><span class='ocrx_word' id='word_1_752' title='bbox 1962 3687 2112 3733; x_wconf 88' lang='lat' dir='ltr'><strong>tuere</strong></span> <span class='ocrx_word' id='word_1_753' title='bbox 2143 3694 2336 3750; x_wconf 80' lang='lat' dir='ltr'><strong>organa</strong></span> <span class='ocrx_word' id='word_1_754' title='bbox 2386 3688 2506 3736; x_wconf 88' lang='lat' dir='ltr'><strong>ante</strong></span> <span class='ocrx_word' id='word_1_755' title='bbox 2531 3679 2720 3746; x_wconf 88' lang='lat' dir='ltr'><strong>domos</strong></span> <span class='ocrx_word' id='word_1_756' title='bbox 2748 3693 2891 3744; x_wconf 91' lang='lat' dir='ltr'><strong>suas,</strong></span> <span class='ocrx_word' id='word_1_757' title='bbox 2929 3691 3017 3748; x_wconf 77' lang='lat' dir='ltr'><strong>aut</strong></span> <span class='ocrx_word' id='word_1_758' title='bbox 3062 3696 3259 3751; x_wconf 83' lang='lat' dir='ltr'><strong>ponere</strong></span> <span class='ocrx_word' id='word_1_759' title='bbox 3296 3683 3549 3754; x_wconf 86' lang='lat' dir='ltr'><strong>sympho-</strong></span> 
     </span>
    </p>
   </div>
   <div class='ocr_carea' id='block_1_99' title="bbox 1962 3771 3550 3842">
    <p class='ocr_par' dir='ltr' id='par_1_99' title="bbox 1962 3771 3550 3842">
     <span class='ocr_line' id='line_1_99' title="bbox 1962 3771 3550 3842; baseline 0.006 -17"><span class='ocrx_word' id='word_1_760' title='bbox 1962 3771 2199 3835; x_wconf 60' lang='lat' dir='ltr'><strong>niacos”,</strong></span> <span class='ocrx_word' id='word_1_761' title='bbox 2234 3773 2313 3840; x_wconf 83' lang='lat' dir='ltr'><strong>vel</strong></span> <span class='ocrx_word' id='word_1_762' title='bbox 2343 3787 2562 3842; x_wconf 67' lang='lat' dir='ltr'><strong>quaeque</strong></span> <span class='ocrx_word' id='word_1_763' title='bbox 2584 3773 2780 3828; x_wconf 89' lang='lat' dir='ltr'><strong>musica</strong></span> <span class='ocrx_word' id='word_1_764' title='bbox 2809 3774 2873 3830; x_wconf 88' lang='lat' dir='ltr'><strong>ad</strong></span> <span class='ocrx_word' id='word_1_765' title='bbox 2901 3775 3162 3840; x_wconf 79' lang='lat' dir='ltr'><strong>luxuriam</strong></span> <span class='ocrx_word' id='word_1_766' title='bbox 3187 3777 3470 3834; x_wconf 87' lang='lat' dir='ltr'><strong>servientia</strong></span> <span class='ocrx_word' id='word_1_767' title='bbox 3493 3786 3550 3835; x_wconf 79' lang='grc' dir='ltr'><strong>ιιι</strong></span> 
     </span>
    </p>
   </div>
   <div class='ocr_carea' id='block_1_100' title="bbox 1964 3865 3550 3939">
    <p class='ocr_par' dir='ltr' id='par_1_100' title="bbox 1964 3865 3550 3939">
     <span class='ocr_line' id='line_1_100' title="bbox 1964 3865 3550 3939; baseline 0.004 -21"><span class='ocrx_word' id='word_1_768' title='bbox 1964 3865 2252 3936; x_wconf 79' lang='lat' dir='ltr'><strong>illicientia.</strong></span> <span class='ocrx_word' id='word_1_769' title='bbox 2297 3865 2360 3920; x_wconf 84' lang='lat' dir='ltr'><strong>Et</strong></span> <span class='ocrx_word' id='word_1_770' title='bbox 2406 3865 2494 3932; x_wconf 90' lang='lat' dir='ltr'><strong>ubi</strong></span> <span class='ocrx_word' id='word_1_771' title='bbox 2539 3865 2715 3922; x_wconf 87' lang='lat' dir='ltr'><strong>audita</strong></span> <span class='ocrx_word' id='word_1_772' title='bbox 2753 3866 2950 3936; x_wconf 79' lang='lat' dir='ltr'><strong>fuerint</strong></span> <span class='ocrx_word' id='word_1_773' title='bbox 2980 3869 3111 3932; x_wconf 75' lang='lat' dir='ltr'><strong>lucc,</strong></span> <span class='ocrx_word' id='word_1_774' title='bbox 3164 3867 3290 3939; x_wconf 88' lang='lat' dir='ltr'><strong>quid</strong></span> <span class='ocrx_word' id='word_1_775' title='bbox 3317 3867 3550 3936; x_wconf 72' lang='lat' dir='ltr'><strong>dicimus</strong></span> 
     </span>
    </p>
   </div>
   <div class='ocr_carea' id='block_1_101' title="bbox 1963 3957 3549 4034">
    <p class='ocr_par' dir='ltr' id='par_1_101' title="bbox 1963 3957 3549 4034">
     <span class='ocr_line' id='line_1_101' title="bbox 1963 3957 3549 4034; baseline 0.003 -22"><span class='ocrx_word' id='word_1_776' title='bbox 1963 3959 2052 4034; x_wconf 83' lang='lat' dir='ltr'><strong>qui</strong></span> <span class='ocrx_word' id='word_1_777' title='bbox 2085 3957 2412 4012; x_wconf 70' lang='lat' dir='ltr'><strong>transimus?</strong></span> <span class='ocrx_word' id='word_1_778' title='bbox 2435 3959 2568 4024; x_wconf 80' lang='lat' dir='ltr'><strong>Quid</strong></span> <span class='ocrx_word' id='word_1_779' title='bbox 2610 3959 2695 4014; x_wconf 93' lang='lat' dir='ltr'><strong>hic</strong></span> <span class='ocrx_word' id='word_1_780' title='bbox 2723 3959 2936 4027; x_wconf 73' lang='lat' dir='ltr'><strong>agitur?</strong></span> <span class='ocrx_word' id='word_1_781' title='bbox 2964 3960 3027 4024; x_wconf 79' lang='lat' dir='ltr'><strong>Et</strong></span> <span class='ocrx_word' id='word_1_782' title='bbox 3057 3960 3408 4032; x_wconf 82' lang='lat' dir='ltr'><strong>respondetur</strong></span> <span class='ocrx_word' id='word_1_783' title='bbox 3453 3975 3549 4022; x_wconf 86' lang='lat' dir='ltr'><strong>no-</strong></span> 
     </span>
    </p>
   </div>
   <div class='ocr_carea' id='block_1_102' title="bbox 1966 4047 3543 4124">
    <p class='ocr_par' dir='ltr' id='par_1_102' title="bbox 1966 4047 3543 4124">
     <span class='ocr_line' id='line_1_102' title="bbox 1966 4047 3543 4124; baseline 0.006 -23"><span class='ocrx_word' id='word_1_784' title='bbox 1966 4047 2066 4113; x_wconf 88' lang='lat' dir='ltr'><strong>bis,</strong></span> <span class='ocrx_word' id='word_1_785' title='bbox 2115 4048 2285 4116; x_wconf 89' lang='lat' dir='ltr'><strong>aliqua</strong></span> <span class='ocrx_word' id='word_1_786' title='bbox 2330 4063 2448 4106; x_wconf 82' lang='lat' dir='ltr'><strong>esse</strong></span> <span class='ocrx_word' id='word_1_787' title='bbox 2490 4049 2637 4103; x_wconf 81' lang='lat' dir='ltr'><strong>festa.</strong></span> <span class='ocrx_word' id='word_1_788' title='bbox 2692 4050 2958 4124; x_wconf 76' lang='lat' dir='ltr'><strong>Natalitia,</strong></span> <span class='ocrx_word' id='word_1_789' title='bbox 3006 4052 3198 4122; x_wconf 79' lang='lat' dir='ltr'><strong>inquit,</strong></span> <span class='ocrx_word' id='word_1_790' title='bbox 3246 4053 3543 4119; x_wconf 77' lang='lat' dir='ltr'><strong>celebrant.</strong></span> 
     </span>
    </p>
   </div>
   <div class='ocr_carea' id='block_1_103' title="bbox 1967 4141 3551 4216">
    <p class='ocr_par' dir='ltr' id='par_1_103' title="bbox 1967 4141 3551 4216">
     <span class='ocr_line' id='line_1_103' title="bbox 1967 4141 3551 4216; baseline 0.003 -21"><span class='ocrx_word' id='word_1_791' title='bbox 1967 4143 2164 4211; x_wconf 75' lang='lat' dir='ltr'><strong>nuptiae</strong></span> <span class='ocrx_word' id='word_1_792' title='bbox 2189 4141 2274 4204; x_wconf 85' lang='lat' dir='ltr'><strong>hic</strong></span> <span class='ocrx_word' id='word_1_793' title='bbox 2294 4152 2452 4214; x_wconf 85' lang='lat' dir='ltr'><strong>sunt:</strong></span> <span class='ocrx_word' id='word_1_794' title='bbox 2487 4152 2541 4198; x_wconf 91' lang='lat' dir='ltr'><strong>ut</strong></span> <span class='ocrx_word' id='word_1_795' title='bbox 2572 4159 2676 4198; x_wconf 88' lang='lat' dir='ltr'><strong>non</strong></span> <span class='ocrx_word' id='word_1_796' title='bbox 2708 4144 2986 4216; x_wconf 69' lang='lat' dir='ltr'><strong>videantur</strong></span> <span class='ocrx_word' id='word_1_797' title='bbox 3007 4145 3181 4214; x_wconf 85' lang='lat' dir='ltr'><strong>inepta</strong></span> <span class='ocrx_word' id='word_1_798' title='bbox 3214 4146 3300 4206; x_wconf 86' lang='lat' dir='ltr'><strong>illa</strong></span> <span class='ocrx_word' id='word_1_799' title='bbox 3322 4147 3551 4213; x_wconf 71' lang='lat' dir='ltr'><strong>cantica,</strong></span> 
     </span>
    </p>
   </div>
   <div class='ocr_carea' id='block_1_104' title="bbox 1967 4233 3550 4304">
    <p class='ocr_par' dir='ltr' id='par_1_104' title="bbox 1967 4233 3550 4304">
     <span class='ocr_line' id='line_1_104' title="bbox 1967 4233 3550 4304; baseline 0.003 -16"><span class='ocrx_word' id='word_1_800' title='bbox 1967 4233 2057 4288; x_wconf 85' lang='lat' dir='ltr'><strong>sed</strong></span> <span class='ocrx_word' id='word_1_801' title='bbox 2085 4243 2367 4288; x_wconf 81' lang='lat' dir='ltr'><strong>excusetur</strong></span> <span class='ocrx_word' id='word_1_802' title='bbox 2393 4234 2672 4290; x_wconf 77' lang='lat' dir='ltr'><strong>festivitate</strong></span> <span class='ocrx_word' id='word_1_803' title='bbox 2694 4234 2899 4304; x_wconf 80' lang='lat' dir='ltr'><strong>luxuria</strong></span> <span class='ocrx_word' id='word_1_804' title='bbox 2923 4234 2963 4287; x_wconf 71' lang='grc'><strong><em>⁵.</em></strong></span> <span class='ocrx_word' id='word_1_805' title='bbox 2998 4235 3054 4290; x_wconf 91' lang='lat' dir='ltr'><strong>ln</strong></span> <span class='ocrx_word' id='word_1_806' title='bbox 3084 4235 3244 4304; x_wconf 86' lang='lat' dir='ltr'><strong>domo</strong></span> <span class='ocrx_word' id='word_1_807' title='bbox 3278 4237 3370 4294; x_wconf 89' lang='lat' dir='ltr'><strong>Dei</strong></span> <span class='ocrx_word' id='word_1_808' title='bbox 3405 4236 3550 4294; x_wconf 71' lang='lat' dir='ltr'><strong>festi-</strong></span> 
     </span>
    </p>
   </div>
   <div class='ocr_carea' id='block_1_105' title="bbox 1967 4324 3558 4396">
    <p class='ocr_par' dir='ltr' id='par_1_105' title="bbox 1967 4324 3558 4396">
     <span class='ocr_line' id='line_1_105' title="bbox 1967 4324 3558 4396; baseline 0.005 -21"><span class='ocrx_word' id='word_1_809' title='bbox 1967 4325 2103 4378; x_wconf 83' lang='lat' dir='ltr'><strong>vitas</strong></span> <span class='ocrx_word' id='word_1_810' title='bbox 2129 4324 2448 4396; x_wconf 82' lang='lat' dir='ltr'><strong>sempitcrna</strong></span> <span class='ocrx_word' id='word_1_811' title='bbox 2481 4336 2579 4378; x_wconf 88' lang='lat' dir='ltr'><strong>est.</strong></span> <span class='ocrx_word' id='word_1_812' title='bbox 2615 4325 2724 4379; x_wconf 79' lang='lat' dir='ltr'><strong>Non</strong></span> <span class='ocrx_word' id='word_1_813' title='bbox 2753 4327 2894 4380; x_wconf 87' lang='lat' dir='ltr'><strong>enim</strong></span> <span class='ocrx_word' id='word_1_814' title='bbox 2936 4325 3132 4394; x_wconf 82' lang='lat' dir='ltr'><strong>aliquid</strong></span> <span class='ocrx_word' id='word_1_815' title='bbox 3158 4327 3228 4380; x_wconf 90' lang='lat' dir='ltr'><strong>ibi</strong></span> <span class='ocrx_word' id='word_1_816' title='bbox 3252 4326 3558 4389; x_wconf 66' lang='lat' dir='ltr'><strong>celebratur</strong></span> 
     </span>
    </p>
   </div>
   <div class='ocr_carea' id='block_1_106' title="bbox 1969 4415 3551 4486">
    <p class='ocr_par' dir='ltr' id='par_1_106' title="bbox 1969 4415 3551 4486">
     <span class='ocr_line' id='line_1_106' title="bbox 1969 4415 3551 4486; baseline 0.003 -16"><span class='ocrx_word' id='word_1_817' title='bbox 1969 4425 2023 4470; x_wconf 88' lang='lat' dir='ltr'><strong>et</strong></span> <span class='ocrx_word' id='word_1_818' title='bbox 2053 4417 2256 4471; x_wconf 86' lang='lat' dir='ltr'><strong>transit.</strong></span> <span class='ocrx_word' id='word_1_819' title='bbox 2289 4415 2501 4471; x_wconf 78' lang='lat' dir='ltr'><strong>Festum</strong></span> <span class='ocrx_word' id='word_1_820' title='bbox 2533 4418 2937 4486; x_wconf 80' lang='lat' dir='ltr'><strong>sempiternum,</strong></span> <span class='ocrx_word' id='word_1_821' title='bbox 2970 4416 3167 4482; x_wconf 79' lang='lat' dir='ltr'><strong>chorus</strong></span> <span class='ocrx_word' id='word_1_822' title='bbox 3186 4417 3551 4486; x_wconf 73' lang='lat' dir='ltr'><strong>Angelorttm:</strong></span> 
     </span>
    </p>
   </div>
   <div class='ocr_carea' id='block_1_107' title="bbox 1970 4506 3556 4582">
    <p class='ocr_par' dir='ltr' id='par_1_107' title="bbox 1970 4506 3556 4582">
     <span class='ocr_line' id='line_1_107' title="bbox 1970 4506 3556 4582; baseline 0.003 -22"><span class='ocrx_word' id='word_1_823' title='bbox 1970 4510 2143 4582; x_wconf 79' lang='lat' dir='ltr'><strong>vultus</strong></span> <span class='ocrx_word' id='word_1_824' title='bbox 2203 4522 2435 4576; x_wconf 62' lang='lat' dir='ltr'><strong>praesens</strong></span> <span class='ocrx_word' id='word_1_825' title='bbox 2485 4507 2596 4572; x_wconf 88' lang='lat' dir='ltr'><strong>Dei,</strong></span> <span class='ocrx_word' id='word_1_826' title='bbox 2631 4507 2813 4582; x_wconf 72' lang='lat' dir='ltr'><strong>ltetitiq</strong></span> <span class='ocrx_word' id='word_1_827' title='bbox 2856 4508 2969 4570; x_wconf 78' lang='lat' dir='ltr'><strong>sine</strong></span> <span class='ocrx_word' id='word_1_828' title='bbox 3006 4506 3266 4580; x_wconf 56' lang='lat' dir='ltr'><strong>deiectum</strong></span> <span class='ocrx_word' id='word_1_829' title='bbox 3297 4508 3418 4572; x_wconf 84' lang='lat' dir='ltr'><strong>Dies</strong></span> <span class='ocrx_word' id='word_1_830' title='bbox 3469 4507 3556 4564; x_wconf 85' lang='lat' dir='ltr'><strong>hic</strong></span> 
     </span>
    </p>
   </div>
   <div class='ocr_carea' id='block_1_108' title="bbox 1971 4599 3554 4676">
    <p class='ocr_par' dir='ltr' id='par_1_108' title="bbox 1971 4599 3554 4676">
     <span class='ocr_line' id='line_1_108' title="bbox 1971 4599 3554 4676; baseline 0.001 -22"><span class='ocrx_word' id='word_1_831' title='bbox 1971 4601 2136 4654; x_wconf 78' lang='lat' dir='ltr'><strong>festus</strong></span> <span class='ocrx_word' id='word_1_832' title='bbox 2161 4601 2228 4658; x_wconf 88' lang='lat' dir='ltr'><strong>ita</strong></span> <span class='ocrx_word' id='word_1_833' title='bbox 2255 4608 2355 4665; x_wconf 85' lang='lat' dir='ltr'><strong>est,</strong></span> <span class='ocrx_word' id='word_1_834' title='bbox 2381 4607 2437 4658; x_wconf 87' lang='lat' dir='ltr'><strong>ut</strong></span> <span class='ocrx_word' id='word_1_835' title='bbox 2465 4614 2562 4654; x_wconf 91' lang='lat' dir='ltr'><strong>nec</strong></span> <span class='ocrx_word' id='word_1_836' title='bbox 2589 4600 2855 4668; x_wconf 87' lang='lat' dir='ltr'><strong>aperiatur</strong></span> <span class='ocrx_word' id='word_1_837' title='bbox 2877 4599 3044 4664; x_wconf 91' lang='lat' dir='ltr'><strong>initio,</strong></span> <span class='ocrx_word' id='word_1_838' title='bbox 3068 4615 3166 4676; x_wconf 76' lang='lat' dir='ltr'><strong>nec</strong></span> <span class='ocrx_word' id='word_1_839' title='bbox 3197 4599 3303 4668; x_wconf 74' lang='lat' dir='ltr'><strong>(ine</strong></span> <span class='ocrx_word' id='word_1_840' title='bbox 3340 4600 3554 4664; x_wconf 79' lang='lat' dir='ltr'><strong>clauda-</strong></span> 
     </span>
    </p>
   </div>
   <div class='ocr_carea' id='block_1_109' title="bbox 1971 4693 3557 4768">
    <p class='ocr_par' dir='ltr' id='par_1_109' title="bbox 1971 4693 3557 4768">
     <span class='ocr_line' id='line_1_109' title="bbox 1971 4693 3557 4768; baseline 0.002 -21"><span class='ocrx_word' id='word_1_841' title='bbox 1971 4703 2074 4748; x_wconf 89' lang='lat' dir='ltr'><strong>tur.</strong></span> <span class='ocrx_word' id='word_1_842' title='bbox 2107 4694 2178 4746; x_wconf 88' lang='lat' dir='ltr'><strong>De</strong></span> <span class='ocrx_word' id='word_1_843' title='bbox 2204 4693 2288 4746; x_wconf 91' lang='lat' dir='ltr'><strong>illa</strong></span> <span class='ocrx_word' id='word_1_844' title='bbox 2319 4700 2516 4747; x_wconf 84' lang='lat' dir='ltr'><strong>aeterna</strong></span> <span class='ocrx_word' id='word_1_845' title='bbox 2541 4702 2595 4748; x_wconf 92' lang='lat' dir='ltr'><strong>et</strong></span> <span class='ocrx_word' id='word_1_846' title='bbox 2617 4702 2866 4762; x_wconf 87' lang='lat' dir='ltr'><strong>perpetua</strong></span> <span class='ocrx_word' id='word_1_847' title='bbox 2896 4694 3180 4765; x_wconf 68' lang='lat' dir='ltr'><strong>festivitate</strong></span> <span class='ocrx_word' id='word_1_848' title='bbox 3205 4696 3557 4768; x_wconf 29' lang='lat' dir='ltr'><strong>so&#39;natneseio</strong></span> 
     </span>
    </p>
   </div>
   <div class='ocr_carea' id='block_1_110' title="bbox 1971 4784 3553 4856">
    <p class='ocr_par' dir='ltr' id='par_1_110' title="bbox 1971 4784 3553 4856">
     <span class='ocr_line' id='line_1_110' title="bbox 1971 4784 3553 4856; baseline 0.002 -20"><span class='ocrx_word' id='word_1_849' title='bbox 1971 4786 2094 4856; x_wconf 89' lang='lat' dir='ltr'><strong>quid</strong></span> <span class='ocrx_word' id='word_1_850' title='bbox 2122 4800 2375 4839; x_wconf 87' lang='lat' dir='ltr'><strong>canorum</strong></span> <span class='ocrx_word' id='word_1_851' title='bbox 2426 4795 2480 4839; x_wconf 90' lang='lat' dir='ltr'><strong>et</strong></span> <span class='ocrx_word' id='word_1_852' title='bbox 2522 4784 2676 4842; x_wconf 88' lang='lat' dir='ltr'><strong>dulce</strong></span> <span class='ocrx_word' id='word_1_853' title='bbox 2716 4786 2934 4840; x_wconf 88' lang='lat' dir='ltr'><strong>auribus</strong></span> <span class='ocrx_word' id='word_1_854' title='bbox 2971 4785 3148 4852; x_wconf 80' lang='lat' dir='ltr'><strong>cordis</strong></span> <span class='ocrx_word' id='word_1_855' title='bbox 3179 4802 3195 4840; x_wconf 89' lang='lat'><strong>:</strong></span> <span class='ocrx_word' id='word_1_856' title='bbox 3224 4786 3318 4846; x_wconf 82' lang='lat' dir='ltr'><strong>sed</strong></span> <span class='ocrx_word' id='word_1_857' title='bbox 3360 4786 3406 4842; x_wconf 84' lang='lat' dir='ltr'><strong>si</strong></span> <span class='ocrx_word' id='word_1_858' title='bbox 3450 4801 3553 4840; x_wconf 93' lang='lat' dir='ltr'><strong>non</strong></span> 
     </span>
    </p>
   </div>
   <div class='ocr_carea' id='block_1_111' title="bbox 1975 4876 3559 4948">
    <p class='ocr_par' dir='ltr' id='par_1_111' title="bbox 1975 4876 3559 4948">
     <span class='ocr_line' id='line_1_111' title="bbox 1975 4876 3559 4948; baseline 0.002 -17"><span class='ocrx_word' id='word_1_859' title='bbox 1975 4887 2274 4948; x_wconf 81' lang='lat' dir='ltr'><strong>perstrepat</strong></span> <span class='ocrx_word' id='word_1_860' title='bbox 2303 4878 2553 4934; x_wconf 90' lang='lat' dir='ltr'><strong>mundus.</strong></span> <span class='ocrx_word' id='word_1_861' title='bbox 2588 4876 2888 4934; x_wconf 83' lang='lat' dir='ltr'><strong>Ambulanti</strong></span> <span class='ocrx_word' id='word_1_862' title='bbox 2941 4879 2992 4944; x_wconf 84' lang='lat' dir='ltr'><strong>in</strong></span> <span class='ocrx_word' id='word_1_863' title='bbox 3033 4876 3135 4942; x_wconf 82' lang='lat' dir='ltr'><strong>hoc</strong></span> <span class='ocrx_word' id='word_1_864' title='bbox 3176 4877 3559 4948; x_wconf 66' lang='lat' dir='ltr'><strong>tabernaculo!</strong></span> 
     </span>
    </p>
   </div>
   <div class='ocr_carea' id='block_1_112' title="bbox 1974 4970 3557 5048">
    <p class='ocr_par' dir='ltr' id='par_1_112' title="bbox 1974 4970 3557 5048">
     <span class='ocr_line' id='line_1_112' title="bbox 1974 4970 3557 5048; baseline 0.001 -23"><span class='ocrx_word' id='word_1_865' title='bbox 1974 4984 2026 5048; x_wconf 73' lang='lat' dir='ltr'><strong>et</strong></span> <span class='ocrx_word' id='word_1_866' title='bbox 2058 4971 2310 5028; x_wconf 87' lang='lat' dir='ltr'><strong>miracula</strong></span> <span class='ocrx_word' id='word_1_867' title='bbox 2360 4972 2449 5026; x_wconf 81' lang='lat' dir='ltr'><strong>Dei</strong></span> <span class='ocrx_word' id='word_1_868' title='bbox 2494 4972 2543 5032; x_wconf 90' lang='lat' dir='ltr'><strong>in</strong></span> <span class='ocrx_word' id='word_1_869' title='bbox 2573 4970 2992 5038; x_wconf 84' lang='lat' dir='ltr'><strong>redemptionem</strong></span> <span class='ocrx_word' id='word_1_870' title='bbox 3021 4970 3256 5044; x_wconf 73' lang='lat' dir='ltr'><strong>ﬁdelium</strong></span> <span class='ocrx_word' id='word_1_871' title='bbox 3309 4970 3557 5038; x_wconf 78' lang='lat' dir='ltr'><strong>conside-</strong></span> 
     </span>
    </p>
   </div>
   <div class='ocr_carea' id='block_1_113' title="bbox 1976 5061 3560 5130">
    <p class='ocr_par' dir='ltr' id='par_1_113' title="bbox 1976 5061 3560 5130">
     <span class='ocr_line' id='line_1_113' title="bbox 1976 5061 3560 5130; baseline -0.003 -12"><span class='ocrx_word' id='word_1_872' title='bbox 1976 5064 2133 5124; x_wconf 85' lang='lat' dir='ltr'><strong>ranti,</strong></span> <span class='ocrx_word' id='word_1_873' title='bbox 2163 5062 2361 5116; x_wconf 88' lang='lat' dir='ltr'><strong>mulcet</strong></span> <span class='ocrx_word' id='word_1_874' title='bbox 2399 5076 2579 5122; x_wconf 84' lang='lat' dir='ltr'><strong>aurem</strong></span> <span class='ocrx_word' id='word_1_875' title='bbox 2609 5075 2772 5115; x_wconf 84' lang='lat' dir='ltr'><strong>Solius</strong></span> <span class='ocrx_word' id='word_1_876' title='bbox 2796 5061 3094 5126; x_wconf 65' lang='lat' dir='ltr'><strong>festivitatis</strong></span> <span class='ocrx_word' id='word_1_877' title='bbox 3127 5063 3286 5128; x_wconf 84' lang='lat' dir='ltr'><strong>illius,</strong></span> <span class='ocrx_word' id='word_1_878' title='bbox 3319 5072 3374 5118; x_wconf 87' lang='lat' dir='ltr'><strong>et</strong></span> <span class='ocrx_word' id='word_1_879' title='bbox 3421 5061 3560 5130; x_wconf 57' lang='lat' dir='ltr'><strong>rapit</strong></span> 
     </span>
    </p>
   </div>
   <div class='ocr_carea' id='block_1_114' title="bbox 1976 5151 2792 5224">
    <p class='ocr_par' dir='ltr' id='par_1_114' title="bbox 1976 5151 2792 5224">
     <span class='ocr_line' id='line_1_114' title="bbox 1976 5151 2792 5224; baseline -0.004 -17"><span class='ocrx_word' id='word_1_880' title='bbox 1976 5169 2188 5207; x_wconf 86' lang='lat' dir='ltr'><strong>cervum</strong></span> <span class='ocrx_word' id='word_1_881' title='bbox 2219 5152 2282 5205; x_wconf 86' lang='lat' dir='ltr'><strong>ad</strong></span> <span class='ocrx_word' id='word_1_882' title='bbox 2317 5151 2486 5206; x_wconf 79' lang='lat' dir='ltr'><strong>fontes</strong></span> <span class='ocrx_word' id='word_1_883' title='bbox 2516 5168 2792 5224; x_wconf 79' lang='lat' dir='ltr'><strong>aquarum.</strong></span> 
     </span>
    </p>
   </div>
   <div class='ocr_carea' id='block_1_115' title="bbox 2051 5240 3562 5319">
    <p class='ocr_par' dir='ltr' id='par_1_115' title="bbox 2051 5240 3562 5319">
     <span class='ocr_line' id='line_1_115' title="bbox 2051 5240 3562 5319; baseline 0.001 -20"><span class='ocrx_word' id='word_1_884' title='bbox 2051 5245 2134 5299; x_wconf 81' lang='lat' dir='ltr'><strong>lO.</strong></span> <span class='ocrx_word' id='word_1_885' title='bbox 2170 5241 2316 5314; x_wconf 57' lang='lat' dir='ltr'><strong>[verm</strong></span> <span class='ocrx_word' id='word_1_886' title='bbox 2354 5243 2407 5308; x_wconf 85' lang='lat'><strong>6,</strong></span> <span class='ocrx_word' id='word_1_887' title='bbox 2441 5240 2517 5314; x_wconf 86' lang='lat'><strong>7.]</strong></span> <span class='ocrx_word' id='word_1_888' title='bbox 2549 5244 2652 5300; x_wconf 83' lang='lat' dir='ltr'><strong>Sed</strong></span> <span class='ocrx_word' id='word_1_889' title='bbox 2682 5245 2824 5313; x_wconf 89' lang='lat' dir='ltr'><strong>quia,</strong></span> <span class='ocrx_word' id='word_1_890' title='bbox 2854 5243 3066 5319; x_wconf 55' lang='lat' dir='ltr'><strong>fratres,</strong></span> <span class='ocrx_word' id='word_1_891' title='bbox 3099 5244 3348 5318; x_wconf 75' lang='lat' dir='ltr'><strong>quamdiu</strong></span> <span class='ocrx_word' id='word_1_892' title='bbox 3374 5258 3562 5314; x_wconf 69' lang='lat' dir='ltr'><strong>sumus</strong></span> 
     </span>
    </p>
   </div>
   <div class='ocr_carea' id='block_1_116' title="bbox 2045 5422 3296 5535">
    <p class='ocr_par' dir='ltr' id='par_1_116' title="bbox 2045 5422 3296 5535">
     <span class='ocr_line' id='line_1_116' title="bbox 2045 5422 3296 5535; baseline 0.006 -63"><span class='ocrx_word' id='word_1_893' title='bbox 2045 5431 2060 5456; x_wconf 84' lang='grc' dir='ltr'><strong>ι</strong></span> <span class='ocrx_word' id='word_1_894' title='bbox 2097 5432 2197 5473; x_wconf 89' lang='lat' dir='ltr'><strong>Duo</strong></span> <span class='ocrx_word' id='word_1_895' title='bbox 2219 5431 2348 5484; x_wconf 66' lang='lat' dir='ltr'><strong>Mss,</strong></span> <span class='ocrx_word' id='word_1_896' title='bbox 2362 5422 2599 5496; x_wconf 70' lang='lat' dir='ltr'><strong>justitiam</strong></span> <span class='ocrx_word' id='word_1_897' title='bbox 2616 5430 2662 5475; x_wconf 89' lang='lat' dir='ltr'><strong>et</strong></span> <span class='ocrx_word' id='word_1_898' title='bbox 2684 5425 2930 5496; x_wconf 66' lang='lat' dir='ltr'><strong>veritatem</strong></span> <span class='ocrx_word' id='word_1_899' title='bbox 2949 5425 3296 5535; x_wconf 57' lang='lat' dir='ltr'><strong>iénpendmtenl</strong></span> 
     </span>
     <span class='ocr_line' id='line_1_117' title="bbox 2046 5482 3296 5535; baseline -0.001 -1"><span class='ocrx_word' id='word_1_900' title='bbox 2046 5490 2064 5519; x_wconf 76' lang='grc'><strong>¹</strong></span> <span class='ocrx_word' id='word_1_901' title='bbox 2098 5487 2228 5535; x_wconf 51' lang='lat' dir='ltr'><strong>sua&quot;</strong></span> <span class='ocrx_word' id='word_1_902' title='bbox 2254 5491 2465 5535; x_wconf 81' lang='lat' dir='ltr'><strong>oercemt</strong></span> <span class='ocrx_word' id='word_1_903' title='bbox 2489 5486 2761 5535; x_wconf 82' lang='lat' dir='ltr'><strong>aumndam.</strong></span> <span class='ocrx_word' id='word_1_904' title='bbox 2799 5482 2960 5535; x_wconf 72' lang='lat' dir='ltr'><strong>tiedun</strong></span> <span class='ocrx_word' id='word_1_905' title='bbox 2995 5493 3061 5535; x_wconf 87' lang='lat' dir='ltr'><strong>at.</strong></span> <span class='ocrx_word' id='word_1_906' title='bbox 3087 5491 3296 5535; x_wconf 74' lang='lat' dir='ltr'><strong>verrem!</strong></span> 
     </span>
    </p>
   </div>
   <div class='ocr_carea' id='block_1_117' title="bbox 1980 5482 3562 5600">
    <p class='ocr_par' dir='ltr' id='par_1_117' title="bbox 1980 5482 3562 5600">
     <span class='ocr_line' id='line_1_118' title="bbox 1982 5482 3562 5597; baseline 0.002 -63"><span class='ocrx_word' id='word_1_907' title='bbox 1982 5551 1992 5562; x_wconf 42' lang='lat'>.</span> <span class='ocrx_word' id='word_1_908' title='bbox 2046 5487 2228 5597; x_wconf 52' lang='lat' dir='ltr'><strong>inadd,</strong></span> <span class='ocrx_word' id='word_1_909' title='bbox 2254 5482 2465 5550; x_wconf 65' lang='lat' dir='ltr'><strong>percepit</strong></span> <span class='ocrx_word' id='word_1_910' title='bbox 2489 5486 2761 5549; x_wconf 81' lang='lat' dir='ltr'><strong>quamdam.</strong></span> <span class='ocrx_word' id='word_1_911' title='bbox 2799 5482 3061 5545; x_wconf 57' lang='lat' dir='ltr'><strong>sedanda},</strong></span> <span class='ocrx_word' id='word_1_912' title='bbox 3086 5482 3315 5554; x_wconf 72' lang='lat' dir='ltr'><strong>percepit,</strong></span> <span class='ocrx_word' id='word_1_913' title='bbox 3349 5498 3441 5534; x_wconf 86' lang='lat' dir='ltr'><strong>nec</strong></span> <span class='ocrx_word' id='word_1_914' title='bbox 3485 5493 3562 5537; x_wconf 78' lang='lat' dir='ltr'><strong>est</strong></span> 
     </span>
     <span class='ocr_line' id='line_1_119' title="bbox 1980 5563 2170 5600; baseline -0.005 -1"><span class='ocrx_word' id='word_1_915' title='bbox 1980 5563 2029 5599; x_wconf 88' lang='lat' dir='ltr'><strong>tn</strong></span> <span class='ocrx_word' id='word_1_916' title='bbox 2068 5581 2074 5595; x_wconf 93' lang='lat'><strong>-.</strong></span> 
     </span>
    </p>
   </div>
   <div class='ocr_carea' id='block_1_118' title="bbox 2045 5608 3141 5643">
    <p class='ocr_par' dir='ltr' id='par_1_118' title="bbox 2045 5608 3141 5643">
     <span class='ocr_line' id='line_1_120' title="bbox 2045 5608 3141 5643; baseline 0 0"><span class='ocrx_word' id='word_1_917' title='bbox 2045 5613 2064 5643; x_wconf 74' lang='lat'><strong>3</strong></span> <span class='ocrx_word' id='word_1_918' title='bbox 2099 5611 2189 5643; x_wconf 67' lang='lat' dir='ltr'><strong>mhi</strong></span> <span class='ocrx_word' id='word_1_919' title='bbox 2261 5609 2586 5643; x_wconf 64' lang='lat' dir='ltr'><strong>urninhmn&#39;nm</strong></span> <span class='ocrx_word' id='word_1_920' title='bbox 2633 5620 2716 5643; x_wconf 78' lang='lat' dir='ltr'><strong>\lcc</strong></span> <span class='ocrx_word' id='word_1_921' title='bbox 2785 5608 3141 5643; x_wconf 66' lang='lat' dir='ltr'><strong>cirmnbmn&#39;nrnu</strong></span> 
     </span>
    </p>
   </div>
   <div class='ocr_carea' id='block_1_119' title="bbox 2044 5609 3158 5744">
    <p class='ocr_par' dir='ltr' id='par_1_119' title="bbox 2044 5609 3158 5744">
     <span class='ocr_line' id='line_1_121' title="bbox 2045 5609 3141 5643; baseline 0.008 -18"><span class='ocrx_word' id='word_1_922' title='bbox 2045 5613 2064 5643; x_wconf 72' lang='grc'>³</span> <span class='ocrx_word' id='word_1_923' title='bbox 2117 5619 2125 5626; x_wconf 76' lang='lat'><strong>.</strong></span> <span class='ocrx_word' id='word_1_924' title='bbox 2499 5609 2508 5618; x_wconf 90' lang='lat'>&#39;</span> <span class='ocrx_word' id='word_1_925' title='bbox 3022 5609 3032 5618; x_wconf 85' lang='lat'><strong>&#39;</strong></span> <span class='ocrx_word' id='word_1_926' title='bbox 3135 5625 3141 5634; x_wconf 77' lang='grc' dir='ltr'><strong>ι</strong></span> 
     </span>
     <span class='ocr_line' id='line_1_122' title="bbox 2044 5609 3158 5744; baseline 0 0"><span class='ocrx_word' id='word_1_927' title='bbox 2044 5674 2065 5744; x_wconf 71' lang='lat'><strong><em>2</em></strong></span> <span class='ocrx_word' id='word_1_928' title='bbox 2099 5611 2231 5744; x_wconf 62' lang='grc' dir='ltr'><strong>ξιῗὲἓζῖ</strong></span> <span class='ocrx_word' id='word_1_929' title='bbox 2254 5609 3158 5744; x_wconf 32' lang='lat' dir='ltr'><strong>iis???”</strong></span> 
     </span>
    </p>
   </div>
   <div class='ocr_carea' id='block_1_120' title="bbox 1989 5732 3569 5848">
    <p class='ocr_par' dir='ltr' id='par_1_120' title="bbox 1989 5732 3569 5848">
     <span class='ocr_line' id='line_1_123' title="bbox 1989 5732 3569 5848; baseline 0.003 -65"><span class='ocrx_word' id='word_1_930' title='bbox 1989 5735 2082 5848; x_wconf 56' lang='lat' dir='ltr'><strong>es:</strong></span> <span class='ocrx_word' id='word_1_931' title='bbox 2100 5732 2252 5785; x_wconf 83' lang='lat' dir='ltr'><strong>Hicin</strong></span> <span class='ocrx_word' id='word_1_932' title='bbox 2288 5735 2397 5784; x_wconf 74' lang='grc' dir='ltr'>ειιει.</span> <span class='ocrx_word' id='word_1_933' title='bbox 2423 5734 2628 5795; x_wconf 80' lang='lat' dir='ltr'><strong>additur,</strong></span> <span class='ocrx_word' id='word_1_934' title='bbox 2654 5732 2931 5784; x_wconf 63' lang='lat' dir='ltr'><strong>adndrabili</strong></span> <span class='ocrx_word' id='word_1_935' title='bbox 2955 5732 3042 5784; x_wconf 71' lang='lat' dir='ltr'><strong>Dei</strong></span> <span class='ocrx_word' id='word_1_936' title='bbox 3070 5745 3086 5782; x_wconf 89' lang='lat'><strong><em>:</em></strong></span> <span class='ocrx_word' id='word_1_937' title='bbox 3119 5732 3252 5794; x_wconf 77' lang='lat' dir='ltr'><strong>quod</strong></span> <span class='ocrx_word' id='word_1_938' title='bbox 3286 5746 3316 5784; x_wconf 83' lang='grc' dir='ltr'><strong>ι</strong></span> <span class='ocrx_word' id='word_1_939' title='bbox 3347 5738 3458 5785; x_wconf 68' lang='lat' dir='ltr'><strong>II.</strong></span> <span class='ocrx_word' id='word_1_940' title='bbox 3479 5732 3569 5784; x_wconf 63' lang='grc' dir='ltr'><strong>ὺ-</strong></span> 
     </span>
    </p>
   </div>
  </div>
