4042 6498
484 365 580 422 171

481 483 533 536 in
559 495 783 552 corpore
803 481 925 543 hoc.
952 479 1349 551 percgrinamur
1363 495 1391 533 a
1412 479 1635 535 Domino
1657 478 1726 551 (ll
1747 479 1863 534 Cor.
1895 493 1946 545 v,
1972 477 2054 548 6),

480 584 533 630 et
585 589 776 645 corpus
819 574 960 645 quod
1002 575 1361 644 corrumpitur
1397 583 1647 646 aggravat
1688 577 1943 641 animam,
2001 583 2056 631 et

455 667 728 738 deprimit
754 677 965 722 terrena
987 668 1300 723 inhabitatio
1316 682 1528 723 sensum
1551 668 1710 723 multa
1735 669 2052 739 cogitantem

481 759 637 831 (Sap.
657 775 732 825 ix,
755 759 841 833 15)
868 778 880 813 :
909 761 1008 816 etsi
1037 769 1321 832 utcumque
1348 761 1551 816 nebulis
1579 760 1844 831 diﬁ'ugatis
1873 763 2057 817 ambu-

483 853 637 908 lando
664 869 761 925 per
782 853 1125 918 desiderium,
1168 854 1236 909 ad
1267 854 1407 909 hunc
1433 869 1622 910 sonum
1659 857 2057 932 pervenerimus

480 945 766 1012 interdum,
794 955 852 1003 ut
885 945 1079 1016 aliquid
1106 945 1173 1000 de
1198 945 1285 1000 illa
1311 945 1470 1000 domo
1514 946 1605 1000 Dei
1635 945 1852 1002 nitendo
1874 963 2052 1019 capta-

479 1053 629 1104 mus;
661 1053 825 1093 onere
873 1045 1046 1092 tamen
1091 1037 1321 1108 quodam
1372 1037 1694 1092 inﬁrmitatis
1745 1049 1942 1094 nostras
1988 1039 2055 1095 ad

478 1137 731 1186 consueta
781 1130 1086 1197 recidimus,
1137 1139 1188 1184 et
1235 1128 1300 1185 ad
1334 1131 1486 1184 solita
1524 1133 1622 1185 ista
1652 1130 1955 1186 dilabimur.
1990 1133 2058 1188 Et

479 1222 746 1292 quomodo
787 1222 857 1278 ibi
894 1223 1265 1278 inveneramus
1297 1221 1437 1277 unde
1464 1223 1836 1291 gauderemus,
1865 1224 1942 1280 sic
1969 1224 2055 1280 hic

478 1330 584 1369 non
615 1315 786 1370 deerit
810 1314 950 1384 quod
971 1330 1263 1385 gemamus.
1294 1315 1498 1370 Etenim
1528 1329 1716 1371 cervus
1766 1317 1866 1371 iste
1909 1332 2056 1371 man-

475 1405 678 1460 ducans
703 1405 788 1460 die
815 1419 878 1459 ac
907 1416 1063 1460 nocte
1091 1406 1352 1477 lacrymas
1378 1421 1520 1471 suas,
1566 1417 1746 1476 raptus
1791 1408 2055 1463 desiderio

475 1501 543 1554 ad
573 1500 743 1554 fontes
790 1514 1043 1569 aquarum
1069 1541 1084 1566 ,
1127 1500 1432 1556 interiorem
1471 1501 1674 1556 scilicet
1719 1501 2052 1558 dulcedinem

476 1593 593 1659 Dei,
631 1591 909 1647 effundens
955 1609 1116 1663 super
1142 1608 1201 1648 se
1224 1593 1454 1648 animam
1501 1609 1671 1658 suam,
1720 1603 1778 1649 ut
1817 1603 2055 1664 tangeret

474 1683 615 1755 quod
640 1693 723 1739 est
745 1700 907 1754 super
939 1686 1169 1739 animam
1197 1700 1368 1752 suam,
1397 1685 1672 1741 ambulans
1701 1686 1752 1741 in
1780 1686 1952 1742 locum
1976 1696 2054 1742 ta-

470 1775 742 1832 bernaculi
764 1776 1111 1844 admirabilis,
1133 1791 1303 1848 usque
1321 1777 1388 1832 ad
1408 1777 1624 1833 domum
1646 1778 1763 1845 Dei,
1790 1787 1844 1834 et
1861 1779 2052 1837 ductus

472 1868 741 1923 interioris
769 1877 822 1923 et
851 1868 1193 1940 intelligibilis
1242 1871 1358 1925 soni
1383 1870 1740 1940 jucunditate,
1782 1879 1839 1926 ut
1875 1873 2050 1927 omnia

475 1962 740 2015 exteriora
789 1970 1176 2028 contemneret,
1231 1971 1286 2019 et
1338 1963 1394 2018 in
1437 1963 1690 2018 interiora
1733 1973 2047 2034 raperetur;

471 2051 643 2106 adhuc
675 2061 847 2106 tamen
874 2052 1034 2108 homo
1058 2063 1156 2118 est,
1200 2053 1372 2110 adhuc
1407 2054 1494 2110 hic
1518 2055 1702 2125 gemit,
1733 2054 1908 2111 adhuc
1929 2071 2049 2111 car-

470 2157 591 2198 nem
645 2143 882 2214 fragilem
937 2155 1144 2215 portat,
1187 2145 1361 2201 adhuc
1403 2147 1542 2202 inter
1594 2147 1841 2202 scandala
1892 2147 2050 2216 hujus

468 2235 652 2290 mundi
679 2237 1021 2305 periclitatur.
1043 2238 1296 2310 Respexit
1316 2253 1442 2310 ergo
1461 2238 1527 2294 ad
1551 2254 1631 2306 se,
1656 2249 1902 2310 tanquam
1925 2241 2050 2296 inde

467 2327 708 2388 veniens.
733 2337 786 2383 et
828 2329 904 2384 ait
939 2330 1038 2385 sibi
1087 2331 1376 2386 constituto
1411 2332 1549 2387 inter
1572 2331 1669 2387 has
1712 2333 1975 2398 tristitias,
1995 2343 2050 2389 et

466 2435 784 2491 comparans
813 2422 926 2479 hac
949 2424 1052 2479 illis
1072 2425 1137 2479 ad
1163 2440 1280 2496 quze
1305 2425 1529 2481 videnda
1563 2425 1835 2496 ingressus
1861 2437 1962 2494 est,
1995 2437 2050 2483 et

463 2523 585 2583 post
608 2531 726 2586 quae
767 2517 880 2570 visa
910 2531 1154 2588 egressus
1184 2526 1304 2574 est:
1339 2517 1530 2585 Quare,
1562 2519 1754 2589 inquit,
1787 2519 1944 2572 tristis
1971 2536 2041 2586 es,

464 2609 636 2660 anima
662 2625 792 2674 mea,
820 2617 866 2663 et
891 2626 1047 2678 quare
1070 2609 1337 2666 conturbas
1364 2613 1486 2688 me?
1513 2610 1654 2667 Ecce
1681 2612 1791 2682 jam
1817 2613 2044 2683 quadam

464 2698 718 2755 interiore
744 2698 1024 2755 dulcedine
1067 2702 1229 2757 laetati
1267 2717 1472 2769 sumus,
1505 2717 1630 2758 ecce
1682 2703 1796 2759 acie
1851 2703 2046 2758 mentis

462 2790 660 2860 aliquid
706 2793 1158 2859 incommutabile,
1213 2794 1312 2850 etsi
1357 2795 1678 2865 perstrictim
1723 2805 1779 2851 et
1825 2797 2040 2865 raptim,

463 2885 766 2954 perspicere
811 2887 1126 2956 potuimus:
1168 2902 1333 2957 quare
1378 2887 1552 2943 adhuc
1601 2888 1887 2943 conturbas
1933 2903 2040 2954 me,

461 2990 625 3046 quare
672 2975 844 3032 adhuc
892 2977 1058 3032 tristis
1098 2977 1196 3033 es?
1241 2977 1356 3033 Non
1397 2978 1538 3033 enim
1587 2977 1796 3033 dubitas
1839 2979 1909 3034 de
1934 2978 2044 3034 Deo

462 3077 576 3125 tuo.
619 3069 738 3124 Non
769 3071 912 3125 enim
943 3086 1049 3126 non
1083 3081 1167 3127 est
1193 3071 1333 3142 quod
1365 3072 1456 3126 tibi
1483 3071 1652 3140 dicas,
1695 3082 1880 3127 contra
1924 3072 2044 3131 illos

460 3165 552 3234 qui
578 3164 758 3218 dicunt
786 3182 799 3217 :
836 3164 932 3219 Ubi
960 3176 1032 3219 est
1056 3163 1192 3219 Deus
1224 3175 1339 3219 tuus
1358 3165 1513 3220 Nam
1529 3164 1723 3236 aliquid
1743 3166 2041 3220 incommu-

457 3255 623 3310 tabile
651 3257 909 3326 persensi,
941 3271 1105 3326 quare
1133 3256 1306 3311 adhuc
1332 3258 1616 3313 conturbas
1644 3258 1766 3312 me?
1793 3257 1961 3326 Spera
1989 3259 2040 3312 in

458 3345 641 3399 Deum.
673 3347 739 3400 Et
775 3347 924 3417 quasi
966 3347 1313 3417 responderet
1342 3347 1412 3402 illi
1443 3349 1617 3402 anima
1650 3349 1765 3419 ejus
1791 3350 1842 3403 in
1871 3349 2040 3404 silen-

457 3439 553 3504 tio,
579 3439 756 3506 Quare
797 3439 1055 3494 conturbo
1081 3449 1152 3505 te,
1196 3440 1296 3495 nisi
1340 3439 1465 3510 quia
1517 3439 1750 3495 nondum
1785 3455 1900 3494 sum
1946 3441 2037 3510 ibi,

456 3531 544 3585 ubi
568 3539 650 3584 est
675 3530 827 3586 dulce
848 3531 996 3594 illud,
1016 3547 1122 3602 quo
1149 3531 1227 3586 sic
1252 3541 1401 3603 rapta
1424 3547 1540 3588 sum
1569 3533 1716 3604 quasi
1746 3547 1841 3603 per
1868 3542 2041 3589 trans-

456 3621 625 3676 itum?
672 3621 932 3692 Numquid
948 3622 1056 3693 jam
1074 3623 1198 3679 bibo
1222 3623 1287 3678 de
1302 3622 1447 3679 fonte
1462 3624 1574 3691 illo,
1599 3623 1732 3679 nihil
1756 3626 2040 3681 metuens?

450 3715 561 3785 jam
589 3716 793 3769 nullum
826 3715 1131 3771 scandalum
1163 3717 1521 3788 pertimesco?
1543 3716 1652 3787 jam
1679 3717 1748 3773 de
1777 3718 2044 3789 cupiditao

456 3805 594 3861 tibus
641 3807 890 3861 omnibus
938 3815 1185 3878 tanquam
1230 3809 1475 3864 edomitis
1534 3810 1793 3881 victisque
1850 3826 2037 3866 secura

455 3899 618 3954 sum?
661 3899 852 3954 Nonne
899 3899 1156 3956 adversus
1205 3917 1291 3957 me
1343 3901 1589 3958 diabolus
1633 3903 1815 3974 vigilat
1867 3903 2038 3960 hostis

455 4007 604 4047 meus
622 3991 648 4045 ‘i
671 4006 847 4045 nonne
868 3991 1085 4062 laqueos
1109 3992 1236 4047 mihi
1263 3993 1499 4064 quotidie
1517 3994 1843 4065 deoeptionis
1864 3997 2040 4052 inten-

452 4081 570 4138 dit?
604 4081 719 4137 Non
773 4083 852 4137 vis
893 4092 950 4138 ut
986 4085 1298 4140 conturbem
1347 4094 1398 4140 te
1438 4087 1605 4156 posita
1649 4087 1702 4142 in
1731 4088 1948 4154 saeculo,
1979 4099 2033 4147 et

450 4175 728 4246 peregrina
762 4175 936 4232 adhuc
986 4191 1015 4230 a
1063 4175 1222 4232 domo
1274 4177 1370 4232 Dei
1419 4177 1562 4233 mei?
1609 4177 1736 4248 Sed,
1788 4180 1954 4252 Spera
1981 4183 2036 4237 in

452 4264 640 4334 Deum,
667 4267 952 4338 respondet
978 4267 1314 4324 conturbanti
1340 4284 1400 4325 se
1419 4269 1611 4326 anima:
1630 4286 1763 4338 sum,
1797 4283 1850 4328 et
1881 4275 2034 4344 quasi

449 4357 712 4414 rationem
751 4358 992 4414 reddenti
1040 4361 1452 4430 perturbationis
1493 4378 1623 4433 suae,
1653 4373 1868 4435 propter
1892 4368 2032 4422 mala

447 4450 642 4521 quibus
663 4451 897 4506 abundat
923 4450 1012 4506 hic
1058 4452 1305 4508 mundus.
1331 4452 1544 4509 Interim
1595 4455 1769 4511 habita
1817 4458 1871 4512 in
1912 4473 2026 4528 spe.

448 4543 584 4612 Spes
609 4543 890 4613 enim‘qua:
915 4543 1140 4610 videtur,
1181 4558 1288 4599 non
1319 4555 1402 4600 est
1426 4561 1548 4615 spes
1574 4564 1586 4600 :
1614 4547 1659 4602 si
1692 4558 1869 4604 autem
1889 4550 2030 4620 quod

447 4653 553 4692 non
599 4637 843 4692 videmus
877 4651 1174 4708 speramus,
1206 4652 1300 4707 per
1325 4639 1630 4708 patientiam
1659 4651 2030 4713 exspectamus

445 4729 619 4801 (Rom.
641 4745 756 4797 vm,
785 4729 877 4795 24,
905 4727 1022 4799 25).

518 4824 605 4878 11.
639 4821 806 4892 Spera
844 4823 900 4875 in
929 4821 1108 4876 Deum.
1137 4821 1312 4889 Quare
1340 4821 1545 4892 Spera?
1591 4823 1841 4889 Quoniam
1869 4829 2029 4897 conﬁ-

443 4916 580 4970 tebor
615 4914 712 4969 illi.
756 4915 892 4983 Quid
918 4917 966 4972 ei
1011 4914 1387 4971 conﬁteberis?
1414 4916 1654 4972 Salutare
1693 4919 1860 4974 vultus
1904 4922 2022 4990 mei,

443 5007 584 5061 Deus
612 5023 771 5062 nisus.
817 5008 859 5062 Α
906 5022 992 5063 me
1019 5007 1146 5063 mihi
1197 5007 1340 5062 salus
1368 5022 1487 5063 esse
1524 5023 1628 5062 non
1658 5018 1868 5080 potest;
1926 5012 2028 5069 hoc

441 5098 634 5166 dicam,
666 5099 768 5156 hoc
781 5098 1074 5155 conﬁtebor
1091 5117 1107 5131 ο
1130 5098 1370 5154 Salutare
1387 5097 1553 5154 vultus
1570 5101 1686 5166 mei,
1708 5098 1848 5156 Deus
1863 5120 2025 5163 meus.

443 5192 649 5247 Etenim
702 5199 758 5246 ut
809 5200 1011 5247 metuat
1032 5190 1084 5244 in
1134 5190 1234 5255 his,
1265 5205 1384 5261 quae
1425 5202 1711 5262 utcumque
1757 5193 2021 5252 intellecta

439 5282 729 5354 cognoscit,
754 5283 982 5351 respein
1007 5282 1197 5336 iterum
1227 5282 1484 5338 sollicitus
1512 5299 1580 5338 ne
1600 5284 1822 5356 obrepat
1848 5287 2023 5342 inimi-

439 5389 534 5430 css
564 5393 576 5428 :
608 5373 842 5430 nondum
867 5373 1030 5440 dicit,
1067 5371 1259 5430 Salvus
1285 5390 1402 5430 sum
1442 5390 1506 5431 ex
1537 5378 1680 5431 omni
1715 5388 1882 5447 parte.
1930 5381 2021 5436 Et-

435 5466 577 5521 enim
629 5467 887 5538 primitias
929 5466 1188 5523 habentes
1232 5467 1490 5538 Spiritus,
1541 5468 1594 5522 in
1623 5469 2019 5542 nobismetipsis

435 5560 843 5631 ingemiscimus,
862 5559 1203 5630 adoptionem
1223 5570 1589 5631 exspectantes
1599 5561 2018 5633 redemptionem

433 5653 672 5722 corporis
691 5653 856 5707 nostri
879 5651 1190 5726 (Ibid.,2‘5).
1214 5653 1304 5709 llla
1328 5652 1554 5724 perfecta
1583 5654 1634 5708 in
1655 5654 1807 5710 nobis
1824 5657 2014 5722 salute,

431 5745 629 5799 erimus
672 5746 728 5800 in
766 5745 927 5802 domo
958 5746 1052 5802 Dei
1097 5746 1334 5801 viventes
1371 5747 1486 5801 sine
1524 5746 1650 5814 ﬁne,
1685 5755 1739 5802 et
1767 5748 1883 5803 sine
1909 5748 2016 5805 ﬁne

449 5839 708 5898 elidantes
736 5855 858 5896 eum
885 5840 970 5896 cui
1007 5839 1208 5895 dictum
1238 5847 1322 5896 est
1352 5855 1365 5894 :
1394 5838 1537 5894 Beati
1573 5840 1661 5907 qui
1689 5839 1915 5896 habitant
1957 5841 2013 5896 in

1721 359 1778 418 S.
1819 355 2184 417 AUGUSTINI
2221 359 2525 420 EPISCOPI

3637 363 3747 422 672

2167 477 2314 532 domo
2357 488 2462 544 tua,
2513 481 2566 534 in
2590 480 2777 536 saecula
2817 482 3117 537 swculorum
3163 479 3438 536 laudabunt
3485 491 3532 538 te
3563 481 3738 552 (Psal.

2164 586 2386 639 Lxxxm,
2409 572 2485 645 5).
2531 574 2642 628 Hoc
2664 574 2894 630 nondum
2941 585 3041 640 est,
3083 576 3204 645 quia
3230 575 3462 631 nondum
3491 585 3573 632 est
3596 578 3746 634 salus

2164 677 2281 731 quae
2311 664 2630 732 promittitur
2661 684 2676 720 :
2709 666 2800 722 sed
2838 667 3096 722 conﬁteor
3123 667 3228 721 Deo
3274 683 3394 723 meo
3430 668 3483 723 in
3533 685 3645 739 spe,
3688 680 3748 726 et

2162 752 2282 808 dico
2310 755 2406 822 illi,
2440 756 2594 811 Salus
2614 757 2774 813 vultus
2799 760 2915 826 mei,
2935 757 3076 814 Deus
3104 776 3258 815 meus.
3289 757 3394 830 Spe
3436 761 3578 816 enim
3609 762 3745 817 salvi

2162 845 2286 901 facti
2331 860 2514 902 snmns
2543 867 2556 902 :
2587 863 2709 918 spes
2738 860 2913 905 autem
2959 867 3077 922 quae
3115 851 3342 920 videtur,
3380 868 3487 908 non
3513 864 3593 909 est
3619 869 3746 924 spes

2160 933 2337 1010 (Rom.
2360 954 2470 1004 Vill,
2499 938 2614 1011 26).
2635 942 2919 998 Persevera
2939 958 3062 1014 ergo
3081 953 3134 996 ut
3154 944 3428 1014 pervenias
3451 961 3467 1012 ;
3491 961 3745 1014 perseve-

2163 1043 2223 1082 ra
2248 1029 2420 1085 donec
2445 1033 2624 1087 veniat
2644 1032 2806 1088 salus.
2839 1035 2973 1088 Audi
3005 1035 3174 1103 ipsum
3205 1037 3366 1091 Deum
3399 1046 3545 1092 tunm
3571 1038 3638 1093 de
3662 1039 3749 1092 in.-

2163 1121 2357 1176 teriore
2377 1121 2471 1176 tibi
2491 1122 2791 1194 loquentem
2813 1143 2825 1178 :
2847 1125 3053 1180 Sustine
3070 1124 3367 1194 Dominum,
3393 1129 3600 1182 viriliter
3625 1146 3741 1200 age,

2160 1218 2209 1266 ιι
2247 1214 2554 1285 confortelur
2590 1231 2678 1269 cor
2724 1225 2884 1284 tuum,
2926 1227 2974 1272 et
3001 1219 3188 1273 sustine
3234 1217 3510 1274 Dominum
3568 1219 3742 1292 (Psal.

2160 1317 2310 1372 xxvi,
2327 1305 2416 1375 14)
2434 1323 2448 1372 ;
2471 1307 2717 1377 quoniam
2745 1309 2830 1379 qui
2839 1311 3214 1378 perseveraverit
3231 1313 3444 1380 usquein
3465 1313 3637 1381 ﬁnem,
3662 1313 3746 1367 hic

2157 1393 2324 1449 salvas
2366 1396 2459 1449 erit
2489 1396 2696 1466 (Matth.
2747 1413 2805 1462 ι,
2836 1398 2924 1465 22,
2970 1409 3017 1453 et
3047 1415 3190 1466 xxrv,
3233 1401 3344 1472 15).
3394 1401 3564 1469 Quare
3612 1418 3745 1473 ergo

2161 1485 2316 1539 tristis
2342 1502 2394 1540 es
2420 1488 2594 1542 anima
2644 1505 2776 1556 mea,
2819 1500 2863 1545 et
2891 1508 3046 1562 quare
3062 1492 3327 1548 conturbas
3354 1495 3473 1548 me?
3498 1494 3664 1565 Spera
3691 1496 3747 1548 in

2159 1579 2340 1647 Deum,
2373 1584 2610 1651 quoniam
2628 1586 2899 1655 conﬁtebor
2922 1586 3018 1641 illi.
3062 1587 3186 1642 Haec
3210 1595 3293 1644 est
3315 1587 3578 1644 confessio
3598 1605 3742 1653 mea,

2159 1674 2402 1732 Salutare
2423 1679 2588 1733 vultus
2612 1681 2726 1744 mei,
2755 1679 2896 1736 Deus
2921 1698 3079 1736 meus.

2231 1769 2320 1823 12.
2361 1770 2442 1824 Ad
2489 1772 2734 1843 meipsum
2777 1775 2947 1828 anima
2989 1792 3099 1830 mea
3125 1775 3324 1830 turbata
3350 1785 3445 1832 est.
3469 1775 3744 1848 Numquid

2156 1858 2222 1914 ad
2251 1861 2416 1915 Deum
2442 1863 2715 1918 turbatur?
2744 1865 2824 1920 Ad
2853 1881 2938 1921 me
2969 1868 3174 1923 turbata
3201 1877 3301 1925 est.
3329 1869 3408 1926 Ad
3439 1870 3746 1926 incommu-

2159 1954 2318 2010 tabile
2338 1954 2692 2023 reficiebatur,
2743 1958 2808 2013 ad
2850 1961 3102 2017 mutabile
3137 1963 3554 2032 perturbabatur.
3607 1963 3744 2019 Novi

2154 2047 2276 2116 quia
2298 2048 2502 2118 justitia
2542 2049 2633 2105 Dei
2679 2050 2783 2107 mei
2835 2063 3010 2108 manet
3047 2071 3060 2108 :
3091 2057 3272 2110 utrum
3325 2071 3443 2112 mea
3491 2067 3742 2126 maneat,

2155 2139 2356 2194 nescio.
2404 2139 2591 2196 Terret
2633 2142 2776 2198 enim
2827 2160 2912 2198 me
2963 2146 3247 2214 Apostolus
3289 2147 3473 2203 dicens
3503 2164 3518 2199 :
3548 2148 3651 2216 Qui
3692 2165 3750 2205 se

2154 2243 2296 2304 putat
2313 2243 2463 2300 stare,
2486 2235 2651 2291 videat
2671 2254 2732 2292 ne
2745 2238 2896 2292 cadat
2921 2239 2959 2310 (Ι
2978 2238 3096 2294 Cor.
3123 2257 3181 2306 x,
3198 2240 3308 2311 12).
3328 2241 3466 2312 Ergo
3485 2243 3608 2314 quia
3635 2259 3743 2296 non

2154 2335 2238 2382 est
2258 2328 2310 2382 in
2338 2343 2423 2383 me
2449 2328 2668 2384 firmitas
2697 2330 2847 2398 mihi,
2872 2346 2968 2387 nec
2996 2343 3080 2387 est
3103 2332 3232 2388 mihi
3259 2349 3384 2404 spes
3421 2334 3489 2389 de
3518 2350 3627 2401 me,
3665 2335 3748 2388 Ad

2154 2420 2399 2490 meipsum
2428 2423 2628 2476 turbata
2649 2431 2721 2477 est
2745 2425 2917 2478 anima
2941 2441 3070 2478 mea.
3104 2425 3194 2480 Vis
3223 2441 3327 2482 non
3357 2426 3748 2482 conturbetur?

2150 2511 2266 2566 Non
2294 2518 2602 2568 remaneat‘
2650 2515 2702 2569 in
2749 2515 2950 2586 teipsn,
3006 2526 3057 2572 et
3097 2516 3184 2572 dic
3212 2517 3327 2572 :Ad
3375 2527 3450 2585 te,
3500 2516 3743 2586 Domine,

2152 2606 2310 2661 levavi
2355 2609 2574 2661 animam
2621 2625 2782 2664 meam
2825 2609 2993 2681 (Psal.
3049 2627 3198 2676 xxw,
3238 2611 3310 2684 1).
3371 2612 3484 2667 Hoc
3531 2612 3747 2682 planius

2150 2699 2294 2754 audi.
2323 2700 2438 2755 Noli
2468 2715 2686 2770 sperare
2711 2701 2779 2757 de
2809 2711 2878 2768 te,
2909 2703 3004 2759 scd
3027 2703 3096 2759 de
3121 2704 3229 2759 Deo
3259 2712 3370 2759 tuo.
3401 2703 3532 2759 Nam
3555 2706 3598 2760 si
3621 2721 3740 2776 spe~

2150 2807 2238 2846 ras
2267 2791 2332 2846 de
2363 2800 2433 2858 te,
2459 2793 2636 2848 anima
2658 2802 2744 2848 tua
2765 2797 3111 2850 conturbatur
3136 2796 3201 2851 ad
3229 2805 3314 2863 te;
3346 2796 3469 2867 quia
3500 2797 3742 2851 nondum

2150 2882 2352 2938 invenit
2381 2885 2521 2940 unde
2562 2886 2633 2940 sit
2674 2900 2858 2940 secura
2899 2885 2967 2941 de
2997 2896 3067 2942 te.
3109 2888 3248 2959 Ergo
3272 2889 3520 2960 quoniam
3560 2888 3627 2942 ad
3657 2903 3747 2945 me

2149 2976 2462 3031 conturbata
2485 2986 2568 3032 est
2585 2977 2760 3032 anima
2791 2993 2926 3043 mea,
2961 2980 3087 3050 quid
3117 2992 3284 3037 restat
3321 2981 3418 3036 nisi
3446 2981 3743 3050 humilitas,

2148 3079 2208 3124 ut
2229 3069 2298 3125 de
2327 3071 2502 3140 seipsa
2539 3071 2713 3124 anima
2741 3085 2848 3126 non
2872 3073 3197 3141 praesumat?
3224 3073 3361 3142 Quid
3407 3082 3595 3139 restat,
3634 3075 3745 3130 nisi

2147 3172 2206 3221 ut
2232 3167 2450 3221 omnino
2485 3165 2757 3220 minimam
2789 3181 2847 3222 se
2875 3165 3051 3235 faciat,
3075 3168 3174 3223 nisi
3206 3177 3260 3222 ut
3290 3183 3348 3224 se
3389 3168 3654 3232 hnmiliet,
3685 3179 3744 3226 ut

2147 3256 2369 3312 exaltari
2390 3257 2690 3312 mereatur?
2713 3257 2856 3313 Nihil
2887 3258 2984 3313 sibi
3011 3259 3204 3314 tribuat
3232 3269 3289 3314 ut
3315 3261 3362 3315 ei
3393 3260 3574 3315 abillo
3594 3261 3741 3332 quod

2148 3349 2272 3403 utile
2297 3357 2381 3404 est
2406 3349 2685 3404 tribuatur.
2714 3349 2857 3421 Ergo
2877 3351 2998 3420 quia
3022 3350 3087 3405 ad
3110 3366 3198 3406 me
3224 3351 3426 3406 turbata
3456 3363 3539 3408 est
3558 3354 3742 3409 anima

2147 3455 2284 3504 mea,
2313 3449 2367 3495 et
2397 3441 2533 3496 hanc
2558 3441 3010 3512 perturbationem
3040 3441 3166 3497 facit
3191 3443 3470 3512 superbia:
3492 3443 3742 3516 Propter—

2145 3548 2204 3586 ea
2256 3542 2561 3587 memoratus
2597 3548 2709 3586 sum
2737 3535 2831 3600 tui,
2872 3531 3108 3600 Domine,
3155 3534 3219 3588 tle
3264 3544 3396 3589 terra
3418 3533 3669 3591 Iordanis
3695 3550 3742 3592 et

2150 3622 2468 3678 Hermoniim
2495 3640 2526 3677 a
2557 3633 2725 3678 monte
2752 3640 2925 3695 parvo.
2953 3624 3106 3680 Unde
3130 3628 3454 3681 memoratus
3474 3641 3594 3682 sum
3623 3628 3740 3683 tui?

2144 3717 2188 3769 A
2219 3724 2398 3770 monte
2427 3731 2609 3785 parvo,
2633 3724 2687 3770 et
2713 3716 2780 3770 de
2813 3725 2951 3770 terra
2975 3715 3240 3771 Jordanis.
3271 3715 3431 3772 Forte
3457 3717 3525 3773 de
3553 3717 3741 3789 Bapti-

2143 3822 2280 3874 smo,
2309 3805 2398 3862 ubi
2417 3815 2501 3862 est
2527 3807 2772 3862 remissio
2797 3817 3151 3877 peccatorum.
3183 3807 3392 3864 Etenim
3422 3824 3581 3864 nemo
3605 3825 3739 3864 cur-

2143 3899 2213 3954 rit
2261 3897 2329 3954 ad
2373 3899 2742 3954 remissionem
2797 3908 3157 3969 peccatorum,
3199 3902 3296 3955 nisi
3345 3902 3433 3973 qui
3485 3902 3739 3973 displicet

2141 3991 2282 4058 sibi;
2321 4007 2478 4048 nemo
2503 3993 2670 4048 currit
2702 3992 2768 4048 ad
2815 3993 3183 4050 remissionem
3212 4005 3569 4065 peccatorum,
3626 3999 3736 4052 nisi

2141 4085 2229 4155 qui
2255 4099 2313 4139 se
2332 4083 2617 4139 conﬁtetur
2641 4093 3010 4156 peccatorem;
3039 4102 3196 4142 nemo
3220 4103 3277 4142 se
3303 4089 3583 4144 conﬁtetur
3605 4104 3736 4158 pec-

2141 4183 2398 4242 catorem,
2428 4176 2525 4230 nisi
2549 4177 2878 4232 bumiliando
2902 4179 3138 4248 seipsum
3168 4179 3295 4234 Deo.
3331 4180 3467 4252 Ergo
3506 4181 3568 4234 de
3591 4190 3734 4236 terra

2139 4265 2386 4322 Iordanis
2430 4278 2732 4324 memoratus
2776 4287 2887 4324 sum
2925 4271 3016 4336 tui,
3048 4280 3094 4324 et
3118 4270 3180 4324 de
3198 4280 3364 4325 monte
3389 4288 3540 4342 parvo
3567 4289 3586 4326 :
3618 4289 3732 4329 non

2139 4360 2207 4416 de
2242 4371 2424 4416 monte
2462 4375 2688 4432 magno;
2730 4370 2787 4415 ut
2833 4360 2900 4416 de
2929 4371 3107 4416 monte
3134 4377 3298 4432 parvo
3338 4373 3390 4416 tu
3418 4362 3581 4418 facias
3606 4380 3731 4417 ma-

2139 4467 2301 4522 gnum
2327 4469 2340 4506 :
2372 4453 2621 4522 quoniam
2649 4454 2738 4521 qui
2771 4469 2828 4508 se
2857 4453 3071 4519 exaltat,
3105 4454 3505 4520 humiliabitnr;
3536 4465 3589 4510 et
3631 4460 3731 4525 qui

2135 4557 2196 4598 se
2223 4541 2486 4608 humiliat,
2513 4543 2829 4598 exaltabitur
2867 4542 3013 4612 (Luc.
3047 4559 3158 4611 xiv,
3201 4545 3289 4611 11,
3321 4553 3365 4598 et
3413 4561 3560 4608 xvm,
3605 4547 3725 4618 14).

2134 4635 2189 4691 Si
2217 4644 2393 4690 autem
2415 4645 2468 4691 et
2493 4636 2958 4706 interpretationes
2984 4636 3258 4691 nominum
3285 4651 3510 4707 qumras,
3538 4638 3729 4692 .lorda-

2134 4731 2219 4786 nis
2237 4739 2321 4786 est
2347 4730 2637 4786 Descensio
2665 4744 2869 4784 eorum.
2901 4729 3176 4786 Descende
3220 4745 3364 4800 ergo,
3395 4739 3452 4784 ut
3479 4731 3678 4786 leveris
3707 4750 3723 4799 ;

2133 4821 2240 4877 noli
2263 4820 2464 4885 extolli,
2489 4836 2557 4877 ne
2581 4821 2814 4884 elidaris,
2842 4821 2909 4876 Et
2925 4821 2988 4875 de
3016 4819 3327 4876 Hermoniim
3355 4831 3520 4877 monte
3536 4839 3722 4894 parvo.

2132 4913 2461 4969 Hermoniim
2515 4913 2929 4968 Anathetnatio’
2977 4913 3370 4983 interpretatur.
3417 4913 3721 4969 Anathema

2131 5007 2380 5076 teipsum,
2424 5006 2754 5077 displicendo
2782 5007 2871 5061 tibi
2909 5022 2923 5058 :
2960 5005 3261 5077 displicebis
3299 5007 3442 5062 enim
3487 5007 3616 5074 Deo,
3673 5009 3723 5064 si

2132 5099 2392 5172 placueris
2437 5100 2550 5154 tibi.
2599 5099 2741 5170 Ergo
2785 5098 2904 5171 quia
2955 5099 3109 5154 nobis
3158 5100 3298 5156 Deus
3343 5102 3518 5156 omnia
3571 5101 3720 5159 bona

2129 5200 2365 5262 praestat,
2396 5192 2518 5262 quia
2551 5192 2662 5262 ipse
2689 5192 2860 5248 bonus
2885 5199 2986 5256 est,
3016 5207 3121 5247 non
3166 5193 3287 5263 quia
3330 5207 3428 5248 nos
3451 5194 3594 5265 digni
3623 5211 3721 5250 su-

2127 5300 2280 5351 mus;
2325 5285 2444 5355 quia
2484 5285 2574 5340 ille
2624 5285 2932 5340 misericors
2989 5293 3089 5348 est,
3141 5300 3247 5340 non
3293 5285 3413 5356 quia
3450 5287 3502 5341 in
3531 5288 3718 5359 aliquo

2127 5380 2552 5451 promeruimus;
2598 5379 2660 5433 de
2684 5387 2818 5432 terra
2858 5377 3102 5434 Iordanis
3141 5387 3186 5432 et
3234 5379 3548 5434 Hermoniim
3572 5397 3717 5436 com-

2124 5481 2428 5527 ntemoratus
2460 5489 2571 5527 sum
2617 5469 2736 5526 Dei.
2769 5471 2836 5526 Et
2874 5473 2992 5541 quia
3023 5471 3294 5527 humiliter
3317 5486 3716 5528 commemora-

2124 5573 2232 5631 tur,
2285 5564 2551 5618 exaltatus
2593 5561 2791 5632 perfrui
2838 5563 3128 5619 merebitur
3174 5582 3187 5620 :
3226 5564 3348 5634 quia
3397 5580 3504 5620 non
3549 5565 3606 5620 in
3653 5580 3714 5621 se

2122 5657 2384 5712 exaltatur
2409 5656 2498 5726 qui
2529 5657 2579 5710 in
2621 5655 2847 5712 Domino
2873 5656 3146 5727 gloriatur.

2187 5750 2204 5780 ί
2241 5749 2313 5798 sic
2334 5755 2439 5799 Mss.
2467 5756 2522 5799 At
2543 5749 2677 5810 Edd.,
2701 5762 2796 5800 non
2818 5763 3087 5801 remaneas.

2120 5809 2313 5922 ’.ἓξὲξ
2332 5817 2436 5860 Mss.
2472 5812 2585 5860 Edd.
2611 5809 2749 5874 vero,
2788 5812 3238 5876 mmthematizatio;
3262 5819 3315 5865 et
3336 5814 3478 5878 infra,
3511 5816 3716 5868 anathe-
