4042 6466
224 412 314 471 673

284 526 361 582 15.
390 537 538 597 loers.
567 518 646 595 8.]
674 518 893 590 Abyssus
933 516 1168 588 abyssum
1194 514 1413 579 inuocat,
1438 513 1495 566 in
1541 526 1659 565 voce
1691 525 1779 562 ca-

223 626 508 674 (oraclorum
538 622 758 667 tuarum.
787 610 1048 679 Peragere
1089 607 1358 662 Psalmum
1400 617 1616 674 possum
1663 599 1776 655 for-

223 724 362 772 tasse,
393 706 606 776 adjutus
661 703 838 760 studio
864 710 1045 757 vestro
1065 742 1080 766 ,
1125 699 1278 769 cujus
1307 697 1569 752 fervorem
1596 692 1775 748 video.

221 807 284 860 De
317 802 496 858 labore
523 808 700 853 autem
736 802 913 851 vestro
946 809 1052 849 non
1084 792 1214 848 satis
1239 806 1388 856 curo,
1429 797 1489 844 ut
1515 785 1774 852 audiatis;

217 896 407 970 quando
436 904 487 948 et
517 908 604 947 me
624 891 712 962 qui
742 891 950 960 loquor,
986 888 1058 944 ita
1084 886 1138 942 in
1170 885 1254 940 his
1282 881 1556 940 laboribus
1586 879 1780 935 sudare

217 989 444 1046 cernatis.
470 985 803 1056 Aspicientes
831 998 918 1038 me
951 981 1281 1037 laborantem
1304 1018 1320 1045 ,
1351 977 1588 1046 profecto
1617 974 1781 1028 colla-

218 1085 393 1139 borats
426 1099 440 1134 :
474 1095 581 1135 non
608 1079 750 1135 enim
782 1077 908 1131 mihi
939 1075 1146 1140 laboro,
1175 1071 1268 1127 sed
1309 1070 1480 1125 vobis.
1502 1069 1641 1139 Ergo
1679 1083 1778 1121 au-

218 1177 339 1240 dite;
366 1175 487 1245 quia
517 1174 654 1228 veilc
669 1186 765 1226 vos
783 1168 956 1224 video.
988 1167 1210 1238 Abyssus
1235 1165 1469 1236 abyssum
1490 1164 1707 1227 invocat,
1725 1162 1779 1215 in

216 1284 314 1321 voce
341 1273 717 1319 cataractarum
760 1272 962 1315 tuarum
1000 1275 1018 1313 :
1052 1260 1158 1312 Deo
1212 1256 1346 1311 dixit
1396 1256 1484 1310 ille
1533 1254 1623 1324 qui
1663 1253 1779 1324 eius

218 1367 645 1418 eommemoratus
673 1364 756 1411 est
777 1355 845 1410 de
875 1365 1014 1408 terra
1043 1349 1292 1408 Iordanis
1317 1358 1372 1405 et
1398 1346 1726 1404 Hermoniim
1761 1363 1775 1399 :

220 1455 303 1508 hoc
323 1450 635 1505 admirando
656 1447 808 1512 dixit,
837 1444 1061 1516 Abyssus
1079 1443 1324 1514 Abyssum
1350 1441 1567 1504 invocat,
1592 1440 1644 1492 in
1661 1454 1780 1504 vace

218 1555 567 1600 cataractarum
617 1551 840 1593 tuarum.
883 1538 1014 1604 Quae
1049 1537 1273 1608 abyssus
1293 1575 1306 1599 ,
1339 1547 1496 1604 quam
1527 1530 1777 1603 abyssum

219 1637 450 1694 invocat?
479 1635 618 1691 Vere
638 1634 759 1704 quia
787 1633 885 1688 iste
907 1630 1206 1686 intellectus
1223 1628 1445 1700 abyssus
1475 1633 1576 1680 est.
1608 1623 1782 1695 Abys-

218 1747 292 1788 sus
322 1731 462 1787 enim
489 1738 570 1784 est
608 1726 936 1798 profunditas
963 1723 1202 1795 quaedam
1235 1718 1670 1792 impenetrabilis,
1701 1717 1784 1772 in-

218 1821 694 1893 comprehensibilis
723 1837 736 1874 :
770 1828 824 1875 et
850 1818 1081 1873 maxime
1120 1815 1260 1872 solet
1284 1814 1389 1870 dici
1418 1813 1472 1868 in
1516 1828 1773 1882 aquarum

218 1917 552 1975 multitudine.
597 1914 670 1969 lbi
701 1914 842 1968 enim
869 1910 1112 1976 altitudo,
1146 1908 1217 1964 ibi
1257 1905 1629 1978 profunditas:
1661 1919 1780 1974 quae

219 2011 462 2084 penetrari
497 2024 663 2078 usque
688 2006 753 2062 ad
782 2005 1002 2060 fundum
1030 2019 1134 2058 non
1167 2010 1360 2074 potest.
1390 2000 1626 2069 Denique
1651 2013 1782 2068 quo-

219 2105 318 2160 dam
341 2105 464 2158 loco
491 2102 692 2158 dictum
718 2108 818 2164 est,
847 2097 1055 2152 Iudicia
1079 2105 1166 2150 tua
1195 2095 1406 2166 abyssus
1423 2093 1582 2146 multa
1608 2091 1777 2158 (Psal.

220 2213 358 2263 xxxv,
385 2196 450 2265 7)
481 2213 494 2249 :
526 2193 630 2248 hoc
679 2192 889 2246 volente
923 2189 1196 2259 Scriptura
1226 2184 1626 2250 commendare,
1659 2184 1781 2254 quia

217 2287 382 2358 judicia
412 2287 507 2341 Dei
535 2301 640 2340 non
667 2281 1213 2353 comprehenduntur.
1241 2279 1372 2348 Quae
1387 2293 1516 2348 ergo
1537 2277 1780 2348 abyssus,

217 2395 350 2451 quam
389 2379 608 2434 invocat
649 2374 940 2448 abyssum?
966 2374 1022 2429 Si
1054 2371 1384 2443 profunditas
1412 2381 1496 2425 est
1520 2368 1778 2440 abyssus,

220 2479 446 2540 putamus
475 2483 581 2523 non
608 2482 702 2522 cor
728 2465 960 2522 hominis
982 2465 1206 2536 ahyssus
1241 2463 1358 2518 est?
1383 2461 1516 2530 Quid
1539 2461 1678 2516 enim
1701 2467 1785 2516 est

219 2562 511 2632 profundius
539 2561 640 2615 hac
671 2560 903 2630 abysso?
928 2558 1097 2628 Loqui
1139 2556 1387 2611 homines
1416 2561 1637 2628 possunt
1658 2595 1672 2618 ,
1701 2552 1781 2607 vi-

217 2656 310 2710 deri
338 2664 562 2727 possunt
598 2669 693 2724 per
717 2652 1083 2723 operationem
1115 2637 1498 2712 membrorum,
1532 2646 1700 2701 audiri
1728 2645 1782 2702 in

217 2763 446 2804 sermone
483 2766 496 2802 :
542 2746 637 2802 sed
661 2746 815 2817 cujus
854 2744 1106 2815 cogitatio
1149 2751 1475 2813 penetratur,
1508 2740 1659 2810 cujus
1691 2754 1784 2794 cor

217 2840 516 2909 inSpicitur?
541 2837 679 2908 Quid
723 2837 866 2892 intus
893 2845 1080 2906 gerat,
1107 2835 1234 2906 quid
1265 2835 1405 2888 intus
1442 2831 1629 2905 possit,
1654 2829 1780 2901 quid

217 2933 336 2988 intus
375 2941 534 3002 agat,
587 2930 713 3001 quid
758 2929 900 2984 intus
929 2927 1216 2997 disponat,
1263 2925 1389 2996 quid
1434 2925 1574 2979 intus
1618 2923 1776 2988 velit,

215 3027 319 3095 quid
347 3027 493 3080 intus
532 3024 700 3088 nolit,
732 3022 852 3092 quis
879 3019 1332 3090 comprehendet?
1361 3018 1494 3073 Puto
1531 3033 1636 3072 non
1682 3016 1780 3072 ab-

214 3119 350 3175 surde
379 3118 602 3187 intelligi
633 3117 884 3189 abyssum
912 3115 1180 3169 hominem
1207 3113 1274 3168 de
1304 3127 1413 3183 quo
1434 3111 1560 3167 alibi
1579 3111 1778 3167 dictum

215 3221 314 3268 est:
341 3212 556 3266 Accedet
590 3213 741 3264 homo
783 3210 852 3263 ad
879 3225 967 3264 cor
1009 3207 1198 3272 altum,
1241 3216 1289 3262 et
1315 3206 1618 3261 exaltabitur
1644 3205 1781 3261 Deus

218 3301 362 3373 (Psal.
395 3319 547 3369 Lxm,
574 3304 629 3366 7,
651 3302 728 3371 8).
755 3300 811 3356 Si
833 3316 959 3371 ergo
986 3300 1148 3354 homo
1173 3298 1395 3368 abyssus
1424 3308 1526 3363 est,
1556 3311 1771 3367 quomo

215 3394 272 3449 do
291 3395 511 3460 abyssus
561 3395 772 3448 invocat
813 3389 1105 3462 abyssum?
1138 3389 1306 3444 Homo
1340 3389 1553 3442 invocat
1604 3387 1780 3442 homi-

218 3487 356 3541 nem?
383 3488 603 3542 invocat
637 3485 786 3555 quasi
817 3481 1085 3554 quomodo
1128 3482 1266 3536 Deus
1296 3477 1609 3534 invocatur?
1641 3477 1780 3534 Non.

217 3577 302 3632 Sed
327 3579 572 3643 invocat,
603 3575 797 3631 dicitur
821 3573 888 3629 ad
925 3589 984 3628 se
1013 3581 1185 3627 vocat.
1218 3570 1350 3625 Nam
1379 3569 1580 3625 dictum
1609 3578 1692 3624 est
1716 3568 1782 3625 de

217 3671 448 3739 quodam,
475 3669 698 3725 Mortem
721 3671 929 3724 invocat
949 3667 1029 3741 (α)
1057 3666 1142 3722 :id
1165 3674 1265 3731 est,
1291 3666 1368 3720 sic
1381 3665 1529 3731 vivit,
1549 3672 1607 3718 ut
1636 3679 1782 3719 mor-

217 3769 305 3816 tem
331 3763 393 3817 ad
421 3778 480 3818 se
501 3771 673 3818 vocet.
703 3760 832 3816 Nam
855 3775 1013 3816 nemo
1038 3759 1312 3814 hominum
1350 3769 1432 3813 est
1473 3758 1562 3827 qui
1588 3758 1786 3813 oratio-

219 3866 321 3920 nem
347 3853 526 3920 faciat,
559 3862 616 3908 et
637 3853 850 3907 invocet
869 3861 1095 3906 mortem
1130 3868 1143 3904 :
1172 3849 1263 3904 sed
1281 3849 1417 3903 male
1438 3847 1665 3903 vivendo
1686 3826 1851 3903 ho-ﬁ”

216 3943 368 3999 mines
396 3953 628 4000 mortem
659 3944 925 3998 invocant.
949 3943 1171 4014 Abyssus
1194 3941 1430 4012 abyssum
1445 3941 1661 4005 invocat,
1689 3939 1788 3994 ho-

217 4049 292 4088 mo
343 4035 639 4090 hominem.
698 4033 788 4090 Sic
829 4033 1052 4090 discitur
1094 4033 1350 4103 sapientia
1378 4075 1391 4096 ,
1443 4033 1520 4088 sic
1564 4032 1789 4087 discitur

216 4125 353 4192 fides,
392 4143 515 4183 cum
545 4127 772 4198 abyssus
797 4125 1046 4197 abyssum
1076 4126 1302 4180 invocat.
1333 4123 1599 4196 Abyssum
1636 4124 1789 4179 invo-

218 4228 326 4272 cant
353 4220 518 4274 sancti
560 4218 937 4289 praedicatores
962 4217 1108 4271 verbi
1152 4217 1266 4272 Dei.
1297 4216 1561 4287 Numquid
1602 4227 1656 4271 ct
1685 4217 1788 4287 ipsi

217 4323 308 4362 non
335 4310 560 4380 abyssus
579 4308 605 4362 ?
631 4307 700 4363 Ut
726 4308 959 4373 noveris,
987 4309 1110 4378 quia
1139 4309 1364 4380 abyssus
1393 4317 1448 4363 et
1488 4309 1612 4378 ipsi,
1643 4309 1789 4379 Apo-

217 4400 370 4453 stolus
409 4401 484 4454 ait
530 4418 542 4454 :
593 4397 865 4452 Minimum
895 4409 966 4452 est
996 4408 1051 4453 ut
1081 4415 1112 4452 a
1148 4398 1284 4453 vobis
1312 4398 1579 4472 dijudicer,
1611 4409 1700 4452 aut
1728 4400 1790 4454 ab

216 4491 425 4546 humano
439 4493 540 4546 die.
553 4491 761 4560 Quanta
777 4500 952 4545 autem
973 4490 1197 4561 abyssus
1215 4492 1304 4557 sit,
1323 4490 1500 4546 audite
1521 4491 1748 4562 amplius
1773 4509 1786 4546 :

219 4579 383 4654 Neque
411 4583 543 4637 enim
571 4598 664 4652 ego
687 4582 931 4649 meipsum
956 4581 1181 4651 dijudico
1215 4581 1256 4651 (l
1283 4579 1400 4636 Cor.
1429 4597 1502 4646 tv,
1535 4582 1614 4651 5).
1647 4581 1790 4636 Tan-

217 4683 382 4730 tamne
421 4673 837 4745 profunditatem
887 4672 1108 4728 creditis
1153 4687 1272 4727 esse
1313 4673 1364 4727 in
1394 4672 1630 4738 homine,
1672 4689 1792 4744 (ιιιίε

216 4763 366 4820 lateat
403 4766 574 4837 ipsum
604 4765 874 4820 hominem
907 4765 960 4820 in
988 4779 1095 4835 quo
1135 4769 1257 4820 est?
1285 4765 1490 4832 Quanta
1518 4764 1792 4836 profundi-

217 4867 285 4912 tas
322 4858 644 4915 infirmitatis
675 4859 876 4914 latebat
914 4860 964 4913 in
1009 4858 1168 4915 Petro
1194 4900 1209 4925 ,
1258 4859 1468 4930 quando
1497 4859 1622 4930 quid
1651 4861 1703 4914 in
1735 4876 1792 4915 sc

214 4965 453 5019 ageretur
495 4954 636 5008 inttts
665 4953 968 5016 nesciebat,
1013 4961 1068 5008 et
1107 4967 1164 5006 se
1193 4953 1506 5007 moriturum
1539 4968 1659 5008 cum
1691 4954 1793 5008 Do-

213 5044 350 5096 mino
379 5044 462 5098 vel
486 5060 580 5114 pro
612 5044 835 5098 Domino
874 5054 1073 5099 temere
1106 5043 1446 5114 promittebat
1467 5044 1646 5112 (Joan.
1676 5061 1789 5114 xm,

212 5134 327 5202 57)!
360 5145 559 5206 quanta
599 5138 821 5207 abyssus
859 5139 1010 5192 erat!
1040 5136 1171 5205 Quae
1197 5145 1372 5192 tamen
1401 5137 1626 5210 abyssus
1651 5138 1791 5194 nuda

212 5236 319 5281 erat
346 5221 518 5282 oculis
548 5227 663 5283 Dei.
695 5229 825 5282 Nam
854 5227 954 5282 hoc
988 5227 1060 5282 illi
1097 5228 1334 5284 Christus
1361 5229 1784 5299 praenuntiabat,

211 5319 345 5386 quod
376 5319 434 5373 in
463 5319 660 5389 seipse
709 5319 1008 5390 ignorabat.
1061 5319 1204 5390 Ergo
1248 5321 1423 5375 omnis
1474 5320 1635 5377 homo
1667 5323 1786 5378 licet

210 5420 448 5476 sanctus,
469 5410 593 5465 licet
609 5411 804 5480 justus,
826 5411 949 5465 licet
967 5411 1020 5465 in
1038 5411 1217 5465 multis
1233 5411 1538 5481 proficiens,
1565 5413 1780 5485 abyssus

209 5509 304 5562 est,
335 5509 393 5557 et
411 5501 660 5572 abyssum
689 5502 923 5568 invocat,
950 5501 1162 5572 quando
1192 5501 1390 5557 homini
1413 5503 1609 5574 aliquid
1642 5503 1788 5573 fidei,

208 5593 405 5664 aliquid
434 5595 664 5648 veritatis
687 5603 905 5665 propter
926 5595 1086 5648 vitam
1113 5603 1364 5649 aeternam
1395 5595 1666 5666 prtedicat.
1685 5597 1788 5653 Sed

210 5693 331 5740 tunc
377 5695 463 5740 est
489 5687 630 5742 utilis
655 5687 879 5760 abyssus
906 5687 1100 5760 abysso
1143 5688 1432 5757 invocatae,
1484 5692 1694 5761 quando
1730 5692 1791 5748 fit

209 5777 258 5832 in
287 5792 430 5834 voce
469 5788 850 5835 cataractarum
878 5788 1111 5836 tuarum.
1140 5781 1362 5852 Abyssus
1383 5780 1621 5853 abyssum
1641 5783 1788 5839 invo-

266 5880 346 5944 (a)
370 5882 506 5944 Apud
524 5889 705 5947 ωειλ,
721 5881 874 5935 ωδ.

1325 392 1725 456 ENARRATIO
1761 387 1833 448 IN
1869 389 2190 452 PSALMUM
2228 393 2364 450 XLI.

3354 403 3461 465 674

1883 518 1980 571 cat,
2004 507 2163 562 homo
2183 507 2454 564 hominem
2485 509 2752 566 lucratur:
2785 525 2889 568 non
2907 520 3084 571 tamen
3106 514 3162 570 in
3187 531 3318 573 voce
3340 532 3458 587 sua,

1883 601 1978 658 88d
2001 603 2055 657 in
2082 619 2198 656 voce
2217 612 2586 657 cataractarum
2603 613 2821 658 tuarum.

1954 701 2042 756 14.
2095 701 2270 755 Alium
2318 702 2540 772 accipite
2569 702 2895 759 intellectum
2927 721 2943 762 :
2972 707 3196 780 Abyssus
3223 709 3460 780 abyssum

1884 791 2104 860 invocat,
2135 793 2188 847 in
2211 809 2328 847 voce
2355 803 2723 849 cataractarum
2751 805 2973 851 tuarum.
3006 799 3116 870 Ego
3136 801 3223 869 qui
3247 812 3460 856 contre-

1883 884 2081 951 misco,
2122 900 2242 942 cum
2270 886 2335 942 ad
2365 903 2452 943 me
2489 889 2796 959 perturbata
2827 899 2908 946 est
2937 893 3113 947 anima
3142 910 3258 948 mea
3282 935 3298 961 ,
3325 896 3460 966 aju-

1882 977 2037 1033 diciis
2065 978 2172 1032 tuis
2199 981 2346 1034 timui
2376 983 2726 1038 vehementer
2758 1002 2773 1039 :
2791 985 2990 1054 judicia
3017 985 3160 1040 enim
3187 996 3274 1042 tua
3311 991 3463 1059 abys-

1849 1099 1854 1102 -
1883 1086 1970 1123 sus
1992 1072 2148 1124 multa
2169 1070 2338 1144 (Psal.
2363 1089 2530 1138 xxxv,
2559 1073 2636 1146 7),
2662 1085 2734 1138 et,
2755 1075 2962 1147 abyssus
2981 1080 3216 1149 abyssum
3243 1081 3461 1136 invocat.

1883 1159 2014 1215 Nam
2045 1161 2146 1217 sub
2188 1162 2288 1218 hac
2314 1178 2473 1219 carne
2519 1166 2764 1231 mortali,
2804 1167 3086 1234 laboriosa,
3127 1171 3422 1241 peccatrice
3447 1215 3462 1240 ,

1885 1253 2146 1309 molestiis
2174 1262 2228 1309 et
2252 1255 2516 1310 scandulis
2537 1257 2712 1326 plena,
2741 1261 3186 1329 concupiscentiis
3211 1263 3461 1329 obnoxia,

1884 1343 2152 1400 damnatio
2177 1347 2418 1416 quaedam
2443 1360 2524 1404 est
2549 1349 2616 1404 de
2638 1351 2841 1420 judicio
2876 1362 2965 1408 tuo
3003 1371 3015 1408 :
3045 1356 3165 1425 quia
3201 1365 3258 1410 tu
3285 1357 3465 1412 dixisti

1883 1439 2170 1507 peccatori,
2202 1439 2366 1495 Morte
2389 1442 2638 1506 morieris,
2666 1452 2738 1509 et,
2765 1443 2831 1498 In
2859 1445 3044 1500 sudore
3060 1447 3228 1500 uultus
3256 1449 3328 1500 tui
3349 1447 3463 1501 edes

1885 1546 2063 1601 panem
2087 1539 2229 1585 tuum
2259 1530 2408 1604 (Gen.
2433 1549 2488 1598 ιι,
2521 1534 2607 1601 l7,
2634 1545 2682 1589 et
2710 1551 2786 1601 ιιι,
2815 1535 2927 1607 19).
2961 1536 3085 1592 Haec
3110 1538 3331 1610 abyssus
3353 1539 3466 1607 pri-

1885 1635 1970 1675 ma
1988 1620 2170 1691 judicii
2201 1621 2296 1678 tui.
2321 1623 2425 1679 Sed
2446 1625 2489 1680 si
2517 1625 2656 1681 male
2683 1626 2768 1681 hic
2782 1627 3010 1682 vixerint
3031 1627 3293 1696 homines,
3317 1629 3467 1700 abys-

1884 1727 1969 1766 sus
1997 1712 2229 1784 abyssum
2249 1715 2444 1770 invocat
2475 1733 2494 1770 :
2518 1717 2640 1788 quia
2679 1718 2746 1772 de
2776 1733 2929 1788 paena
2957 1719 3010 1773 in
3041 1734 3252 1788 poenam
3296 1731 3469 1776 trans-

1885 1816 2042 1874 eunt,
2074 1816 2128 1862 et
2154 1807 2220 1864 de
2248 1810 2480 1866 tenebris
2509 1811 2574 1866 ad
2620 1813 2900 1880 tenebras,
2929 1821 2984 1867 et
3009 1813 3076 1868 de
3105 1813 3465 1883 profunditatc

1885 1899 1950 1954 ad
1981 1900 2384 1970 profunditatem
2407 1945 2421 1969 ,
2461 1912 2515 1959 et
2541 1904 2606 1958 de
2630 1906 2893 1976 supplicio
2932 1905 2998 1959 ad
3047 1906 3383 1976 supplicium,
3413 1917 3468 1963 et

1885 1994 1952 2050 de
1999 1995 2188 2052 ardore
2214 1996 2514 2067 cupiditatis
2553 1998 2605 2053 in
2646 1997 2886 2054 flammas
2912 1997 3297 2068 gehennarum.
3328 1999 3469 2070 Ergo

1888 2085 1989 2141 hoc
2012 2087 2186 2142 timuit
2211 2087 2451 2143 fortassis
2477 2089 2637 2145 homo
2667 2091 2788 2155 iste,
2819 2106 2937 2144 cum
2969 2091 3040 2144 ait
3072 2108 3086 2146 :
3117 2091 3198 2144 Ad
3224 2092 3468 2161 meipsum

1888 2179 2057 2232 aniuia
2085 2196 2196 2233 mea
2220 2182 2418 2234 turbata
2447 2191 2517 2235 est
2544 2199 2557 2234 :
2592 2190 2857 2252 propterea
2888 2193 3192 2236 memoratus
3231 2199 3344 2236 sum
3373 2184 3466 2248 tui,

1893 2269 2122 2336 Domine,
2154 2271 2216 2325 de
2235 2280 2367 2326 terra
2393 2271 2638 2327 Iordanis
2657 2283 2704 2326 et
2737 2271 3071 2327 Hermouiim.
3099 2273 3320 2327 Humilis
3341 2288 3464 2331 esse

1888 2362 2078 2418 debeo.
2118 2363 2381 2419 Exhorrui
2412 2365 2552 2420 enim
2583 2365 2782 2435 judicia
2813 2373 2922 2430 tua,
2950 2364 3291 2420 vehementer
3317 2364 3468 2420 timui

1881 2455 2080 2526 judicia
2106 2465 2195 2510 tua
2227 2473 2241 2510 :
2269 2456 2390 2512 ideo
2410 2458 2477 2510 ad
2504 2474 2583 2512 me
2600 2457 2771 2512 anima
2791 2474 2902 2511 mea
2924 2457 3124 2511 turbata
3146 2467 3236 2512 est.
3269 2457 3335 2512 Et
3353 2473 3473 2528 qua:

1883 2547 2080 2618 judicia
2135 2557 2221 2602 tua
2258 2548 2446 2603 timui?
2489 2550 2729 2605 Parvane
2775 2548 2974 2619 judicia
3024 2559 3150 2604 sunt
3200 2558 3286 2604 tua
3327 2547 3474 2604 ista?

1886 2637 2068 2708 Magna
2123 2649 2279 2705 sunt,
2335 2640 2466 2694 dura
2495 2648 2654 2705 sunt,
2687 2641 2911 2694 molesta
2942 2650 3066 2694 sunt
3100 2658 3114 2696 :
3148 2639 3242 2695 sed
3271 2640 3472 2694 utinam

1887 2731 1998 2784 sola
2024 2731 2231 2786 essent!
2261 2730 2485 2802 Abyssus
2511 2731 2748 2803 abyssum
2776 2732 2994 2798 invocat,
3023 2733 3076 2785 iu
3125 2747 3243 2786 uoce
3267 2740 3473 2785 catara-

1887 2831 2085 2875 ctarum
2109 2831 2330 2877 tuarum.
2363 2822 2494 2890 Quia
2523 2831 2576 2876 tu
2607 2822 2844 2886 minaris,
2863 2831 2918 2877 tu
2947 2823 3081 2878 dicis
3121 2833 3173 2877 et
3207 2831 3324 2891 post
3353 2823 3474 2878 illos

1886 2915 2097 2970 labores
2123 2924 2330 2971 restare
2370 2915 2593 2971 alteram
2620 2915 3017 2971 damnationem
3047 2934 3060 2970 :
3093 2914 3160 2970 In
3189 2932 3308 2971 voce
3330 2925 3472 2970 cata-

1886 3017 2138 3062 ractarum
2184 3016 2406 3073 tuarum,
2451 3009 2663 3080 abyssus
2685 3009 2921 3080 abyssum
2959 3010 3175 3063 invocat.
3203 3011 3321 3075 Quo
3345 3024 3474 3080 ergo

1886 3098 2093 3154 abiboa
2125 3097 2258 3154 facie
2288 3108 2375 3152 tua
2395 3141 2409 3166 ,
2440 3108 2494 3154 et
2518 3115 2548 3153 a
2588 3100 2776 3169 spiritu
2806 3110 2896 3155 tuo
2934 3116 3039 3171 quo
3062 3100 3255 3170 fugiam
3301 3099 3473 3173 (Psal.

1886 3206 2146 3257 cxxxvtu,
2166 3191 2244 3261 7);
2273 3191 2318 3246 si
2341 3191 2567 3263 abyssus
2584 3194 2837 3265 abyssum
2865 3193 3103 3260 invocat,
3128 3193 3173 3248 si
3203 3203 3323 3263 post
3349 3194 3478 3249 istos

1891 3284 2103 3340 labores
2135 3285 2390 3339 timentur
2416 3284 2730 3355 graviores?

1961 3377 2049 3432 l5.
2086 3377 2272 3430 Omnes
2297 3378 2649 3446 suspensiones
2689 3387 2788 3432 tua:
2816 3386 2862 3432 et
2900 3379 3087 3448 fluctus
3113 3378 3187 3431 tui
3224 3395 3373 3449 super
3400 3394 3479 3433 me

1885 3469 2100 3540 διῳνωεὶ
2132 3477 2269 3522 sunt.
2303 3467 2525 3523 Fluctus
2555 3467 2607 3521 in
2640 3467 2723 3523 his
2751 3483 2871 3537 qua:
2909 3469 3100 3533 sentio,
3141 3483 3480 3538 suspensum

1887 3559 1942 3615 in
1974 3561 2055 3615 his
2085 3576 2202 3630 qua!
2223 3560 2462 3615 minaris.
2490 3560 2675 3615 Omnis
2701 3560 2976 3631 perpessio
3002 3575 3146 3627 mea,
3171 3559 3362 3615 ﬂuctus
3398 3567 3480 3615 est

1889 3665 2010 3710 tuus
2037 3674 2048 3710 :
2080 3655 2255 3710 omnis
2299 3657 2642 3711 comminatio
2671 3662 2761 3710 tua
2787 3697 2802 3723 ,
2831 3670 3155 3725 suspensura
3186 3663 3272 3710 tua
3293 3663 3392 3711 est.
3423 3654 3480 3710 In

1888 3746 2136 3802 fluctibus
2167 3746 2376 3802 invocat
2415 3747 2640 3819 ahyssus
2670 3748 2789 3812 ista,
2823 3747 2877 3801 in
2901 3747 3241 3816 suspensuris
3268 3749 3483 3802 invocat

1889 3841 2109 3896 alteram
2149 3841 2421 3911 abyssum.
2477 3839 2532 3895 ln
2588 3855 2654 3895 eo
2704 3839 2847 3910 quod
2891 3839 3104 3908 laboro,
3157 3854 3345 3896 omnes
3383 3839 3482 3895 flu-

1890 3943 2008 3990 ctus
2036 3933 2110 3989 tui
2151 3953 2164 3988 :
2208 3938 2260 3988 in
2304 3949 2370 3989 eo
2412 3933 2554 4004 quod
2593 3934 2811 3988 minaris
2863 3934 3107 4004 gravius,
3131 3947 3320 3990 omnes
3359 3948 3482 3988 sus-

1892 4028 2179 4098 pensiones
2226 4035 2331 4081 ture
2380 4041 2542 4098 super
2574 4041 2660 4082 me
2709 4029 2964 4098 ingressa:
3007 4037 3148 4081 sunt.
3190 4028 3289 4096 Qui
3340 4028 3481 4083 enim

1853 4143 1857 4148 ε
1893 4119 2142 4184 minatur,
2174 4133 2278 4173 non
2305 4118 2522 4188 premit,
2549 4118 2642 4174 sed
2662 4119 2961 4188 suspendit.
2985 4118 3090 4173 Sed
3112 4120 3232 4190 quia
3262 4119 3480 4188 liberas,

1895 4209 1999 4265 hoc
2022 4209 2132 4265 dixi
2171 4211 2364 4264 animat
2393 4225 2526 4265 meae
2553 4227 2566 4262 :
2601 4209 2766 4280 Spera
2790 4210 2844 4264 in
2868 4209 3054 4277 Deum,
3096 4213 3333 4281 quoniam
3356 4228 3484 4266 cort-

1897 4300 2073 4370 ﬁtebor
2101 4300 2219 4364 illi;
2245 4299 2468 4354 salutare
2488 4300 2654 4353 vultus
2688 4300 2807 4365 mei,
2848 4298 2988 4353 Deus
3021 4316 3178 4353 incus.
3207 4300 3340 4367 Quia
3371 4316 3484 4355 ma~

1895 4394 1976 4465 gis
1995 4393 2180 4448 crebra
2207 4402 2331 4448 sunt
2354 4393 2514 4459 mala,
2549 4392 2756 4447 dulcior
2779 4392 2881 4447 erit
2905 4391 3269 4446 misericordia
3298 4400 3406 4445 tua.

1968 4484 2055 4541 16.
2121 4482 2271 4558 [vers.
2307 4481 2387 4557 9.]
2436 4483 2560 4539 Ideo
2611 4483 2852 4554 sequitur
2907 4500 2920 4538 :
2978 4481 3045 4537 In
3090 4483 3173 4537 die
3220 4483 3482 4539 mandauit

1895 4577 2145 4632 Dominus
2163 4575 2561 4632 misericordiam
2579 4592 2746 4644 suam,
2775 4586 2821 4630 et
2846 4583 2991 4629 nocte
3013 4574 3309 4632 declarabit.
3341 4574 3483 4633 Nulli

1896 4677 2049 4724 vacat
2063 4667 2250 4724 audire
2277 4669 2330 4722 in
2352 4667 2716 4723 tribulatione.
2743 4666 3016 4723 Attendite
3031 4681 3151 4722 cum
3173 4667 3326 4722 vobis
3346 4666 3483 4724 bene

1897 4770 2012 4820 est;
2059 4759 2237 4815 audite
2261 4773 2382 4814 cum
2410 4759 2561 4814 vobis
2591 4758 2727 4814 bene
2753 4767 2835 4815 est
2871 4775 2887 4815 :
2923 4757 3114 4814 discite
3133 4798 3150 4826 ,
3181 4773 3300 4814 cum
3330 4768 3482 4815 tran-

1897 4851 2047 4922 quilli
2089 4852 2248 4916 estis,
2299 4851 2576 4920 sapientiae
2605 4849 2970 4920 disciplinam,
3003 4858 3058 4905 et
3089 4849 3310 4907 verbum
3341 4852 3360 4884 ¹
3390 4850 3484 4907 Dei

1899 4955 1956 4999 ut
1979 4943 2156 5000 cibum
2183 4943 2438 5014 colligite.
2469 4942 2694 5012 Quando
2719 4943 2862 4997 enim
2892 4943 3120 5015 quisque
3163 4945 3218 4999 in
3258 4943 3486 5001 tribula-

1899 5037 2043 5092 tione
2070 5044 2190 5104 est,
2223 5036 2478 5107 prodesse
2505 5035 2582 5090 illi
2609 5034 2768 5090 debet
2811 5035 2955 5106 quod
2995 5051 3217 5093 securus
3261 5037 3483 5094 audivit.

1899 5129 1964 5184 Et
1989 5130 2132 5185 enim
2176 5129 2229 5183 in
2264 5128 2425 5183 rebus
2465 5127 2736 5196 prosperis
2779 5128 3000 5184 mandat
3037 5129 3131 5185 tibi
3159 5129 3300 5185 Deus
3324 5131 3488 5186 mise-

1897 5223 2179 5278 ricordiam
2205 5237 2354 5276 suam
2377 5262 2392 5288 ,
2420 5221 2465 5275 si
2489 5221 2536 5274 ei
2566 5219 2795 5277 fideliter
2823 5223 3111 5288 sarrieris;
3142 5223 3264 5293 quia
3292 5221 3487 5278 liberat

1901 5325 1950 5373 te
1975 5316 2042 5372 de
2072 5315 2408 5370 tribulatione
2438 5330 2453 5378 ;
2502 5313 2598 5369 sed
2629 5328 2736 5370 non
2786 5315 2882 5370 tibi
2909 5315 3144 5372 declarat
3190 5315 3356 5384 ipsam
3385 5315 3486 5370 mi-

1897 5406 2263 5473 sericordiam,
2295 5420 2453 5476 quam
2495 5404 2587 5460 tibi
2609 5421 2703 5476 per
2727 5405 2871 5462 diem
2901 5406 3206 5470 mandavit,
3256 5406 3355 5460 nisi
3385 5421 3485 5476 per

1897 5508 2129 5558 noctem.
2173 5499 2304 5555 Cum
2333 5499 2541 5555 venerit
2566 5501 2679 5572 ipsa
2705 5500 3009 5565 tribulatio,
3057 5509 3180 5555 tunc
3209 5499 3477 5570 adjutorio

1897 5603 1950 5650 te
1975 5607 2080 5648 non
2111 5592 2312 5648 deserit
2357 5610 2371 5647 :
2412 5592 2645 5648 ostendit
2671 5591 2768 5647 tibi
2798 5607 2981 5647 verum
3020 5590 3184 5648 fuisse
3213 5591 3354 5662 quod
3385 5592 3480 5648 tibi

1895 5702 1991 5758 per
2028 5686 2167 5742 diem
2215 5684 2506 5742 mandavit.
2555 5685 2767 5753 Etenim,
2809 5684 3066 5755 scriptum
3112 5692 3194 5738 est
3248 5683 3483 5755 quodam

1907 5827 1994 5942 uti
2246 5832 2372 5887 Mss,
2396 5827 2443 5873 et
2463 5821 2595 5874 verba
2616 5819 2708 5873 Dei
2725 5819 2901 5872 cibum
2924 5827 3046 5872 'n-es
3064 5818 3165 5875 alii.
3209 5825 3259 5872 et
3293 5821 3488 5873 verbum
