4042 6476
535 390 642 448 479

535 518 654 560 mus
685 522 697 558 :
731 503 917 559 Emitte
946 503 1108 560 lucem
1146 511 1285 557 tuam
1331 509 1380 556 et
1419 499 1674 556 veritatem
1707 506 1866 553 tuam.
1899 497 1996 552 Illa
2028 497 2122 550 lux

534 599 745 654 oculum
775 596 951 652 cordis
995 595 1211 666 inquirit
1240 613 1252 649 :
1293 594 1438 648 Beati
1483 594 1614 648 enim
1638 634 1652 658 ,
1706 591 1912 661 inquit,
1944 589 2123 644 mundi

534 693 704 758 corde,
726 691 960 765 quoniam
980 689 1078 759 ipsi
1098 688 1263 744 Deum
1279 688 1510 742 videbunt
1530 685 1738 757 (Matth.
1755 700 1810 751 v,
1839 682 1872 739 8
1896 684 1936 755 ).
1966 682 2120 738 Modo

536 787 588 841 in
614 793 795 840 monte
823 784 940 852 ejus
967 797 1172 842 sumus,
1197 779 1247 835 id
1269 790 1351 834 est
1375 780 1427 834 in
1451 777 1690 834 Ecclesia
1715 776 1850 846 ejus,
1882 783 1934 831 et
1961 775 2013 830 in
2038 783 2119 829 ta-

535 880 826 936 bernaculo
853 877 989 946 ejus.
1021 873 1442 930 Tabernaeulum
1496 870 1943 942 peregrinantium
1996 876 2116 936 est,

534 973 729 1030 domus
773 970 1188 1026 cohabitantium
1223 985 1236 1021 :
1267 976 1348 1022 est
1375 974 1428 1021 et
1457 965 1852 1020 tabernaculum
1885 962 2119 1032 peregri-

536 1065 776 1121 nantium
829 1074 883 1118 et
913 1061 1270 1117 militantium.
1300 1058 1432 1114 Cum
1477 1056 1629 1112 audis
1677 1053 2072 1110 tabernaculum
2097 1092 2114 1120 ,

533 1159 733 1216 behum
786 1157 1057 1227 intellige,
1105 1155 1311 1210 hostem
1355 1166 1503 1206 cave.
1553 1151 1751 1205 Domus
1793 1156 1970 1203 autem
1997 1160 2117 1217 quae

535 1252 638 1308 erit
663 1251 727 1305 ‘?
755 1249 900 1304 Beati
926 1250 1012 1319 qui
1048 1248 1272 1302 habitant
1299 1247 1354 1299 in
1382 1245 1530 1298 domo
1560 1252 1647 1298 tua
1669 1285 1684 1309 ,
1726 1243 1780 1297 in
1807 1241 1994 1296 saecula
2019 1256 2116 1295 sw-

535 1344 763 1398 culorum
787 1342 1066 1396 laudabunt
1092 1350 1140 1394 te
1161 1340 1180 1411 (
1210 1337 1354 1394 Psal.
1379 1352 1608 1403 Lxxxul,
1636 1335 1670 1391 5
1690 1333 1732 1408 ).

606 1435 658 1489 5.
689 1432 834 1506 [uers.
861 1430 938 1506 4.]
964 1432 1081 1488 Jam
1110 1446 1239 1501 ergo
1262 1429 1498 1502 perducti
1517 1428 1582 1482 ad
1611 1425 2031 1492 tabernaculum,
2057 1433 2116 1481 et

478 1541 482 1546 ·
535 1527 690 1596 positi
741 1526 790 1578 in
837 1535 1019 1580 monte
1049 1532 1234 1578 sancto
1263 1521 1410 1591 ejus,
1443 1535 1600 1591 quam
1640 1534 1788 1588 spem
1841 1517 2114 1589 gerimus?

535 1618 599 1672 Et
625 1618 841 1671 introibo
862 1617 930 1670 ad
966 1617 1125 1670 altare
1151 1613 1267 1668 Dei.
1298 1613 1395 1668 Est
1422 1612 1564 1668 enim
1593 1609 1857 1680 quoddam
1886 1609 2114 1665 sublime

531 1712 698 1765 altare
726 1709 989 1765 invisibile
1010 1751 1023 1773 ,
1052 1722 1158 1778 quo
1184 1722 1290 1761 non
1335 1705 1541 1761 accedit
1583 1703 1833 1773 injustus.
1874 1701 1952 1756 Ad
1984 1701 2110 1756 illud

529 1802 694 1856 altare
720 1802 808 1856 ille
836 1800 981 1855 solus
1010 1798 1234 1864 accedit,
1260 1797 1349 1868 qui
1377 1796 1443 1851 ad
1470 1796 1607 1850 istud
1630 1809 1848 1849 securus
1868 1792 2106 1848 accedit:

531 1893 636 1948 illic
667 1893 896 1948 inveniet
921 1891 1084 1946 vitam
1112 1906 1282 1958 suam,
1313 1888 1401 1959 qui
1421 1889 1472 1942 in
1501 1889 1600 1941 isto
1619 1886 1872 1941 discernit
1898 1899 2108 1940 causam

529 2001 699 2041 suam.
742 1985 807 2040 Et
853 1984 1065 2038 introibo
1113 1984 1180 2037 ad
1219 1983 1378 2036 altare
1419 1979 1561 2034 Dei:
1602 1979 1669 2034 de
1705 1985 1885 2032 monte
1928 1984 2111 2032 sancto

527 2078 662 2148 ejus,
688 2086 741 2132 et
769 2077 836 2132 de
859 2075 1198 2131 tabernaculo
1220 2074 1356 2143 ejus.
1386 2073 1454 2128 de
1478 2080 1658 2127 sancta
1684 2069 1923 2125 Ecclesia
1953 2067 2069 2137 ejus
2090 2108 2109 2136 ,

529 2170 758 2226 introiho
793 2169 860 2224 ad
899 2169 1065 2223 altare
1101 2166 1195 2222 Dei
1222 2166 1468 2220 sublime.
1498 2164 1666 2232 Quale
1692 2163 1764 2216 ibi
1792 2159 2109 2216 sacriﬁcium

527 2263 643 2317 est?
687 2262 804 2332 lpse
832 2261 920 2331 qui
948 2261 1145 2325 intrat,
1177 2259 1464 2312 assumitur
1511 2257 1562 2310 in
1591 2256 1978 2311 holocaustum.
2016 2250 2112 2306 In-

527 2355 687 2410 troibo
729 2354 797 2407 ad
845 2353 1006 2407 altare
1049 2350 1162 2404 Dei.
1194 2349 1330 2418 Quid
1360 2358 1441 2403 est
1484 2347 1622 2418 quod
1655 2347 1814 2410 dicit,
1842 2346 1909 2399 ad
1949 2344 2110 2399 altare

527 2445 664 2500 Dei?
689 2444 768 2499 Ad
796 2443 958 2498 Deum
986 2444 1071 2514 qui
1112 2442 1337 2510 laetiﬁcat
1364 2441 1672 2509 iuventutem
1702 2454 1882 2492 meam.
1913 2437 2110 2493 Juven-

527 2549 610 2595 tus
638 2539 924 2594 novitatem
947 2537 1206 2608 signiﬁcat
1239 2553 1250 2589 :
1283 2543 1530 2604 tanquam
1560 2532 1800 2600 diceret,
1830 2530 1911 2585 Ad
1942 2531 2107 2584 Deum

523 2632 614 2702 qui
667 2630 898 2685 laetiﬁcat
944 2628 1230 2683 novitatem
1275 2642 1467 2682 meam.
1517 2624 1776 2681 Laetiﬁcat
1817 2624 2106 2679 novitatem

522 2741 724 2788 meam,
771 2724 861 2794 qui
913 2721 1246 2778 contristavit
1290 2728 1608 2776 vetustatem
1659 2733 1857 2773 meam.
1914 2717 2106 2774 lncedo

520 2819 662 2873 enim
684 2815 841 2870 modo
867 2815 1031 2869 tristis
1054 2815 1105 2869 in
1129 2822 1409 2877 vetustate,
1444 2822 1568 2866 tunc
1589 2820 1765 2865 autem
1794 2810 1947 2865 stabo
1971 2825 2104 2881 gau-

519 2912 652 2967 dens
677 2912 728 2963 in
756 2909 1006 2963 novitate.
1029 2906 1316 2975 Conﬁtebor
1355 2904 1442 2958 tibi
1462 2906 1513 2958 in
1535 2905 1758 2968 cithara,
1779 2903 1936 2967 Deus,
1968 2902 2105 2956 Deus

519 3019 678 3057 meus.
710 2999 848 3069 Quid
879 3009 961 3055 est
992 2999 1044 3053 in
1085 2999 1286 3053 cithara
1337 2996 1618 3061 conﬁteri,
1667 3003 1720 3049 et
1767 2995 1820 3048 in
1853 2993 2104 3064 psalterio

519 3091 806 3148 conﬁteri?
835 3089 952 3145 Non
982 3089 1123 3144 enim
1171 3100 1384 3155 semper
1411 3087 1462 3139 in
1488 3083 1688 3139 cithara
1715 3125 1729 3148 ,
1767 3099 1867 3138 nec
1892 3097 2105 3152 semper

519 3188 570 3242 in
599 3184 868 3256 psalterio.
916 3183 1031 3237 Duo
1075 3181 1188 3236 huc
1208 3194 1404 3248 organa
1445 3180 1770 3233 musicorum
1796 3177 1995 3232 habent
2024 3177 2106 3231 in-

517 3288 598 3334 ter
643 3292 700 3332 se
742 3275 1044 3331 distinctam
1087 3272 1477 3341 discretamque
1528 3271 1788 3325 rationem
1813 3311 1829 3338 ,
1886 3269 2100 3340 dignam

516 3371 943 3426 consideratione
985 3375 1039 3423 et
1075 3365 1536 3421 commendatione
1565 3364 1856 3419 memorize.
1884 3363 2103 3420 Utrum-

515 3479 618 3536 que
659 3463 762 3517 hoc
803 3459 1047 3516 manibus
1073 3468 1316 3530 portatur
1342 3465 1397 3513 et
1425 3458 1696 3527 tangitur,
1744 3465 1798 3512 et
1841 3457 2102 3528 signiﬁcat

514 3571 676 3626 opera
698 3553 940 3625 quaedam
965 3559 1149 3606 nostra
1178 3549 1498 3621 corporalia.
1533 3547 1829 3618 Utrumque
1857 3547 2056 3603 bonum
2080 3589 2096 3616 ,

514 3649 559 3704 si
589 3649 711 3719 quis
737 3649 876 3702 norit
903 3646 1164 3716 psallere,
1199 3644 1242 3698 si
1269 3645 1388 3712 quis
1422 3643 1564 3697 norit
1607 3643 1946 3698 citharizare.
1992 3641 2099 3698 Sed

516 3743 638 3812 quia
679 3741 988 3811 psalterium
1016 3737 1158 3794 istud
1198 3751 1457 3809 organum
1483 3735 1712 3802 dicitur,
1739 3735 1881 3806 quod
1907 3736 1974 3790 de
2004 3751 2099 3791 su-

449 3885 457 3902 κ
514 3833 727 3905 periore
754 3841 901 3901 parte
939 3829 1100 3884 habet
1123 3828 1475 3886 testudinem;
1506 3827 1636 3882 illud
1663 3827 1868 3882 scilicet
1904 3838 2101 3899 tympa-

515 3940 640 3980 num
661 3933 716 3978 ct
743 3936 1033 3978 concavum
1060 3921 1260 3991 lignum
1285 3919 1368 3973 cui
1395 3917 1608 3974 chordae
1629 3917 1917 3998 innitentes
1946 3933 2098 3974 reso-

514 4025 644 4072 nant
673 4033 686 4069 :
713 4014 913 4069 cithara
936 4027 1066 4067 vero
1093 4011 1317 4082 idipsum
1341 4010 1537 4081 lignum
1560 4025 1751 4065 cavum
1772 4018 1824 4064 et
1845 4024 2097 4066 sonorum

514 4122 578 4162 ex
610 4105 858 4161 inferiore
883 4113 1033 4174 parte
1065 4103 1222 4159 habet
1251 4120 1264 4158 :
1297 4101 1645 4157 discernenda
1670 4109 1792 4156 sunt
1815 4116 1977 4171 opera
1998 4119 2098 4156 no-

515 4207 644 4264 stra,
668 4196 879 4266 quando
900 4197 950 4250 in
979 4195 1229 4266 psalterio
1250 4195 1378 4260 sint,
1401 4193 1611 4264 quando
1634 4193 1683 4247 in
1701 4193 1924 4262 cithara,
1950 4202 2096 4248 utra-

514 4305 616 4361 que
641 4298 816 4343 tamen
843 4288 1034 4358 placita
1064 4288 1172 4342 Deo
1201 4296 1254 4342 et
1278 4288 1458 4342 suavia
1485 4285 1598 4357 ejus
1623 4286 1844 4341 auditui.
1874 4285 2098 4354 Quando

512 4396 640 4454 ergo
663 4396 728 4436 ex
751 4380 1030 4452 przeceptis
1058 4379 1151 4433 Dei
1180 4379 1376 4450 aliquid
1398 4378 1604 4450 agimus
1622 4421 1637 4446 ,
1664 4379 1827 4449 jussis
1851 4379 1966 4449 ejus
1994 4379 2097 4434 ob-

513 4482 870 4544 temperantes
917 4482 970 4527 et
1015 4471 1359 4527 obaudicntes
1409 4471 1476 4524 ad
1521 4469 1788 4540 implenda
1835 4480 2096 4541 praecepta

512 4568 648 4637 ejus;
673 4567 763 4621 ubi
791 4565 1011 4619 facimus
1037 4573 1092 4618 et
1116 4578 1222 4619 non
1251 4549 1498 4633 patimur,
1528 4563 1837 4633 psalterium
1862 4571 1962 4618 est.
1995 4563 2098 4619 Fa-

512 4659 660 4713 ciunt
687 4657 826 4710 enim
857 4655 932 4710 ita
957 4662 1013 4709 et
1039 4655 1222 4725 Angeli
1251 4673 1263 4709 :
1290 4670 1396 4710 non
1416 4655 1557 4709 enim
1583 4654 1781 4725 aliquid
1806 4655 2093 4724 patiuntur.

512 4748 645 4804 Cum
675 4756 850 4802 autem
878 4746 1074 4816 aliquid
1105 4747 1332 4816 patimur
1362 4747 1758 4800 tribulationum
1780 4786 1794 4811 ,
1847 4747 2098 4802 tentatio-

516 4857 639 4895 num
663 4881 678 4905 ,
719 4838 1088 4895 scandalorum
1134 4839 1184 4891 in
1229 4837 1326 4891 hac
1370 4845 1543 4903 terra;
1583 4843 1707 4907 quia
1736 4851 1838 4890 non
1869 4838 2097 4907 patimur

513 4934 612 4988 nisi
653 4947 722 4987 ex
763 4929 1013 4986 inferiore
1054 4939 1234 5000 parte,
1277 4928 1329 4984 id
1357 4938 1439 4984 est
1480 4944 1546 4984 ex
1582 4943 1648 4984 eo
1675 4927 1817 4999 quod
1846 4931 2097 4986 mortales

513 5040 730 5091 sumus,
761 5039 828 5079 ex
858 5038 923 5079 eo
965 5021 1108 5094 quod
1155 5023 1341 5093 primae
1386 5031 1582 5077 nostra:
1625 5035 1801 5078 causae
1845 5021 2095 5093 quiddam

513 5121 909 5178 tribulationum
935 5119 1192 5176 debemus
1221 5121 1242 5151 ³
1261 5160 1278 5187 ,
1307 5128 1362 5175 et
1391 5119 1516 5190 quia
1555 5117 1784 5190 patimur
1813 5119 1979 5173 multa
2028 5118 2096 5175 ab

511 5218 586 5270 eis
603 5215 691 5286 qui
714 5231 820 5269 non
839 5222 962 5269 sunt
981 5213 1235 5284 desuper,
1253 5211 1452 5267 cithara
1474 5221 1575 5266 est.
1597 5211 1752 5265 Venit
1767 5211 1908 5267 enim
1931 5226 2096 5268 sonus

509 5309 687 5362 suavis
721 5323 787 5362 ex
833 5307 1081 5362 inferiore
1109 5317 1256 5376 parte
1288 5322 1303 5359 :
1337 5304 1566 5374 patimur
1593 5313 1646 5359 et
1674 5304 1977 5374 psallimus,
2011 5306 2095 5360 vel

509 5401 683 5470 pozius
730 5409 1006 5455 cantamus
1055 5408 1110 5454 et
1157 5399 1551 5453 citharizamus.
1611 5396 1834 5464 Quando
1885 5399 2096 5456 dicebat

513 5491 797 5560 Apostolus
821 5491 1186 5561 evangeliZare
1211 5505 1271 5545 se
1291 5531 1306 5555 ,
1333 5499 1386 5545 et
1423 5489 1714 5559 praedicare
1748 5491 2092 5561 Evangelium

511 5594 620 5638 toto
641 5584 766 5640 oris
795 5593 1057 5639 terrarum
1081 5599 1146 5638 ex
1177 5590 1444 5654 przecepto
1473 5580 1596 5648 Dei;
1625 5581 1749 5653 quia
1769 5583 1898 5639 illud
1921 5583 2094 5640 Evan-

572 5762 587 5792 ί
624 5761 755 5832 de._,
770 5761 1125 5832 ‘dornusuutem
1147 5761 1208 5810 de
1229 5773 1326 5832 qua
1348 5756 1493 5820 dixit,
1509 5759 1661 5832 Beati,
1680 5767 1776 5814 etc.
1801 5769 1857 5815 At
1871 5762 2094 5830 plerique

512 5830 637 5882 uss,
664 5822 780 5886 quid
803 5822 913 5872 erit.
1155 5822 1331 5887 codex,
1355 5834 1466 5887 quae
1485 5822 1596 5874 erit.

571 5888 591 5917 ³
622 5884 842 5949 Quinque
861 5891 990 5948 Mss,
1014 5884 1226 5937 debetur.

1769 384 1826 444 8.
1865 378 2233 442 AUGUSTINI
2271 381 2573 448 EPISCOPI

3701 418 3805 476 480

2225 498 2422 598 gelium
2445 517 2506 560 se
2525 520 2632 598 non
2657 508 2725 564 ab
2754 509 3054 572 hominibus
3079 533 3252 590 neque
3271 535 3369 593 per
3393 523 3681 598 hominem,
3704 539 3799 593 sed

2226 604 2322 700 per
2345 592 2525 649 Jesum
2555 597 2822 700 Christum
2856 610 3128 678 accepisse
3161 592 3369 670 dicebat
3397 619 3541 688 (Gal.
3581 641 3630 688 ι,
3671 592 3763 700 l2)
3784 671 3800 694 ,

2223 683 2452 784 desuper
2477 695 2736 751 sonabant
2757 701 3007 758 chordae:
3037 720 3156 762 cum
3176 723 3303 764 vero
3331 683 3573 784 dicebat,
3599 683 3774 776 Clarii:

2223 793 2337 882 mur
2363 781 2416 836 in
2443 785 2884 859 tribulationibus;
2921 799 3129 854 scientes
3167 803 3286 872 quia
3322 781 3580 866 tribulatio
3611 816 3805 882 patien-

2225 879 2346 978 tiam
2389 888 2666 978 operatur,
2712 887 2952 954 patientia
2979 893 3356 965 probationem,
3406 879 3635 971 probatio
3665 924 3805 978 spent

2225 959 2466 1071 (Romv,
2486 969 2520 1024 5
2544 981 2592 1026 et
2612 974 2690 1045 4);
2723 978 2923 1034 cithara
2949 959 3251 1045 sonabatex
3277 959 3527 1053 inleriore
3551 959 3806 1071 quidem,

2220 1059 2315 1154 sed
2345 1069 2517 1118 tamen
2541 1066 2784 1126 dulciter.
2824 1072 3011 1131 Omnis
3053 1081 3195 1136 enim
3233 1086 3482 1154 patientia
3517 1059 3688 1148 dulcis
3726 1059 3805 1152 esi

2224 1150 2350 1254 Deo.
2384 1155 2438 1210 Si
2468 1169 2645 1254 autem
2675 1164 2725 1218 in
2757 1166 2886 1234 ipsis
2926 1150 3350 1236 tribulationibus
3374 1183 3637 1242 defeceris
3659 1231 3674 1254 ,
3728 1150 3806 1245 ci;

2450 1249 2694 1349 ‘l'registi.
2739 1257 2913 1326 Quare
2955 1279 3081 1334 ergo
3123 1269 3283 1324 modo
3309 1272 3440 1329 dixit
3473 1295 3487 1331 :
3519 1243 3806 1349 Conﬁtebor

2219 1338 2308 1444 tibi
2333 1340 2656 1444 inicit/rara?
2691 1348 2916 1419 Propter
2956 1355 3084 1411 illud
3125 1363 3264 1429 quod
3295 1364 3502 1423 dixerat
3551 1389 3563 1424 :
3615 1338 3806 1444 ὺιφιίά

2218 1433 2373 1487 tristis
2395 1437 2592 1505 incedo,
2616 1440 2736 1494 dum
2756 1445 2929 1517 afﬂigit
2951 1466 3027 1505 me
3047 1453 3308 1512 inimicus?
3328 1460 3631 1519 Patiebatur
3661 1433 3803 1524 enim

2216 1524 2462 1592 quiddam
2493 1545 2558 1584 ex
2591 1532 2841 1592 inferiore
2871 1540 3157 1602 afﬂictione
3178 1589 3193 1614 ,
3223 1559 3276 1604 et
3305 1553 3352 1606 in
3384 1570 3449 1609 eo
3488 1557 3603 1626 ipso
3626 1570 3803 1618 tamen

2216 1620 2427 1723 volebat
2453 1625 2662 1692 placere
2694 1630 2802 1686 Deo
2821 1677 2835 1701 ,
2866 1645 2919 1689 et
2945 1640 3140 1706 gratias
3177 1646 3438 1712 gestiebat
3463 1620 3621 1722 agere
3651 1655 3763 1710 Deo
3785 1699 3800 1723 ,

2218 1710 2367 1768 fortis
2405 1715 2457 1769 in
2503 1720 2925 1782 tribulationibus
2974 1748 2987 1784 :
3026 1743 3081 1786 et
3131 1710 3250 1804 quia
3294 1722 3416 1795 sine
3460 1710 3804 1805 tribulatione

2215 1820 2463 1910 essenon
2484 1821 2698 1910 poterat
2717 1858 2730 1882 ,
2762 1821 3062 1887 patientiam
3091 1826 3201 1883 Deo
3230 1830 3487 1904 debebat,
3515 1835 3805 1910 Conﬁtebor

2215 1897 2305 1952 tibi
2326 1900 2378 1954 in
2404 1903 2618 1972 cithara,
2651 1907 2811 1977 Deus,
2838 1913 2975 1970 Deus
2998 1935 3154 1975 meus.

2285 1991 2335 2044 6.
2365 1989 2513 2063 [vers.
2546 1995 2625 2070 5.]
2658 1999 2722 2054 Et
2749 2018 2931 2059 rursus
2956 2009 3021 2062 ad
3047 2013 3275 2069 animam
3309 2032 3488 2084 suam,
3521 2031 3578 2076 ut
3620 2041 3690 2080 ex
3721 2027 3801 2082 in-

2214 2080 2406 2186 feriore
2436 2087 2526 2144 illo
2551 2104 2745 2146 sonoro
2773 2095 2916 2166 ligno
2942 2103 3111 2171 capiat
3138 2120 3325 2163 sonum
3371 2130 3384 2164 :
3430 2080 3621 2183 thuid
3647 2080 3804 2177 tristis

2213 2191 2299 2269 es,
2325 2180 2493 2248 inquit
2517 2223 2530 2246 ,
2559 2185 2729 2240 anima
2754 2205 2883 2254 mea,
2907 2200 2954 2246 et
2975 2198 3155 2265 utquid
3177 2205 3446 2260 conturbas
3475 2180 3594 2263 me?
3622 2210 3681 2265 In
3708 2217 3804 2269 tri-

2213 2264 2568 2328 bulationibus
2598 2291 2735 2343 sum,
2756 2279 2809 2334 in
2839 2264 3174 2353 languoribus
3203 2297 3240 2356 ³,
3263 2293 3316 2348 in
3345 2303 3694 2373 maeroribus,
3721 2315 3804 2360 ut-

2211 2361 2335 2428 quid
2365 2381 2450 2420 me
2479 2372 2762 2428 conturbas
2787 2417 2800 2440 ,
2833 2392 2865 2430 o
2895 2380 3106 2436 anima?
3135 2384 3265 2451 Quis
3302 2390 3474 2445 dicit?
3502 2397 3585 2448 cui
3627 2361 3804 2455 dicit?

2210 2455 2416 2513 Animae
2441 2460 2601 2528 dicit,
2630 2479 2816 2522 omnes
2848 2472 3118 2541 novimus;
3152 2478 3365 2546 planttm
3403 2493 3486 2538 est
3509 2489 3654 2542 enim
3676 2533 3692 2556 ,
3738 2492 3803 2548 ad

2211 2551 2354 2607 illam
2376 2554 2608 2613 directus
2634 2572 2716 2617 est
2740 2579 2937 2622 sermo.
2965 2569 3156 2642 thuid
3179 2580 3339 2632 tristis
3364 2597 3433 2646 es,
3453 2585 3628 2640 anima
3655 2551 3769 2644 mea
3786 2633 3802 2657 ,

2209 2655 2256 2748 et
2298 2649 2476 2748 utquid
2521 2654 2790 2711 conturbas
2834 2661 3244 2729 me?Qu:eritur
3289 2686 3512 2740 persona
3553 2649 3802 2748 loquens;

2207 2735 2471 2809 Numquid
2499 2757 2624 2798 caro
2651 2747 2842 2803 animze
2870 2751 3102 2822 loquitur
3123 2799 3137 2822 ,
3173 2735 3301 2814 cum
3321 2779 3446 2820 caro
3473 2767 3594 2824 sine
3617 2735 3800 2830 anima

2208 2846 2312 2886 non
2359 2833 2635 2904 loquatur?
2677 2840 2952 2912 Proprium
2987 2850 3128 2904 enim
3170 2856 3334 2925 magis
3369 2837 3488 2928 est,
3537 2873 3594 2917 ut
3620 2868 3801 2923 anima

2207 2938 2420 3020 carnem
2442 2929 2760 3020 alloquatur,
2790 2952 2945 3007 quam
2979 2949 3034 2995 ut
3054 2958 3180 3000 caro
3208 2948 3510 3020 alloquatur
3537 2958 3798 3016 animam.

2208 3014 2312 3118 sed
2335 3019 2482 3118 ‘quia
2513 3039 2616 3077 non
2654 3026 2818 3093 dixit,
2848 3029 3022 3096 Quare
3067 3037 3232 3092 tristis
3259 3014 3346 3104 cs,-
3368 3060 3492 3100 caro
3515 3063 3634 3104 mea
3656 3093 3672 3118 ,
3708 3014 3801 3110 sed

2206 3109 2296 3175 ait,
2322 3112 2492 3179 Quare
2519 3117 2674 3173 tristis
2694 3137 2766 3187 es,
2797 3125 2968 3179 anima
2984 3132 3130 3184 mea?
3151 3130 3229 3202 (Si
3252 3135 3392 3190 enim
3416 3153 3634 3197 carnem
3659 3109 3804 3201 vallo-

2205 3214 2488 3273 queretur,
2525 3208 2750 3268 fortasse
2781 3230 2882 3269 non
2909 3218 3140 3289 diceret,
3168 3225 3337 3290 Quare
3360 3232 3517 3288 tristis
3546 3252 3638 3301 es;
3661 3239 3758 3294 sed
3779 3282 3799 3309 ,

2205 3298 2378 3366 Quare
2402 3302 2552 3360 doles
2570 3305 2593 3358 ?
2614 3307 2776 3364 Dolor
2800 3314 2938 3367 enim
2962 3318 3152 3374 animze
3181 3323 3390 3380 tristitia
3411 3298 3642 3385 dicitur:
3681 3298 3801 3390 mo:

2205 3391 2356 3492 lestia
2388 3410 2516 3451 vero
2541 3415 2658 3468 quae
2699 3403 2756 3456 ﬁt
2787 3405 2839 3459 in
2880 3423 3102 3479 corpore
3129 3414 3281 3470 dolor
3310 3417 3634 3492 dici'potest
3660 3468 3676 3490 ,
3710 3429 3804 3484 tri-

2204 3485 2347 3588 stitia
2373 3501 2476 3542 non
2519 3501 2709 3591 potest.
2752 3495 2856 3591 Sed
2895 3514 2959 3554 ex
2995 3502 3182 3560 dolore
3207 3485 3804 3591 corporis-plerumque

2203 3584 2377 3674 anima
2425 3584 2788 3674 contristatur.
2838 3587 3064 3648 Interest
3115 3605 3291 3654 tamen
3335 3603 3460 3672 quid
3487 3604 3673 3662 doleat
3703 3584 3806 3674 [ἐς

2203 3667 2328 3736 quid
2353 3673 2715 3730 contristetur.
2749 3678 2899 3736 Dolet
2919 3684 3061 3738 enim
3088 3701 3241 3753 caro,
3275 3667 3440 3748 tristis
3469 3705 3552 3752 est
3576 3667 3800 3769 anima;

2203 3769 2255 3866 et
2280 3773 2460 3832 aperta
2507 3766 2605 3822 ista
2631 3785 2730 3825 vox
2753 3781 2835 3827 est
2854 3815 2869 3839 ,
2906 3774 3098 3848 thuid
3120 3781 3276 3837 tristis
3305 3801 3378 3851 es,
3402 3788 3576 3843 anima
3599 3810 3719 3847 mea
3741 3766 3802 3866 Ρ)

2209 3853 2326 3956 l‘lon
2356 3872 2484 3928 ergo
2523 3862 2698 3916 anima
2727 3865 3014 3936 alloquitur
3042 3886 3256 3929 carnem
3282 3894 3297 3943 ;
3327 3881 3448 3948 quia
3480 3898 3584 3939 non
3615 3853 3800 3956 dixit,

2203 3947 2397 4019 thuid
2429 3953 2594 4008 tristis
2624 3969 2703 4024 es,
2732 3971 2858 4014 caro
2888 3965 3049 4018 mea?
3076 3981 3173 4022 nec
3198 3947 3355 4038 caro,
3370 3975 3636 4043 animam;
3677 3947 3805 4050 quia

2200 4043 2490 4146 absurdum
2511 4058 2592 4103 est
2621 4059 2680 4104 ut
2709 4051 2928 4110 inferior
2950 4055 3252 4130 alloquatur
3267 4068 3620 4136 superiorem.
3651 4043 3805 4146 Ergo

2201 4137 2770 4240 intelligimus-habere
2797 4164 2896 4208 nos
2943 4153 3144 4226 aliquid
3187 4159 3275 4214 ubi
3321 4162 3496 4235 imago
3538 4167 3627 4222 Dei
3681 4137 3801 4240 est,

2200 4239 2430 4322 mentem
2463 4235 2665 4292 scilicet
2688 4247 2848 4311 atque
2875 4245 3157 4303 rationem.
3190 4249 3305 4322 ipsa
3330 4269 3483 4311 mens
3510 4235 3807 4319 invocabat

2202 4320 2372 4378 lucem
2405 4326 2496 4382 Dei
2527 4338 2583 4383 et
2612 4333 2884 4390 veritatem
2908 4338 3020 4394 Dei.
3052 4341 3167 4412 Ipsa
3197 4320 3279 4399 est
3306 4361 3406 4416 qua
3436 4351 3682 4420 capimus
3715 4357 3807 4424 ju-

2200 4424 2341 4472 stum
2378 4429 2432 4473 et
2473 4420 2724 4492 iniustum
2749 4443 2764 4492 ;
2795 4429 2907 4498 ipsa
2935 4441 3016 4487 est
3038 4450 3141 4505 qua
3167 4436 3521 4498 discernimus
3549 4420 3746 4503 verum
3773 4466 3804 4504 a

2199 4505 2355 4574 falso;
2380 4510 2494 4582 ipsa
2520 4522 2604 4569 est
2628 4531 2747 4586 quae
2776 4531 2996 4579 vocatur
3022 4525 3356 4600 intellectus,
3382 4549 3490 4605 quo
3517 4536 3807 4598 intellectu

2200 4614 2379 4702 carent
2411 4605 2630 4677 bestiae;
2663 4627 2821 4682 quem
2849 4615 3174 4676 intellectum
3196 4624 3437 4697 quisquis
3458 4629 3511 4683 in
3535 4643 3595 4684 se
3622 4634 3808 4702 negtio

2200 4695 2303 4790 git,
2332 4707 2386 4754 et
2411 4705 2680 4772 postponit
2719 4710 2928 4766 caeteris
2946 4753 2962 4776 ,
2991 4721 3046 4768 et
3079 4714 3148 4770 ita
3174 4695 3359 4787 abjicit
3383 4723 3531 4790 quasi
3559 4739 3672 4780 non
3702 4695 3805 4781 ha-

2199 4786 2341 4887 beat,
2365 4792 2510 4847 audit
2528 4810 2595 4850 ex
2619 4799 2823 4866 psalmo
2846 4819 2858 4855 :
2884 4802 3058 4860 Nolite
3081 4823 3189 4862 esse
3211 4786 3338 4865 sicut
3353 4786 3508 4884 equa
3533 4826 3578 4870 et
3598 4820 3804 4887 mulus,

2199 4883 2378 4954 quibus
2401 4903 2502 4941 non
2535 4901 2606 4944 est
2644 4893 2927 4951 intellectus
2953 4897 3120 4968 (Psal.
3170 4918 3304 4958 χχχι
3326 4945 3342 4971 ,
3375 4905 3454 4975 9).
3485 4883 3807 4968 Intellectus

2199 4990 2327 5046 ergo
2343 4987 2525 5035 noster
2539 4981 2823 5054 alloquitur
2837 4987 3068 5044 animam
3090 5002 3345 5049 nostram.
3369 4996 3472 5052 Ista
3498 4999 3549 5053 in
3569 4999 3809 5057 tribula-

2201 5067 2432 5124 tionibus
2458 5073 2689 5130 marcida
2733 5085 2847 5145 est,
2875 5078 3014 5136 fessa
3045 5083 3097 5139 in
3133 5087 3421 5157 angoribus
3447 5091 3488 5156 ³,
3515 5101 3807 5152 contracta

2199 5157 2254 5252 in
2283 5162 2689 5232 teutationibus,
2721 5182 2862 5239 aegra
2887 5171 2940 5226 in
2971 5172 3260 5233 laboribus.
3293 5178 3462 5252 Erigit
3489 5197 3607 5238 eam
3635 5200 3809 5244 mens

2199 5249 2432 5349 desuper
2458 5256 2674 5325 capiens
2699 5260 2975 5318 veritatem
2992 5305 3008 5331 ,
3036 5274 3092 5321 et
3125 5267 3256 5324 dicit
3287 5249 3478 5343 thuid
3516 5275 3675 5330 tristis
3702 5295 3762 5333 es
3786 5319 3808 5349 ,

2198 5345 2371 5399 anima
2411 5364 2522 5402 mea
2542 5391 2556 5414 ,
2589 5359 2635 5404 et
2663 5355 2841 5422 utquid
2867 5359 3136 5417 conturbas
3172 5363 3291 5418 me?

2272 5443 2324 5497 7.
2359 5443 2546 5501 Videte
2583 5446 2762 5504 sinon
2788 5460 2871 5506 est
2897 5452 2995 5508 ista
3043 5455 3296 5514 allocutio
3324 5459 3379 5514 in
3409 5460 3501 5517 illo
3541 5463 3809 5524 conﬂictu

2199 5533 2441 5628 Apostoli
2462 5579 2478 5604 ,
2507 5538 2558 5592 in
2584 5553 2643 5595 se
2674 5543 3062 5614 praeﬁgurantis
3093 5550 3350 5619 quosdam
3370 5596 3388 5622 ,
3419 5561 3475 5609 et
3503 5554 3642 5612 forte
3670 5574 3806 5628 nos,

2199 5637 2254 5684 et
2278 5627 2504 5685 dicentis
2527 5670 2542 5697 ,
2571 5629 2898 5691 Condelector
2925 5637 3023 5710 legi
3061 5640 3158 5695 Dei
3193 5644 3468 5700 secundum
3499 5627 3810 5708 interiorem

2199 5734 2454 5814 nominem
2476 5764 2491 5789 ,
2535 5726 2678 5781 video
2702 5738 2869 5785 autem
2895 5733 3054 5788 aliaat
3088 5733 3251 5808 legem
3286 5739 3342 5794 in
3367 5742 3601 5798 membris
3625 5745 3763 5798 meis
3788 5785 3808 5814 ,

2195 5829 2204 5832 ”
2263 5816 2283 5886 ξ
2314 5812 2508 5886 aliquot
2521 5820 2944 5886 ΜεεηΔ

2262 5882 2285 5913 ¹
2313 5884 2420 5931 Its.
2444 5882 2680 5945 nonnulli,
