4042 6478
532 530 865 617 ἶιιίὲιι-ἰγιοιιηίὶ
910 538 1082 603 videte
1110 538 1267 619 quain
1293 534 1486 625 bonum
1527 542 1740 606 causam
1780 548 1966 608 habeat
1993 542 2152 620 ,t:um

571 628 719 703 dicit,
750 630 964 709 Propter
990 648 1055 695 te.
1085 632 1215 695 Nam
1247 630 1300 696 ei
1329 632 1583 700 Dominus
1617 636 1737 700 ideo
1775 644 2001 714 addidit,
2031 661 2154 719 pro-

569 720 690 802 pter
717 726 973 799 justitiam
992 770 1009 798 ,
1036 730 1156 787 cum
1186 726 1390 789 diceret
1424 752 1439 789 :
1466 731 1610 789 Beati
1634 735 1720 805 qui
1757 738 2153 810 persecutionem

569 822 829 893 patiuntur
854 828 1058 894 propter
1066 816 1316 895 justitiam
1336 812 1546 899 (Matth.
1569 841 1626 895 ν,
1644 826 1737 898 10)
1757 846 1769 884 :
1794 846 1861 885 ne
1873 820 2150 901 quisquam

569 914 993 984 persecutionem
1012 912 1233 986 patiens,
1253 918 1317 972 ex
1335 916 1444 988 ipsa'
1465 934 1616 989 pmna
1629 920 1885 991 quaereret
1904 922 2148 993 gloriam,

570 1022 677 1060 non
709 1006 901 1061 bonam
930 1002 1132 1063 habens
1162 1024 1395 1064 causam.
1428 1010 1496 1065 Et
1536 1010 1658 1067 hinc
1686 1013 1995 1070 exhortatus
2024 1029 2150 1070 suos

565 1098 661 1166 ait;
685 1099 833 1156 Beati
857 1098 1004 1156 eritis
1029 1115 1150 1156 cum
1175 1095 1325 1159 vobis
1347 1098 1434 1158 illa
1459 1113 1512 1159 et
1538 1104 1623 1160 illa
1650 1104 1872 1161 fecerint
1891 1096 1972 1163 vel
1996 1094 2149 1162 dixe-

566 1190 675 1245 rin‘t
708 1186 951 1247 homines
970 1234 984 1259 ,
1018 1199 1234 1263 propter
1264 1196 1368 1249 me.
1401 1192 1533 1250 Hinc
1560 1200 1689 1266 ergo
1717 1202 1818 1252 vox
1842 1197 1859 1228 ί
1881 1239 1898 1266 ,
1931 1194 2149 1267 Propter

564 1288 612 1334 te
640 1282 1006 1351 mortiﬁcamur
1030 1290 1133 1336 tota
1157 1282 1256 1340 die.

638 1373 693 1428 2.
723 1372 891 1446 [rem
921 1372 1016 1448 1.]
1044 1372 1141 1430 Est
1179 1382 1357 1431 autem
1385 1376 1589 1447 magna:
1625 1378 2065 1433 considerationis
2091 1388 2147 1434 et

564 1468 770 1538 magna:
797 1465 1167 1538 profunditatis
1194 1464 1475 1523 consilium
1498 1469 1617 1537 Dei,
1643 1469 1769 1540 Quid
1790 1484 1964 1526 causa:
1989 1471 2146 1525 fuerit

565 1562 623 1614 ut
668 1564 788 1615 cum
829 1556 1004 1630 patres
1049 1568 1262 1617 nostros
1306 1554 1680 1630 Palriarcbas,
1709 1570 1763 1617 et
1792 1570 1957 1617 totum
1998 1563 2143 1617 illum

565 1651 815 1721 populum
848 1651 1004 1706 Israel
1030 1650 1273 1707 eduxerit
1301 1652 1355 1706 in
1378 1667 1539 1707 manu
1568 1646 1856 1708 foitissima
1882 1653 1947 1708 de
1974 1653 2143 1725 AZgy-

563 1744 687 1811 p'to‘,
710 1743 765 1796 et
788 1734 1169 1811 persequentes
1198 1738 1444 1798 inimiCos
1472 1748 1656 1798 eorum
1684 1736 1738 1797 in
1767 1743 1900 1798 mari
1930 1741 2143 1798 demer-

566 1835 722 1902 Serit,
742 1834 1055 1905 duxeritque
1072 1844 1170 1905 per
1180 1836 1605 1892 contradicentes
1622 1844 1828 1909 gentes,
1842 1836 2144 1892 debellatis-

561 1942 664 1999 que
682 1927 920 1984 hostibus
940 1929 993 1983 in
1010 1926 1202 1984 terram
1221 1924 1588 1998 promissionis
1604 1930 1856 2000 postrerit,
1881 1926 2145 1986 victorias-

562 2034 667 2090 que
687 2020 901 2091 magnas
921 2036 985 2075 ex
1015 2012 1276 2091 paucitate
1296 2026 1512 2078 s'uorum
1529 2022 1581 2077 in
1604 2036 1791 2093 magna
1810 2018 2141 2078 inimicorum

561 2108 897 2167 multitudine
922 2108 1108 2169 fecerit
1135 2132 1147 2165 :
1174 2120 1360 2185 postea
1388 2115 1645 2184 placuerit
1664 2112 1712 2170 ei
1732 2117 1881 2186 quasi
1900 2120 2144 2172 avertere

561 2206 621 2258 se
646 2210 677 2257 a
705 2198 902 2273 pupiiId
931 2220 1049 2272 suo,
1076 2213 1133 2259 ut
1157 2212 1386 2276 stragem
1411 2205 1691 2261 occisionis
1715 2212 1769 2261 et
1789 2208 1975 2262 mortis
1998 2198 2143 2277 pate-

561 2288 746 2349 retudi-
784 2294 953 2350 sa’ucti
978 2295 1095 2365 ejus
1114 2338 1129 2363 ,
1161 2302 1215 2352 et
1243 2296 1400 2351 nemo
1434 2298 1742 2364 resisteret,
1771 2312 1930 2354 nemo
1954 2297 2139 2354 defen-

557 2385 728 2457 dcret,
750 2402 908 2443 nemo
931 2384 1256 2459 prohiberet;
1274 2388 1423 2459 quasi
1452 2390 1703 2445 averterit
1721 2388 1909 2447 faciem
1933 2406 2081 2446 suam
2109 2408 2140 2448 a

555 2476 838 2551 gemitibus
865 2482 1070 2548 eorum,
1099 2476 1249 2552 quasi
1272 2472 1471 2536 oblitus
1490 2472 1558 2536 sil
1580 2497 1693 2550 eos,
1711 2480 1863 2554 quasi
1892 2484 2005 2554 ipse
2033 2500 2139 2540 non

554 2570 626 2628 su
666 2572 806 2629 Deus
825 2615 841 2642 ,
865 2575 957 2645 qui
985 2575 1037 2629 in
1064 2570 1224 2629 ma‘n'u
1247 2570 1423 2630 valida
1449 2580 1502 2630 et
1526 2565 1746 2632 brachio
1772 2578 1988 2633 excelso
2026 2576 2140 2633 evi-

551 2661 865 2723 dentissima
889 2662 1117 2737 potentia
1142 2666 1318 2739 pati-es
1349 2660 1578 2735 nostros,
1610 2666 1660 2723 id
1688 2677 1771 2725 est
1795 2670 1941 2725 illum
1972 2662 2140 2742 popu-

551 2756 682 2826 ltuii;
714 2750 848 2815 situt
869 2754 1002 2827 dixi,
1028 2760 1096 2815 ab
1117 2751 1349 2831 Egypto
1378 2756 1680 2828 liberatum,
1701 2752 1853 2816 victis
1869 2762 2138 2832 pulsisque

549 2848 620 2906 de
645 2844 784 2906 te'i'rzi
815 2848 907 2906 sua
934 2846 1179 2922 gentibus
1204 2850 1541 2908 cbnStituerit
1577 2850 1628 2905 in
1656 2856 1821 2924 regno
1845 2894 1860 2917 ,
1889 2854 2134 2908 miranti-

548 2936 648 2999 Iﬁi‘s
675 2938 921 2999 briiniliiis
949 2940 1089 3014 quod
1120 2938 1262 3015 smp‘é’
1300 2958 1330 2997 a
1357 2938 1541 3015 paucis
1572 2934 1724 2998 niulti
1765 2945 1889 3000 victi
1930 2946 2130 3001 essent.

549 3022 663 3090 Hoc
705 3038 833 3107 ergo
875 3030 931 3090 in
970 3034 1171 3105 gemitu
1211 3034 1564 3090 "confessionis
1608 3034 1794 3106 incipit
1834 3030 2036 3091 canta'ii
2077 3030 2133 3092 iii

549 3124 754 3197 pisaim‘o
777 3128 898 3182 isto.
927 3122 1043 3182 Non
1078 3108 1269 3181 iiustia
1305 3126 1448 3182 enim
1484 3124 1583 3181 ista
1611 3124 1745 3182 facta
1773 3128 1918 3190 sun‘t,
1950 3126 2055 3183 n’isi
2079 3136 2135 3184 ut

548 3211 871 3297 intelligatur
897 3222 1062 3289 quare
1090 3214 1226 3273 facta
1252 3217 1376 3273 sint.
1400 3204 1628 3274 Proinde
1655 3216 1777 3289 quia
1804 3206 1940 3274 facta
1972 3216 2130 3288 sunt,

547 3302 887 3367 manifestum
926 3314 1007 3393 est
1032 3328 1046 3365 :
1069 3304 1233 3381 qiiare
1262 3310 1368 3366 sin‘t
1394 3306 1533 3366 facta
1553 3352 1568 3378 ,
1600 3304 1760 3366 altius
1785 3312 2130 3382 quwrendum

545 3412 648 3461 est.
690 3403 814 3461 ideo
844 3402 1024 3460 titulus
1062 3416 1168 3459 non
1200 3405 1358 3460 habet
1386 3410 1589 3460 tantum
1615 3446 1629 3472 ,
1661 3405 1780 3474 ﬁliis
1805 3402 1932 3460 Core
1954 3422 1971 3471 ;
1993 3405 2088 3461 sed
2110 3449 2124 3473 ,

545 3492 613 3551 Iit
653 3490 956 3552 irttelleeturri
980 3498 1000 3528 ²
1024 3488 1145 3566 ﬁliis
1172 3494 1316 3551 Core.
1356 3492 1466 3551 lloc
1488 3498 1541 3552 et
1568 3490 1619 3550 iii
1651 3488 1740 3552 illo
1768 3482 1972 3567 psalmo
2010 3508 2128 3565 est,

545 3584 697 3660 cujus
723 3584 947 3658 primum
980 3586 1190 3644 versum
1228 3582 1340 3657 ipse
1365 3586 1619 3642 Dominus
1661 3587 1728 3642 de
1764 3590 1920 3644 cruce
1949 3580 2081 3644 dixit
2115 3608 2127 3645 :

543 3660 683 3735 Heus
702 3675 857 3748 meus,
890 3679 1025 3733 Deus
1051 3695 1218 3744 meus,
1242 3679 1433 3748 respice
1458 3678 1513 3732 in
1534 3694 1632 3742 me,
1662 3694 1817 3751 quare
1844 3672 1921 3732 me
1945 3677 2130 3733 dereli-

542 3772 732 3843 quistt?
753 3764 1160 3842 Transiighrans
1188 3771 1328 3825 enim
1361 3782 1457 3824 nos
1479 3768 1531 3824 in
1564 3768 1616 3825 id
1642 3769 1785 3840 quod
1808 3770 2015 3826 diccbat
2039 3812 2052 3836 ,
2075 3781 2132 3827 ct

546 3865 598 3918 in
628 3872 821 3932 corpus
852 3862 1003 3916 suum
1046 3862 1188 3932 (quia
1218 3871 1273 3916 et
1306 3864 1407 3915 nos
1430 3866 1613 3916 stimu's
1645 3876 1839 3929 corpus
1860 3862 1973 3931 ejus
2002 3904 2014 3926 ,
2040 3864 2129 3918 ille

544 3958 702 4024 caput
727 3953 1013 4023 nomium),
1045 3958 1226 4007 vocem
1251 3946 1502 4013 dentice
1524 3954 1630 4007 non
1650 3952 1780 4007 dixit
1809 3950 1961 4006 suani
1984 3996 1997 4019 ,
2032 3954 2127 4009 sed

542 4042 798 4099 nosnam'.
826 4042 942 4098 Non
968 4045 1108 4098 enim
1132 4046 1362 4113 unijuam
1392 4040 1811 4113 cumdcieliquit
1830 4044 1970 4100 Deus
1993 4089 2004 4109 ,
2029 4050 2128 4101 n‘cc

542 4138 657 4209 ipse
692 4138 907 4194 al’atre
934 4151 1163 4209 unquam
1193 4137 1443 4204 recessit;
1476 4137 1568 4192 sed
1615 4132 1828 4207 prtibler
1870 4154 1964 4191 nos
1995 4136 2127 4194 dixit

542 4230 647 4287 hoc
671 4250 689 4286 :
715 4230 856 4287 Bm
895 4247 1067 4297 meus,
1098 4228 1234 4284 Deus
1266 4246 1407 4284 mens
1429 4272 1442 4296 ,
1472 4231 1647 4301 utquid
1668 4247 1751 4285 me
1782 4231 2126 4302 deretiquisti?

540 4324 671 4380 Nam
697 4324 937 4396 sequitur
963 4323 1039 4383 illi
1065 4341 1079 4376 :
1108 4322 1281 4393 Longe
1306 4339 1349 4390 ,α
1386 4324 1550 4379 salute
1588 4328 1699 4379 m’ed
1740 4323 1886 4377 verba
1920 4325 2126 4378 delicto-

538 4435 652 4473 rum
667 4434 909 4473 meorum.
934 4416 1001 4472 Et
1021 4415 1255 4472 ostendit
1273 4430 1339 4470 ex
1355 4430 1579 4486 quorum
1608 4429 1831 4484 persona
1856 4415 1956 4471 hoc
1976 4417 2125 4488 dixe-

490 4551 495 4558 .
538 4511 640 4577 rit;
665 4525 771 4565 non
797 4509 940 4564 enim
968 4509 1020 4563 in
1043 4508 1159 4578 ipso
1177 4508 1426 4562 delictum
1456 4508 1623 4577 potuit
1644 4506 1889 4561 inveniri.
1918 4507 2123 4562 Clarita-

537 4607 599 4661 bo
625 4606 693 4659 ad
712 4615 777 4671 te,
807 4605 976 4673 inquit
1002 4604 1053 4657 in
1078 4596 1192 4671 ipso
1220 4602 1444 4672 psalmo,
1470 4594 1557 4671 per
1586 4588 1738 4668 diem,
1761 4612 1807 4655 et
1834 4619 1932 4655 non
1963 4620 2122 4657 exau—

537 4695 645 4750 dies
663 4711 683 4759 ;
698 4690 743 4749 et
769 4696 915 4748 nocte
938 4735 953 4759 ,
972 4690 1283 4747 subauditur
1300 4692 1504 4761 utique,
1527 4702 1579 4746 et
1605 4696 1709 4745 non
1731 4682 2001 4757 exaudies;
2026 4693 2121 4748 sed

536 4782 737 4841 addidit
766 4803 779 4839 :
807 4792 855 4839 et
880 4790 983 4838 non
1010 4783 1076 4837 ad
1105 4782 1443 4853 insipientia»:
1464 4781 1587 4834 mihi
1611 4780 1780 4852 (Psal.
1815 4796 1926 4848 ut,
1956 4782 2012 4848 2,
2042 4783 2119 4851 5),

538 4877 589 4933 id
615 4884 731 4946 est,
764 4878 865 4933 hoc
911 4877 1084 4947 ipsum
1110 4875 1250 4947 quod
1296 4884 1400 4929 non
1435 4874 1682 4929 exaudies
1703 4918 1717 4941 ,
1751 4890 1854 4928 non
1886 4874 1951 4927 ad
1995 4874 2123 4929 insi-

537 4968 787 5040 pientiam
813 4962 964 5035 m‘ih‘i,
996 4967 1088 5021 sed
1120 4966 1187 5020 ad
1213 4966 1557 5021 intellectum.
1587 4964 1723 5033 Quid
1746 4973 1849 5030 est,
1872 4964 1937 5019 ad
1965 4964 2121 5019 intel-

533 5058 730 5118 lectuin'
772 5072 876 5116 non
917 5058 1206 5115 exaudies?
1245 5057 1296 5112 id
1340 5065 1573 5124 est,me
1615 5070 1720 5112 non
1759 5057 2011 5112 exaudies
2052 5056 2119 5111 ad

533 5152 867 5225 temporalia,
890 5158 949 5206 ut
976 5148 1261 5221 intelligam
1283 5156 1314 5205 a
1335 5158 1387 5206 te
1405 5149 1755 5206 desideranda
1774 5152 2115 5218 sempiterna.

530 5246 648 5304 non
685 5250 814 5319 ergo
837 5245 1094 5316 relinquit
1118 5232 1255 5300 Deus
1282 5286 1295 5309 ,
1328 5250 1525 5300 etcum
1555 5244 1765 5299 videtur
1793 5244 2114 5315 relinquere,

529 5340 666 5397 tollit
687 5339 831 5412 quod
850 5339 990 5396 male
1018 5338 1349 5405 desiderasti,
1368 5346 1421 5395 et
1436 5337 1592 5394 docet
1615 5336 1741 5408 quid
1760 5336 1957 5392 debeas
1984 5338 2120 5395 bene

527 5434 852 5491 desiderare;
884 5432 942 5489 Si
976 5433 1121 5489 enim
1168 5434 1382 5503 seniper
1433 5432 1574 5487 Deus
1604 5431 1655 5486 in
1703 5431 1819 5486 istis
1851 5432 2118 5501 prosperi-

528 5524 725 5582 tatibus
756 5520 957 5589 fayeret
1002 5525 1159 5581 nobis
1180 5568 1194 5592 ,
1227 5532 1283 5578 ut
1330 5523 1508 5579 omnia
1546 5523 1702 5577 nobis
1743 5521 2112 5588 abundarent,

526 5619 833 5690 nullamque
875 5619 927 5673 in
974 5626 1212 5689 tempore
1258 5608 1363 5672 isto
1406 5615 1745 5671 mortalitatis
1776 5620 1974 5671 nostra:
2019 5616 2117 5671 tri-

476 5730 483 5737 κ
525 5709 872 5778 bulatianem,
894 5709 1067 5765 nullas
1089 5718 1368 5781 pressuras
1393 5707 1769 5778 angustiasque
1788 5714 2110 5778 pateremur;

592 5826 607 5856 ¹
648 5824 779 5875 Edd.:
809 5822 929 5875 Hinc
954 5820 1069 5888 ergo‘
1100 5828 1192 5875 vom
1236 5824 1519 5888 Martyrum.
1565 5822 1727 5881 AbeSt,
1757 5814 2045 5887 Martyrum,
2083 5835 2113 5878 ε

526 5893 712 6000 ’κλῇε
734 5956 838 6003 ω
860 5950 998 6012 juxta
1018 5955 1146 5998 Lxx.
1173 5955 1228 6000 Αι
1249 5946 1381 6010 ω,
1407 5948 1492 5999 sed
1513 5943 1777 5999 maenaa
1798 5938 1919 6012 ﬁlii
1932 5953 2069 5999 core.

1802 434 1859 492 s.
1899 398 2267 493 AhGUsiuiIl
2306 416 2603 495 spissum

3735 462 3835 517 486

2261 570 2367 651 non
2387 544 2684 615 diceremus
2708 561 2809 617 nisi
2840 563 2939 619 ista
2959 578 3078 621 esse
3100 581 3307 641 summa
3326 572 3464 632 bona
3482 592 3604 650 quae
3623 594 3840 651 prastat

2259 643 2401 701 Deus
2445 650 2613 705 servis
2650 653 2761 707 suis
2787 694 2804 721 ,
2830 665 2884 710 et
2912 657 3111 728 majora
3141 661 3209 716 ab
3234 662 3326 720 illo
3349 683 3457 726 non
3498 643 3837 737 desiderare.

2258 753 2396 795 mus.
2422 741 2547 821 Ideo
2570 753 2746 799 autem
2772 746 2894 804 huic
2919 750 3038 806 vita:
3059 756 3196 812 male
3215 757 3358 817 dulci
3374 764 3563 823 miscet
3582 774 3838 829 amaritu-

2260 829 2407 888 dines
2462 834 2860 903 tribulationum
2886 882 2899 908 ,
2932 852 2989 899 ut
3032 846 3135 905 alia
3173 865 3294 921 qua:
3337 856 3625 917 salubriter
3665 865 3836 925 dulcis

2255 932 2339 1025 est
2364 965 2385 1025 ,
2410 927 2743 1025 requiratur;
2767 929 2868 1025 hoc
2903 944 3020 1006 est,
3061 937 3130 995 In
3173 942 3478 1007 intellectum
3523 957 3649 1025 ﬁliis
3686 959 3832 1022 Core.

2256 1011 2493 1086 Denique
2518 1019 2793 1079 audiamus
2819 1023 3118 1100 Psalmum,
3141 1043 3198 1091 et
3220 1038 3293 1095 ibi
3322 1011 3641 1111 potius
3657 1011 3833 1111 vid-ea;

2254 1119 2391 1160 mus.

2796 1207 3179 1313 θείημεν-ἱρῇ.
3207 1229 3389 1285 nostris
3411 1234 3721 1307 audivimus;
3743 1240 3833 1313 ptis

2253 1294 2537 1401 treanqstri
2562 1302 2982 1360 annuntiaverunt
3007 1312 3180 1382 nobis,
3210 1332 3337 1389 opus
3353 1325 3491 1393 quod
3514 1294 3768 1401 operatusr
3780 1294 3833 1392 es

2251 1382 2304 1434 in
2346 1382 2726 1482 dielrus‘eorum
2753 1434 2768 1456 ,
2798 1404 2845 1449 et
2874 1397 2928 1452 in
2968 1401 3142 1459 diebus

2250 1488 2412 1575 quare
2442 1476 2513 1586 ἱξιι
2526 1479 2639 1536 istis
2661 1483 2848 1543 diebus
2879 1498 3126 1564 tanquam
3149 1476 3447 1563 deseruerit
3480 1526 3577 1568 eos
3611 1476 3831 1586 quos‘in

2253 1567 2584 1679 missionibus
2612 1587 2865 1633 exercere
2888 1580 3132 1654 voluerit,
3155 1593 3401 1651 recolunt
3423 1567 3832 1679 praeteritam;

2248 1654 2527 1773 audierunt
2553 1677 2589 1773 a‘
2611 1666 2867 1766 patribus,
2890 1680 3136 1746 tanquam
3165 1680 3403 1743 dicentes

2248 2021 2768 2134 ctenim-opprobrium
2792 2021 3130 2112 hominum,“
3152 2021 3365 2121 adjeaio

2251 2116 2321 2227 7?.
2343 2119 2435 2227 ¹ΙΙΙὶ
2454 2137 2809 2227 spet'averunt
2830 2174 2846 2200 ,
2869 2143 2924 2188 et
2948 2135 3188 2197 liberasti
3337 2167 3350 2203 :
3378 2112 3827 2227 speravi:

2247 2216 2299 2262 et
2323 2209 2646 2286 dereliquisti
2677 2235 2791 2289 me;
2816 2232 2871 2279 et
2905 2227 3021 2284 sine
3044 2246 3204 2291 causa
3226 2205 3442 2299 credidi,
3525 2205 3830 2317 LK:-

2246 2317 2403 2360 causa
2435 2323 2630 2406 nomen
2657 2329 2836 2372 meum
2865 2322 3119 2392 scriptum
3158 2339 3239 2385 est
3267 2334 3409 2402 apud
3436 2347 3518 2406 te,
3548 2351 3607 2397 et
3628 2360 3827 2405 nomen

2247 2409 2392 2454 tuum
2430 2405 2685 2475 scriptum
2722 2421 2808 2466 est
2830 2414 2883 2470 in
2908 2418 3036 2472 me?
3057 2420 3181 2478 Haec
3205 2440 3334 2497 ergo
3362 2405 3514 2489 nobis
3551 2436 3825 2498 indicave-

2245 2504 2387 2603 runt.
2415 2508 2592 2602 patres
2633 2507 2821 2603 nostri.
2854 2507 3044 2567 Manus
3081 2522 3170 2569 tua
3215 2532 3384 2590 gentes
3421 2524 3760 2603 disperdidit,
3783 2547 3830 2591 at

2245 2586 2485 2656 plantasti
2513 2609 2636 2661 eos;
2664 2596 2933 2667 inﬁrmati
2959 2607 3173 2675 populos
3191 2586 3290 2675 ,νει
3328 2586 3566 2685 expulisti
3778 2586 3825 2682 id

2242 2689 2325 2761 est
2347 2723 2362 2750 ,
2388 2686 2610 2756 populos
2645 2692 2896 2761 expulisti
2924 2694 2994 2761 de
3021 2706 3161 2755 terra
3189 2717 3286 2758 sua
3310 2746 3325 2770 ,
3348 2716 3407 2762 ut
3428 2708 3562 2767 istos
3585 2713 3822 2773 intr-edn.

2240 2788 2393 2833 ceres
2420 2786 2576 2848 atque
2600 2781 2869 2851 plantares
2889 2827 2906 2854 ,
2932 2803 3222 2863 eorumque
3247 2810 3467 2869 regnum
3495 2812 3583 2860 tua
3607 2807 3825 2866 miseri-

2238 2870 2421 2967 cordia
2464 2874 2828 2936 conﬁrmares.
2859 2881 2987 2940 Hac
3024 2888 3322 2948 audivimus
3364 2909 3395 2948 a
3438 2899 3678 2967 patribus
3722 2919 3827 2961 no-

2241 2963 2389 3021 stris.

2309 3058 2362 3161 s.
2391 3056 2557 3133 [verm
2584 3063 2637 3119 4.
2660 3061 2811 3161 ]Α8θ(Ι
2831 3066 2969 3127 forte
2991 3072 3113 3131 ideo
3133 3077 3204 3132 illi
3232 3079 3333 3135 ista
3358 3088 3663 3155 potuerunt,
3697 3088 3824 3161 quia

2236 3146 2403 3248 fortes
2420 3163 2593 3248 erant,
2614 3159 2736 3225 quia
2762 3161 3105 3232 prmliatores,
3137 3172 3261 3239 quia
3288 3146 3490 3245 ini-icti,
3510 3180 3630 3248 quia
3648 3146 3825 3239 ’θέοι-ί

2235 3243 2420 3311 citati,
2451 3247 2572 3315 quia
2627 3248 2896 3308 bellicosi?
2922 3257 3094 3313 Absit.
3146 3260 3263 3317 Non
3305 3264 3407 3322 hoc
3448 3243 3825 3332 indicaverunt

2234 3334 2387 3438 nobis
2414 3347 2589 3438 patres
2610 3343 2794 3438 nostri,
2822 3360 2929 3400 non
2950 3347 3051 3405 hoc
3076 3349 3234 3409 habet
3253 3356 3545 3429 Scriptura;
3566 3367 3679 3420 sed
3696 3370 3827 3438 quid

2234 3425 2416 3528 habet,
2443 3431 2540 3487 nisi
2563 3435 2704 3503 quod
2727 3440 2996 3508 sequitur?
3025 3441 3143 3499 Non
3167 3449 3301 3502 enim
3590 3470 3689 3513 suo
3713 3425 3855 3528 iam,

2232 3520 2442 3576 reditate
2479 3527 2803 3594 possederunt
2838 3541 3055 3603 terram,
3083 3546 3133 3591 et
3160 3520 3421 3598 brachium
3447 3547 3679 3616 ipsorum
3721 3568 3824 3609 non

2231 3614 2398 3710 solvas
2424 3617 2541 3687 fecit
2565 3636 2683 3685 eos;
2709 3624 2797 3677 sed
2823 3625 3032 3683 dextera
3060 3639 3149 3685 tua
3167 3673 3181 3698 ,
3207 3641 3254 3687 et
3278 3614 3538 3692 brachium
3563 3649 3713 3697 tuam
3731 3687 3747 3710 ,
3776 3657 3824 3701 et

2232 3708 2536 3766 illuminatio
2573 3716 2737 3769 vultus
2772 3718 2864 3773 tui.
2894 3717 3113 3775 Dextera
3134 3733 3221 3778 tua
3244 3765 3258 3792 ,
3284 3729 3518 3796 potentia
3544 3736 3679 3799 tua;
3705 3708 3823 3791 bra-

2232 3801 2401 3857 citium
2450 3815 2628 3874 tuum,
2670 3808 2786 3879 ipse
2832 3810 2998 3867 Filius
3019 3822 3158 3870 tuus.
3189 3815 3259 3871 Et
3299 3818 3601 3879 imminutio
3647 3832 3821 3886 vultus

2232 3896 2345 3951 uti:
2374 3898 2501 3967 quid
2536 3909 2618 3955 est
2651 3902 2794 3958 hoc?
2820 3905 2952 3973 Quia
2976 3909 3167 3965 talibus
3196 3911 3360 3984 signis
3385 3917 3462 3972 eis
3487 3918 3688 3976 aﬁ‘uisti
3714 3968 3728 3989 ,
3767 3936 3823 3981 nt

2230 4002 2468 4059 praesens
2505 3994 2895 4068 intelligeret-is.
2935 4001 3200 4076 Numquid
3241 4009 3380 4064 enim
3409 4014 3622 4082 quando
3663 4020 3825 4075 nobis

2231 4082 2370 4139 Deus
2419 4087 2597 4157 aliquo
2648 4092 2907 4148 miraculo
2951 4096 3142 4165 adest,
3184 4098 3370 4157 faciem
3427 4103 3597 4173 ipsius
3642 4110 3822 4166 oculis

2229 4176 2425 4232 nostris
2447 4177 2727 4236 videmus?
2754 4181 2861 4238 Sed
2886 4182 3077 4241 olfactu
3102 4189 3343 4246 miraculi
3377 4207 3530 4249 suam
3572 4208 3821 4267 prasen-

2227 4267 2355 4322 tiam
2405 4270 2636 4326 insinuat
2680 4274 3003 4332 horninibus.
3051 4278 3289 4349 Denique
3327 4296 3518 4340 omnes
3566 4289 3659 4355 qui
3715 4290 3822 4344 mi-

2226 4371 2412 4418 rantur
2439 4364 2505 4419 ad
2534 4366 2896 4437 hujuscemodi
2924 4371 3082 4441 facta,
3114 4376 3238 4446 quid
3267 4377 3486 4435 dicunt?
3504 4379 3623 4437 Vidi
3643 4384 3818 4440 Deum
3880 4384 3887 4442 ζ

2225 4466 2563 4525 prtesentem.
2596 4458 2702 4515 Sed
2730 4462 2938 4517 dextera
2962 4473 3068 4532 tua,
3092 4474 3138 4520 et
3165 4467 3422 4524 brachium
3446 4480 3608 4539 mum,
3632 4474 3817 4531 etilli.

2225 4548 2435 4603 minutio
2477 4552 2643 4606 vultus
2676 4555 2750 4608 tui
2775 4569 2795 4609 :
2818 4558 3055 4625 quoniam
3098 4562 3447 4631 complacuisti
3481 4562 3536 4617 in
3564 4565 3638 4619 eis
3667 4580 3690 4620 :
3716 4568 3824 4624 hoc

2224 4648 2307 4695 est
2329 4683 2343 4707 ,
2367 4642 2446 4697 sic
2468 4656 2588 4698 cum
2627 4645 2707 4701 eis
2743 4648 2927 4717 egisti,
2962 4659 3017 4704 ut
3054 4651 3190 4707 bene
3229 4653 3469 4721 plaeeres
3503 4656 3556 4710 in
3583 4657 3665 4712 eis
3690 4699 3709 4725 ,
3763 4669 3825 4715 ut
3876 4698 3891 4733 δ

2224 4735 2466 4806 quisquis
2506 4752 2598 4792 eos
2638 4742 2936 4797 attenderet
2971 4746 3242 4813 quomodo
3263 4760 3386 4802 cum
3416 4748 3497 4804 eis
3521 4761 3781 4821 ageretur
3801 4796 3818 4818 ,

2223 4825 2427 4882 diceret
2468 4832 2589 4900 quia
2635 4824 2927 4890 vero’Deus
2966 4846 3048 4891 est
3079 4853 3205 4893 eum
3230 4840 3335 4895 illis
3360 4883 3374 4907 ,
3406 4848 3462 4897 et
3505 4842 3647 4899 Deus
3690 4847 3824 4902 illos

2158 4952 2161 4954 ›
2222 4919 2350 4991 agit.

2292 5012 2346 5067 5.
2388 5012 2550 5087 [υετδ.
2585 5015 2678 5089 5.]
2707 5017 2842 5085 Quid
2879 5019 3044 5089 ergo?
3066 5020 3213 5075 Alter
3254 5032 3369 5077 erat
3396 5032 3556 5091 tunc,
3582 5036 3636 5081 et
3674 5028 3823 5086 alter

2222 5115 2301 5160 est
2346 5118 2487 5162 nunc
2507 5109 2529 5162 ?
2552 5110 2719 5164 Absit.
2749 5111 2889 5179 Quid
2915 5113 3056 5168 enim
3084 5113 3361 5184 sequitur?
3381 5116 3459 5170 Tu
3498 5134 3548 5172 es
3587 5120 3700 5188 ipse
3728 5139 3826 5177 rea:

2221 5214 2363 5254 nisus
2384 5210 2431 5257 et
2460 5201 2596 5257 Beus
2614 5218 2771 5257 meus.
2796 5203 2874 5257 Tu
2900 5219 2959 5259 es
2987 5205 3120 5274 ipse,
3150 5222 3259 5261 non
3290 5208 3432 5264 enim
3467 5208 3710 5267 mutatus
3733 5231 3820 5271 es.

2220 5292 2482 5364 Tempora
2513 5303 2713 5350 mutata
2735 5295 2888 5351 video
2912 5337 2926 5362 ,
2948 5303 3160 5352 Creator
3178 5306 3479 5369 temporum
3500 5315 3605 5356 non
3630 5314 3822 5361 [truta-

2220 5400 2332 5449 tnr.
2348 5387 2427 5443 Tu
2448 5392 2500 5444 es
2519 5391 2626 5459 ipse
2652 5406 2742 5445 rea:
2765 5406 2904 5445 meus
2922 5396 2972 5445 et
2997 5390 3134 5446 Deus
3146 5388 3308 5450 meus.
3328 5393 3408 5449 Tu
3433 5408 3519 5449 me
3535 5390 3682 5452 Soles
3709 5398 3825 5454 du.

2218 5497 2343 5540 cere
2366 5524 2382 5549 ,
2412 5491 2467 5537 tu
2510 5497 2594 5536 me
2640 5483 2783 5539 soles
2822 5496 3009 5555 regere
3032 5527 3047 5551 ,
3077 5495 3133 5540 tu
3156 5485 3285 5540 milii
3315 5486 3457 5543 soles
3492 5488 3822 5549 subvenire.

2223 5575 2322 5642 Qui
2370 5575 2583 5630 mandas
2612 5575 2825 5631 salutem
2868 5575 3046 5631 Iacob.
3073 5576 3209 5646 Quid
3252 5587 3372 5646 est,
3406 5578 3508 5647 Qui
3550 5582 3829 5639 mandas!

2218 5666 2441 5724 Etiamsi
2467 5678 2520 5722 tu
2549 5681 2642 5737 per
2667 5676 2810 5723 tuam
2838 5683 3054 5739 prorsus
3082 5670 3432 5725 substantiam
3456 5679 3619 5741 atque
3642 5682 3822 5728 nutu-

2218 5774 2333 5817 ram
2378 5774 2479 5831 qua
2515 5768 2574 5817 es
2608 5761 2862 5832 quidquid
2904 5777 2995 5829 es,
3023 5763 3262 5817 occultus
3304 5778 3362 5818 es
3384 5803 3401 5828 .
3432 5778 3533 5820 nec
3567 5778 3666 5835 per
3708 5766 3823 5823 hoc

2290 5921 2308 5955 ι
2340 5915 3427 5980 οωηωωεεηαάηύωωεθιίιιῐηηωωι.
