4042 6464
221 483 314 540 485

221 596 347 670 quod
387 601 448 647 es
493 585 778 646 interfuisti
816 579 1090 648 patribus,
1126 584 1181 633 ut
1221 573 1359 632 facie
1399 573 1466 628 ad
1505 571 1694 625 faciem
1741 575 1794 620 to

223 661 488 752 viderent;
523 695 700 740 tamen
731 695 823 751 per
857 674 1148 748 quamlibet
1173 678 1470 726 creaturam
1502 672 1556 719 tu
1580 659 1800 716 mandas

224 779 439 840 salutem
465 776 655 833 JacOb.
683 771 892 828 Etenim
917 768 1007 823 illa
1038 765 1171 820 visis
1199 761 1332 816 facie
1356 757 1423 813 ad
1449 755 1659 817 faciem,
1680 751 1803 806 libe-

225 875 343 931 ratis
371 873 424 928 in
456 866 852 926 résurrectione
895 868 1158 917 servatur.
1205 854 1273 910 Et
1304 853 1378 908 illi
1422 858 1601 922 patres
1640 846 1802 902 etiam

226 965 349 1023 Novi
374 960 708 1020 Testamenti
750 955 994 1028 quamvis
1031 950 1259 1008 revelata
1303 943 1553 1017 mysteria
1604 953 1689 994 tua
1721 937 1803 991 vi-

227 1060 392 1117 derint
417 1058 461 1124 ¹,
479 1055 724 1128 quamvis
753 1050 983 1106 revelata
1004 1053 1208 1101 secreta
1230 1035 1690 1098 annuntiaverint;
1722 1041 1802 1086 ta-

230 1167 336 1208 men
380 1150 436 1204 in
478 1127 700 1219 speculo
739 1158 798 1198 se
816 1141 996 1196 videre
1023 1137 1272 1193 dixerunt
1308 1138 1364 1187 et
1395 1132 1449 1185 in
1478 1127 1803 1196 :enlgmate:

229 1244 425 1302 servari
468 1217 648 1296 autem
688 1237 947 1293 visionem
993 1234 1044 1286 in
1083 1230 1314 1285 futurum
1343 1225 1476 1280 facie
1509 1222 1575 1276 ad
1615 1217 1805 1273 faciem

231 1338 268 1410 (l
293 1335 412 1393 Cor.
440 1350 555 1398 xm,
586 1329 676 1402 l2)
695 1369 712 1396 ,
732 1327 944 1400 quando
971 1324 1176 1380 venerit
1198 1317 1339 1392 quod
1376 1317 1491 1388 ipse
1520 1311 1807 1382 Apostolus

231 1407 294 1484 ait
321 1446 334 1481 :
364 1426 563 1482 Mortui
585 1424 716 1478 enim
744 1420 882 1482 estis,
913 1428 960 1472 et
986 1419 1090 1470 vita
1109 1421 1272 1468 uestra
1290 1407 1581 1464 abscondita
1600 1413 1672 1458 est
1695 1417 1810 1455 cum

234 1523 425 1579 Christo
455 1521 513 1573 in
542 1517 690 1580 Deo;
721 1531 836 1568 cum
882 1521 1048 1564 autem
1078 1506 1308 1562 Christus
1351 1496 1677 1571 apparuerit,
1709 1494 1811 1547 vita

234 1625 388 1672 uestra
404 1653 421 1677 ,
453 1621 576 1665 tunc
602 1619 652 1664 et
674 1622 760 1661 vos
783 1600 1092 1675 apparebitis
1114 1614 1229 1652 cum
1264 1597 1375 1664 ipso
1402 1594 1455 1645 in
1481 1589 1642 1661 gloria
1667 1588 1686 1659 (
1707 1584 1808 1640 Co-

234 1709 339 1762 lsss.
372 1718 455 1770 ut,
483 1701 542 1770 3,-
561 1701 638 1771 4).
666 1698 814 1754 Tunc
833 1709 960 1764 ergo
985 1691 1138 1746 nobis
1157 1695 1399 1744 servatur
1411 1683 1546 1738 visio
1570 1681 1653 1734 illa
1676 1677 1811 1732 facie

233 1799 290 1854 ad
313 1767 551 1859 faciem,
578 1767 646 1848 de
664 1803 766 1861 qua
793 1795 850 1844 et
875 1787 1112 1842 Joannes
1139 1782 1269 1838 dicit
1297 1797 1310 1832 :
1342 1772 1687 1835 Dilectissimi,
1717 1767 1812 1839 filii

236 1891 320 1947 Dei
354 1900 572 1951 sum,
593 1894 641 1939 et
675 1881 900 1938 nondum
944 1875 1183 1948 apparuit
1219 1871 1341 1943 quid
1377 1869 1597 1930 erimus;
1628 1863 1814 1918 scimus

235 1985 340 2054 quid
357 1995 482 2036 cum
507 1975 820 2049 apparuerit,
849 1973 1034 2028 similes
1054 1969 1099 2022 ei
1120 1970 1306 2022 erimus
1323 2005 1338 2028 ,
1367 1961 1604 2031 quoniam
1622 1953 1812 2010 videbi-

237 2090 336 2130 mus
352 2089 472 2128 eum
489 2069 638 2126 sicuti
665 2075 740 2122 est
757 2064 970 2131 (Uenit.
1004 2073 1082 2127 ιιι,
1103 2059 1181 2130 2).
1198 2056 1308 2113 Etsi
1333 2068 1462 2122 ergo
1488 2060 1612 2106 tunc
1641 2058 1814 2118 patres

238 2165 394 2224 nostri
444 2178 558 2220 non
614 2172 666 2216 te
715 2157 961 2213 viderunt
1014 2152 1147 2208 facie
1185 2149 1254 2205 ad
1298 2147 1489 2203 faciem
1519 2139 1815 2198 secundum

237 2264 370 2336 quod
396 2272 457 2316 tu
481 2275 542 2316 es
567 2302 582 2327 ,
608 2255 819 2314 etiamsi
841 2255 937 2308 ista
960 2251 1093 2305 visio
1120 2255 1361 2302 servatur
1387 2241 1439 2294 in
1467 2231 1821 2293 resurrectio-

239 2325 323 2422 ne,-
352 2359 537 2410 tasnen
568 2325 674 2406 etsi
713 2345 902 2418 Angeli
937 2342 1199 2398 siluerunt
1223 2377 1236 2400 .
1270 2345 1326 2390 tu
1354 2330 1566 2386 mandas
1601 2325 1819 2382 salutem

237 2448 407 2503 lseob.
436 2445 558 2502 Non
585 2443 762 2497 solum
790 2453 882 2508 per
913 2446 965 2492 te
993 2433 1122 2488 ades
1141 2472 1158 2496 ,
1185 2429 1279 2485 sed
1307 2437 1400 2495 per
1423 2429 1818 2495 quamcumque

237 2547 528 2596 creaturam
557 2545 702 2590 tuam
719 2530 954 2596 sineris,
979 2535 1033 2581 tu
1060 2521 1284 2580 mandas
1313 2519 1414 2573 hoc
1440 2520 1655 2585 pr0pter
1675 2508 1820 2564 salu-

240 2643 338 2688 tem
359 2632 383 2664 ί
410 2640 695 2685 servorum
722 2633 933 2678 tuorum
955 2615 1097 2689 quod
1118 2623 1174 2670 tu
1205 2613 1317 2682 ipse
1342 2622 1437 2680 per
1467 2615 1518 2660 te
1539 2603 1688 2666 facis;
1717 2600 1820 2654 hoc

241 2733 406 2779 autem
433 2722 495 2776 lit
533 2733 631 2789 pro
669 2715 841 2774 salute
879 2721 1156 2768 servorum
1190 2715 1398 2760 tuorum
1429 2697 1569 2770 quod
1618 2693 1820 2749 faciunt

241 2819 418 2892 quibus
470 2813 713 2870 mandas.
741 2808 876 2864 Cum
909 2821 1037 2876 ergo
1073 2813 1127 2857 tu
1179 2801 1294 2870 ipse
1343 2796 1418 2852 sis
1464 2808 1558 2848 rex
1589 2802 1742 2845 meus
1765 2794 1822 2842 et

244 2882 372 2968 Deus
402 2924 559 2966 meus
576 2948 592 2973 ,
615 2912 674 2963 et
711 2914 768 2960 tu
796 2900 1016 2958 mandes
1055 2896 1281 2952 salutem
1302 2889 1468 2948 lacob
1485 2928 1501 2955 ,
1524 2899 1692 2956 quare
1716 2882 1820 2938 ista

244 3019 372 3061 nunc
397 2997 658 3074 potitum?

304 3098 353 3154 6.
383 3094 540 3170 [νινε.
603 3087 815 3163 6.]Sed
863 3083 1002 3142 forte
1051 3078 1317 3152 praeterita
1355 3084 1555 3130 tantum
1609 3076 1824 3124 narrata

245 3200 355 3247 sunt
377 3161 537 3244 nobis
557 3225 574 3253 ,
593 3161 868 3240 defutura
888 3187 1067 3232 autem
1099 3187 1205 3227 non
1237 3178 1319 3224 est
1339 3163 1535 3236 aliquid
1566 3161 1669 3216 tale
1694 3173 1821 3228 spe-

246 3286 480 3341 randum.
515 3282 630 3336 imo
651 3291 784 3333 vero
811 3271 1154 3345 sperandum.
1195 3265 1261 3321 In
1283 3277 1330 3319 te
1360 3262 1595 3317 inimicos
1625 3265 1824 3311 nostros

245 3375 608 3432 centiam.
645 3369 788 3440 Ergo
825 3374 1006 3438 patres
1053 3359 1224 3416 nostri
1261 3356 1633 3411 indicaverunt
1671 3347 1826 3402 nobis

247 3486 370 3542 opus
398 3467 542 3537 quod
571 3470 824 3535 operatus
852 3471 910 3513 es
942 3457 993 3510 in
1017 3453 1207 3510 diebus
1229 3462 1417 3505 eorum
1437 3486 1454 3511 ,
1483 3453 1540 3499 et
1563 3443 1618 3498 in
1637 3439 1826 3495 diebus

249 3528 475 3631 seq...
506 3574 521 3612 ε
549 3528 675 3626 quia
702 3563 890 3607 manus
921 3558 1008 3602 tua
1036 3553 1226 3615 gentes
1249 3535 1588 3607 disperdidit,
1621 3528 1828 3598 eiecisti

252 3622 466 3724 populos
493 3622 826 3718 etplantasti
851 3656 962 3697 eos.
996 3637 1098 3693 Ista
1129 3632 1395 3707 praeterita
1432 3636 1594 3684 sunt:
1624 3624 1692 3680 de
1740 3622 1827 3677 [ιι-

387 3757 522 3800 vero
557 3715 686 3810 quid
713 3733 855 3792 erit?
889 3730 957 3787 In
984 3741 1030 3785 te
1063 3727 1291 3783 inimicos
1323 3731 1520 3778 nostros
1561 3715 1827 3771 ventilabi-

253 3856 356 3894 mus
383 3854 405 3892 :
445 3807 625 3890 vertici
651 3841 859 3898 tempus
884 3823 1308 3895 quandoonmes
1350 3813 1548 3870 inimici
1574 3807 1834 3866 Christia-

255 3947 468 3995 norum,
497 3927 638 3983 sicut
659 3922 807 3994 palea
830 3916 1183 3978 ventilentur,
1213 3910 1350 3964 sicut
1381 3904 1552 3977 pulvis
1581 3900 1833 3955 ventilen-

257 4035 334 4080 tur
354 4066 368 4090 ,
400 3993 548 4078 etde
573 3993 718 4074 terra
739 4012 1106 4085 proiiciantur.
1138 4005 1280 4075 Ergo
1301 4003 1343 4056 si
1370 4010 1424 4056 et
1449 3996 1716 4068 praeterita
1755 3993 1833 4048 sic

256 4087 374 4173 sunt
401 4114 558 4171 nobis
587 4118 800 4168 narrata
821 4149 838 4173 ,
879 4112 936 4161 et
978 4101 1157 4158 futura
1199 4097 1321 4152 talia
1355 4090 1740 4164 praenuntiata;
1777 4087 1832 4141 in

258 4210 430 4267 medio
451 4203 798 4279 praemium
823 4210 990 4269 quare
1030 4193 1333 4248 laboramus
1352 4223 1368 4254 ,-
1401 4184 1502 4240 nisi
1546 4183 1600 4237 in
1630 4179 1830 4235 intelle-

257 4313 389 4358 ctum
557 4294 732 4354 Core?
757 4291 827 4346 1η
847 4300 895 4346 te
912 4288 1143 4344 inimicos
1164 4291 1360 4337 nostros
1387 4274 1735 4333 ventilabimus
1756 4288 1773 4324 :
1792 4277 1838 4323 et

259 4395 310 4448 in
325 4364 530 4448 nomine
552 4399 640 4445 tuo
658 4398 956 4458 spernsmus
972 4381 1285 4449 insurgentes
1305 4374 1357 4428 in
1378 4387 1486 4426 nos.
1513 4369 1625 4423 Hoc
1656 4366 1723 4421 de
1751 4364 1838 4418 [ιι-

261 4494 394 4542 turo.

326 4581 379 4635 7.
408 4577 562 4652 [verm
597 4573 685 4643 7.1
718 4569 840 4626 Non
865 4568 998 4623 enim
1031 4581 1084 4618 in
1111 4577 1234 4616 areu
1271 4574 1382 4614 meo
1417 4553 1629 4624 sperabo
1656 4567 1674 4605 :
1705 4562 1839 4620 quo-

264 4650 548 4730 modo—nec
573 4675 758 4739 patres
784 4666 836 4718 in
875 4660 1050 4734 gladio
1083 4669 1199 4713 suo.
1234 4654 1301 4708 Et
1339 4650 1540 4723 gladius
1567 4662 1704 4701 metu
1740 4659 1841 4696 non

262 4765 454 4820 saluum
477 4763 630 4833 faciet
653 4773 752 4811 me.

333 4856 387 4912 8.
415 4827 568 4927 [uera
622 4846 702 4920 8.]
731 4846 912 4902 Salvos
933 4843 1066 4897 enim
1097 4837 1257 4912 fecisti
1292 4851 1382 4890 nos
1427 4849 1489 4888 eo:
1517 4827 1846 4902 affligentibus

263 4965 370 5004 nos.
416 4919 491 5003 lit
543 4944 648 4998 hoc
673 4919 842 5011 ligura
870 4934 1122 5007 praeteriti
1153 4931 1220 4986 de
1269 4929 1446 4983 futuro
1475 4923 1670 4980 dicitur
1704 4938 1716 4973 :
1748 4919 1847 4974 sed

265 5043 387 5099 ideo
413 5051 664 5111 tanquam
692 5031 1021 5106 praeteritum
1049 5027 1268 5088 dicitur,
1301 5021 1425 5093 quia
1475 5028 1583 5073 tam
1637 5023 1846 5071 certum

262 5145 345 5191 est
368 5109 536 5206 quasi
563 5131 759 5186 factum
786 5126 876 5181 sit.
909 5119 1171 5178 Intendite
1201 5131 1366 5188 quare
1407 5115 1659 5184 pleraque
1710 5109 1848 5164 Pro-

266 5227 444 5297 phetas
467 5224 542 5279 ita
569 5222 754 5306 dicunt
792 5226 1042 5286 tanquam
1083 5209 1352 5282 praeterita
1385 5207 1524 5272 sint,
1551 5218 1674 5260 cum
1706 5216 1848 5272 prae-
1882 5259 1906 5278 ,

266 5295 576 5375 nuntientur
598 5295 774 5370 {uiam
798 5353 815 5380 ,
844 5325 951 5365 non
979 5306 1137 5362 facta.
1161 5302 1294 5359 Nam
1317 5300 1459 5358 etde
1483 5300 1598 5368 ipso
1625 5295 1854 5352 Domino

264 5412 443 5467 [cntra
467 5408 645 5480 passio
671 5401 1126 5476 praenuntiabatur
1145 5439 1159 5463 ,
1189 5405 1252 5452 et
1282 5403 1459 5449 tamen
1480 5433 1496 5459 ,
1544 5389 1804 5444 Foderunt
1830 5429 1850 5454 ,

266 5504 476 5574 inquit,
517 5513 706 5556 manus
730 5511 868 5551 meas
911 5502 956 5547 et
1000 5491 1150 5563 pedes
1193 5505 1362 5554 meos,
1410 5487 1856 5540 dinumerare’runt

264 5597 442 5651 omnia
463 5611 577 5650 ossa
624 5608 735 5646 mea
761 5606 780 5645 :
810 5604 916 5644 non
952 5584 1118 5648 dixit,
1156 5581 1413 5648 Fodient,
1456 5587 1510 5634 et
1547 5578 1853 5632 dinumera-

331 5778 348 5809 ί
371 5773 595 5837 Plerique
1730 5760 1858 5837 unus

265 5813 1006 5893 “semimarem...
1029 5813 1263 5893 relatore;
1280 5813 1604 5893 mysteriil'tui
1625 5813 1820 5879 (nem.

329 5877 575 5961 Timr}
587 5877 1017 5961 “sis—st,—
1040 5893 1091 5937 ut
1115 5886 1201 5961 hoc
1330 5877 1419 5945 pro
1439 5878 1590 5930 saltue
1613 5877 1860 5929 seuerum

266 5945 631 6023 tuorum;
654 5945 838 6021 [about
857 5950 1026 6018 artibus
1047 5945 1268 5999 mandas.

1305 453 1701 520 ENARRATIO
1741 451 1806 508 IN
1843 445 2165 506 PSALMUM
2203 437 2383 502 XLIII.

3375 447 3481 508 486

1903 563 2054 618 bunt.
2082 560 2196 631 Ipsi
2242 576 2356 615 vero
2394 558 2837 615 eonsideroverunt
2873 571 2921 618 et
2957 577 3324 636 conspexerunt
3360 585 3441 624 me
3461 583 3484 626 ε

1906 670 2010 710 non
2053 654 2217 720 dixit,
2247 650 2671 708 Considerabunt
2711 663 2766 708 et
2803 657 3150 726 conspiciant.
3192 659 3484 718 Diviserunt

1905 747 1998 801 sibi
2017 747 2306 801 uestimenta
2333 744 2635 813 mea(Psal.
2663 760 2782 811 xxi,
2820 733 2928 814 l7,
2968 748 3056 820 19)
3090 767 3104 802 :
3151 766 3256 806 non
3305 754 3439 810 dixit

1908 837 2162 892 divident.
2201 835 2391 894 Omnia
2441 797 2536 891 lita
2589 797 2844 907 tanquam

1907 945 2029 986 cum
2060 929 2234 984 futura
2264 930 2405 995 sint;
2436 929 2558 1000 quia
2579 889 2770 986 Deo'et
2796 889 2971 988 futura
3008 889 3439 996 ωιῖοοῖὶῖᾆξὶ

1911 1034 2158 1092 tanquam
2182 981 2602 1093 praeteritajsint.
2633 1022 2798 1081 Nobis
2814 1026 2956 1082 enim
2985 981 3488 1100 eia—qu;

1911 1124 2036 1170 runt
2055 1155 2071 1182 ,
2092 1123 2236 1171 certa
2265 1123 2420 1180 sunt;
2450 1131 2568 1186 quae
2595 1115 2792 1183 futura,
2822 1117 3024 1174 incerta
3053 1129 3198 1176 sunt.
3227 1121 3491 1181 Novimus

1911 1210 2052 1264 enim
2074 1209 2274 1278 aliquid
2303 1208 2560 1264 accidisse
2578 1247 2595 1274 ,
2618 1217 2674 1264 ct
2701 1224 2808 1265 non
2830 1220 3005 1280 potest
3031 1211 3147 1268 ﬁeri
3177 1220 3236 1268 ut
3263 1213 3368 1271 non
3403 1229 3494 1274 ac-

1911 1301 2101 1357 ciderit
2129 1300 2270 1372 quod
2298 1301 2507 1356 accidit.
2540 1301 2612 1356 Da
2643 1301 2957 1372 pmphetam
2983 1305 3067 1358 cui
3097 1306 3111 1336 ³
3144 1315 3249 1360 tam
3284 1316 3496 1364 certum

1912 1393 1982 1447 sit
2003 1392 2233 1446 futurum
2260 1405 2416 1461 quam
2443 1391 2536 1447 tibi
2563 1393 2888 1461 praeteritum
2919 1411 2932 1447 :
2962 1403 3016 1448 et
3035 1405 3194 1465 quam
3222 1397 3316 1453 tibi
3348 1398 3495 1469 quod

1914 1485 2203 1541 meministi
2230 1484 2424 1540 factum
2449 1526 2464 1550 ,
2494 1500 2598 1540 non
2628 1492 2803 1554 potest
2820 1485 2936 1541 ﬁeri
2959 1496 3018 1542 ut
3044 1501 3149 1542 non
3175 1489 3246 1544 sit
3272 1488 3493 1560 factum,

1917 1586 2022 1631 tam
2051 1577 2124 1631 illi
2154 1577 2295 1648 quod
2337 1571 2482 1633 novit
2504 1576 2741 1634 futurum
2761 1619 2778 1645 ,
2809 1595 2915 1634 non
2957 1589 3134 1650 potest
3166 1581 3285 1638 ﬁeri
3312 1593 3498 1642 utnon

1918 1671 2026 1724 liat.
2061 1668 2184 1725 Ideo
2208 1669 2277 1725 de
2302 1671 2586 1726 securitate
2615 1670 2862 1726 dicuntur
2893 1680 3141 1742 tanquam
3187 1677 3454 1745 praeterita

1916 1778 2035 1834 qua:
2064 1762 2237 1817 adhuc
2277 1761 2452 1817 futura
2499 1720 3502 1834 suntz—llroc"erqo—slpeIa-IrtlusT-galbo;

1917 1855 2048 1908 enim
2078 1854 2238 1925 fecisti
2267 1869 2358 1909 nos
2379 1869 2442 1908 ea:
2467 1853 2799 1925 aﬁligentibus
2820 1869 2911 1909 nos
2931 1893 2948 1922 ,
2971 1865 3019 1910 et
3055 1873 3139 1912 eos
3173 1858 3262 1928 qui
3286 1859 3503 1914 oderunt

1918 1964 2008 2002 nos
2036 1947 2330 2017 confudisti.

1989 2039 2042 2095 9.
2070 2037 2220 2110 [versi
2271 2036 2350 2111 9.]
2407 2036 2473 2092 In
2524 2035 2634 2092 Deo
2672 2037 2994 2092 laudabimur
3040 2048 3145 2093 tota
3184 2042 3282 2094 die.
3313 2040 3506 2098 Videte

1920 2131 2366 2203 quemadmodum
2395 2132 2586 2186 miscet
2611 2132 2771 2186 etiam
2813 2132 2974 2187 verba
3015 2133 3176 2188 futuri
3206 2137 3502 2204 temporis;

1921 2234 1979 2278 ut
2026 2224 2289 2292 intelligas
2317 2232 2371 2277 et
2403 2223 2670 2291 praeterita
2709 2237 2826 2292 qua:
2863 2223 3002 2278 dicta
3045 2234 3167 2278 sunt
3215 2225 3282 2279 de
3327 2223 3508 2282 futuro

1921 2332 2042 2372 esse
2072 2316 2346 2386 praedicta.
2380 2313 2447 2368 In
2483 2313 2595 2368 Deo
2616 2314 2934 2369 laudabimur
2965 2325 3070 2369 tota
3099 2316 3179 2370 die
3199 2333 3217 2369 :
3248 2325 3295 2370 et
3328 2318 3381 2371 in
3414 2335 3507 2373 no-

1921 2413 2055 2466 mine
2100 2421 2184 2463 tua
2213 2408 2560 2479 confitebimur
2607 2408 2660 2461 in
2700 2409 2909 2463 uacula.
2941 2407 3108 2476 Quid,
3141 2408 3462 2464 laudabimur
3482 2410 3509 2464 .9

1921 2504 2046 2576 quid
2073 2547 2087 2571 ,
2111 2503 2459 2572 conﬁtebimur
2476 2502 2501 2556 ?
2520 2501 2651 2570 Quia
2674 2516 2740 2556 ex
2764 2501 3011 2556 omnibus
3034 2499 3389 2576 aiﬂlgentibus
3409 2517 3510 2558 nos

1923 2597 2110 2652 eruisti
2140 2611 2259 2660 nos,
2287 2595 2408 2665 quia
2435 2609 2654 2664 regnum
2678 2603 2992 2663 perpetuum
3015 2593 3165 2649 dabis
3189 2574 3362 2661 nobis,
3385 2595 3512 2666 quia

1922 2691 2274 2760 complebitur
2305 2690 2355 2743 in
2385 2688 2537 2743 nobis
2556 2729 2570 2752 ,
2596 2686 2742 2742 Beati
2770 2688 2855 2758 qui
2891 2687 3116 2742 habitant
3140 2689 3191 2743 in
3217 2689 3366 2743 domo
3395 2699 3504 2754 tua,

1924 2783 2142 2838 Domine
2161 2823 2177 2848 ,
2221 2784 2275 2836 in
2316 2782 2502 2836 saecula
2548 2781 2852 2836 surculorum
2898 2780 3178 2836 laudabunt
3219 2790 3266 2836 te
3313 2780 3506 2853 (Psal.

1925 2891 2121 2932 uxxm
2138 2915 2156 2941 ,
2186 2874 2265 2945 5).

1998 2971 2085 3026 10.
2117 2967 2266 3041 [υετε.
2295 2965 2407 3039 10.]
2432 2965 2557 3021 limo
2578 2979 2706 3036 ergo
2725 2964 2900 3021 futura
2930 2979 3051 3020 cum
3092 2973 3237 3021 certa
3276 2966 3384 3021 sint
3411 2979 3509 3022 no—

1925 3061 2096 3128 bis,et
2111 3061 2197 3114 illa
2217 3059 2479 3128 praeterita
2498 3072 2619 3113 cum
2634 3071 2663 3111 a
2685 3057 2926 3127 patribus
2947 3055 3146 3112 nostris
3160 3055 3518 3123 audierimus,

1925 3155 2053 3228 quid
2103 3153 2300 3208 modo?
2354 3151 2507 3206 Nunc
2533 3160 2700 3204 autem
2722 3151 2956 3221 repulisti
2993 3159 3042 3204 et
3094 3150 3368 3222 confudisti
3396 3155 3510 3206 no’s.

1927 3246 2263 3311 Confudisti,
2305 3261 2412 3300 non
2456 3245 2508 3300 in
2537 3244 2864 3300 conscientia
2910 3253 3121 3310 nostra,
3157 3243 3252 3300 sed
3283 3244 3336 3299 in
3382 3245 3518 3301 faeie

1930 3339 2224 3394 hominum.
2255 3337 2386 3392 Erat
2410 3337 2554 3392 enim
2574 3345 2783 3406 tempus
2801 3351 2910 3406 quo
2931 3334 3294 3406 afﬂigerentur
3328 3335 3516 3391 Chris-

1929 3434 2093 3498 tiani,
2125 3448 2246 3488 cum
2282 3431 2478 3501 ubique
2510 3431 2784 3500 fugerent,
2827 3443 2948 3484 cum
2981 3429 3176 3496 ubique
3207 3428 3476 3485 diceretur
3497 3469 3515 3497 ,

1931 3525 2261 3582 Christianus
2279 3531 2396 3588 est,
2421 3532 2671 3592 tanquam
2697 3521 2765 3576 ad
2793 3521 3191 3578 insultationem
3225 3530 3282 3578 et
3313 3521 3378 3577 ad
3419 3534 3517 3592 0p—

1932 3617 2205 3689 probrium
2247 3615 2558 3685 pertineret.
2608 3612 2709 3670 Ubi
2736 3620 2820 3668 est
2843 3628 2970 3684 ergo
2998 3612 3090 3667 ille
3124 3611 3268 3669 Deus
3293 3621 3474 3669 noster
3501 3635 3522 3680 ,θ

1933 3724 2030 3764 rex
2061 3715 2273 3772 noster,
2317 3706 2410 3777 qui
2450 3704 2666 3760 mandat
2693 3704 2920 3759 salutem
2960 3703 3165 3760 Jacob?
3193 3703 3294 3760 Ubi
3321 3714 3404 3761 est
3433 3705 3524 3762 ille

1933 3799 2025 3870 qui
2051 3796 2177 3853 fecit
2195 3796 2372 3853 omnia
2395 3812 2513 3867 qua:
2538 3796 2692 3851 nobis
2724 3804 3078 3852 narraverunt
3103 3808 3283 3866 patres
3310 3797 3524 3853 nostri?

1936 3893 2036 3950 Ubi
2063 3900 2147 3948 est
2185 3893 2272 3962 qui
2314 3890 2548 3946 facturus
2574 3897 2658 3945 cst
2701 3889 2880 3945 omnia
2931 3904 3050 3959 qua:
3085 3889 3240 3945 nobis
3270 3889 3529 3946 revelavit

1940 4001 2033 4056 per
2060 3985 2314 4054 Spiritum
2336 3984 2527 4038 suum?
2548 3980 2813 4052 Numquid
2840 3990 3071 4036 mutatus
3096 3982 3215 4038 est?
3239 3981 3345 4038 Sed
3365 3983 3418 4036 in
3441 3983 3527 4036 in-

1940 4080 2188 4134 tellectum
2211 4079 2332 4148 ﬁliis
2360 4077 2488 4134 Core
2508 4076 2640 4131 ﬁunt
2665 4075 2799 4132 hinc.
2831 4075 3042 4146 Aliquid
3064 4077 3207 4132 enim
3227 4076 3532 4147 intelligere

1940 4173 2231 4237 debemus,
2266 4187 2431 4242 quare
2467 4186 2566 4226 nos
2590 4171 2689 4225 ista
2725 4169 2905 4224 omnia
2930 4168 3110 4225 medio
3145 4179 3384 4238 tempore
3415 4170 3526 4238 pati

1941 4267 2126 4321 voluit.
2159 4265 2288 4332 Quae
2317 4263 2534 4318 omnia?
2581 4261 2733 4316 Nunc
2770 4272 2938 4316 autem
2980 4262 3208 4329 repulisti
3262 4270 3310 4314 et
3350 4262 3532 4328 confu-

1943 4358 2061 4412 disti
2088 4373 2177 4410 nos
2207 4373 2226 4410 :
2256 4365 2302 4409 et
2330 4371 2430 4410 non
2471 4354 2740 4423 egredieris
2771 4351 2911 4407 Deus
2942 4353 2994 4407 in
3028 4353 3290 4406 virtutibus
3322 4353 3528 4407 nostris.

1945 4448 2292 4506 Procedimus
2319 4447 2386 4501 ad
2415 4447 2658 4501 inimicos
2686 4455 2898 4512 nostros
2918 4487 2933 4510 ,
2957 4455 3012 4501 et
3039 4455 3091 4499 tu
3116 4445 3390 4502 nobiscum
3419 4459 3530 4502 non

1948 4546 2189 4618 procedis
2218 4564 2231 4602 :
2264 4543 2509 4600 videmus
2529 4557 2622 4598 eos
2644 4582 2657 4605 ,
2682 4541 2984 4611 praevalent
3009 4540 3080 4616 illi
3107 4581 3122 4607 ,
3150 4548 3206 4595 et
3249 4554 3349 4594 nos
3376 4539 3530 4594 inva-

1947 4639 2038 4695 lidi
2064 4653 2269 4693 sumus.
2303 4635 2402 4692 Ubi
2428 4643 2510 4690 est
2539 4634 2628 4689 illa
2655 4632 2826 4688 virtus
2855 4631 2981 4687 tua?
3008 4613 3096 4688 ubi
3119 4640 3206 4686 est
3229 4631 3451 4687 dextera
3477 4639 3534 4686 et

1948 4732 2184 4804 potentia
2213 4730 2338 4784 tua?
2368 4728 2453 4783 ubi
2480 4742 2628 4782 mare
2655 4726 2948 4782 siccatum?
2981 4724 3068 4780 ubi
3089 4723 3322 4795 Egyptii
3348 4736 3532 4792 perse-

1949 4832 2173 4898 quentes
2201 4821 2453 4877 ﬂuctibus
2479 4820 2657 4874 obruti
2713 4815 2909 4887 (Exod.
2958 4832 3081 4883 xw,
3128 4815 3233 4882 21,
3261 4814 3393 4887 97)?
3446 4815 3535 4871 ubi

1953 4917 2202 4974 Amalech
2246 4916 2539 4980 resistens,
2589 4916 2640 4967 in
2667 4912 2838 4967 crucis
2885 4910 3038 4981 signo
3080 4919 3362 4980 superatus
3407 4908 3532 4979 (Id.

1953 5027 2092 5078 xvn,
2127 5011 2186 5066 ll
2221 5010 2293 5081 )?
2343 5008 2409 5063 Et
2435 5024 2535 5063 non
2563 5003 2830 5077 egredieris
2864 5002 3006 5059 Deus
3032 5004 3087 5058 in
3134 5003 3395 5059 virtutibus
3435 5019 3534 5059 no-

1953 5106 2088 5160 stris.

2027 5197 2111 5251 11.
2156 5193 2305 5266 [oers.
2363 5190 2474 5265 11.]
2501 5190 2738 5246 Avertisti
2784 5198 2951 5244 atatem
2978 5206 3069 5245 nos
3115 5199 3392 5244 retrorsum
3433 5203 3541 5257 pra:

1954 5287 2171 5343 inimicis
2195 5284 2380 5339 nostris
2414 5299 2431 5337 :
2459 5291 2517 5339 ut
2564 5282 2715 5353 quasi
2745 5281 2820 5336 illi
2872 5291 2997 5336 ante
3033 5280 3175 5345 sint,
3225 5293 3324 5336 nos
3349 5287 3537 5345 retro;

1959 5380 2034 5435 illi
2065 5380 2295 5434 victores
2312 5418 2328 5442 ,
2352 5389 2451 5432 nos
2471 5376 2594 5430 victi
2617 5375 2959 5446 deputemur.
2990 5373 3057 5428 Et
3074 5374 3159 5442 qui
3188 5389 3280 5429 nos
3304 5372 3539 5439 oderunt,

1958 5471 2258 5542 diripiebant
2285 5469 2380 5524 sibi
2405 5483 2426 5524 :
2466 5468 2625 5539 quid,
2659 5467 2759 5524 nisi
2782 5467 2917 5522 nos?

1997 5611 1999 5613 .
2030 5564 2119 5620 12.
2147 5561 2298 5637 [υενδ.
2335 5560 2446 5635 12.]
2490 5560 2688 5615 Dedisti
2707 5577 2798 5615 nos
2819 5570 3055 5628 tanquam
3077 5570 3192 5611 oues
3215 5569 3465 5621 escarum,
3494 5563 3548 5614 et

1958 5664 2013 5715 in
2036 5659 2318 5714 nationibus
2345 5656 2627 5725 dispersiin
2657 5671 2746 5708 nos
2775 5670 2792 5708 :
2835 5669 2863 5706 a
2911 5648 3214 5706 nationibus
3240 5646 3550 5704 manducati

1961 5766 2163 5809 sumus.
2191 5751 2254 5806 Hi
2284 5750 2653 5822 signiﬁcantur
2681 5747 2769 5816 qui
2797 5745 2876 5799 sic
2901 5743 3040 5813 passi
3068 5749 3193 5798 sunt
3211 5782 3227 5809 ,
3268 5749 3327 5798 ut
3351 5741 3405 5797 in
3424 5755 3549 5799 oor-

2031 5934 2049 5967 ί
2084 5935 2335 5987 υιιιιειιβ..
2367 5924 2682 5979 erittantum
2712 5914 2981 5972 οθΐαοκά
