4042 6516
481 389 587 446 487

481 521 583 580 pus
609 503 845 576 gentium
873 506 1228 559 verterentur.
1257 495 1466 570 Plangit
1487 493 1631 553 enim
1657 508 1753 552 eos
1781 493 2022 551 Ecclesia
2047 533 2065 562 ,

483 609 736 669 tanquam
764 595 1004 652 membra
1027 607 1122 648 sua
1139 591 1420 647 devorata.

555 691 644 746 13.
673 687 824 762 [υεη.
853 683 968 759 13.]
1000 683 1280 739 Vendidisti
1333 682 1573 754 populum
1601 689 1744 737 tuum
1759 679 1866 738 sine
1887 677 2068 752 pretio.

489 783 727 838 Vidimus
747 781 890 838 enim
920 793 1056 850 quos
1086 779 1103 811 ¹
1124 777 1314 834 dedisti
1341 819 1357 845 ,
1381 792 1489 832 non
1517 776 1749 832 vidimus
1767 774 1895 846 quid
1917 789 2072 830 acce-

485 875 628 946 pisti.
658 874 726 928 Et
753 889 854 928 non
895 872 992 942 fuit
1043 871 1314 926 multitudo
1357 872 1411 925 in
1444 868 1832 942 jubilationibus
1870 884 2067 925 eorum.

480 967 748 1039 Numquid
769 966 911 1022 enim
933 964 1147 1036 quando
1165 963 1436 1036 fugiebant
1450 964 1734 1020 Christiani
1751 977 2072 1034 persequen-

487 1064 631 1119 tibus
658 1061 887 1116 inimicis
917 1059 1250 1126 idololatris,
1286 1057 1483 1113 fiebant
1524 1057 1965 1127 congregationes
2015 1064 2070 1111 et

479 1154 828 1227 jubilationes
851 1151 1003 1207 Deo?
1049 1149 1315 1220 Numquid
1337 1149 1754 1205 concinebantur
1782 1147 1967 1219 hymni
2002 1145 2071 1203 de

481 1245 883 1310 ecclesiis-Dei,
917 1244 1006 1315 qui
1038 1243 1213 1298 solent
1257 1242 1310 1297 in
1358 1256 1489 1313 pace
1529 1240 1772 1308 concini,
1815 1239 2071 1310 dulcique

480 1351 744 1399 concentu
778 1338 1122 1395 fraternitatis
1154 1337 1246 1392 Dei
1265 1335 1483 1392 auribus
1515 1335 1826 1406 personari?
1871 1332 1940 1388 Et
1967 1348 2070 1388 non

480 1439 510 1508 f
508 1436 579 1489 uit
601 1432 870 1488 multitudo
896 1432 950 1486 in
960 1429 1350 1502 jubilationibus
1378 1444 1569 1484 eorum.

553 1526 640 1580 1.1.
671 1524 821 1597 [vers.
878 1523 978 1589 14,
1013 1519 1127 1594 15.]
1163 1520 1388 1575 Posuisti
1425 1537 1517 1573 nos
1552 1519 1608 1573 in
1633 1517 1962 1590 opprobrium
1989 1517 2068 1570 vi-

479 1620 607 1673 cinis
634 1618 817 1672 nostris
836 1660 851 1685 ,
880 1616 1326 1672 subsannationem
1351 1623 1398 1668 et
1423 1614 1648 1668 derisum
1679 1612 1758 1667 his
1781 1613 1866 1684 qui
1891 1611 1944 1665 in
1970 1611 2070 1664 cir-

477 1715 617 1768 cuitu
647 1722 818 1768 nostro
843 1723 978 1767 sunt.
1008 1709 1240 1766 Dosuisti
1268 1727 1360 1764 nos
1404 1711 1457 1762 in
1485 1707 1863 1762 similitudinem
1890 1705 1942 1759 in
1970 1722 2065 1758 na-

477 1806 714 1861 tionibus.
739 1804 875 1873 Quid
897 1812 981 1859 est
1001 1846 1016 1870 ,
1045 1805 1097 1856 in
1125 1801 1550 1857 similitudinem?
1575 1799 1800 1866 Quando
1840 1795 2064 1852 maledi-

479 1908 663 1954 centes
691 1897 932 1951 homines
961 1895 1356 1950 similitudinem
1387 1893 1514 1949 dant
1543 1893 1609 1947 de
1649 1906 1717 1947 eo
1767 1905 1925 1960 quem
1975 1889 2068 1943 de-

479 1997 783 2046 testantur:
833 1989 921 2044 Sic
949 1987 1196 2043 moriaris
1221 2030 1236 2053 ,
1276 1987 1357 2042 sic
1402 1985 1660 2057 puniaris.
1691 1984 1895 2052 Quanta
1941 1991 2068 2036 tunc

475 2081 617 2136 dicta
638 2090 761 2136 sunt
786 2080 944 2135 talia?
964 2079 1054 2136 Sic
1067 2078 1417 2147 crucifigaris.
1438 2078 1715 2148 Hodieque
1740 2091 1842 2130 non
1869 2075 2068 2130 desunt

478 2173 660 2230 hostes
689 2173 884 2229 Christi
912 2216 927 2241 ,
974 2174 1048 2228 illi
1080 2173 1178 2242 ipsi
1209 2172 1378 2226 Judaei
1401 2213 1416 2236 ,
1448 2182 1633 2226 contra
1675 2186 1808 2241 quos
1853 2167 2066 2239 quando

477 2268 815 2324 defendimus
858 2267 1167 2332 Christum,
1211 2267 1392 2320 dicunt
1435 2265 1635 2319 nobis:
1684 2263 1772 2320 Sic
1820 2265 2066 2323 moriaris

479 2359 750 2430 quomodo
796 2359 904 2413 ille.
937 2359 1051 2413 Non
1080 2358 1224 2414 enim
1269 2357 1411 2412 illam
1441 2366 1666 2412 mortem
1713 2357 2016 2414 intulissent
2046 2401 2062 2428 ,

478 2453 582 2506 nisi
631 2467 696 2506 eo
745 2452 905 2505 modo
960 2453 1093 2505 mori
1143 2450 1491 2506 vehementer
1517 2450 2067 2519 exhorruissent;aut

475 2545 601 2615 quid
629 2543 872 2617 mysterii
900 2543 1158 2610 haberet,
1193 2543 1238 2597 si
1266 2543 1563 2613 intelligere
1597 2546 1913 2613 potuissent.
1945 2542 2062 2599 Ca:-

474 2652 571 2692 cus
599 2636 813 2706 quando
861 2635 1198 2706 inunguitur,
1247 2635 1525 2707 collyrium
1572 2635 1625 2690 in
1657 2651 1817 2691 manu
1870 2636 2063 2692 medici

476 2745 581 2784 non
610 2728 772 2784 videt.
802 2726 937 2783 Nam
957 2743 1088 2783 crux
1111 2729 1222 2798 ipsa
1250 2737 1304 2783 et
1326 2744 1421 2798 pro
1447 2729 1576 2799 ipsis
1621 2729 2062 2799 persequentibus

473 2822 610 2876 facta
637 2833 738 2876 est.
771 2820 898 2876 lude
928 2829 1050 2876 sunt
1082 2831 1263 2890 postea
1294 2821 1500 2888 sanati,
1549 2828 1603 2875 et
1631 2821 1684 2876 in
1724 2836 1846 2876 eum
1899 2821 2064 2876 credi-

473 2912 668 2967 derunt
692 2927 848 2982 quem
879 2912 978 2982 ipsi
1009 2913 1342 2968 occiderunt.
1370 2911 1602 2967 Posuisti
1637 2929 1727 2967 nos
1746 2914 1800 2967 in
1825 2915 2061 2968 similitu-

473 3005 642 3059 dinem
675 3006 729 3060 in
755 3006 1072 3072 nationibus,
1101 3006 1486 3060 commotionem
1510 3005 1690 3075 capitis
1736 3007 1789 3059 in
1818 3006 2019 3077 populis
2043 3021 2063 3060 :

473 3097 891 3152 commotionem
917 3096 1108 3166 capitis
1137 3096 1202 3151 ad
1245 3095 1630 3151 insultandum.
1667 3096 1734 3150 Et
1764 3098 1920 3151 locuti
1943 3107 2062 3152 sunt

473 3187 650 3255 labiis,
678 3199 723 3242 et
744 3197 1003 3242 moverunt
1032 3196 1185 3258 caput
1211 3186 1382 3258 {Psal.
1413 3203 1502 3243 XXI
1524 3229 1538 3254 ,
1561 3187 1641 3259 8).
1673 3187 1784 3244 Hoc
1813 3189 2058 3258 Domino,

473 3276 576 3333 hoc
603 3279 762 3333 etiam
788 3278 1039 3335 omnibus
1061 3278 1261 3334 sanctis
1286 3279 1402 3350 ejus
1421 3320 1436 3347 ,
1460 3294 1598 3350 quos
1631 3281 1901 3351 persequi,
1927 3296 2060 3352 quos

472 3378 691 3438 tenere,
718 3387 851 3442 quos
873 3371 1130 3438 illudere,
1163 3386 1297 3443 quos
1325 3371 1536 3429 tradere
1558 3414 1574 3440 ,
1604 3387 1740 3444 quos
1772 3373 2010 3446 afﬂigere
2041 3418 2058 3446 ,

470 3477 608 3535 quos
627 3460 874 3519 occidere
897 3471 1202 3534 potuerunt.

550 3558 638 3614 15.
672 3554 822 3632 [uers.
854 3556 922 3613 16
941 3599 956 3624 ,
986 3556 1095 3631 17.]
1132 3557 1258 3612 Tota
1285 3558 1368 3613 die
1394 3561 1692 3614 verecundia
1739 3578 1852 3616 mea
1884 3572 2062 3618 contra

471 3665 552 3704 me
573 3658 646 3704 est
663 3691 680 3718 ,
705 3658 751 3704 et
775 3650 1004 3722 confusio
1030 3650 1195 3705 vultus
1223 3652 1321 3704 mei
1363 3652 1560 3722 operuit
1585 3669 1684 3708 me
1709 3669 1728 3707 :
1767 3671 1798 3707 a
1827 3671 1942 3709 voce
1969 3672 2059 3709 ea;-

474 3741 762 3813 probrantis
786 3752 835 3796 et
865 3741 1178 3812 obloquentis
1209 3759 1229 3796 :
1260 3743 1360 3797 hoc
1386 3750 1502 3809 est,
1554 3757 1584 3796 a
1635 3759 1764 3799 voce
1796 3745 2059 3800 insultan-

475 3835 604 3888 tium
631 3844 687 3890 et
704 3836 906 3890 crimen
935 3836 1063 3890 mihi
1092 3836 1455 3906 objicientium
1478 3877 1492 3902 ,
1528 3835 1651 3904 quia
1673 3836 1792 3890 colo
1837 3847 1904 3902 te,
1937 3840 2060 3908 quia

472 3927 734 3982 confiteor
761 3937 850 3982 te:
881 3941 935 3983 et
959 3929 1162 3983 crimen
1186 3930 1315 3983 mihi
1338 3929 1701 4000 objicientium
1738 3931 1806 3984 de
1850 3931 1940 3986 illo
1966 3947 2061 3987 no-

471 4020 651 4087 mine,
681 4019 820 4074 unde
858 4035 977 4074 mea
1016 4020 1196 4074 omnia
1246 4021 1469 4075 crimina
1499 4021 1838 4076 delebuntur.
1873 4023 1916 4075 A
1944 4039 2061 4078 voce

473 4113 821 4183 exprobrantis
839 4123 886 4166 et
906 4113 1244 4183 obloquentis,
1273 4113 1326 4168 id
1346 4123 1458 4180 est,
1481 4123 1666 4169 contra
1711 4131 1797 4171 me
1837 4116 2058 4186 lnquen-

475 4207 563 4262 tis.
595 4208 640 4262 Α
663 4207 794 4277 [acie
816 4207 1010 4262 inimici
1038 4216 1086 4261 et
1129 4208 1485 4279 persequentis.
1513 4209 1576 4264 Et
1595 4210 1716 4280 quis
1742 4209 1828 4266 hic
1856 4211 2060 4268 intelle-

470 4304 630 4361 ctus?
675 4304 803 4370 Quae
831 4303 1096 4375 praeterita
1119 4302 1261 4358 dicta
1288 4313 1447 4370 sunt,
1478 4320 1581 4358 non
1610 4304 1664 4359 in
1696 4304 1849 4359 nobis
1878 4306 2008 4362 fient
2041 4324 2055 4362 :

471 4413 594 4473 quas
618 4397 790 4454 futura
837 4405 1156 4469 sperantur,
1185 4413 1294 4453 non
1337 4406 1616 4468 apparent.
1648 4397 1924 4454 Praeterita
1955 4417 1967 4452 :
2002 4400 2057 4455 in

473 4508 662 4562 magna
692 4493 859 4563 gloria
887 4500 975 4548 tua
1001 4491 1224 4547 eductus
1249 4499 1333 4546 est
1354 4489 1579 4560 populus
1599 4491 1667 4547 de
1695 4489 1932 4563 Egypto
1950 4533 1964 4559 ,
1995 4493 2059 4546 li-

475 4585 692 4641 beratus
715 4601 744 4638 a
775 4583 1246 4654 persequentibus,
1278 4582 1470 4638 ductus
1501 4598 1595 4652 per
1627 4592 1840 4654 gentes,
1872 4585 2057 4655 expul-

471 4679 548 4732 sis
572 4677 819 4748 gentibus
843 4678 1136 4732 collocatus
1160 4679 1211 4732 in
1243 4692 1429 4747 regno.
1462 4677 1593 4742 Quae
1642 4676 1858 4732 futura?
1913 4679 2058 4734 Edu-

469 4777 672 4823 cenaus
699 4769 924 4838 populus
954 4768 1022 4824 de
1048 4768 1146 4823 ista
1175 4767 1409 4840 ,Ἑωριο
1430 4768 1645 4834 saeculi,
1675 4768 1810 4824 duce
1844 4769 2055 4825 Christo

469 4869 764 4931 apparente
783 4861 834 4914 in
857 4860 1022 4930 gloria
1051 4875 1173 4925 sua;
1207 4860 1438 4931 ponendi
1464 4861 1632 4915 sancti
1661 4861 1726 4914 ad
1753 4861 2048 4929 dexteram,

471 4951 636 5021 iniqui
667 4950 735 5005 ad
763 4951 1032 5006 sinistram
1053 4993 1068 5017 ,
1092 4950 1381 5006 damnandi
1413 4951 1577 5021 iniqui
1615 4966 1734 5005 cum
1761 4951 1971 5007 diabolo
2000 4953 2052 5007 in

469 5057 673 5102 interna
719 5061 913 5117 paena;
957 5046 1321 5117 accipiendum
1349 5062 1571 5117 regnum
1610 5061 1641 5100 a
1679 5045 1892 5102 Christo
1931 5063 2052 5103 cum

468 5140 667 5195 sanctis
693 5139 745 5194 in
773 5137 1180 5208 sempiternum.
1209 5138 1334 5194 Huic
1354 5149 1477 5194 sunt
1502 5138 1699 5208 futura,
1726 5139 1811 5194 illa
1835 5149 2054 5210 praeter-

469 5233 562 5289 ita.
597 5233 652 5288 In
707 5231 886 5289 medio
910 5231 1071 5304 quid?
1099 5231 1512 5290 Tribulationes.
1538 5232 1753 5301 Quare?
1779 5233 1849 5291 Ut
1886 5249 2051 5305 appa-

468 5336 583 5383 reat
607 5329 816 5384 animus
841 5330 1023 5384 colens
1053 5326 1221 5383 Deum
1241 5369 1257 5396 ,
1297 5339 1555 5400 quantum
1584 5330 1724 5384 colat
1765 5330 1965 5397 Deum;
1995 5339 2053 5386 ut

469 5421 716 5477 videatur
739 5432 917 5477 utrum
940 5420 1102 5492 gratis
1123 5421 1263 5476 colat
1287 5436 1410 5477 cum
1432 5437 1460 5476 a
1487 5437 1594 5492 quo
1634 5423 1859 5477 salutem
1885 5423 2052 5493 gratis

441 5502 691 5585 \accepit.
713 5513 770 5571 Si
791 5514 933 5570 enim
963 5513 1057 5569 tibi
1077 5513 1219 5570 dicat
1239 5513 1410 5580 Deus,
1441 5511 1580 5581 Quid
1607 5512 1798 5568 dedisti
1825 5512 1956 5568 mihi
1995 5522 2054 5569 ut

464 5603 695 5662 facerem
724 5606 812 5661 te?
837 5604 997 5662 Certe
1017 5604 1063 5661 si
1083 5604 1253 5662 factus
1287 5604 1628 5676 promeruisti
1656 5620 1740 5659 me
1764 5647 1778 5669 ,
1807 5620 1912 5661 non
1963 5619 2052 5663 me

465 5709 842 5766 promerueras
868 5706 1152 5769 antequam
1182 5693 1415 5753 facerem
1441 5703 1513 5752 te.
1546 5695 1685 5764 Quid
1730 5695 1927 5753 dicturi
1956 5713 2049 5754 su-

465 5805 585 5846 mus
608 5791 691 5858 ei,
713 5791 804 5864 qui
834 5791 1008 5861 primo
1032 5791 1196 5864 gratis
1225 5806 1325 5850 nos
1360 5788 1517 5861 fecit,
1567 5789 1694 5862 quia
1732 5790 1900 5850 bonus
1925 5800 2043 5859 est,

528 5897 546 5935 ⁸
581 5901 746 5956 Plures
767 5911 1056 5970 ψηφίσιν

1721 377 1780 433 S.
1821 320 2188 434 AUCUSTINI
2223 370 2522 430 EPISCOPI
2621 401 2628 410 ι

3663 372 3782 420 4δ8

2179 505 2286 546 non
2318 489 2440 560 quia
2464 482 2665 557 aliquid
2713 481 3054 540 meruimus?
3080 480 3285 539 Deinde
3307 481 3377 541 de
3399 482 3514 553 ipsa
3543 497 3779 552 reparao

2178 583 2322 638 tione
2340 623 2355 648 ,
2379 581 2446 637 de
2464 577 2698 637 secunda
2725 577 3000 632 nativitate
3027 575 3154 647 quid
3180 576 3371 632 dicturi
3397 577 3628 632 sumus?
3657 573 3780 633 Me-

2176 679 2277 733 rita
2301 685 2484 732 nostra
2517 675 2708 732 fecisse
2748 683 2806 730 ut
2830 673 2984 729 nobis
3011 671 3097 728 illa
3123 672 3269 728 salus
3303 681 3559 744 perpetua
3588 673 3779 728 mitte—

2175 780 2324 830 retur
2346 783 2377 829 δ
2419 767 2685 824 Domino?
2715 766 2887 822 Absit.
2918 763 2973 820 Si
3004 764 3192 820 merita
3224 775 3405 820 nostra
3431 764 3632 836 aliquid
3690 767 3781 820 fa~

2175 877 2361 925 cerenl
2383 911 2398 936 ,
2421 868 2490 924 ad
2510 861 2910 925 damnationem
2938 869 3175 925 nostram
3205 860 3431 924 reuirat.
3457 866 3578 928 Non
3621 862 3782 915 venit

2174 961 2267 1018 ille
2292 961 2360 1017 ad
2381 963 2766 1033 inspectionem
2789 962 3098 1017 meritorum
3124 1001 3147 1031 ς
3171 966 3266 1018 sed
3294 963 3360 1019 ad
3391 966 3780 1021 remissionem

2175 1063 2536 1125 peccatorum.
2581 1054 2699 1110 Non
2729 1055 2905 1122 fuisti,
2933 1063 2987 1111 et
3027 1054 3200 1111 factus
3226 1071 3322 1112 es:
3371 1057 3498 1127 quid
3529 1059 3640 1114 Deo
3667 1058 3777 1114 de-

2175 1147 2338 1202 disti?
2372 1147 2540 1203 Malus
2569 1146 2752 1215 fuisti,
2778 1157 2834 1204 et
2861 1149 3118 1205 liberatus
3132 1164 3223 1205 es:
3252 1150 3380 1220 quid
3407 1151 3516 1207 Deo
3543 1152 3778 1206 dedisti?

2174 1238 2312 1308 Quid
2335 1255 2440 1294 non
2480 1240 2548 1295 ab
2567 1255 2635 1296 eo
2673 1241 2841 1310 gratis
2859 1241 3153 1311 accepisti?
3180 1242 3370 1297 Merito
3396 1254 3452 1299 et
3474 1244 3644 1314 gratia
3672 1260 3775 1298 no.

2173 1331 2437 1399 minatur,
2467 1334 2588 1404 quia
2610 1333 2776 1404 gratis
2795 1333 2974 1390 datur.
3007 1334 3253 1406 Exigitur
3285 1351 3414 1407 ergo
3436 1353 3466 1392 a
3513 1346 3594 1404 te,
3624 1347 3688 1392 ut
3715 1348 3776 1392 et

2173 1431 2228 1479 tu
2255 1426 2421 1495 gratis
2443 1441 2565 1481 eum
2612 1427 2798 1482 colas:
2845 1442 2955 1485 non
2980 1429 3105 1499 quia
3128 1428 3222 1485 dat
3251 1429 3564 1498 temporalia
3595 1471 3611 1496 ,
3668 1431 3770 1487 sed

2173 1518 2294 1587 quia
2316 1527 2532 1588 praestat
2552 1529 2772 1575 aeterna.

2244 1609 2334 1681 16.
2391 1608 2495 1666 Sed
2518 1611 2629 1682 ipsa
2658 1622 2855 1667 aeterna
2877 1611 3001 1669 vide
3024 1629 3094 1669 ne
3117 1613 3273 1670 aliter
3296 1614 3498 1685 cogites
3520 1655 3536 1680 ,
3566 1621 3624 1670 et
3665 1630 3770 1670 co-

2171 1702 2389 1773 gitando
2432 1696 2633 1761 aeterna
2661 1707 2983 1773 carnaliter,
3036 1707 3383 1764 nihilominus
3433 1711 3602 1765 Deum
3642 1725 3774 1780 gra-

2158 1796 2242 1850 tis
2290 1810 2398 1850 non
2449 1797 2617 1852 colas.
2673 1799 2810 1866 Quid
2859 1800 3050 1854 enim?
3099 1799 3156 1856 Si
3214 1800 3335 1855 ideo
3379 1801 3513 1856 colis
3551 1802 3767 1870 Deum,

2171 1891 2293 1960 quia
2345 1891 2437 1945 dat
2490 1891 2582 1945 tibi
2645 1891 2866 1946 fundum
2915 1933 2930 1956 ,
3001 1908 3109 1948 non
3173 1909 3295 1948 eum
3352 1895 3594 1949 culturus
3651 1910 3715 1950 es
3751 1937 3767 1961 ,

2172 1983 2292 2052 quia
2342 1983 2476 2037 tollit
2534 1983 2624 2038 tibi
2656 1981 2924 2039 fundum?
2963 1985 3070 2041 Sed
3125 1984 3261 2041 forte
3291 1995 3348 2040 tu
3403 1984 3581 2041 dicis:
3634 1986 3771 2041 ideo

2172 2091 2292 2130 eum
2314 2077 2507 2143 colam,
2538 2076 2660 2147 quia
2686 2077 2976 2132 dabitmihi
3005 2078 3210 2144 villam,
3240 2093 3344 2134 non
3390 2087 3567 2135 tamen
3623 2090 3770 2135 tem-

2171 2169 2431 2238 poralem.
2462 2167 2821 2225 Nihilominus
2848 2170 3025 2226 adhuc
3044 2181 3351 2242 corruptam
3398 2183 3635 2230 mentem
3666 2189 3771 2244 ge-

2170 2260 2246 2316 ris
2278 2278 2290 2313 :
2321 2276 2505 2316 amore
2530 2261 2674 2316 enim
2719 2271 2868 2317 casto
2910 2279 3017 2318 non
3058 2263 3211 2328 colis,
3235 2263 3410 2319 adhuc
3451 2267 3768 2321 mercedem

2170 2353 2395 2425 expetis.
2424 2353 2500 2408 Ea
2528 2354 2672 2410 enim
2697 2355 2774 2410 vis
2819 2354 3019 2411 habere
3064 2356 3120 2411 in
3165 2355 3343 2411 futuro
3387 2358 3606 2423 saeculo,
3640 2373 3768 2428 qum

2169 2444 2258 2501 hic
2284 2461 2504 2504 necesse
2531 2455 2614 2503 est
2651 2447 2997 2520 derelinquas
3029 2465 3046 2503 :
3073 2459 3283 2505 mutare
3319 2451 3400 2505 vis
3427 2451 3767 2520 voluptatem

2169 2541 2462 2609 carnalem,
2504 2559 2611 2597 non
2645 2552 2942 2612 amputare.
2977 2543 3093 2598 Non
3123 2544 3370 2600 laudatur
3402 2546 3455 2601 in
3483 2545 3579 2601 illo
3607 2545 3764 2616 jeju-

2167 2633 2336 2701 nium,
2363 2634 2452 2704 qui
2501 2634 2567 2689 ad
2617 2635 2944 2690 luxuriosam
3014 2651 3222 2692 ccenam
3283 2647 3462 2694 servat
3508 2649 3766 2696 ventrem

2167 2741 2343 2781 suum.
2368 2726 2664 2782 lnvitantur
2681 2728 2822 2782 enim
2853 2728 3142 2799 aliquando
3173 2730 3420 2785 homines
3445 2730 3512 2786 ad
3545 2747 3766 2788 cenam

2165 2835 2436 2890 magnam,
2466 2830 2669 2875 etcum
2696 2821 2763 2876 ad
2794 2837 2912 2877 eam
2943 2823 3127 2878 volunt
3172 2823 3313 2878 avidi
3367 2825 3569 2892 venire,
3613 2827 3767 2896 jeju-

2166 2919 2297 2966 nant
2319 2929 2332 2966 :
2357 2912 2613 2982 numquid
2641 2911 2744 2968 hoc
2766 2913 3029 2983 jejunium
3049 2915 3414 2983 continentiae,
3444 2924 3502 2972 et
3527 2933 3637 2972 non
3662 2934 3768 2989 po-

2165 3003 2273 3059 tius
2299 3004 2521 3059 luxuriae
2540 3004 2899 3074 deputandum
2929 3006 3046 3060 est?
3074 3005 3193 3061 Noli
3228 3021 3357 3078 ergo
3383 3008 3508 3063 talia
3533 3024 3769 3079 sperare

2166 3097 2262 3153 tibi
2286 3098 2462 3154 danda
2485 3115 2513 3152 a
2534 3099 2664 3165 Deo,
2691 3099 2867 3170 qualia
2894 3098 2982 3154 hic
3020 3099 3173 3170 jubet
3220 3113 3584 3160 contemnere.
3631 3104 3768 3162 Haec

2165 3191 2308 3245 enim
2338 3191 2623 3260 sperabant
2648 3191 2840 3257 Judaei,
2867 3190 2988 3247 ideo
3016 3192 3368 3248 turbabantur
3395 3194 3448 3248 in
3476 3194 3565 3250 illa
3605 3212 3767 3267 quc-

2165 3283 2358 3339 stione.
2401 3282 2531 3337 Nam
2573 3292 2628 3338 et
2667 3283 2767 3354 ipsi
2795 3285 3240 3341 resurrectionem
3261 3295 3497 3358 sperant,
3551 3289 3646 3345 sed
3690 3291 3769 3347 ad

2165 3376 2300 3431 tales
2345 3374 2645 3445 voluptates
2691 3377 2931 3446 corporis
2973 3391 3032 3432 se
3073 3387 3292 3448 sperant
3331 3389 3763 3449 resurrecturos,

2164 3468 2349 3539 quales
2389 3467 2474 3522 hic
2502 3476 2700 3522 amant.
2735 3468 2859 3524 ldeo
2898 3485 3016 3524 cum
3069 3469 3149 3526 eis
3194 3485 3588 3543 proponeretur
3611 3489 3768 3544 quia-

2163 3560 2267 3616 stio
2293 3559 2378 3614 illa
2409 3575 2439 3612 a
2483 3559 2809 3627 Sadducaais,
2852 3561 2940 3630 qui
2987 3577 3092 3616 non
3138 3562 3362 3619 credunt
3401 3565 3767 3623 resurrectio-

2164 3669 2306 3719 nem,
2335 3653 2405 3709 de
2426 3653 2512 3708 illa
2539 3653 2763 3708 muliere
2787 3668 2906 3724 qua:
2935 3654 3115 3724 nupsit
3145 3665 3347 3726 septem
3377 3656 3634 3713 fratribus
3677 3659 3764 3714 si-

2163 3744 2329 3800 bimet
2374 3744 2800 3809 succedentibus,
2848 3745 3004 3816 cujus
3055 3761 3240 3801 eorum
3281 3749 3332 3802 in
3366 3752 3766 3809 resurrectione

2162 3837 2261 3892 erit
2285 3851 2438 3904 uxor,
2469 3837 2788 3893 deﬁciebant
2815 3839 2855 3904 ¹,
2887 3845 2942 3894 et
2977 3840 3304 3910 respondere
3338 3857 3443 3898 non
3485 3854 3760 3913 poterant.

2163 3933 2231 3985 At
2256 3946 2376 3987 vere
2405 3931 2627 3986 Domino
2651 3931 2864 4003 quando
2891 3942 2972 3988 est
3006 3935 3298 4005 proposita,
3327 3937 3445 4007 quia
3477 3938 3630 3994 nobis
3671 3955 3765 3995 re-

2161 4024 2422 4079 surreetio
2453 4025 2572 4078 talis
2599 4025 2938 4093 promittitur,
2964 4040 3069 4080 non
3096 4043 3198 4096 qua
3229 4038 3538 4098 repetantur
3561 4030 3758 4102 hujus-

2163 4117 2304 4172 modi
2333 4119 2354 4148 ³
2383 4117 2698 4189 voluptates,
2735 4119 2828 4175 sed
2855 4135 2958 4189 qua
3004 4132 3202 4176 mterna
3231 4121 3300 4177 de
3325 4122 3441 4193 ipso
3466 4123 3575 4178 Deo
3617 4140 3762 4194 gau-

2161 4210 2249 4265 dia
2275 4223 2670 4282 comparentur,
2705 4213 2983 4284 respondit
3012 4215 3287 4282 Dominus,
3331 4225 3384 4270 et
3411 4218 3486 4272 ait
3512 4238 3522 4272 :
3550 4217 3762 4276 Erratis

2161 4304 2430 4358 nescientes
2485 4303 2796 4375 Scripturas,
2851 4322 3008 4378 neque
3049 4307 3280 4362 virtutem
3325 4305 3422 4362 Dei
3451 4325 3470 4362 :
3499 4309 3552 4362 in
3577 4325 3762 4364 resur-

2161 4395 2378 4448 rectione
2403 4395 2534 4449 enim
2561 4411 2718 4465 neque
2743 4398 2946 4463 nubent,
2975 4413 3133 4469 neque
3170 4414 3352 4453 uxores
3395 4399 3575 4454 ducent
3603 4416 3625 4456 :
3650 4419 3762 4457 non

2161 4488 2293 4540 enim
2310 4487 2550 4557 incipient
2576 4487 2720 4542 mori.
2746 4487 2802 4542 ld
2827 4499 2930 4555 est,
2956 4503 3058 4544 non
3087 4489 3158 4544 ibi
3175 4493 3430 4561 quaeritur
3448 4507 3755 4561 successor,

2161 4577 2249 4632 ubi
2302 4593 2409 4632 non
2444 4578 2546 4633 erit
2577 4578 2846 4635 decessor.
2891 4579 2956 4634 Et
3003 4581 3126 4650 quid
3175 4582 3313 4636 erit?
3337 4582 3445 4638 Sed
3467 4595 3631 4651 erunt,
3671 4587 3760 4642 in-

2159 4672 2292 4741 quit,
2324 4672 2543 4744 wquales
2570 4672 2778 4743 Angelis
2806 4672 2903 4728 Dei
2931 4672 3144 4744 (Matth.
3169 4690 3298 4739 xxn,
3325 4675 3421 4744 29,
3440 4676 3527 4739 30,
3551 4688 3598 4731 et
3617 4678 3756 4737 Luc.

2159 4779 2250 4829 xx,
2287 4763 2378 4826 55,
2408 4762 2534 4835 ⁸56).
2584 4763 2696 4820 Nisi
2742 4763 2878 4820 forte
2931 4776 3105 4835 putas,
3149 4766 3292 4837 quod
3339 4769 3526 4839 Angeli
3575 4771 3758 4839 epulis

2159 4854 2500 4925 quotidianis,
2533 4863 2587 4909 et
2632 4855 2757 4910 vino
2808 4869 2914 4926 quo
2945 4864 2997 4910 te
3028 4855 3278 4922 inebrias,
3318 4860 3601 4929 gaudeant,
3657 4872 3758 4918 aut

2159 4946 2260 5001 hoc
2290 4946 2425 5002 forte
2467 4947 2764 5013 arbitraris,
2815 4946 2958 5018 quod
3014 4948 3200 5018 Angeli
3249 4964 3444 5006 ux0res
3492 4951 3753 5008 habeant.

2156 5036 2297 5092 Nihil
2320 5053 2506 5093 eorum
2532 5047 2615 5093 est
2643 5038 2781 5106 apud
2808 5039 3059 5108 Angelos.
3085 5039 3239 5096 Unde
3265 5042 3498 5111 gaudent
3529 5044 3747 5116 Angeli,

2157 5128 2260 5184 nisi
2305 5129 2444 5184 unde
2493 5130 2750 5184 Dominus
2776 5133 2890 5185 ait:
2923 5129 3140 5186 Nescitis
3189 5133 3308 5203 quia
3348 5133 3528 5205 Angeli
3575 5152 3756 5190 eorum

2155 5240 2350 5295 semper
2377 5222 2544 5277 vident
2568 5223 2748 5293 faciem
2777 5222 2950 5278 Patris
2983 5223 3356 5296 (Matt/unm,
3383 5227 3503 5296 10)?
3528 5225 3584 5284 Si
3615 5243 3753 5300 ergo

2155 5317 2222 5372 ad
2251 5316 2438 5373 faciem
2467 5316 2640 5371 Patris
2658 5315 2893 5387 gaudent
2918 5316 3127 5386 Angeli,
3168 5317 3235 5372 ad
3277 5319 3382 5373 tale
3408 5319 3662 5389 gaudium
3691 5328 3752 5377 te

2151 5423 2394 5479 praepara
2425 5427 2439 5463 :
2467 5417 2558 5462 aut
2582 5408 2626 5463 si
2653 5407 2860 5462 invenis
2890 5407 3082 5462 melius
3129 5423 3286 5477 quam
3323 5409 3506 5466 videre
3553 5410 3751 5469 faciem

2156 5500 2335 5559 Dei’?
2366 5501 2461 5558 Va:
2487 5501 2577 5556 tali
2620 5501 2788 5555 amori
2833 5508 2945 5570 tuo,
2994 5499 3039 5555 si
3067 5500 3155 5556 vel
3209 5501 3496 5572 suspicaris
3542 5503 3749 5576 aliquid

2219 5656 2238 5726 ξ
2270 5657 2345 5726 sic
2368 5662 2472 5705 Mss.
2507 5661 2565 5706 At
2598 5653 2737 5718 Edd.,
2758 5653 2810 5705 in
2830 5653 3179 5708 resurrectione
3209 5655 3374 5720 fultura
3393 5663 3515 5722 erat,
3538 5669 3632 5710 vox
3655 5661 3751 5713 do-

2405 5784 2536 5854 υὲδη
2558 5779 2704 5854 Mlti

2156 5842 2252 5956 αἱ
2269 5841 2352 5893 Hic
2372 5841 2422 5892 in
2443 5842 2556 5892 Edd.
2581 5840 2788 5907 additur,
2810 5840 2928 5895 illuc
2946 5849 2994 5896 te
3014 5855 3241 5911 prepare
3262 5856 3281 5896 :
3303 5844 3433 5910 quod
3453 5858 3483 5896 a
3518 5853 3626 5899 Ias.
3653 5846 3748 5898 ab-

3755 6009 3823 6079 ’κ
