4042 6460
197 392 279 451 439
1257 376 1654 440 ENARRATIO
1691 375 1758 435 IN
1794 374 2117 435 PSALMUM
2153 378 2331 438 thu.

200 505 456 568 ντετμὶῖτὶιις.
479 515 641 574 quam
671 509 754 559 est
783 498 872 558 ille
899 516 929 558 a
973 515 1079 573 quo
1122 508 1208 557 est
1233 515 1390 556 omne
1444 498 1746 571 pulchrum,

200 599 313 671 quod
345 606 391 651 te
418 606 612 660 teneat,
647 610 714 651 ne
742 595 887 649 illum
931 593 1168 666 cogitare
1193 591 1466 648 merearis.
1499 590 1753 645 Dominus

204 714 241 745 λι
268 705 413 744 carne
442 697 578 753 erat,
606 697 660 743 et
692 687 981 757 apparebat
1008 687 1167 743 homo
1199 684 1522 741 hominibus.
1573 682 1753 750 Qualis

202 783 486 853 apparebat?
513 782 630 837 Jam
654 782 781 848 dixi,
809 781 971 836 homo
992 780 1314 836 hominibus.
1343 777 1478 847 Quid
1506 790 1753 844 magnum

202 878 489 950 apparebat?
518 876 658 930 Caro
688 876 855 930 carni.
892 874 1028 941 Quid
1066 889 1314 944 magnum
1351 869 1660 942 apparebat,
1689 868 1755 923 de
1796 892 1800 895 ·

202 990 287 1043 quo
308 972 497 1025 dictum
526 978 611 1025 est
640 985 654 1023 :
700 967 927 1023 Vidimus
956 985 1088 1034 eum,
1116 978 1161 1022 et
1182 984 1283 1021 non
1312 964 1522 1020 habebat
1540 963 1757 1032 speciem

202 1082 333 1134 neque
350 1065 574 1118 decorem
617 1061 767 1134 (Isai.
796 1078 905 1127 Lm,
947 1061 1032 1131 2)?
1063 1060 1191 1128 Quis
1221 1074 1326 1114 non
1360 1055 1586 1112 habebat
1630 1068 1755 1123 spe-

202 1159 313 1212 cient
339 1172 503 1225 neque
551 1154 835 1210 decorem?
868 1155 941 1209 De
983 1168 1087 1223 quo
1117 1153 1242 1207 item
1290 1150 1482 1204 dicitur
1512 1165 1525 1202 :
1555 1145 1757 1219 Specio-

203 1265 272 1304 sus
293 1252 447 1320 forma
467 1262 576 1317 prce
593 1247 713 1314 ﬁliis
735 1247 992 1300 hominum
1021 1244 1188 1315 (Psal.
1214 1258 1353 1305 xuv,
1379 1243 1458 1311 3).
1486 1239 1556 1296 Ut
1574 1239 1751 1303 homo,

204 1356 288 1395 non
318 1339 537 1393 habebat
563 1340 793 1409 speciem
823 1354 995 1408 neque
1022 1337 1305 1401 decorem;
1345 1333 1439 1390 sed
1482 1333 1757 1403 speciosus

206 1432 340 1485 turma
366 1446 430 1485 ex
465 1445 532 1484 eo
561 1430 700 1499 quod
729 1437 812 1485 est
837 1445 946 1499 pra:
974 1429 1094 1483 ﬁliis
1118 1428 1418 1482 hominum.
1471 1425 1595 1481 Ideo
1646 1422 1756 1478 for-

206 1537 318 1577 mam
344 1521 480 1575 illam
505 1520 795 1574 deformem
821 1520 837 1552 ‘
860 1519 1037 1575 carnis
1063 1518 1350 1574 ostendens
1366 1516 1534 1571 oculis
1551 1515 1760 1569 intuen-

207 1612 331 1670 tium.
360 1611 482 1679 quid
514 1611 626 1665 ait?
657 1611 755 1676 Qui
775 1612 939 1682 diligit
961 1626 1058 1674 me,
1086 1611 1328 1664 mandata
1356 1625 1467 1664 mea
1504 1607 1757 1673 custodit;

206 1712 241 1754 ει
264 1702 338 1771 qui
356 1701 520 1770 diligit
547 1718 643 1766 me,
674 1701 912 1771 diligetur
938 1718 968 1753 a
999 1700 1153 1756 Patre
1178 1717 1306 1767 meo,
1333 1709 1379 1754 et
1417 1715 1509 1769 ego
1548 1698 1758 1768 diligam

207 1808 316 1853 eum,
344 1802 387 1845 et
414 1793 680 1846 ostendant
706 1793 783 1845 illi
828 1792 1070 1861 meipsum
1100 1790 1276 1863 (Joan.
1306 1806 1414 1856 xw,
1444 1787 1557 1860 2|).
1589 1788 1757 1855 Quem

206 1883 437 1944 videbant,
468 1891 891 1938 ostensorumse
931 1883 1034 1936 illis
1084 1882 1445 1951 promittebat.
1490 1877 1595 1933 Sed
1634 1876 1760 1947 quid

207 1984 271 2029 est
295 1976 418 2029 hoc?
444 1976 608 2041 Quasi
639 1974 860 2036 diceret,
888 1974 1090 2030 Videtis
1119 1973 1343 2029 formam
1364 1972 1521 2033 servi.
1554 1970 1759 2026 occulta

208 2079 271 2121 est
293 2066 446 2121 forma
484 2068 617 2122 Dei:
656 2084 748 2136 per
778 2068 913 2123 hanc
936 2067 1091 2123 Vobis
1117 2067 1379 2132 blandior,
1420 2066 1560 2119 illam
1612 2063 1761 2118 vobis

210 2174 363 2222 servo;
397 2161 500 2214 hac
529 2175 626 2215 vos
672 2161 920 2230 parvulos
960 2161 1157 2225 nutrio,
1188 2160 1272 2214 illa
1304 2157 1533 2231 grandes
1576 2171 1758 2227 pasco.

211 2248 322 2320 Ergo
342 2261 392 2304 ut
420 2250 537 2304 huic
570 2251 699 2306 lides
722 2260 902 2306 ucstra
932 2267 1032 2321 qua
1079 2265 1385 2321 purgamur,
1414 2248 1479 2303 ad
1527 2248 1764 2303 invisibi-

210 2340 260 2395 lia
286 2352 624 2412 praiparetnr,
656 2344 755 2398 hoc
785 2354 888 2404 est.
919 2343 1060 2413 quod
1087 2345 1137 2397 in
1162 2343 1465 2398 intellectum
1486 2343 1607 2412 filiis
1638 2341 1764 2397 Core

210 2432 318 2489 laeta
352 2446 477 2489 sunt
522 2436 619 2489 ista
668 2436 867 2499 omnia,
895 2446 953 2491 ut
996 2435 1409 2491 detraherentur
1452 2434 1654 2490 sanatis
1699 2449 1763 2489 ea

211 2540 302 2589 qua:
325 2526 607 2592 habebant,
630 2527 1003 2583 detraheretur
1031 2538 1081 2583 et
1117 2528 1228 2597 ipsa
1258 2528 1365 2582 vita
1410 2525 1716 2597 temporalis
1746 2543 1762 2580 :

210 2630 254 2671 ut
274 2635 361 2672 nun
390 2628 614 2690 propter
652 2618 766 2673 hrec
789 2620 901 2688 ipsa
944 2619 1252 2689 temporalia
1302 2618 1542 2674 colerent
1591 2617 1763 2686 ipsum

209 2716 454 2777 internum,
506 2711 603 2764 sed
656 2724 841 2765 amore
900 2709 1042 2764 illius
1105 2717 1254 2764 casto
1317 2708 1603 2763 tolerarent
1650 2705 1767 2761 huic

210 2803 352 2855 omnia
371 2818 493 2872 qum
522 2816 618 2871 pro
644 2811 887 2869 tempore
916 2811 1244 2870 paterentur.

278 2893 354 2949 l7.
381 2893 535 2965 (vers.
566 2894 655 2957 l8,
686 2890 804 2964 l9.)
834 2892 1067 2962 Denique
1096 2892 1217 2962 quia
1266 2891 1640 2947 intellexerunt
1662 2890 1767 2948 hoc

214 2982 286 3037 lilii
308 2984 457 3050 Core,
481 2986 609 3056 quid
638 2985 858 3040 dicunt?
884 2983 1007 3039 Hec
1033 2985 1201 3038 omnia
1227 2993 1463 3039 venerunt
1484 3000 1634 3055 super
1651 3001 1763 3051 nos,

212 3084 247 3128 et
268 3077 389 3130 obliti
415 3093 521 3131 non
536 3094 712 3131 sumus
741 3087 807 3130 te.
839 3076 975 3145 Quid
998 3086 1098 3141 est,
1125 3086 1172 3131 et
1196 3077 1335 3131 obliti
1368 3092 1468 3130 non
1493 3092 1665 3130 sumus
1685 3077 1768 3131 te?

214 3164 264 3218 Et
294 3168 580 3237 inique-non
610 3168 802 3239 egimus
830 3168 884 3221 in
909 3178 1202 3222 testamento
1235 3178 1322 3221 tuo
1356 3183 1373 3222 :
1403 3178 1453 3223 et
1480 3185 1579 3222 non
1604 3184 1766 3223 reces-

212 3259 259 3311 sit
280 3269 397 3315 retro
436 3277 531 3315 cor
564 3270 792 3314 nostrum
820 3275 840 3314 :
859 3269 907 3314 et
938 3261 1201 3316 declinasti
1227 3260 1427 3315 semitas
1473 3271 1669 3315 nostras
1708 3260 1771 3316 de

211 3351 274 3402 ria
292 3361 388 3407 tua.
412 3352 554 3408 Ecce
580 3361 664 3407 est
704 3351 1028 3417 intellectus,
1058 3352 1179 3422 quia
1230 3367 1334 3406 non
1365 3352 1585 3405 recessit
1624 3360 1770 3406 retro

212 3455 557 3507 cornoSIrum,
586 3443 710 3514 quia
736 3443 882 3498 obliti
932 3459 1035 3498 non
1074 3458 1258 3497 sumus
1307 3452 1377 3507 te,
1425 3444 1545 3511 quia
1592 3442 1770 3512 inique

212 3550 294 3589 non
320 3539 521 3608 egimus
547 3537 602 3592 in
632 3543 953 3591 testamento
983 3546 1095 3602 tuo,
1131 3534 1288 3605 positi
1330 3536 1381 3589 in
1428 3534 1633 3604 magnis
1673 3536 1769 3589 tri-

212 3626 541 3686 bulationibus
587 3641 643 3687 et
682 3631 1146 3704 persecutionibus
1187 3631 1442 3699 gentium.
1491 3627 1771 3683 Declinasti

210 3723 381 3777 semitas
400 3732 603 3779 nostras
622 3726 685 3779 de
709 3725 789 3778 via
815 3735 924 3779 tua.
954 3723 1171 3779 Semitas
1211 3723 1353 3778 enim
1388 3730 1586 3776 nostra:
1615 3729 1772 3777 erant

212 3809 253 3864 in
276 3814 621 3883 voluptatibus
662 3816 879 3880 saeculi;
925 3816 1129 3870 semita:
1157 3822 1355 3868 nostra:
1379 3821 1533 3868 erant
1558 3814 1608 3866 in
1650 3826 1773 3882 pro.

211 3906 524 3971 speritatihus
588 3908 961 3977 temporalium
1032 3922 1263 3961 rerum:
1313 3906 1483 3959 tulisti
1554 3906 1773 3959 semitis

212 4008 389 4051 nostras-
415 3999 485 4055 de
522 4000 603 4053 via
634 4009 742 4060 tua.
766 4010 821 4054 et
862 3999 1138 4055 ostendisti
1170 3999 1321 4052 nobis
1350 4014 1506 4069 quam
1550 4007 1693 4052 arcta
1718 4007 1774 4053 et

210 4100 402 4159 angusta
432 4094 517 4144 via
544 4100 627 4147 est
653 4107 773 4161 quae
798 4091 937 4145 ducit
967 4090 1031 4145 ad
1066 4091 1246 4142 vitam.
1284 4089 1347 4143 Et
1387 4090 1651 4143 declinain
1690 4106 1773 4143 se-

213 4182 336 4235 mitas
378 4194 576 4239 nostras
619 4185 683 4237 de
709 4185 788 4237 via
839 4194 945 4236 tua.
970 4182 1105 4250 Quid
1150 4192 1252 4245 est,
1282 4182 1547 4235 declinusti
1572 4182 1773 4235 semitas

208 4286 379 4331 nostras
406 4279 471 4332 de
502 4279 581 4331 via
619 4278 747 4331 tua?
771 4276 1041 4345 Tanquam
1069 4274 1273 4329 diceret
1316 4274 1488 4337 nobis,
1518 4272 1572 4326 lu
1603 4274 1773 4325 tribu-

209 4364 381 4425 latione
407 4370 760 4439 positiestis,
791 4376 952 4423 multa
988 4367 1251 4439 patimini,
1285 4366 1445 4420 multa
1474 4380 1593 4435 qtae
1623 4379 1772 4417 ama-

208 4455 322 4513 batis
350 4461 397 4515 in
428 4461 532 4516 hoc
582 4461 801 4526 saeculo,
856 4460 1112 4513 amisistis
1143 4476 1154 4509 :
1187 4458 1280 4511 sed
1314 4474 1416 4509 non
1466 4470 1560 4510 vos
1594 4454 1773 4509 dimisi

208 4550 370 4619 invia,
421 4570 582 4625 quam
621 4562 899 4624 augustam
958 4566 1053 4606 vos
1113 4551 1300 4605 doceo.
1354 4548 1513 4603 Latas
1557 4549 1776 4604 semitas

204 4646 503 4711 gumrebatis
528 4666 539 4698 2
569 4645 695 4716 quid
726 4646 879 4699 vobis
899 4644 1055 4699 dico?
1087 4642 1196 4697 llac
1224 4642 1328 4694 itur
1351 4639 1418 4694 ad
1443 4641 1603 4693 vitam
1628 4654 1774 4693 sem-

210 4734 445 4799 piternam
478 4756 492 4791 ;
526 4753 628 4808 qua
663 4737 819 4791 vultis
845 4737 1139 4789 ambulare.
1172 4732 1236 4786 ad
1271 4740 1497 4786 mortem
1534 4732 1772 4801 pergitis.

210 4824 351 4891 Quam
380 4832 481 4883 lata
502 4841 549 4883 et
569 4830 790 4899 spatiosa
821 4829 899 4881 via
922 4838 992 4881 est
1013 4841 1123 4897 quia
1163 4826 1299 4879 ducit
1322 4825 1388 4877 ad
1423 4824 1700 4889 interitum,
1727 4834 1776 4878 et

204 4922 331 4972 multi
358 4933 477 4975 sunt
524 4923 609 4993 qui
640 4922 904 4974 ambulant
944 4935 1032 4989 per
1063 4918 1209 4971 eam!
1240 4918 1405 4984 Quam
1433 4928 1571 4969 arcta
1601 4925 1648 4970 et
1676 4933 1775 4969 au-

206 5022 331 5077 gusta
356 5014 438 5067 uia
459 5026 530 5069 est
551 5031 665 5085 qua:
688 5014 827 5067 ducit
854 5010 921 5065 ad
946 5013 1122 5076 vitam,
1156 5021 1202 5064 et
1226 5011 1371 5078 pauci
1403 5020 1519 5063 sunt
1547 5011 1633 5079 qui
1666 5027 1776 5063 am-

208 5100 358 5157 inlant
389 5123 479 5171 per
502 5108 643 5163 illam
678 5104 888 5175 (Matth.
914 5119 1008 5169 vn,
1043 5104 1131 5167 15,
1168 5103 1277 5170 H)!
1314 5103 1411 5167 Qui
1440 5113 1562 5156 sunt
1589 5101 1777 5171 pauci?

210 5189 287 5258 ,)»-i
317 5198 545 5250 tolerant
584 5196 968 5257 tribulationes,
1018 5194 1105 5263 qui
1160 5193 1386 5247 tolerant
1427 5194 1771 5258 tentatioues,

212 5285 277 5349 tui
309 5286 357 5336 in
382 5287 495 5340 itis
521 5288 765 5341 omnibna
801 5286 1058 5340 molestiis
1081 5300 1185 5338 non
1224 5284 1507 5343 deﬁciunt;
1538 5284 1627 5352 qui
1665 5300 1774 5339 non

212 5373 257 5424 id
284 5376 464 5430 horam
495 5380 723 5442 gaudi-nt
750 5376 813 5429 ,αἶ
848 5376 1092 5441 verbum,
1126 5382 1179 5430 et
1227 5374 1276 5428 in
1328 5384 1568 5444 tempore
1606 5377 1774 5427 tribu-

206 5466 401 5523 lationis
434 5485 679 5538 tanquam
720 5481 838 5523 orto
872 5470 985 5523 sole
1014 5476 1265 5522 arescunt
1299 5465 1389 5537 (Id
1434 5466 1653 5531 xm,20,
1681 5468 1774 5534 21,

203 5558 304 5633 23),
344 5563 441 5617 sed
468 5563 665 5619 habent
688 5562 922 5617 radicem
958 5560 1256 5625 cbaritatis,
1307 5559 1447 5614 sicut
1474 5558 1776 5614 audivmius

252 5798 275 5866 9
304 5802 380 5852 Sic
417 5807 519 5855 Itss.
556 5800 691 5854 nullo
725 5802 830 5854 fere
856 5807 1083 5853 excepto.
1110 5807 1167 5852 At
1188 5799 1301 5851 Edd.
1351 5799 1472 5864 loco,
1495 5800 1776 5866 deformem,

197 5857 387 5927 habent,
419 5865 477 5915 de
501 5869 671 5917 forma.

435 5951 654 6018 Ssscr.
709 5954 985 6014 Aucusr.
1019 5950 1103 5991 ιν

3338 381 3442 440 ιθο

1863 496 2003 565 quod
2032 498 2189 552 modo
2210 499 2403 554 lectum
2427 506 2505 554 est
2535 496 2584 552 in
2612 497 2895 569 Evangelio
2923 499 3114 572 (Marc.
3139 515 3215 569 tv,
3235 501 3325 567 16,
3353 504 3438 565 l7,

1859 587 1960 654 20,
1989 600 2034 644 et
2064 589 2190 645 Luc.
2221 606 2333 657 vin,
2365 592 2453 656 l5,
2480 590 2588 661 15).
2622 589 2894 651 Radicem.
2927 592 3164 662 inquam,
3203 594 3440 649 cliarita-

1861 682 1931 737 tis
1961 682 2117 747 habe,
2150 694 2207 738 ut
2229 699 2350 740 cum
2378 683 2456 738 sol
2486 692 2704 738 exortus
2734 681 2912 746 fuerit,
2944 699 3046 737 non
3099 695 3147 738 te
3173 693 3310 749 urat,
3348 686 3438 737 ’.πεί

1861 775 2079 829 nutriat.
2113 773 2236 828 Htec
2263 776 2432 828 omnia
2458 784 2693 830 venerunt
2735 790 2885 845 super
2929 788 3041 838 nos,
3081 784 3129 828 et
3156 774 3297 829 obliti
3338 796 3438 829 rnu

1861 881 2032 921 sumus
2056 876 2137 931 te;
2160 876 2206 920 et
2226 867 2392 937 inique
2421 884 2519 920 non
2542 867 2730 937 egimus
2761 867 2812 919 iu
2840 874 3131 921 testamento
3152 877 3259 933 tm;
3281 880 3444 923 etnon

1861 960 2065 1013 recessit
2094 970 2229 1014 retro
2255 976 2341 1014 cor
2366 970 2613 1015 nostrum.
2638 958 2742 1015 Sed
2772 960 2895 1030 quia
2926 958 3042 1014 hinc
3089 960 3267 1017 omnia
3306 972 3443 1015 inter

1862 1031 2231 1108 tribulationes
2262 1054 2503 1118 iacimus,
2528 1053 2635 1122 jam
2659 1053 2710 1107 in
2734 1061 2952 1121 angusta
2985 1055 3064 1107 via
3088 1053 3442 1120 (inundantes,

1865 1143 2131 1198 declinasti
2160 1146 2363 1199 semitas
2392 1154 2589 1199 nostras
2611 1144 2674 1197 de
2702 1146 2781 1200 tiu.
2806 1156 2911 1199 tua.

1936 1237 2025 1293 18.
2053 1235 2205 1309 [t°ers.
2252 1236 2370 1309 ΞΟ]
2401 1238 2651 1305 Quoniam
2690 1238 2969 1293 humiliasti
3013 1256 3106 1294 nos
3146 1240 3198 1294 in
3229 1240 3337 1297 loco
3373 1241 3466 1305 int,

1866 1327 2139 1393 ﬁrmitatis.
2174 1330 2313 1401 Ergo
2342 1331 2605 1385 exultabis
2634 1345 2730 1386 nos
2763 1334 2815 1386 in
2842 1333 2960 1387 loco
3009 1334 3352 1390 fortitudinis.
3386 1334 3457 1388 Et

1864 1419 2058 1487 aperuit
2084 1436 2175 1473 nos
2196 1420 2372 1473 umbra
2389 1421 2581 1475 mortis.
2611 1421 2731 1473 Πειπο
2759 1422 2898 1476 enim
2933 1424 3230 1479 mortalitas
3259 1424 3449 1480 umbra

1863 1508 2051 1563 mortis
2074 1519 2171 1563 est.
2201 1508 2339 1563 Vera
2370 1527 2514 1566 mors
2550 1520 2632 1565 est
2658 1513 2927 1567 damnatio
2948 1530 3067 1568 cum
3097 1516 3331 1571 diabolo.

1938 1600 2026 1654 l9.
2057 1598 2208 1671 [vers.
2238 1600 2357 1674 21.]
2406 1602 2467 1657 Si
2514 1602 2657 1657 obliti
2690 1621 2862 1660 sumus
2910 1622 3089 1661 nomen
3136 1605 3230 1661 Dei
3267 1609 3429 1663 nostri

1855 1690 1969 1754 ,lste
1993 1702 2075 1747 est
2122 1693 2420 1749 intellectus
2463 1696 2689 1751 ﬁliorum
2738 1694 2897 1753 Core.
2936 1696 3005 1751 Et
3032 1698 3077 1753 si
3118 1699 3453 1770 expendimus

1865 1798 2044 1836 manus
2072 1792 2269 1837 nostras
2298 1787 2361 1837 ad
2401 1783 2565 1839 Deum
2587 1787 2829 1841 alienum.

1936 1873 2025 1928 20.
2052 1870 2200 1945 [vers.
2234 1875 2347 1947 22.]
2400 1873 2587 1930 Nonne
2614 1876 2753 1932 Deus
2773 1879 2989 1949 requiret
3015 1880 3112 1934 ista
3130 1880 3156 1937 ?
3174 1878 3203 1935 1
3208 1897 3298 1951 pse
3319 1882 3454 1937 enim

1866 1964 2001 2017 novit
2022 1966 2218 2018 occulta
2236 1966 2424 2021 cordis.
2451 1967 2627 2031 Novit,
2655 1979 2708 2025 et
2726 1972 2950 2039 requirit
2970 1990 2981 2023 :
3005 1972 3051 2027 si
3072 1974 3218 2027 novit
3244 1975 3455 2030 occulta

1867 2056 2062 2118 cordis,
2086 2056 2211 2126 quid
2238 2057 2308 2111 ibi
2337 2058 2495 2112 facit?
2525 2058 2712 2113 Nonne
2726 2059 2863 2116 Deus
2894 2063 3110 2132 requiret
3140 2063 3276 2119 ista.’
3301 2064 3457 2120 Novit

1868 2146 1919 2199 in
1950 2160 2030 2213 se,
2060 2148 2285 2217 requirit
2355 2158 2574 2219 pr0pter
2630 2166 2746 2205 nos.
2794 2151 3006 2207 Etenim
3054 2153 3178 2210 ideo
3232 2155 3458 2226 requirit

1870 2237 2012 2293 Deus
2036 2237 2339 2308 aliquando,
2369 2249 2420 2295 et
2450 2240 2579 2295 dicit
2620 2242 2720 2296 sibi
2768 2241 3125 2311 innotescere,
3160 2246 3302 2315 quod
3330 2244 3460 2300 faeit

1870 2329 1961 2383 tibi
1994 2328 2350 2386 innotescere.
2388 2331 2534 2402 Opus
2577 2348 2731 2387 suum
2776 2334 2873 2389 tibi
2916 2335 3075 2403 dicit,
3126 2353 3231 2393 non
3270 2339 3458 2409 cogni-

1870 2419 2069 2476 tionem
2111 2437 2263 2477 suam
2290 2424 2330 2476 ⁸.
2366 2423 2604 2479 Dicimus
2661 2425 3008 2496 plerumque,
3068 2426 3251 2485 Laetus
3303 2429 3457 2496 dies,

1869 2514 2080 2584 quando
2102 2531 2325 2571 serenus
2366 2526 2448 2572 est
2479 2536 2491 2573 :
2517 2520 2772 2590 numquid
2803 2521 2916 2591 ipse
2944 2521 3060 2578 dies
3086 2521 3322 2593 gaudet?
3353 2522 3461 2580 Sed

1869 2605 2185 2676 gaudentem
2215 2607 2461 2672 dicimus.
2491 2612 2613 2681 quia
2640 2612 2932 2681 gaudentes
2970 2628 3070 2669 nos
3097 2613 3239 2670 facit.
3270 2613 3340 2670 Et
3366 2614 3451 2671 di-

1870 2696 2039 2751 cimus
2060 2738 2074 2761 ,
2102 2697 2279 2754 Triste
2298 2700 2516 2756 ctelum.
2559 2701 2675 2756 Non
2722 2703 2866 2757 enim
2892 2712 2977 2758 est
3000 2704 3138 2759 ullus
3177 2705 3299 2760 talis
3331 2719 3461 2761 sen-

1871 2803 1961 2845 sus
1983 2792 2033 2845 in
2057 2791 2287 2847 nubibus
2319 2812 2333 2849 :
2361 2794 2455 2849 sed
2487 2795 2609 2865 quia
2647 2795 2896 2853 homines
2938 2794 3241 2868 bujusmodi
3276 2799 3463 2855 viden-

1873 2892 1954 2938 tes
1989 2884 2110 2940 εωιὶ
2135 2884 2319 2940 faciem
2341 2887 2751 2955 contristantur,
2778 2889 2933 2945 triste
2970 2889 3186 2955 dicitur,
3218 2905 3287 2947 eo
3313 2888 3461 2961 quod

1875 2975 2051 3031 tristes
2070 2973 2211 3030 facit.
2249 2975 2336 3032 Sic
2364 2986 2419 3031 et
2461 2977 2599 3034 Deus
2628 2993 2956 3050 cognoscere
2994 2978 3211 3047 dicitur,
3238 2981 3457 3052 quando

1873 3076 2256 3135 cognoscentes
2298 3067 2441 3124 facit.
2494 3069 2635 3125 Deus
2678 3070 2808 3126 dicit
2857 3070 2925 3126 ad
2963 3070 3235 3128 Abraham
3268 3071 3465 3128 :Nunc

1873 3162 2081 3233 cognoui
2106 3161 2225 3231 quia
2251 3170 2305 3214 tu
2336 3162 2477 3217 times
2501 3162 2667 3217 Deum
2696 3162 2849 3235 (Gen.
2880 3180 3007 3230 sm,
3039 3164 3153 3236 12).
3185 3166 3323 3222 Ante
3352 3180 3462 3222 non

1873 3257 2227 3325 cognoverat?
2273 3256 2379 3312 Sed
2420 3257 2534 3327 ipse
2564 3257 2832 3312 Abraham
2881 3273 2942 3314 se
2987 3260 3138 3315 non’
3171 3260 3460 3332 cognovit:

1875 3346 1994 3415 quia
2021 3346 2070 3400 in
2099 3348 2209 3416 ipsa
2233 3348 2523 3403 tentatione
2564 3349 2677 3420 ipse
2721 3348 2821 3403 sibi
2863 3350 3110 3406 innotuit.
3140 3349 3464 3423 Plerumque

1876 3437 2017 3491 enim
2046 3437 2206 3492 homo
2228 3446 2378 3508 putat
2414 3454 2473 3494 se
2504 3454 2660 3509 posse
2686 3442 2829 3511 quod
2869 3455 2974 3495 non
3002 3450 3199 3511 potest,
3232 3451 3323 3497 aut
3360 3457 3459 3512 pu-

1880 3535 1953 3581 tat
1983 3542 2041 3582 se
2065 3542 2168 3583 non
2194 3542 2350 3597 posse
2371 3528 2509 3599 quod
2544 3539 2746 3598 potest;
2778 3530 2986 3584 accedit
3016 3530 3081 3584 ad
3110 3531 3255 3585 illum
3291 3531 3459 3587 inter-

1879 3618 2086 3688 rogatio
2110 3634 2172 3672 ex
2206 3618 2383 3673 divina
2418 3619 2839 3688 dispensatione,
2882 3627 2937 3675 et
2967 3636 3063 3691 per
3088 3621 3460 3692 interrogatio‘

1879 3724 1998 3763 nem
2028 3718 2185 3764 notus
2209 3709 2265 3764 lit
2305 3710 2426 3774 sibi;
2453 3720 2505 3765 et
2545 3710 2738 3765 dicitur
2768 3710 2907 3765 Deus
2942 3712 3276 3782 cognovisse,
3321 3714 3463 3784 quod

1879 3800 2022 3855 illum
2054 3802 2175 3856 fecit
2197 3818 2374 3858 nosse.
2398 3801 2664 3874 Numquid
2687 3804 2876 3859 Petrus
2897 3813 3121 3859 noverat
3140 3818 3220 3870 se,
3245 3805 3468 3876 quando

1876 3890 2011 3946 dixit
2042 3893 2293 3947 med'eo:
2326 3891 2511 3947 Tecum
2544 3910 2655 3948 sum
2694 3910 2854 3963 usque
2876 3893 2945 3947 ad
2992 3904 3201 3949 mortem
3250 3894 3464 3963 (Matth.

1881 3999 2023 4047 xxvi,
2055 3985 2171 4053 55)?
2205 3985 2437 4039 Medicus
2468 3994 2709 4053 noverat,
2736 4001 2868 4041 vena
2913 3986 3172 4057 inspecta,
3223 3987 3350 4058 quid
3381 3989 3469 4043 in-

1881 4084 1966 4129 tus
1989 4085 2237 4143 agi-retur
2265 4076 2315 4129 in
2364 4084 2587 4146 :egruto;
2633 4085 2865 4147 aegrotus
2890 4092 2996 4133 non
3031 4086 3277 4133 noverat.
3312 4076 3472 4134 Venit

1879 4167 2119 4221 accessio
2143 4166 2487 4232 tentatiunis;
2520 4177 2575 4223 et
2603 4168 2845 4237 probavit
2870 4168 3109 4224 medicus
3143 4171 3465 4226 sententiam

1880 4271 2051 4314 suam.
2078 4258 2307 4326 perdidit
2334 4273 2477 4328 3988?
2504 4261 2972 4329 praesumptionem
3003 4276 3171 4317 suam.
3207 4260 3298 4317 Sic
3341 4277 3473 4333 ergo

1880 4360 1935 4405 et
1959 4350 2105 4403 novit
2139 4350 2295 4413 Deus,
2328 4361 2383 4405 et
2414 4352 2653 4420 requirit.
2685 4351 2860 4407 Novit.
2893 4352 3173 4421 Quomodo
3209 4354 3330 4425 ipse
3371 4370 3465 4412 re-

1879 4442 2077 4512 quirit?
2106 4442 2326 4512 Propter
2356 4451 2423 4501 te.
2455 4452 2512 4496 ut
2533 4453 2584 4495 tu
2616 4443 2854 4498 invenias
2881 4452 2952 4511 te,
2971 4453 3025 4499 et
3049 4443 3249 4516 gratias
3270 4459 3398 4518 agas
3413 4447 3468 4503 ei

1880 4533 1970 4602 qui
2001 4530 2123 4587 fecit
2152 4542 2221 4586 te.
2256 4531 2439 4587 Nonne
2462 4531 2598 4587 Deus
2630 4534 2844 4606 requiret
2874 4534 2972 4587 ista
2990 4535 3016 4589 ?

1950 4626 2041 4680 2t.
2064 4624 2190 4694 Ipse
2214 4626 2345 4679 enim
2370 4628 2503 4681 novit
2539 4628 2735 4681 occulta
2768 4628 2956 4683 cordis.
2996 4628 3134 4698 Quid
3176 4638 3282 4700 est,
3329 4633 3469 4688 novit

1882 4718 2075 4771 occulta
2088 4718 2113 4771 γ
2126 4733 2245 4788 quae
2264 4718 2507 4773 occulta?
2533 4719 2783 4784 Quoniam
2810 4731 3015 4791 propter
3043 4732 3091 4775 te
3104 4723 3475 4792 mortiﬁcamur

1884 4818 1987 4863 tota
2015 4810 2115 4870 die.
2158 4810 2385 4880 deputati
2437 4827 2611 4867 sumus
2657 4812 2787 4865 velut
2820 4827 2933 4866 oves
2978 4814 3237 4869 occisionis
3312 4815 3473 4874 Potes

1881 4904 2022 4957 enim
2046 4903 2226 4959 videre
2248 4904 2555 4959 mortiﬁcari
2583 4906 2854 4960 hominem
2876 4924 2891 4972 ;
2915 4921 3081 4977 quare
3095 4920 3229 4963 mor:
3244 4938 3247 4945 -
3262 4910 3473 4977 licetur,

1883 4995 2057 5050 nescis
2086 5012 2100 5049 :
2135 4997 2273 5051 Deus
2303 4996 2403 5049 hoc
2426 4999 2609 5062 novit;
2638 5012 2721 5052 res
2763 4998 2815 5053 in
2838 4999 3048 5055 occulto
3073 5010 3171 5055 est.
3202 5002 3305 5055 Sed
3341 5001 3473 5059 dicit

1883 5087 2009 5141 mihi
2054 5088 2292 5157 aliquis:
2327 5088 2464 5144 Ecce
2505 5104 2601 5158 pro
2661 5090 2878 5145 nomine
2930 5091 3125 5147 Christi
3182 5093 3470 5159 detinetur,

1883 5194 2076 5235 nomen
2120 5178 2315 5233 Christi
2345 5183 2646 5235 conlitetur.
2679 5180 2856 5248 Quare
2888 5197 2993 5237 non
3022 5194 3074 5237 et
3101 5184 3333 5237 lueretiei
3363 5198 3469 5239 uo-

1884 5289 2004 5327 tnen
2047 5271 2241 5328 Christi
2291 5273 2631 5341 conﬁtentur,
2658 5284 2709 5331 et
2746 5290 2853 5330 non
2900 5284 3077 5332 tamen
3099 5276 3208 5347 jam
3255 5285 3475 5347 propter

1883 5366 2056 5437 ipsum
2097 5365 2467 5419 moriuntur'?
2494 5366 2721 5423 Prorsus
2746 5368 2797 5423 in
2832 5368 2949 5440 ipsa
2978 5367 3235 5434 Ecclesia,
3271 5366 3471 5439 dicam,

1947 5492 1964 5557 ξ
1999 5496 2243 5557 Duo_Mss.,
2266 5504 2359 5543 non
2375 5491 2630 5557 cognitioni
2649 5507 2770 5547 sint.

1947 5556 1967 5621 ξ
2000 5560 2049 5602 In
2073 5552 2321 5617 plerisque
2347 5552 2472 5617 tussi,
2497 5568 2554 5621 se
2570 5557 2805 5621 cognovit,
2825 5558 3002 5609 omissa
3022 5559 3303 5621 negatione.

1948 5616 1970 5648 ³
2003 5624 2082 5689 Er.
2104 5622 2157 5664 et
2180 5616 2288 5689 Lov.
2317 5631 2329 5666 :
2358 5616 2514 5689 Quare
2535 5616 2752 5689 haeretici
2776 5616 2945 5689 nomen
2965 5616 3143 5689 Christi
3166 5618 3471 5689 conﬁtentur,

1882 5686 1929 5753 et
1950 5680 2343 5753 nontamean
2364 5686 2557 5753 propter
2576 5682 2737 5753 ipsum
2757 5681 3068 5753 moriu_ntuij_.9
3089 5692 3203 5753 Am.
3217 5680 3476 5753 etaliquo't

1881 5749 2011 5798 Mss,
2035 5750 2187 5801 Quare
2203 5740 2347 5791 1".van
2364 5740 2414 5808 'et_
2435 5740 2651 5793 heretici
2673 5756 2841 5808 nomen
2863 5743 3039 5808 emisti
3063 5740 3473 5808 conﬁtentur;st

1882 5816 1973 5869 non
2000 5808 2167 5869 tamen
2179 5812 2372 5868 propter
2396 5804 2556 5869 ipsum
2576 5804 2845 5869 moriuntur
2861 5804 2886 5855 ?
2926 5806 3009 5856 Alii
3036 5804 3161 5868 Mss,
3183 5804 3357 5869 Quare
3380 5824 3475 5862 non

1884 5872 1931 5917 et
1954 5865 2167 5915 haa'etici
2181 5865 2357 5917 nomen
2381 5865 2557 5918 Christi
2582 5865 2883 5930 conﬁtentur,
2908 5876 3004 5918 etc.

2840 5957 3108 6036 (δεῖτε.)
