4042 6472
545 418 640 482 till

544 537 825 604 catholica,
849 535 1045 608 putatis
1061 533 1294 595 defuisse
1319 542 1409 591 aut
1427 531 1616 591 deesse
1632 548 1811 604 posse,
1844 533 1930 604 qui
1952 548 2112 587 causa

546 634 789 687 humana:
812 626 994 699 gloriae
1012 620 1367 730 paterentur?
1412 625 1469 680 Si
1521 625 1772 681 deessent
1814 623 2119 707 hujusmodi

547 721 808 785 homines,
844 733 947 774 non
974 716 1175 773 diceret
1196 716 1487 789 Apostolus
1521 718 1548 774 τ’
1569 716 1631 773 Si
1655 717 1911 772 tradidero
1937 733 2121 787 corpus

548 804 711 868 meum
734 822 787 866 ut
810 790 1037 874 ardeant,
1060 788 1357 862 charittitem
1380 817 1547 862 autem
1594 790 1693 862 non
1730 788 1957 873 habeam,
1998 804 2125 883 nihil

549 888 671 959 mihi
692 884 890 976 prodest
935 886 1116 972 (lCor.
1141 915 1255 964 xui,
1278 898 1361 972 5).
1395 897 1609 954 Sciebat
1645 913 1771 970 ergo
1813 912 1931 953 esse
1968 898 2124 968 posse

550 984 805 1069 quosdim
833 995 921 1069 qui
950 980 1053 1049 hoc
1077 994 1371 1075 jactatione.
1396 990 1650 1057 facerent,
1679 1007 1787 1046 non
1815 989 2119 1046 dilectione.

551 1091 673 1147 ldeo
695 1088 980 1144 obscurum
1022 1086 1138 1151 est;
1187 1085 1328 1143 Deus
1360 1082 1460 1163 hoc
1500 1085 1646 1140 solus
1674 1084 1833 1149 videt,
1869 1097 1966 1137 nos
2019 1088 2122 1136 non’

553 1197 854 1256 possumus.
882 1179 999 1251 Ipse
1031 1178 1176 1247 solus
1203 1178 1378 1249 potest
1415 1175 1677 1247 judicare,
1721 1175 1811 1247 qui
1851 1173 1997 1229 novit
2036 1188 2121 1226 oc-

552 1274 691 1329 culta
716 1269 909 1328 cordis.
945 1258 1193 1337 Quoniam
1216 1275 1418 1340 propter
1434 1277 1481 1322 te
1499 1266 1863 1335 mortiﬁcamur
1891 1273 1993 1318 tota
2024 1262 2124 1330 die,

553 1363 779 1437 deputati
816 1342 990 1417 sumus
1022 1357 1155 1414 velut
1195 1342 1308 1413 oves
1351 1358 1635 1413 occisionis.
1670 1354 1787 1413 Jam
1829 1355 1961 1424 dixi,
2007 1355 2129 1409 hinc

553 1454 712 1514 etiam
759 1455 1059 1530 apostolum
1105 1452 1327 1530 Paulum
1373 1451 1730 1506 testimonium
1774 1451 2015 1525 posuisse
2062 1447 2127 1501 ad

553 1547 912 1631 exhortandus
933 1558 1213 1623 martyres,
1259 1546 1325 1599 ne
1354 1540 1644 1601 deﬁcerent
1692 1543 1745 1598 in
1775 1539 2129 1596 tribulationi-

554 1640 651 1695 bus
675 1652 771 1712 pro
798 1637 1013 1694 nomine
1038 1635 1236 1692 Christi
1266 1633 1542 1705 susceptis.

621 1726 711 1787 Ὠ.
743 1729 892 1805 [νει-ε.
1090 1726 1338 1798 Exsurge,
1369 1743 1526 1803 quare
1565 1724 1832 1789 obdormis,
1882 1721 2132 1776 Domine?

554 1822 648 1878 Cui
675 1821 836 1877 dicit?
862 1820 1052 1891 etquis
1079 1816 1244 1874 dicit?
1266 1816 1453 1875 Nonne
1470 1817 1636 1889 magis
1667 1814 1871 1870 dicetur
1898 1813 1985 1868 ille
2011 1813 2132 1867 dor-

555 1900 707 1982 mire,
736 1902 787 1969 et
814 1914 995 1969 halare
1024 1913 1065 1981 ⁸,
1103 1910 1193 1981 qni
1228 1910 1347 1965 talia
1396 1909 1649 1980 loquitur,
1685 1906 1932 1977 Exsurge,
1973 1921 2131 1972 quare

555 2007 765 2074 dormis,
816 2000 1070 2061 Domine?
1116 2003 1422 2075 Respondet
1466 1996 1579 2067 tibi,
1606 1998 1744 2059 Novi
1770 1999 1894 2071 quid
1919 1997 2130 2053 dicam:

555 2100 669 2157 scio
694 2097 815 2170 quia
844 2096 950 2159 non
995 2096 1190 2155 dormit
1234 2096 1323 2167 qui
1355 2094 1585 2169 custodit
1624 2092 1784 2148 israel
1808 2090 1976 2166 (Psal.
2008 2107 2131 2159 cxx,

556 2189 615 2260 4)
641 2207 653 2245 :
681 2187 774 2245 sed
799 2198 973 2244 tamen
1020 2188 1280 2261 martyres
1299 2186 1549 2250 clamant,
1580 2182 1831 2256 Exsurge,
1856 2200 2008 2259 quare
2049 2181 2130 2236 ob-

557 2281 764 2347 dormis,
799 2262 1049 2334 Domine?
1072 2277 1116 2333 0
1138 2274 1355 2355 Domine
1382 2277 1539 2333 Jesul
1573 2277 1781 2331 occisus
1824 2288 1903 2341 es,
1933 2274 2134 2329 dormi-

557 2371 626 2429 sti
651 2371 703 2429 in
736 2366 1121 2449 passione,jam
1158 2352 1688 2445 nobis‘resurt‘extsti.
1715 2366 1966 2445 Novimus
1992 2367 2135 2423 enim

557 2462 679 2536 q'uia’
720 2462 873 2519 nobis
911 2458 1264 2517 resurrexis'ti.
1308 2456 1481 2539 Quare
1522 2457 1897 2514 resurrexisti?
1940 2454 2136 2521 Gentes

558 2570 677 2625 qua:
718 2558 819 2629 pos
849 2550 1258 2635 persequuntur,
1290 2550 1558 2605 mortuum
1606 2555 1658 2604 te
1700 2555 1905 2619 putant,
1953 2563 2136 2643 resur-

558 2642 761 2700 re‘xisse
802 2639 908 2698 no‘n
953 2641 1192 2697 credunt.
1236 2636 1470 2711 Exsurge
1516 2640 1642 2719 ergo
1688 2649 1741 2693 et
1786 2638 1909 2707 illis.
1962 2636 2137 2704 Quare

558 2730 776 2803 dormis,
811 2736 915 2790 non
945 2734 1116 2801 nobis,
1139 2731 1232 2787 sed
1262 2732 1401 2803 illis?
1428 2732 1482 2789 Si
1506 2734 1647 2788 enim
1671 2732 1779 2811 jam
1811 2739 1861 2786 te
1897 2732 1969 2811 illi
2017 2749 2136 2787 erc-

558 2825 743 2882 derent
773 2820 1154 2887 reSurrexiSSe,
1188 2818 1441 2894 nquuid
1463 2810 1554 2879 eos
1579 2808 1748 2894 quiin
1781 2830 1832 2878 te
1857 2808 2139 2907 crederent

559 2918 804 2991 persequi
823 2920 1083 2988 peierant.
1108 2913 1212 2972 Sed
1243 2914 1837 2991 quarepersequnfttur?
1868 2916 2015 2993 Dele,
2044 2932 2138 2971 0c-

560 3007 679 3089 cide
704 3000 882 3063 nescio
909 3020 1040 3089 quos
1061 3006 1102 3071 ²,
1135 3006 1222 3076 qui
1250 3002 1590 3061 Crediderunt
1619 3005 1669 3060 in
1698 3008 1751 3060 te
1780 3006 1959 3077 nescio
1981 3023 2136 3077 quem

559 3080 698 3155 male
723 3080 1031 3173 mortuuui.‘i
1052 3096 1238 3151 Adhuc
1263 3097 1341 3152 eis
1368 3096 1569 3151 dormis
1603 3114 1614 3149 :
1640 3111 1867 3167 exsurge
1895 3105 1951 3150 ut
1978 3096 2139 3151 intel-

562 3182 723 3263 ligant
743 3189 862 3260 quia
894 3186 1321 3252 resurrexisti,et
1346 3187 1636 3257 quiescant.
1677 3189 1914 3258 Denique
1943 3186 2138 3244 factum

560 3279 795 3337 estdum
846 3278 1142 3335 moriuntur
1204 3274 1480 3349 martyres,
1526 3288 1580 3334 et
1622 3279 1719 3333 ista
1764 3279 1964 3348 dicunt,
2019 3281 2139 3335 dor-

565 3368 753 3436 miunt,
785 3377 839 3424 et
884 3368 1115 3424 excitant
1154 3366 1423 3423 Christum
1467 3382 1591 3425 vere
1629 3378 1895 3425 mortuum
1942 3371 2141 3427 dormi-

564 3460 791 3518 tianibus
829 3472 1049 3527 eorum;
1101 3458 1329 3515 surrexit
1370 3459 1612 3517 Christus
1662 3462 2051 3532 quodammodo
2088 3465 2139 3520 in

563 3553 824 3626 gentibus,
854 3552 904 3607 id
928 3561 1024 3618 est,
1056 3551 1286 3607 creditus
1310 3560 1393 3607 est
1432 3554 1784 3611 resurrexisse
1816 3554 1927 3610 :ita
1964 3558 2141 3627 paula-

567 3646 658 3702 tim
684 3655 734 3701 et
757 3645 855 3716 ipsi
876 3640 1144 3701 credendo
1184 3644 1429 3699 conversi
1453 3645 1519 3698 ad
1559 3645 1849 3712 Christum,
1905 3649 2142 3704 iecerunt

566 3750 845 3793 numerum
886 3730 1152 3805 magnum,
1203 3748 1358 3806 quem
1408 3734 1655 3790 timerent
1676 3748 2063 3807 persecutores,
2087 3751 2142 3798 et

566 3826 907 3882 cessaverunt
961 3825 1371 3894 persecutiones.
1432 3824 1621 3883 Unde?
1674 3828 1805 3897 Quia
1855 3814 2143 3887 resurrexit

566 3916 812 3973 ChriStus
840 3918 890 3971 in
915 3914 1179 3987 gentibus,
1205 3918 1295 3987 qui
1343 3917 1446 3972 illis
1483 3926 1605 3974 ante
1658 3936 1761 3975 non
1804 3923 2142 3979 credentibus

567 4009 880 4065 dormiebat.
913 4008 1157 4079 Exsurge,
1179 4020 1225 4062 et
1252 4025 1313 4063 ne
1331 4008 1544 4079 repellas
1568 4029 1721 4082 usque
1738 4013 1789 4068 in
1808 4016 1977 4084 ﬁnem.

636 4100 723 4156 2'5.
750 4095 898 4173 [vers.
924 4097 1039 4173 2b.]
1063 4091 1230 4163 Quare
1256 4100 1434 4169 [aciem
1462 4110 1596 4155 tuam
1616 4104 1832 4159 avertis?
1857 4105 2005 4177 quasi
2035 4124 2139 4162 non

569 4190 731 4257 adsis,
754 4191 901 4261 quasi
933 4188 1127 4243 oblitus
1153 4192 1225 4244 sis
1254 4191 1440 4245 nostri.
1469 4190 1785 4251 Oblivisceris
1805 4196 2027 4267 inapiam
2057 4176 2143 4253 no-

569 4292 741 4348 stram,
776 4292 821 4336 et
846 4280 1215 4335 tribulationem
1244 4294 1489 4336 nostram.

620 4374 710 4431 24.
739 4374 887 4448 [item
907 4372 1027 4446 28.]
1056 4373 1306 4439 Quoniam
1335 4376 1599 4430 humilium
1624 4386 1695 4431 est
1720 4377 1772 4433 in
1801 4381 2002 4450 pulvere
2029 4382 2138 4438 ani-

568 4484 651 4521 ma
671 4468 860 4521 nostra.
888 4462 985 4523 Ubi
1011 4464 1280 4519 humihata
1302 4467 1416 4520 est?
1445 4465 1497 4521 ln
1528 4468 1744 4539 pulvere
1764 4512 1778 4534 ,
1809 4468 1861 4525 id
1885 4482 1999 4541 est,
2027 4473 2142 4542 pul-

571 4561 649 4614 vis
678 4573 774 4612 nos
802 4556 1148 4628 persequitur.
1183 4556 1260 4611 llli
1292 4573 1387 4613 nos
1415 4569 1826 4629 persequuntur,
1856 4563 1922 4617 de
1951 4566 2143 4632 quibus

570 4648 747 4703 dixisti
775 4666 789 4702 :
817 4648 936 4703 Nan
976 4650 1048 4703 sic
1088 4649 1265 4719 impii,
1298 4666 1396 4703 non
1440 4652 1542 4719 sic;
1570 4653 1659 4707 sed
1696 4654 1937 4725 tanquam
1976 4656 2143 4727 pulvis

568 4756 715 4813 quem
741 4740 942 4811 proiicit
966 4748 1137 4794 ventus
1158 4756 1189 4791 a
1217 4742 1346 4812 facie
1374 4751 1519 4797 terra:
1545 4740 1714 4815 (Psal.
1746 4761 1796 4811 ι,
1825 4746 1918 4813 ι).
1953 4732 2139 4803 [lumi-

571 4834 697 4889 liatd
721 4842 792 4889 est
819 4833 868 4886 in
896 4832 1096 4901 pulvere
1122 4834 1290 4887 anima
1316 4843 1525 4900 nostra;
1569 4838 1713 4890 Iussit
1741 4839 1792 4892 in
1822 4847 1954 4893 terra
1978 4853 2142 4896 venter

572 4931 757 4976 noster.
790 4922 1011 4978 Pensm
1034 4923 1211 4978 nimia:
1238 4923 1618 4980 humiliationis
1649 4926 1774 4981 mihi
1806 4929 2013 4983 videtur
2041 4947 2138 4986 ex-

574 5014 853 5082 pressisse,
874 5029 973 5083 qna
997 5015 1222 5085 quisque
1248 5015 1459 5084 quando
1487 5030 1545 5071 sc
1574 5020 1880 5088 prosternit,
1903 5020 2067 5077 haeret
2088 5024 2138 5077 in

572 5114 714 5159 terra
745 5115 932 5160 venter
962 5105 1098 5174 ejus.
1143 5106 1394 5177 Quisquis
1430 5109 1573 5163 enim
1624 5110 1691 5163 ita
1738 5111 2043 5168 humiliatur
2088 5126 2143 5171 ιιι

571 5208 740 5269 genua
787 5194 943 5265 ligat,
970 5195 1145 5251 adhuc
1184 5195 1345 5253 habet
1382 5212 1489 5268 quo
1533 5199 1874 5256 hnntilietur:
1903 5204 2143 5276 quisquis

572 5297 746 5345 autem
777 5289 855 5346 sic
883 5288 1192 5343 humiliatur
1216 5299 1274 5344 ut
1300 5289 1501 5346 haereat
1530 5293 1579 5346 in
1610 5303 1747 5348 terra
1780 5304 1963 5351 venter
1990 5298 2105 5369 ejus
2126 5343 2140 5367 ,

572 5381 709 5436 ult-ra
736 5395 843 5450 quo
871 5379 1180 5435 humiliemr
1206 5392 1315 5435 non
1342 5381 1520 5437 habet.
1547 5378 1605 5439 Si
1629 5384 1769 5439 enim
1799 5387 1931 5443 ultra
1956 5392 2140 5445 volne-

570 5474 634 5529 rit
659 5513 677 5541 ,
718 5474 827 5543 jam
856 5487 965 5529 non
1000 5472 1103 5528 erit
1130 5472 1430 5539 humilisre.
1460 5475 1556 5530 sed
1580 5477 1826 5534 obruere.
1875 5480 1987 5537 Hoc
2015 5498 2143 5554 ergo

632 5634 652 5669 ι
684 5633 818 5695 me,
842 5631 1074 5701 dormire,
1090 5629 1251 5701 balare
1272 5636 1319 5683 et
1339 5629 1545 5701 imitare.
1572 5639 1628 5701 at
1642 5642 1746 5701 uss.
1772 5638 2014 5701 omittunt,
2036 5640 2145 5692 ulu-

567 5699 672 5768 lgre
699 5691 873 5768 :eti'ex
908 5696 967 5746 iis
988 5691 1203 5746 nonnulli
1226 5695 1348 5759 loco,
1375 5691 1557 5761 balare,
1580 5695 1779 5761 habent,
1802 5691 1969 5753 halare
1999 5691 2145 5768 Equi.

973 5818 1535 5897 tere_Mst.j§dd.‘aptem
1571 5822 1811 5897 ferebant,
1842 5824 2142 5895 Delcrertmt,

566 5879 842 5934 occulerant
864 5893 1042 5943 eosgu:
1057 5878 1369 5932 crediderunt
1388 5880 1436 5934 in
1454 5886 1497 5936 te
1528 5886 1687 5937 nescio
1705 5878 1862 5951 quem,
1886 5878 1982 5943 etc.

2092 5996 2273 6037 mm

2101 6030 2115 6037 γ
2127 6030 2131 6037 ι

2101 6043 2106 6051 ι

1777 410 1834 473 S.
1875 402 2236 472 AUGUSTINI
2275 398 2578 468 EPISCDPl

3696 423 3801 483 d9!

2231 529 2448 587 forsitan
2495 522 2729 589 dixerit:
2775 533 3004 591 Nimium
3058 532 3317 594 humiliati
3368 554 3552 609 sumus
3597 541 3652 598 in
3698 543 3801 601 hoc

2227 621 2479 690 pulvere,
2522 618 2657 678 ultra
2695 641 2799 699 quo
2844 620 3181 701 htnnilietuur
3220 646 3323 683 non
3368 633 3626 709 habemus
3652 651 3664 685 :
3690 634 3798 703 jam

2227 714 2466 780 pervenit
2491 728 2655 786 usque
2684 715 2749 769 ad
2780 716 3044 789 summum
3078 718 3387 784 humiliatio,
3416 724 3593 785 veniat
3617 733 3670 780 et
3700 726 3799 779 mi-

2225 806 2437 858 seratio.

2294 894 2385 949 25.
2427 896 2506 951 An
2554 894 2723 964 ferte,
2755 894 2976 966 fratres,
3005 916 3097 955 eos
3140 898 3341 974 plangit
3388 902 3626 959 Ecclesia
3670 908 3805 962 γοοδ

2227 986 2344 1044 ista.
2370 988 2559 1058 quibus
2591 990 2663 1044 illi
2695 991 2782 1061 qui
2814 993 3271 1063 persequebantur
3298 994 3677 1066 persuaserunt
3707 1001 3803 1053 itu-

2226 1077 2476 1145 pietatem
2503 1095 2516 1131 :
2546 1088 2599 1132 ιιι
2631 1078 2703 1134 illi
2734 1080 2821 1150 qui
2855 1081 3209 1151 perdurarunt
3242 1080 3341 1138 hoc
3367 1086 3578 1153 dicant,
3610 1086 3791 1141 Humi-

2227 1168 2349 1223 liata
2378 1180 2447 1225 est
2473 1172 2521 1225 in
2550 1172 2751 1241 pulvere
2776 1174 2945 1227 animo
2974 1174 3187 1241 nostra?
3215 1174 3271 1232 id
3299 1187 3413 1246 est,
3446 1182 3585 1235 inter
3616 1200 3807 1239 manus

2227 1259 2459 1330 pulveris
2488 1259 2644 1335 hujus
2667 1306 2679 1324 ,
2710 1262 2848 1319 ihtcr
2877 1280 3067 1339 manus
3093 1267 3373 1336 impiorum
3401 1278 3454 1324 et
3482 1288 3778 1344 persequen

2231 1347 2379 1415 tium,
2406 1347 2689 1405 Humiliata
2707 1356 2778 1406 est
2807 1354 2859 1407 in
2891 1355 3093 1424 pulvere
3116 1359 3287 1410 animo
3311 1370 3503 1426 nostra,
3527 1360 3591 1415 ad
3623 1361 3726 1417 hoc
3752 1374 3808 1418 ut

2232 1449 2281 1497 te
2311 1443 2707 1511 invocaremns,
2733 1453 2790 1499 ut
2827 1445 2985 1501 dares
3018 1448 3274 1503 auxilium
3314 1450 3383 1506 de
3423 1451 3805 1509 tribulatione:

2229 1544 2396 1588 venter
2419 1545 2591 1591 autem
2625 1548 2792 1591 noster
2820 1539 2963 1593 haesit
2996 1539 3048 1594 in
3084 1549 3251 1608 terra,
3276 1541 3325 1597 id
3371 1553 3454 1600 est
3476 1586 3490 1611 ,
3531 1545 3810 1601 eonsensit

2232 1623 2486 1693 impietati
2521 1627 2749 1695 pulveris
2778 1626 2934 1698 hujus
2958 1634 3146 1685 venter
3174 1642 3385 1698 noster;
3419 1633 3521 1690 hoc
3550 1644 3633 1690 est
3664 1637 3807 1690 enim

2231 1710 2452 1780 dictum,
2477 1714 2657 1771 Haesit.
2687 1717 2741 1773 Si
2764 1718 2906 1773 enim
2931 1730 3048 1775 cum
3074 1719 3247 1793 diligis
3267 1730 3320 1778 et
3344 1723 3501 1781 ardes
3524 1727 3808 1791 charitate.

2232 1816 2376 1862 recte
2393 1807 2529 1861 “dicis
2561 1810 2687 1877 Deo,
2712 1810 2934 1865 Adhaesit
2958 1813 3130 1867 anima
3149 1830 3257 1867 mea
3277 1825 3387 1886 post
3412 1826 3459 1870 te
3481 1817 3653 1891 (Psal.
3681 1835 3809 1884 tht,

2232 1898 2289 1971 9)
2309 1918 2320 1963 ;
2349 1909 2422 1965 et,
2452 1901 2583 1954 Mihi
2606 1902 2865 1957 adhaerere
2886 1902 2989 1958 Deo
3012 1905 3191 1960 bonum
3214 1917 3285 1960 est
3304 1904 3475 1979 (Psal.
3500 1925 3675 1976 usu,
3695 1909 3811 1981 28):

2236 1994 2360 2044 tunc
2384 1982 2559 2045 autem
2586 1992 2827 2049 adlueres
2854 1994 2979 2060 Deo,
3004 1990 3216 2067 quando
3235 2000 3503 2053 consentis
3534 1998 3681 2055 Deo:
3706 2018 3813 2056 non

2235 2080 2348 2135 sine
2372 2095 2525 2137 causa
2553 2083 2750 2137 dictum
2779 2091 2882 2150 est,
2910 2084 2976 2140 de
3007 2095 3193 2140 ventre
3216 2087 3318 2141 isto
3338 2087 3477 2157 quod
3507 2088 3738 2143 adhaesit
3762 2090 3816 2145 in

2238 2181 2373 2227 terra
2396 2215 2410 2238 ,
2448 2172 2548 2227 nisi
2572 2174 2692 2244 quia
2724 2173 2794 2229 illi
2828 2175 3223 2246 signiticantttr,
3254 2178 3343 2247 qui
3387 2180 3818 2247 persecutionem

2236 2268 2339 2317 non
2372 2264 2676 2330 tolerantes,
2701 2277 3089 2322 consenserum
3121 2267 3313 2338 iniquis
3338 2286 3352 2324 :
3377 2270 3453 2324 sic
3474 2272 3615 2325 enim
3644 2272 3818 2328 haese-

2236 2365 2361 2411 runt
2388 2356 2441 2411 in
2472 2365 2632 2413 terra.
2666 2357 2769 2415 Sed
2797 2375 2959 2430 quare
2989 2358 3116 2416 dicti
3148 2368 3270 2415 s'unt
3299 2370 3520 2430 venter,
3553 2364 3656 2417 nisi
3689 2365 3818 2436 quia

2235 2451 2477 2505 carnales
2502 2459 2662 2506 sunt:
2689 2458 2747 2507 ut
2773 2464 2833 2507 os
2862 2451 3115 2508 Ecclesia:
3147 2454 3198 2507 in
3228 2454 3425 2508 sanctis
3452 2456 3542 2522 sit,
3568 2455 3620 2510 in
3652 2455 3819 2526 spiri-

2236 2540 2467 2596 tualibus
2494 2543 2591 2609 sit;
2621 2553 2807 2599 venter
2831 2543 3084 2600 Ecclesia:
3105 2545 3158 2600 in
3183 2546 3483 2601 carnalibus
3505 2548 3608 2602 sit?
3634 2548 3820 2620 Itaque

2236 2644 2300 2689 os
2325 2633 2575 2689 Ecclesia:
2599 2634 2827 2700 eminet;
2856 2644 3041 2691 venter
3068 2635 3408 2692 absconditus
3434 2647 3538 2705 est,
3561 2646 3819 2709 tanquam

2238 2718 2450 2778 mollior
2469 2730 2523 2778 et
2542 2724 2817 2779 iniirmior.
2848 2722 2961 2780 Hoc
2986 2724 3249 2795 signiﬁcat
3274 2718 3499 2797 quodam
3530 2728 3649 2781 loco
3677 2726 3824 2785 Scri-

2240 2823 2391 2885 ptura
2410 2857 2427 2881 ,
2458 2817 2544 2872 ubi
2573 2818 2782 2887 quidam
2810 2816 2939 2874 dicit
2967 2833 3025 2873 se
3052 2822 3323 2889 accepisse
3355 2820 3580 2887 librum;
3613 2831 3660 2875 et
3693 2823 3825 2877 liber

2238 2898 2345 2975 ipse
2365 2906 2525 2961 dulcis
2550 2916 2674 2972 erat,
2709 2908 2897 2978 inquit,
2926 2910 2978 2963 in
3005 2926 3089 2964 ore
3111 2924 3243 2978 meo,
3265 2918 3311 2965 el
3336 2910 3541 2966 animus
3568 2912 3621 2966 in
3649 2924 3826 2970 ventre

2241 3014 2348 3053 meo
2381 2998 2558 3071 (Apoc.
2593 3014 2647 3064 χ,
2679 2998 2803 3072 10).
2833 3000 2968 3067 Quid
2994 3011 3075 3055 est
3101 2999 3237 3068 hoc,
3277 3003 3375 3057 nisi
3402 3003 3521 3073 quia
3552 3013 3824 3075 pra-cepta

2240 3102 2444 3143 summa
2469 3106 2584 3159 quae
2614 3092 2830 3161 capiunt
2857 3092 2874 3124 ί
2901 3093 3225 3161 spirituales,
3257 3109 3360 3147 non
3388 3097 3602 3164 capiunt
3632 3111 3825 3150 carna-

2242 3181 2345 3247 les;
2377 3190 2431 3235 et
2471 3182 2538 3237 de
2579 3184 2769 3253 quibus
2812 3182 3043 3255 gaudent
3081 3185 3404 3253 spiritualcs,
3429 3187 3825 3243 contristantur

2240 3273 2686 3328 carnales?Libcr
2704 3273 2823 3341 iste,
2852 3274 3062 3338 fratres,
3089 3274 3214 3344 quid
3240 3274 3430 3329 habet?
3456 3274 3625 3330 Vende
3647 3278 3827 3331 enmia

2240 3378 2352 3432 quae
2377 3363 2559 3430 habes;
2591 3373 2637 3418 et
2664 3364 2730 3418 da
2761 3366 3079 3436 pauperibus.
3112 3366 3281 3433 Quam
3309 3366 3477 3421 dulcis
3506 3367 3557 3421 in
3586 3380 3687 3421 ore
3720 3369 3825 3424 Ec-

2241 3456 2444 3509 clesim!
2479 3456 2559 3509 Ab
2584 3457 2828 3509 omnibus
2857 3455 3224 3524 Spiritualibus
3245 3455 3438 3511 factum
3466 3464 3566 3512 est.
3599 3463 3672 3513 At
3696 3474 3830 3515 vero

2241 3545 2440 3600 earnali
2466 3547 2777 3617 cuicumque
2801 3546 3020 3611 dixeris,
3052 3545 3156 3602 Fac
3182 3546 3312 3612 hoc;
3344 3547 3548 3603 facilius
3576 3562 3605 3603 a
3642 3559 3698 3604 te
3734 3550 3833 3605 tri-

2242 3637 2338 3690 stis
2361 3634 2597 3701 recedit,
2624 3637 2760 3690 sicut
2791 3637 2881 3692 ille
2907 3637 3056 3691 dives
3094 3651 3125 3690 a
3171 3637 3396 3692 Domino
3439 3636 3653 3708 (Matth.
3704 3654 3827 3708 xix,

2241 3724 2333 3793 Si,
2361 3724 2502 3800 2‘2),
2533 3738 2690 3797 quam
2720 3725 2842 3781 facit
2875 3726 3016 3797 quod
3059 3727 3259 3782 dictum
3290 3735 3392 3782 est.
3433 3727 3609 3796 Quare
3638 3738 3829 3785 autem

2244 3820 2407 3875 tristis
2427 3820 2667 3887 recessit,
2691 3819 2791 3874 nisi
2816 3821 2937 3890 quia
2964 3820 3103 3875 liber
3127 3820 3216 3875 ille
3239 3820 3410 3875 dulcis
3431 3828 3514 3876 est
3541 3821 3593 3874 in
3626 3836 3751 3883 ore,
3775 3833 3833 3879 et

2242 3912 2297 3968 in
2319 3923 2499 3968 ventre
2522 3913 2771 3967 amarus?
2792 3912 2989 3967 Dedisti
3013 3912 3195 3968 nescio
3214 3911 3339 3983 quid
3366 3913 3481 3966 auri
3501 3920 3554 3965 et
3574 3914 3829 3984 argenti;

2242 4017 2456 4062 ventum
2482 4015 2563 4061 est
2588 4006 2655 4060 ad
2681 4007 2822 4061 hunc
2848 4007 3127 4061 articulum
3147 4047 3163 4074 ,
3196 4015 3251 4061 ut
3279 4006 3380 4061 nisi
3409 4005 3598 4076 perdas
3617 4047 3632 4066 .
3684 4006 3831 4062 forte

2242 4099 2455 4171 aliquod
2486 4108 2757 4170 peccatum
2786 4102 3087 4155 committas
3108 4141 3123 4167 ,
3156 4099 3402 4168 lnjuriam
3430 4098 3567 4153 forte
3606 4098 3836 4169 ingeras

2246 4189 2528 4256 Ecclesire,
2558 4189 2929 4260 blasphemare
2950 4190 3161 4259 cogaris
3185 4208 3197 4243 :
3230 4189 3405 4259 posito
3431 4188 3607 4257 itaque
3636 4189 3699 4243 in
3730 4204 3835 4243 an-

2242 4283 2449 4355 gustiis,
2475 4290 2564 4336 aut
2588 4281 2783 4336 damno
2814 4282 3073 4351 pecuuim,
3103 4290 3195 4336 aut
3222 4281 3417 4335 damno
3434 4281 3671 4349 justitite,
3698 4281 3839 4337 dici-

2244 4383 2329 4431 tur
2359 4376 2472 4440 tibi,
2496 4372 2665 4430 Perde
2691 4375 2865 4444 potius
2892 4377 3191 4444 pecuniam,
3219 4390 3283 4428 ue
3308 4374 3499 4443 perdas
3516 4374 3789 4441 justitiam
3813 4393 3827 4429 :

2246 4476 2300 4522 tu
2326 4476 2498 4523 autem
2533 4467 2617 4522 cui
2647 4478 2753 4522 non
2782 4467 2951 4522 dulcis
2977 4475 3060 4521 est
3085 4468 3137 4521 in
3165 4482 3258 4521 ore
3285 4467 3503 4534 iustitia.
3527 4465 3621 4520 sed
3650 4468 3839 4521 adhuc

2247 4559 2299 4614 in
2329 4559 2430 4613 illis
2456 4559 2713 4613 membris
2742 4558 2978 4612 infirmus
3000 4573 3079 4625 es,
3105 4558 3289 4626 quales
3317 4559 3369 4611 in
3391 4566 3577 4612 ventre
3597 4558 3837 4625 deputat

2250 4651 2505 4714 Ecclesia,
2526 4651 2867 4705 contristatus
2886 4650 3036 4719 eligis
3058 4650 3342 4719 aliquando
3358 4650 3603 4702 amittere
3623 4648 3837 4717 aliquid

2248 4738 2315 4796 de
2337 4742 2557 4811 iustitia,
2589 4758 2744 4812 quam
2776 4744 2857 4795 vel
2885 4758 3156 4795 nummum
3182 4743 3204 4773 ¹
3225 4741 3292 4796 de
3320 4743 3575 4810 pecunia;
3608 4751 3665 4793 et
3709 4759 3831 4811 per?

2249 4835 2383 4889 cutis
2416 4844 2467 4889 te
2492 4833 2689 4888 damno
2710 4836 2971 4905 graviore.
3005 4834 3232 4903 implens
3260 4834 3540 4888 Saccellutn
3570 4840 3757 4898 tuum,
3785 4843 3842 4889 et

2248 4924 2559 4979 exinanlens
2587 4938 2680 4979 eor
2709 4935 2875 4978 tuum.
2911 4923 3175 4980 Fortassis
3204 4940 3332 4995 ergo
3359 4926 3426 4980 de
3458 4925 3562 4980 illis
3588 4925 3838 4995 dixerit,

2248 5016 2413 5073 "rasit
2431 5018 2483 5072 in
2510 5026 2644 5072 terra
2665 5026 2835 5073 uenter
2856 5027 3046 5073 noster.

2312 5108 2409 5163 26.
2439 5107 2602 5180 (vers.
2627 5107 2746 5180 26.]
2789 5106 3050 5179 Exsurge,
3076 5107 3324 5175 Domine,
3369 5109 3559 5179 adjnva
3600 5122 3723 5165 nos.
3772 5110 3840 5169 Et

2247 5215 2402 5263 vere,
2434 5200 2695 5256 carissimi
2717 5244 2730 5266 ,
2759 5202 3056 5255 exsurrexit
3087 5210 3138 5254 et
3169 5199 3390 5266 adjuvit.
3432 5199 3676 5269 Namque
3708 5218 3843 5257 eum

2248 5298 2580 5361 exsurgeret,
2612 5291 2662 5345 id
2694 5302 2796 5358 est,
2825 5307 2945 5347 cum
2977 5302 3301 5359 resurgeret,
3326 5301 3379 5347 et
3406 5293 3652 5358 gentibus
3679 5293 3851 5350 inuo-

2249 5388 2477 5437 tesceret
2499 5426 2512 5443 .
2542 5382 2873 5437 cessantibus
2918 5383 3379 5452 persecutionihus
3402 5424 3417 5448 ,
3448 5384 3604 5435 etiam
3639 5383 3719 5438 .lli
3751 5401 3848 5454 qut

2248 5474 2513 5527 laeserant
2534 5473 2586 5526 in
2616 5482 2777 5537 terra,
2809 5474 2946 5528 eruti
2975 5484 3097 5527 sunt
3117 5474 3187 5529 de
3211 5482 3371 5539 terra,
3397 5483 3444 5527 et
3471 5483 3693 5543 agentes
3728 5488 3852 5543 pm-

2248 5565 2546 5629 nitentiam,
2570 5565 2759 5620 redditi
2782 5573 2908 5619 sunt
2934 5567 3140 5635 corpori
3162 5567 3375 5629 Christi,
3404 5566 3649 5635 quamvis
3675 5568 3831 5621 intro

2251 5656 2357 5720 mi,
2384 5656 2625 5726 quamvis
2655 5655 2951 5724 imperfecti
2973 5697 2989 5723 ,
3022 5664 3079 5709 ut
3105 5656 3464 5725 compleretur
3495 5657 3544 5709 in
3576 5658 3678 5722 eis,
3733 5657 3840 5712 Im-

2311 5768 3853 5841 ιβὶαωεεελιεᾱιιοιιὶοθιμιοιλιιιοιωονμψωριανιι·

2248 5833 2384 5891 bent,
2402 5829 2664 5894 ναεάρξωιι.

2311 5895 2332 5925 ⁸
2366 5891 2551 5956 ΑΙὶίιυόι
2573 5901 2697 5958 Μεε.,
2716 5891 2981 5946 minium.

2290 5996 2406 6025 με..-
