4042 6472
1723 463 1781 523 s.
1823 443 2189 520 AUGUSTINI
2227 433 2530 510 EPlSCOPl
2803 433 2805 435 ’
3182 442 3185 444 ·
3231 454 3236 458 ε
3702 437 3807 494 ωδ

2215 567 2516 628 Canticum,
2548 566 2722 634 neque
2758 549 2942 615 Oculos
2966 535 3175 611 vestros
3196 534 3224 608 tt
3249 533 3538 624 splendore
3558 550 3804 624 pulchri-

2219 661 2416 716 tudinis
2439 658 2582 712 illius
2605 662 2809 710 avertat
2835 652 3014 708 carnis
3042 648 3343 705 infirmitas.
3361 647 3581 702 Summa
3602 655 3660 703 et
3679 661 3808 702 vera

513 493 623 556 ἔιθὸ
1228 510 1260 517 τ
1314 536 1319 542 .

513 591 781 668 liouorcm
821 603 1064 657 cantatur
1105 587 1288 664 sponsi
1330 593 1384 643 et
1426 594 1636 656 sponsa:
1661 598 1674 636 :
1701 593 1766 632 an
1801 575 1936 632 forte
1964 581 2017 628 et
2049 573 2104 626 in

520 663 725 776 nuptiis
753 698 867 754 istis
887 739 902 764 ,
934 706 1040 766 quo
1064 663 1270 745 invitati
1321 694 1504 737 sumus
1525 720 1539 744 ,
1569 674 1834 731 thalamus
1859 683 1967 776 non
1990 663 2111 722 est?

525 761 765 858 iucunde
786 761 916 847 dicit
943 761 1077 842 alius
1102 780 1343 854 psalmus
1367 793 1381 830 :
1411 771 1477 827 In
1497 771 1603 826 sole
1623 766 1790 840 posuit
1817 761 2113 858 tabernacu-

527 853 637 949 ium
664 903 813 945 suum
833 926 848 951 ,
881 892 928 937 et
951 881 1058 948 ipse
1088 853 1336 944 tanquam
1360 881 1575 938 sponsus
1614 859 1884 933 procedens
1907 853 2116 951 de-t-ha-

529 944 668 1042 ionio
698 996 788 1036 suo
817 944 991 1046 ('Psal'.
1015 984 1168 1034 xvnt,
1197 963 1294 1033 6)?
1323 955 1643 1030 Conjuuctio
1669 949 1952 1046 nuptialis,
1981 944 2117 1046 Ver-

528 1076 661 1134 bum
690 1082 745 1128 et
770 1035 896 1126 caro
921 1083 936 1119 :
967 1063 1126 1131 hujus
1155 1051 1552 1125 coniunctionis
1583 1045 1869 1105 thalamus,
1901 1035 2120 1108 virginis

533 1179 742 1224 uterus.
771 1125 986 1216 Etenim
1013 1125 1141 1210 caro
1168 1151 1281 1220 ipsa
1307 1143 1484 1214 Verbo
1507 1149 1588 1197 est
1616 1135 1900 1224 conjuncta
1935 1148 1949 1184 :
1980 1125 2123 1182 unde

535 1222 698 1316 etiam
728 1255 944 1318 dicitur,
971 1248 1096 1302 Jam
1123 1260 1225 1299 non
1249 1241 1374 1302 duo,
1398 1233 1488 1291 sed
1512 1247 1614 1288 una
1634 1243 1753 1283 caro
1785 1222 1995 1298 (Matth.
2012 1233 2122 1284 nx,

538 1357 596 1418 ti,
627 1359 674 1404 et
705 1345 896 1417 Ephes.
921 1317 975 1404 v,
998 1337 1111 1408 32).
1141 1335 1428 1398 Assumpta
1454 1332 1538 1380 est
1566 1317 1806 1376 Ecclesia
1835 1330 1902 1369 ex
1932 1321 2130 1418 g‘euelre

542 1397 812 1501 hinmanb,
845 1441 906 1488 ut
947 1397 1108 1498 caput
1153 1430 1297 1479 esset
1344 1397 1600 1474 Ecclesiae
1649 1411 1761 1480 ipsa
1801 1419 1928 1460 caro
1957 1397 2131 1454 Verbo

541 1491 850 1601 conjuncta,
877 1532 932 1580 et
959 1491 1140 1578 caeteri
1168 1512 1449 1569 credentes
1487 1503 1727 1560 membra
1771 1504 1951 1596 essent
1992 1491 2134 1601 inllit'ls

543 1580 754 1694 capitis.
807 1618 936 1673 Nam
967 1614 1048 1667 vis
1076 1608 1260 1663 videre
1289 1605 1409 1675 quis
1437 1597 1644 1653 venerit
1671 1591 1739 1647 ad
1770 1583 2022 1694 nuptias?
2067 1580 2137 1635 In

845 1714 949 1762 erat
979 1699 1230 1762 Verbum,
1274 1673 1321 1748 et
1351 1689 1574 1788 Verbum
1591 1691 1714 1788 κενοίιί
1755 1677 1894 1788 apud
1937 1673 2132 1735 Deum,

549 1770 598 1862 ξι
639 1770 778 1857 Deus
822 1805 927 1853 erat
975 1790 1194 1848 Verbum
1241 1782 1422 1856 (Joan.
1450 1796 1504 1844 ι,
1554 1776 1634 1847 1).
1664 1770 1904 1862 Gaudeat
1944 1775 2141 1862 sponsa

552 1853 809 1953 amatae
856 1889 986 1942 Deo.
1039 1853 1263 1950 Quando
1309 1871 1518 1926 amata?
1569 1867 1702 1920 Dum
1749 1860 1926 1914 adhuc
1980 1853 2139 1910 foeda.

560 1986 746 2042 Omnes
768 1981 898 2035 enim
922 1944 1273 2046 peccduerunt,
1298 1965 1371 2018 ait
1403 1956 1712 2030 Apostolus,
1742 1960 1788 2006 et
1815 1957 1956 2020 egent
1983 1944 2147 2016 gloria

557 2081 654 2135 Dei
686 2077 860 2150 (Rom.
885 2042 941 2126 ni
963 2110 977 2133 ,
1003 2065 1135 2133 25).
1168 2061 1236 2115 Et
1265 2060 1461 2112 iterum
1492 2069 1506 2106 :
1539 2048 1742 2104 Etenim
1779 2042 2014 2150 Phristus
2057 2049 2148 2106 pro

560 2135 730 2242 impiis
758 2175 990 2221 mortuus
1019 2167 1089 2213 est
1118 2154 1228 2230 (Id.
1253 2168 1306 2217 v,
1337 2148 1416 2221 6).
1450 2148 1639 2200 Amata
1669 2147 1752 2194 est
1777 2135 1936 2199 foeda,
1966 2145 2034 2186 ne
2059 2141 2150 2230 re-

564 2231 805 2322 maneret
835 2253 998 2310 fteda.
1031 2249 1148 2304 Non
1179 2243 1322 2300 enim
1351 2252 1479 2293 vere
1508 2232 1648 2289 foeda
1679 2238 1852 2283 amata
1882 2232 1997 2287 est,
2029 2231 2151 2290 quia

566 2315 672 2410 non
707 2347 918 2406 fmditas
940 2347 1115 2397 amata
1142 2344 1224 2391 est
1249 2352 1262 2386 :
1285 2345 1408 2386 nam
1438 2327 1483 2381 si
1513 2325 1616 2379 hoc
1642 2327 1844 2376 amaret
1869 2357 1884 2379 ,
1914 2315 2014 2367 hoc
2039 2322 2155 2364 ser-

567 2404 721 2501 varet
737 2404 770 2496 :7
787 2438 978 2495 evertit
1021 2430 1314 2487 fteditatem
1337 2464 1353 2490 ,
1382 2417 1633 2474 formavit
1683 2404 2152 2501 pulchritudinem.

669 2491 891 2603 qualem
918 2525 1085 2588 venit,
1112 2529 1166 2574 et
1186 2516 1396 2587 qualem
1423 2507 1581 2565 fecit?
1607 2504 1796 2559 Veniat
1818 2499 1928 2603 jam
1959 2491 2154 2603 ipsein

569 2582 748 2683 verbis
774 2614 1132 2691 propheticis;
1153 2621 1279 2663 ecce
1302 2605 1417 2673 ipse
1438 2609 1666 2668 sponsus
1692 2589 1946 2663 procedat
1968 2582 2156 2691 nobis:

569 2675 814 2775 amemus
839 2711 1019 2773 illum;
1044 2711 1134 2758 aut
1159 2702 1203 2755 si
1233 2693 1596 2752 invenerimus
1623 2689 1674 2743 iu
1701 2701 1766 2740 eo
1787 2679 1984 2751 aliquid
2009 2675 2157 2740 fmdi,

569 2829 678 2870 non
715 2819 977 2865 amemus.
1007 2801 1148 2856 Ecce
1179 2797 1294 2866 ipse
1319 2789 1522 2847 invenit
1549 2783 1714 2842 multa
1741 2779 1902 2844 foeda,
1928 2785 1983 2832 et
2012 2788 2162 2828 ama-

569 2909 650 2963 vit
675 2919 773 2960 nos
798 2919 810 2954 :
842 2901 886 2955 si
916 2891 1115 2964 aliquid
1141 2887 1266 2946 findi
1300 2880 1660 2940 invenerimus
1685 2875 1738 2930 in
1766 2889 1854 2939 eo,
1883 2885 1990 2926 non
2017 2879 2165 2922 ame-

573 3015 713 3055 mus.
745 2994 878 3063 Quia
907 2999 964 3046 et
992 2963 1096 3042 hoc
1122 2985 1295 3053 ipsum
1321 2974 1461 3047 quod
1488 2984 1702 3028 carnem
1732 2964 1946 3020 indutus
1972 2968 2075 3023 est,
2105 2963 2166 3012 ut

576 3053 645 3149 de
671 3053 950 3145 illo~etiam
982 3081 1273 3140 diceretur,
1309 3069 1540 3125 Vidimus
1565 3079 1683 3118 eum
1704 3102 1720 3128 ,
1750 3071 1795 3114 et
1825 3073 1926 3112 non
1952 3053 2166 3108 habebat

576 3183 795 3256 speciem
836 3190 992 3245 neque
1033 3171 1265 3224 decorem
1311 3160 1462 3233 (Isai.
1487 3171 1611 3221 Llll,
1639 3153 1742 3222 2);
1770 3150 1814 3205 si
1858 3145 2168 3256 consideres

580 3232 1006 3332 misericordiam
1036 3275 1139 3332 qua
1167 3257 1339 3312 factus
1359 3261 1458 3314 est,
1492 3255 1546 3302 et
1577 3245 1646 3300 ibi
1679 3241 1902 3313 pulcher
1929 3244 2030 3292 est.
2061 3232 2168 3289 Sed

580 3367 890 3425 Judmorum
924 3367 1202 3429 personam
1233 3345 1456 3420 gerebat
1481 3338 1762 3413 prOpheta,
1785 3348 1907 3389 cum
1933 3331 2166 3386 diceret:

594 3461 823 3516 Vidimus
845 3425 957 3508 eum
977 3493 993 3516 ,
1020 3458 1067 3502 et
1111 3461 1210 3500 non
1252 3438 1462 3495 habebat
1487 3433 1703 3506 speciem
1734 3444 1891 3498 neque
1918 3425 2168 3479 decorem.

582 3551 795 3622 Quare?
821 3546 953 3615 Quia
969 3557 1071 3596 non
1098 3521 1946 3594 inintellectum.lntelligentihus
1967 3524 2169 3622 autem,

585 3605 872 3702 :tVerbum
893 3651 1011 3691 caro
1033 3637 1224 3703 factum
1244 3636 1314 3682 est
1337 3623 1513 3696 (Joan.
1529 3634 1566 3683 ι,
1593 3617 1703 3686 ii),
1728 3625 1916 3682 magna
1944 3605 2177 3703 pulchri-

588 3701 718 3795 tudo
744 3745 847 3791 est.
879 3729 1010 3785 Mihi
1034 3701 1206 3779 autem
1232 3719 1360 3774 absit
1389 3710 1620 3787 gloriari,
1650 3707 1785 3763 dixit
1811 3720 1947 3760 unus
1975 3701 2178 3756 amico-

589 3845 712 3887 rum
752 3822 972 3895 sponsi,
1001 3818 1098 3872 nisi
1139 3817 1194 3868 in
1233 3825 1378 3866 cruce
1402 3803 1611 3860 Domini
1640 3798 1800 3854 nostri
1834 3795 1961 3856 Iesu
1988 3792 2176 3848 Christi

591 3883 738 3994 (Dat.
766 3883 845 3980 vi,
869 3883 992 3982 14).
1016 3909 1208 3977 Parum
1231 3909 1315 3956 est
1342 3907 1401 3953 ut
1430 3910 1536 3950 non
1568 3891 1692 3946 inde
1719 3888 2004 3945 erubescas
2022 3927 2036 3947 ,
2075 3883 2176 3939 nisi

590 3977 756 4069 etiam
797 3977 853 4063 et
895 3977 1160 4076 glorieris.
1187 3995 1363 4063 Quare
1390 4003 1518 4058 ergo
1565 4000 1671 4040 non
1717 3982 1904 4037 habuit
1942 3977 2178 4049 speciem

596 4118 770 4176 neque
811 4070 1098 4156 decorem?
1141 4089 1274 4157 Quia
1323 4083 1568 4140 Christus
1612 4075 1936 4140 cruciﬁxus,
1979 4070 2180 4128 Judmis

595 4167 811 4270 quidem
853 4186 1162 4246 scandalum
1184 4222 1197 4243 .
1229 4175 1490 4235 Gentibus
1518 4170 1761 4226 stultitia.
1797 4167 1974 4270 Quare
2003 4173 2180 4217 autem

597 4255 655 4345 et
694 4287 747 4341 in
787 4295 944 4338 cruce
991 4274 1175 4331 habuit
1202 4264 1487 4325 decorem?
1517 4261 1650 4330 Quia
1683 4257 1826 4328 quod
1858 4255 2075 4310 stultum
2101 4259 2184 4307 est

599 4381 719 4445 Dei,
749 4373 1042 4447 sapientius
1061 4375 1144 4423 est
1171 4378 1328 4435 quam
1360 4358 1636 4419 homines;
1667 4362 1720 4407 et
1740 4349 1880 4422 quod
1911 4350 2181 4403 inﬁrmum

602 4436 688 4528 est
706 4436 827 4534 Dei,
856 4464 1046 4522 fortius
1075 4467 1160 4514 est
1184 4469 1343 4526 quam
1372 4449 1618 4506 homines
1645 4443 1697 4516 (I
1722 4441 1839 4497 Cor.
1865 4457 1917 4508 ι,
1947 4436 2180 4534 25,915).

602 4563 768 4620 Nobis
792 4529 920 4628 ergo
947 4556 1056 4625 jam
1085 4544 1445 4606 credentibus,
1481 4539 1677 4606 ubique
1706 4548 1932 4604 Sponsus
1966 4529 2187 4602 pulcher

603 4623 881 4714 occurrat:
893 4623 1122 4706 Pulcher
1145 4646 1306 4709 Deus,
1324 4639 1555 4694 Verbum
1579 4631 1719 4702 apud
1750 4631 1944 4685 Deum:
1966 4623 2188 4697 pulcher

606 4752 660 4804 in
693 4757 844 4802 utero
869 4739 1107 4811 virginis,
1141 4734 1233 4790 ubi
1262 4745 1366 4786 non
1393 4727 1572 4783 amisit
1591 4722 1945 4785 divinitatem,
1968 4725 2024 4774 et
2043 4731 2187 4772 sum-

609 4843 717 4914 psit
757 4809 1141 4892 humanitatem
1179 4844 1194 4881 :
1233 4821 1454 4895 pulcher
1502 4827 1659 4872 natus
1705 4812 1879 4868 infans
1919 4809 2186 4873 Verbum;

607 4899 730 5004 quia
762 4937 817 4984 et
843 4939 963 4983 cum
987 4928 1132 4977 esset
1161 4915 1358 4977 infans,
1389 4924 1508 4966 cum
1535 4913 1768 4977 sugeret,
1795 4915 1915 4957 cum
1947 4899 2192 4954 manibus

607 4993 935 5097 portaretur,
961 5013 1086 5072 celi
1115 5009 1280 5068 locuti
1311 5013 1464 5069 sunt,
1490 4999 1678 5072 Angeli
1707 4995 1895 5052 laudes
1921 4993 2188 5058 dixerunt,

610 5083 793 5187 blagos
813 5083 965 5166 stella
987 5104 1206 5170 direxit,
1234 5099 1485 5155 adoratus
1515 5101 1597 5150 est
1629 5091 1681 5145 in
1709 5086 1936 5161 praesepi
1959 5127 1972 5148 ,
1995 5083 2192 5138 cibaria

611 5175 1013 5268 mansuetorum
1041 5197 1192 5270 (Luc.
1217 5210 1276 5259 ιι,
1303 5191 1451 5251 8-H.
1479 5197 1523 5242 et
1554 5183 1742 5239 Matth.
1767 5197 1841 5247 ιι,
1867 5179 1943 5250 1).
1970 5175 2197 5232 Pulcher

611 5319 740 5376 ergo
771 5303 821 5357 in
849 5297 1024 5360 calo,
1068 5289 1288 5363 pulcher
1331 5288 1384 5340 in
1432 5292 1604 5342 terra;
1638 5273 1859 5348 pulcher
1907 5272 1959 5326 in
2009 5280 2194 5334 utero,

614 5363 842 5469 puieher
871 5394 924 5448 in
953 5385 1202 5446 manibus
1230 5387 1544 5451 parentum;
1576 5371 1798 5442 pulcher
1823 5368 1874 5421 in
1905 5363 2195 5426 miraculis,

615 5453 842 5562 pulcher
877 5485 929 5538 in
965 5478 1220 5551 flagellis;
1253 5469 1471 5542 pulcher
1497 5465 1727 5519 invitans
1756 5458 1821 5514 ad
1849 5457 2008 5511 vitam
2031 5497 2045 5518 ,
2080 5453 2197 5524 pul-

617 5547 750 5638 cher
774 5592 880 5634 non
903 5547 1098 5631 curans
1119 5572 1348 5623 mortem
1370 5578 1384 5625 ;
1403 5555 1628 5628 pulcher
1648 5551 1920 5621 deponens
1943 5547 2198 5612 animam,

624 5671 847 5744 pulcher
883 5664 1180 5734 recipiens;
1211 5650 1431 5726 pulcher
1474 5648 1524 5702 in
1566 5646 1709 5714 ligno
1732 5684 1745 5707 ,
1780 5639 1998 5710 pulcher
2028 5639 2079 5692 in
2110 5651 2200 5692 se-

619 5731 846 5840 pulcro,
895 5731 1121 5832 pulcher
1162 5753 1216 5807 in
1260 5747 1416 5803 coelo.
1485 5741 1541 5795 In
1589 5737 1916 5794 intellectum
1968 5734 1984 5766 ⁸
2024 5731 2204 5787 audite

687 5945 707 5978 ι
739 5946 812 5994 δίο
846 5947 953 5992 ηε..
995 5940 1051 5986 At
1079 5928 1214 5990 Idd.,
1238 5921 1440 5992 pulcher
1468 5919 1522 5972 in
1552 5915 1812 5971 intellectu.
1850 5909 2020 5963 Audite
2041 5907 2204 5962 Canti-

623 6019 750 6070 cum.
775 6013 870 6057 etc.

2219 749 2558 825 pulchritudo
2600 749 2803 818 iustitia
2828 743 3048 802 estzibi
3090 743 3240 798 illum
3287 757 3392 797 non
3437 740 3646 796 videbis
3695 741 3814 810 pul-

2221 849 2435 914 chrum,
2469 845 2558 899 ubi
2589 840 2949 913 deprehendis
2979 838 3235 908 injustam
3264 837 3346 894 :si
3370 834 3567 904 ubique
3592 833 3809 901 justus,

2223 941 2419 1010 ubique
2450 938 2697 993 decorus.
2724 933 2914 989 Veniat
2946 947 3078 1002 ergo
3109 928 3263 984 nobis
3293 924 3662 997 inspiciendus
3692 939 3820 979 ocu-

2224 1029 2292 1085 lis
2320 1029 2515 1084 mentis
2535 1069 2549 1092 ,
2581 1024 2888 1093 descriptus
2916 1037 2947 1078 a
2986 1020 3218 1092 quodam
3251 1018 3527 1074 laudatore
3553 1031 3654 1072 suo
3691 1029 3819 1088 pro.

2227 1122 2385 1193 pheta
2414 1140 2428 1176 :
2453 1135 2578 1175 ecce
2608 1117 2809 1190 incipit.

2301 1214 2354 1268 4.
2389 1211 2539 1286 [vers.
2563 1208 2644 1283 2.]
2668 1207 2930 1263 Eructavit
2950 1223 3039 1262 cor
3058 1222 3222 1261 meum
3243 1202 3445 1260 uerbum
3463 1202 3670 1258 bonum.
3692 1199 3825 1268 Quis

2232 1306 2380 1368 dicit,
2404 1304 2583 1370 Pater,
2611 1319 2676 1356 an
2706 1289 3011 1370 Propheta?
3033 1299 3410 1354 lntellexerunt
3433 1297 3578 1351 enim
3605 1293 3826 1365 quidam

2240 1399 2413 1457 Patris
2443 1412 2724 1469 personam
2757 1395 3003 1461 dicentis,
3033 1392 3293 1448 Eruetavit
3321 1408 3408 1447 cor
3432 1406 3598 1444 meum
3618 1387 3824 1442 verbum

2239 1493 2454 1554 bonum,
2497 1486 2922 1545 commendantis
2964 1486 3118 1542 nobis
3159 1486 3488 1541 nativitatem
3542 1481 3831 1553 quamdam

2241 1581 2583 1638 ineffabilem.
2634 1580 2709 1658 Ne
2755 1579 2891 1635 forte
2941 1587 3157 1650 putares
3205 1575 3406 1647 aliquid
3453 1585 3830 1645 assumptum,

2242 1673 2384 1728 unde
2425 1670 2616 1726 Filium
2659 1680 2943 1741 generaret
2988 1669 3156 1735 Deus;
3188 1667 3638 1738 quemadmodum
3670 1666 3837 1720 homo

2244 1763 2346 1819 sibi
2387 1763 2613 1818 assumit
2655 1761 2855 1832 aliquid
2896 1761 3037 1816 unde
3080 1767 3301 1831 generet
3327 1759 3501 1827 ﬁlios,
3525 1757 3837 1827 coniugium

2246 1857 2468 1922 scilicet,
2492 1855 2608 1909 sine
2633 1869 2740 1925 quo
2766 1854 2966 1924 prolem
2991 1867 3273 1923 procreare
3301 1851 3462 1906 homo
3490 1865 3593 1906 non
3623 1856 3836 1917 potest:

2250 1969 2319 2009 ne
2358 1948 2518 2023 igitur
2557 1959 2774 2021 putares
2816 1950 2997 2021 aliquo
3031 1947 3280 2017 eonjugio
3311 1945 3603 2016 indiguisse
3632 1944 3841 2007 Deum,

2251 2045 2392 2100 unde
2420 2043 2608 2098 Filium
2637 2051 2952 2114 generaret,
2993 2039 3255 2095 Eructavit
3275 2081 3290 2106 ,
3319 2038 3522 2109 inquit,
3556 2051 3646 2090 cor
3673 2050 3845 2088 meum

2253 2138 2454 2194 verbum
2474 2138 2678 2193 bonum.
2705 2137 2873 2192 llodie
2896 2150 2991 2191 cor
3013 2143 3183 2199 tuum,
3203 2146 3236 2186 ο
3259 2132 3442 2193 homo,
3468 2137 3692 2199 generat
3716 2142 3849 2180 con-

2255 2231 2456 2296 silium,
2484 2246 2585 2286 nec
2612 2231 2801 2300 quaerit
2829 2242 3050 2284 uxorem
3077 2244 3090 2280 :
3130 2240 3225 2296 per
3249 2223 3529 2279 consilium
3563 2230 3748 2276 natum
3781 2235 3850 2274 ex

2256 2325 2419 2381 corde
2448 2335 2537 2380 tuo
2567 2323 2797 2378 aediﬁcas
2827 2319 3056 2392 aliquid;
3089 2327 3146 2374 et
3172 2319 3260 2372 illa
3291 2315 3488 2371 fabrica
3510 2356 3527 2381 ,
3555 2324 3850 2384 antequam

2260 2425 2368 2474 stet
2395 2418 2446 2472 in
2479 2424 2786 2487 opere,stat
2810 2415 2861 2469 in
2881 2414 3104 2468 consilio
3128 2413 3178 2479 ¹;
3211 2420 3264 2466 et
3293 2411 3428 2464 ineSt
3454 2408 3563 2480 jam
3589 2408 3736 2478 quod
3771 2407 3852 2462 fa-

2260 2521 2447 2567 cturus
2491 2526 2582 2576 es,
2627 2512 2677 2564 iu
2723 2524 2789 2563 eo
2839 2523 2932 2577 per
2975 2506 3116 2576 quod
3162 2504 3396 2559 facturus
3437 2517 3497 2558 es
3524 2519 3538 2555 :
3569 2509 3623 2556 et
3668 2499 3856 2554 laudas

2263 2591 2518 2658 fabricam
2548 2601 2782 2656 nondum
2811 2600 3152 2661 existentem,
3177 2595 3412 2650 nondum
3440 2594 3490 2648 in
3519 2593 3702 2664 specie
3729 2590 3860 2646 mdi-
3945 2593 3948 2596 ’

2267 2699 2392 2764 ﬁcii,
2421 2696 2515 2752 sed
2549 2698 2597 2750 in
2629 2695 2922 2766 prolatione
2947 2691 3186 2756 consilii;
3219 2703 3318 2744 nec
3346 2687 3526 2742 laudat
3553 2687 3695 2740 alius
3722 2699 3857 2739 con-

2267 2791 2442 2846 silium
2490 2797 2672 2853 tuum,
2707 2786 2806 2841 nisi
2852 2794 2943 2839 aut
2987 2783 3338 2847 iudicaveris,
3379 2786 3468 2833 aut
3494 2777 3691 2832 viderit
3715 2775 3861 2847 quod

2267 2881 2459 2938 fecisti.
2485 2881 2623 2950 Ergo
2642 2880 2684 2935 si
2708 2895 2805 2951 per
2822 2877 3052 2933 Verbum
3074 2876 3272 2938 omnia,
3293 2884 3345 2930 et
3369 2871 3598 2928 Verbum
3617 2869 3690 2925 de
3713 2870 3860 2935 Deo;

2269 2975 2472 3044 inspice
2496 2973 2748 3028 fabricam
2780 2970 2970 3024 factam
3004 2983 3100 3040 per
3125 2967 3353 3021 Verbum
3375 3006 3390 3031 ,
3420 2974 3473 3020 et
3498 2979 3567 3018 ex
3594 2963 3702 3017 isto
3731 2959 3865 3016 ardi-

2272 3067 2393 3125 ﬁcio
2434 3069 2630 3122 mirare
2673 3063 2974 3120 consilium.
3025 3059 3190 3126 Quale
3213 3057 3445 3114 Verbum
3473 3064 3557 3112 est
3586 3069 3687 3124 per
3717 3051 3864 3124 quod

2272 3163 2466 3218 factum
2514 3169 2596 3215 est
2636 3157 2829 3214 cmlum
2871 3164 2926 3210 et
2954 3162 3096 3210 terra
3117 3195 3132 3220 ,
3165 3161 3219 3207 et
3241 3149 3418 3206 omnis
3446 3157 3670 3202 ornatus
3699 3145 3826 3202 caeli
3846 3185 3863 3210 ,

2272 3255 2446 3312 omnis
2465 3250 2760 3308 fecunditas
2782 3257 2961 3312 terrte,
2983 3245 3195 3300 diffusio
3216 3243 3396 3307 maris,
3416 3239 3674 3296 distentio
3696 3238 3864 3303 aeris,

2273 3348 2445 3416 fulgor
2473 3344 2730 3408 siderum,
2759 3341 2976 3396 claritas
3001 3337 3129 3394 solis
3153 3347 3207 3392 et
3233 3335 3404 3390 lunae?
3427 3332 3691 3389 Videntur
3716 3333 3867 3388 hinc:

2277 3436 2595 3495 transeende
2627 3443 2680 3490 et
2707 3433 2850 3496 hazc;
2881 3430 3054 3501 cogita
3080 3428 3335 3499 Angelos,
3366 3424 3731 3494 Principatus.
3766 3424 3872 3480 Se-

2275 3532 2394 3598 des,
2429 3527 2850 3592 Dominationes,
2883 3524 3181 3580 Potestates
3204 3509 3224 3575 :
3253 3519 3431 3574 omnia
3459 3534 3553 3589 per
3577 3518 3762 3587 ipsum
3793 3516 3874 3573 fa-

2277 3635 2362 3681 cta
2391 3631 2534 3678 sunt.
2569 3619 2721 3675 Unde
2749 3631 2875 3687 ergo
2917 3615 3019 3670 ista
3056 3613 3193 3667 bona
3224 3609 3358 3666 facta
3385 3607 3544 3664 sunt?
3569 3607 3711 3676 Quia
3742 3624 3873 3663 eru-

2277 3725 2476 3774 ctatum
2523 3723 2605 3769 est
2649 3727 2744 3781 per
2787 3707 2928 3780 quod
2977 3708 3198 3768 ﬁerent,
3239 3702 3455 3757 Verbum
3481 3702 3692 3756 bonum.
3734 3701 3876 3774 Ergo

2281 3810 2515 3867 Verbum
2557 3807 2752 3862 bonum
2783 3819 2796 3856 :
2825 3810 2879 3856 et
2909 3800 3010 3872 ipsi
3031 3799 3210 3855 Verbo
3238 3797 3437 3854 dictum
3467 3804 3551 3852 est
3571 3838 3586 3863 ,
3621 3796 3879 3868 Magister

2281 3903 2426 3957 bone.
2453 3900 2515 3954 Et
2543 3900 2715 3968 ipsum
2744 3892 2971 3949 Verbum
2997 3889 3294 3961 respondit,
3322 3889 3458 3956 Quid
3486 3904 3564 3942 me
3584 3889 3880 3958 interrogas

2283 3995 2346 4049 de
2366 3995 2493 4048 bono
2511 3995 2536 4045 ?
2564 3988 2730 4044 Nemo
2755 3985 2936 4049 bonus,
2965 3983 3064 4038 nisi
3083 3999 3216 4036 unus
3245 3981 3381 4036 Deus
3410 3979 3624 4052 (Matth.
3648 3995 3772 4044 nx,
3791 3979 3878 4044 17,

2283 4097 2330 4142 et
2361 4086 2524 4140 Marc.
2556 4099 2588 4137 ι
2613 4123 2629 4150 ,
2659 4078 2770 4150 18).
2801 4078 3005 4133 Dictum
3055 4085 3158 4142 est,
3184 4073 3428 4145 Magister
3452 4073 3606 4135 bone;
3637 4079 3699 4126 et
3725 4071 3880 4136 dicit,

2290 4180 2427 4247 Quid
2456 4195 2535 4232 me
2558 4179 2837 4245 interrogas
2861 4172 2924 4226 de
2949 4169 3117 4225 bono?
3141 4167 3358 4224 Addidit
3383 4166 3564 4228 etiam,
3592 4162 3773 4218 Nemo
3795 4164 3887 4218 bo-

2286 4289 2400 4336 nus,
2426 4271 2522 4324 nisi
2544 4285 2674 4322 unus
2701 4266 2858 4319 Deus.
2883 4260 3164 4332 Quomodo
3184 4274 3312 4330 ergo
3331 4269 3388 4314 et
3414 4257 3526 4329 ipse
3552 4255 3756 4320 bonus.
3781 4255 3888 4310 nisi

2286 4364 2410 4435 quia
2450 4359 2624 4415 Deus?
2651 4357 2765 4412 Non
2793 4356 2964 4411 solum
2991 4362 3170 4408 autem
3201 4351 3339 4406 Deus
3359 4391 3376 4415 ,
3410 4348 3502 4405 sed
3544 4363 3671 4403 cum
3725 4348 3890 4404 Patre

2289 4469 2427 4512 unus
2458 4455 2617 4509 Deus.
2648 4450 2763 4506 Non
2789 4449 2932 4504 enim
2954 4444 3202 4510 dicendo,
3228 4442 3395 4497 Nemo
3421 4441 3599 4506 bonus,
3621 4442 3728 4495 nisi
3754 4455 3890 4495 unus

2290 4550 2464 4615 Deus,
2507 4543 2761 4601 discrevit
2800 4557 2894 4609 se,
2932 4540 3025 4596 sed
3054 4538 3240 4594 univit.
3273 4535 3538 4590 Eructaoit
3578 4550 3670 4589 cor
3719 4552 3894 4590 meum

2290 4640 2494 4698 verbum
2521 4638 2725 4692 bonum.
2775 4633 2978 4689 Dixerit
3006 4631 3109 4687 hoc
3135 4630 3276 4685 Deus
3301 4628 3460 4684 Pater
3484 4626 3552 4682 de
3576 4625 3768 4682 Verbo
3795 4643 3896 4681 suo

2293 4733 2435 4789 bono
2475 4738 2635 4798 atque
2676 4723 2918 4781 beneﬁce
2953 4721 3095 4776 bono
3125 4730 3310 4776 nostro
3335 4759 3349 4785 ,
3383 4732 3481 4789 per
3510 4716 3656 4787 quod
3713 4719 3895 4772 solum

2294 4827 2490 4883 bonum
2520 4831 2807 4890 utcumque
2835 4817 2959 4873 boni
2987 4830 3107 4871 esse
3137 4826 3441 4884 possumus.

2366 4919 2420 4973 5.
2453 4917 2724 4986 Sequitur,
2748 4911 2876 4965 Dico
2903 4927 2996 4980 ego
3026 4925 3180 4980 Opera
3208 4923 3319 4962 mea
3346 4905 3476 4978 regi.
3506 4902 3706 4961 Adhuc
3738 4905 3904 4960 Pater

2296 5008 2562 5082 loquitur?
2591 5006 2648 5062 Si
2678 5004 2852 5060 adhuc
2880 5003 3038 5058 Pater
3074 5001 3330 5072 loquitur,
3366 5013 3676 5070 quasramus
3708 5008 3769 5053 et
3801 4997 3904 5053 hoc

2299 5099 2568 5175 quomodo
2593 5096 2886 5154 secundum
2915 5093 3073 5149 ﬁdem
3097 5107 3281 5147 veram
3303 5099 3357 5146 et
3380 5088 3710 5145 catholicam
3742 5088 3907 5142 intel-

2301 5197 2546 5266 ligamus,
2576 5190 2704 5245 Dico
2733 5182 2824 5260 ego
2848 5202 3006 5257 opera
3035 5201 3145 5239 mea
3172 5183 3296 5254 regi.
3329 5181 3384 5236 Si
3407 5181 3549 5236 enim
3581 5180 3755 5236 Pater
3778 5180 3910 5235 dicit

2302 5303 2466 5358 opera
2496 5301 2590 5340 sua
2617 5283 2756 5338 Filio
2785 5295 2882 5336 suo
2908 5278 3020 5350 regi
3052 5285 3267 5339 nostro;
3290 5292 3408 5347 quae
3435 5289 3595 5344 opera
3625 5273 3801 5330 Pater
3828 5276 3910 5328 di-

2302 5389 2486 5434 cturus
2515 5385 2597 5432 est
2620 5374 2756 5430 Filio
2777 5413 2792 5437 ,
2822 5387 2941 5426 cum
2971 5368 3153 5423 omnia
3180 5382 3341 5437 opera
3371 5366 3543 5420 Patris
3569 5379 3672 5433 per
3701 5365 3909 5421 Filium

2309 5472 2447 5528 facta
2478 5469 2618 5525 sint?
2645 5470 2725 5523 An
2753 5465 2915 5529 forte,
2950 5462 3081 5516 Dico
3107 5478 3198 5532 ego
3223 5477 3376 5530 opera
3401 5476 3513 5512 mea
3541 5460 3648 5528 regi
3673 5499 3691 5525 ,
3731 5460 3914 5530 ipsum

2307 5563 2437 5618 Dico
2463 5604 2476 5628 ,
2519 5560 2919 5631 generationem
2965 5553 3086 5610 Filii
3130 5551 3425 5624 signiﬁcat?
3466 5549 3671 5605 Vereor
3705 5568 3782 5606 ne
3814 5552 3920 5608 hoc

2308 5651 2593 5724 aliquando
2626 5665 2657 5704 a
2697 5646 3022 5703 tardioribus
3051 5659 3158 5699 non
3189 5643 3355 5714 possit
3384 5640 3644 5712 intelligi:
3682 5659 3921 5699 veruin-

2311 5755 2484 5800 tamen
2513 5743 2721 5807 dicam;
2752 5748 3007 5810 sequatur
3039 5737 3128 5807 qui
3157 5742 3350 5806 potest,
3379 5749 3446 5790 ne
3475 5748 3580 5788 non
3612 5731 3777 5790 dicto
3809 5750 3922 5790 non

2311 5905 2602 6024 “hamum
2626 5907 2754 5962 uss,
2787 5901 2834 5949 et
2855 5895 2943 5949 illa
2967 5892 3153 5958 fabrica
3181 5894 3436 5953 αηιεσυωη
3467 5893 3575 5953 ατε,
3609 5893 3715 5943 κα
3756 5903 3928 5950 ουσιαι
