4042 6458
648 359 775 373 η..,.,

213 410 303 469 197

217 529 455 595 sequatur
471 530 523 576 et
542 519 633 593 qui
657 529 845 591 potest.
869 521 1115 593 Legimus
1135 522 1187 578 in
1208 521 1315 577 alio
1332 520 1539 594 psalmo
1558 521 1779 576 dictum:

216 616 375 672 Semel
404 616 598 669 locutus
626 625 697 668 est
731 613 866 668 Deus
893 613 1065 689 (Psal.
1095 631 1201 681 ιιι,
1235 614 1342 686 12).
1367 614 1551 671 Toties
1578 613 1787 670 locutus

215 717 288 762 est
323 723 413 775 per
433 706 751 777 PrOphetas,
781 708 937 769 toties
964 723 1059 777 per
1079 708 1385 777 Apostolus,
1418 707 1677 776 hodieque
1707 705 1788 761 lo-

213 800 380 870 quitur
427 813 522 868 per
563 808 778 854 sanctos
824 807 969 864 suos,
1023 808 1077 854 et
1126 798 1236 854 ait:
1268 799 1433 854 Semel
1476 798 1669 853 locutus
1715 806 1788 853 est

211 893 357 947 Deus.
394 891 545 948 Unde
574 893 739 947 semel
770 894 978 949 locutus
1006 904 1108 961 est,
1150 896 1250 951 nisi
1280 897 1525 965 prepter'
1556 893 1787 950 Verbum

214 1002 363 1040 unum
376 988 401 1039 ζ’
415 985 569 1041 Sicut
588 998 764 1042 autem
789 986 1048 1042 Eructavit
1070 1005 1155 1042 cor
1172 1005 1330 1042 meum
1357 987 1554 1042 verbum
1578 987 1784 1055 bonum,

211 1078 561 1134 intelleximus
603 1080 671 1133 ibi
702 1081 1101 1150 generationem
1151 1080 1299 1144 Filii;
1335 1080 1494 1135 veluti
1541 1080 1787 1151 repetitio

210 1173 329 1225 nam
360 1170 578 1226 γιάυωτ
617 1170 754 1227 facta
784 1173 834 1226 in
865 1172 1211 1243 consequenti
1256 1173 1539 1237 sententia,
1574 1182 1631 1226 ιιι
1658 1171 1786 1227 illud

204 1263 339 1334 quod
363 1264 567 1319 dictum
595 1273 732 1332 erat,
764 1264 1025 1320 Eructuvit
1051 1284 1136 1321 cor
1164 1284 1326 1322 meum
1352 1267 1552 1321 verbum
1574 1266 1779 1333 bonum,

208 1366 532 1422 .cpeteretur
554 1354 604 1408 in
627 1368 692 1409 eo
710 1354 850 1424 quod
872 1355 965 1421 ait,
986 1353 1132 1409 Dico.
1158 1354 1294 1422 Quid
1318 1362 1401 1410 est
1424 1355 1587 1419 enim,
1608 1352 1777 1408 Dico?

217 1448 428 1501 \t'rbum
461 1444 693 1516 profero.
726 1444 795 1501 Et
823 1446 965 1501 unde
995 1446 1192 1515 profert
1219 1446 1360 1501 Deus
1386 1446 1605 1501 verbum
1626 1487 1641 1510 ,
1673 1446 1775 1500 nisi

214 1554 265 1589 ex
292 1536 452 1591 corde
484 1551 603 1603 suo,
634 1552 695 1592 ex
728 1536 915 1592 intimo
941 1538 1072 1592 suo?
1102 1537 1182 1593 Tu
1209 1554 1313 1592 non
1342 1538 1474 1593 dicis
1505 1537 1604 1592 nisi
1632 1536 1771 1607 quod

209 1645 263 1681 ex
299 1628 459 1692 corde
500 1640 591 1683 tuo
635 1629 873 1700 profers;
907 1630 1128 1684 verbum
1156 1640 1302 1685 tuum
1343 1630 1483 1700 quod
1522 1638 1676 1685 sonat
1720 1639 1775 1685 et

211 1724 397 1789 transit,
424 1723 645 1778 aliunde
668 1740 773 1777 non
802 1723 1072 1805 profertur
1098 1741 1111 1777 :
1135 1731 1191 1779 et
1215 1724 1423 1778 miraris
1448 1724 1569 1793 quia
1602 1722 1673 1777 ita
1701 1722 1774 1777 di-

205 1817 268 1869 cit
289 1814 459 1870 Deus?
480 1814 585 1871 Sed
606 1815 783 1872 dicere
812 1816 901 1871 Dei
925 1828 1179 1871 mternum
1198 1825 1297 1872 est.
1319 1816 1399 1871 Tu
1419 1816 1552 1871 dicis
1573 1816 1770 1887 aliquid

207 1904 382 1971 modo,
407 1905 533 1974 quia
568 1906 779 1961 tacebas
811 1908 967 1976 paulo
994 1916 1118 1962 ante
1149 1925 1161 1959 :
1198 1907 1281 1961 vel
1308 1922 1432 1963 ecce
1462 1922 1602 1962 nunc
1630 1923 1768 1962 non-

201 1996 312 2049 dum
340 1996 566 2050 verbum
616 1996 856 2067 profers;
882 2014 1002 2053 cum
1031 2009 1207 2054 autem
1239 2000 1477 2069 proferre
1504 2002 1733 2070 coeperis
1754 2042 1768 2066 ,

207 2092 385 2160 rumpis
426 2092 707 2147 silentium
756 2092 1184 2163 quodammodo,
1215 2103 1271 2148 et
1299 2109 1525 2163 generas
1550 2094 1769 2149 verbum

206 2182 324 2252 quod
350 2192 509 2236 antea
536 2198 641 2237 non
672 2191 806 2237 erat.
854 2182 973 2239 Non
1002 2185 1077 2239 sic
1118 2185 1257 2240 Deus
1280 2187 1462 2255 genuit
1496 2185 1727 2241 Verbum
1754 2204 1769 2243 :

206 2275 360 2329 dicere
386 2276 483 2328 Dei
512 2275 628 2330 sine
650 2276 800 2331 initio
820 2285 922 2341 est,
944 2286 1000 2332 et
1023 2278 1139 2333 sine
1164 2279 1301 2344 line;
1330 2288 1383 2333 et
1406 2289 1578 2335 tamen
1608 2295 1768 2335 unum

211 2364 417 2421 Verbum
440 2366 597 2421 dicit.
624 2368 773 2424 Dicat
801 2368 1047 2435 alterum,
1078 2369 1123 2423 si
1150 2370 1289 2439 quod
1318 2370 1450 2425 dixit
1476 2373 1767 2427 transierit.

202 2456 315 2510 Cum
346 2474 474 2513 vero
518 2468 573 2513 et
615 2474 646 2513 a
689 2476 792 2529 quo
832 2461 1026 2515 dicitur
1068 2471 1281 2529 manet,
1313 2473 1365 2517 et
1404 2464 1546 2533 quod
1576 2465 1769 2519 dicitur

208 2558 390 2613 manet;
414 2559 469 2604 et
501 2550 668 2605 semel
690 2550 882 2606 dicitur
897 2561 953 2607 et
974 2568 1077 2606 non
1102 2553 1310 2620 finitur;
1336 2564 1389 2608 et
1411 2558 1579 2623 ipsum
1602 2557 1767 2611 semel

207 2642 305 2697 siue
340 2644 497 2697 initio
532 2644 745 2707 dicitur,
780 2660 879 2700 nec
922 2646 1002 2700 bis
1046 2646 1261 2712 dicitur,
1291 2648 1410 2717 quia
1438 2664 1543 2703 non
1579 2652 1768 2705 transit

205 2733 319 2800 quod
346 2734 516 2788 semel
545 2734 757 2789 dicitur.
788 2735 899 2789 [loc
921 2746 1002 2791 est
1027 2751 1176 2807 ergo,
1202 2736 1466 2792 Eructavit
1492 2756 1580 2794 cor
1605 2757 1767 2795 meum

204 2824 375 2877 verbum
410 2825 639 2893 bonum,
670 2826 810 2895 quod
862 2836 975 2891 est,
1020 2826 1145 2882 Dico
1175 2814 1268 2900 ego
1297 2846 1451 2899 Opera
1491 2848 1601 2884 mea
1637 2833 1762 2903 regi.

202 2915 347 2981 Quare
364 2933 518 2986 ergo,
538 2916 707 2987 Opera
728 2936 836 2973 mea
859 2919 1009 2973 dico?
1029 2920 1159 2986 Quia
1185 2921 1236 2975 in
1260 2922 1373 2991 ipso
1395 2920 1568 2977 Verbo
1587 2924 1763 2977 omnia

200 3023 335 3077 opera
384 3010 506 3064 Dei.
556 3010 825 3081 Quidquid
876 3014 1020 3067 enim
1068 3012 1301 3070 facturus
1349 3028 1463 3069 erat
1516 3017 1656 3071 Deus
1710 3018 1764 3071 in

202 3110 436 3165 creatura,
467 3101 586 3171 jam
618 3102 667 3156 in
690 3101 869 3157 Verbo
895 3114 1042 3169 erat;
1077 3120 1176 3160 nec
1204 3115 1347 3161 esset
1374 3108 1426 3161 in
1452 3106 1630 3171 rebus,
1661 3109 1763 3162 nisi

202 3204 318 3248 esset
345 3196 393 3248 itt
418 3193 604 3250 Verbo
637 3213 650 3249 :
684 3196 950 3265 quomodo
980 3206 1033 3252 et
1066 3197 1117 3251 in
1163 3208 1212 3252 te
1243 3215 1347 3253 non
1376 3209 1518 3254 esset
1548 3199 1600 3253 in
1629 3202 1649 3231 ⁸
1680 3198 1762 3254 fa-

203 3282 353 3352 brica,
384 3286 493 3341 nisi
521 3296 666 3342 esset
697 3287 749 3341 in
780 3288 1025 3342 consilio.
1054 3285 1203 3343 Sicut
1228 3290 1280 3343 in
1311 3290 1596 3360 Evangelio
1619 3290 1758 3345 dici-

203 3386 304 3432 tur:
336 3380 489 3445 Quod
518 3380 709 3450 factum
739 3391 809 3435 est
836 3381 887 3434 in
918 3382 1029 3451 ipso
1056 3383 1158 3435 vita
1186 3392 1292 3435 erat
1323 3382 1499 3454 (.loan.
1529 3399 1564 3448 ι,
1595 3384 1648 3448 3,
1678 3384 1758 3453 4).

202 3466 306 3523 Erat
348 3486 477 3541 ergo
529 3471 671 3540 quod
710 3468 908 3527 factum
946 3481 1051 3539 est,
1082 3472 1177 3529 sed
1221 3474 1273 3527 in
1315 3472 1493 3529 Verbo
1532 3484 1764 3531 eratzet

202 3564 352 3615 omnia
381 3578 551 3633 opera
582 3564 676 3619 Dei
702 3564 771 3619 ibi
794 3574 947 3620 erant
971 3606 984 3630 ,
1015 3575 1069 3621 et
1106 3581 1268 3635 Opera
1307 3566 1541 3621 nondum
1567 3576 1760 3623 erant:

200 3655 276 3708 sed
295 3655 529 3711 Verbum
560 3666 692 3719 erat,
724 3666 777 3712 et
798 3656 1031 3712 Verbum
1066 3659 1168 3711 hoc
1197 3658 1336 3713 Deus
1367 3668 1516 3725 erat,
1540 3669 1592 3715 et
1618 3660 1759 3729 apud

203 3745 344 3801 Deum
387 3754 532 3813 erat,
561 3756 615 3801 et
660 3746 825 3803 Filius
874 3749 969 3803 Dei
1016 3758 1149 3813 erat,
1181 3758 1377 3805 etcum
1422 3750 1580 3806 Patre
1626 3768 1763 3808 unus

203 3834 322 3891 Deus
348 3848 487 3894 erat.
524 3836 656 3891 Dico
686 3854 775 3909 ego
800 3854 953 3908 opera
975 3856 1085 3894 mea
1107 3840 1233 3911 regi.
1258 3840 1452 3895 Audiat
1471 3841 1759 3911 dicentem,

202 3932 272 3998 qui
294 3930 525 3988 Verbum
554 3934 834 4004 intelligit;
862 3942 916 3989 et
942 3933 1119 3988 videat
1143 3948 1265 3989 cum
1294 3934 1451 3990 Patre
1477 3937 1762 4006 sempiter-

202 4035 305 4076 num
332 4023 589 4087 Verbum,
624 4024 677 4079 in
704 4041 811 4095 quo
832 4034 955 4081 sunt
982 4026 1142 4079 etiam
1170 4041 1288 4095 qua:
1311 4023 1485 4081 futura
1516 4038 1665 4095 sunt,
1709 4030 1761 4084 in

201 4126 287 4180 quo
316 4131 415 4169 non
446 4115 701 4171 abierunt
726 4126 780 4172 et
806 4132 924 4188 quae
953 4117 1296 4173 transierunt.
1329 4116 1455 4173 Haec
1479 4133 1639 4189 opera
1670 4120 1762 4175 Dei

202 4203 243 4257 in
266 4205 448 4272 Verbo,
479 4218 739 4275 tanquam
765 4210 817 4265 in
840 4209 1017 4266 Verbo
1035 4250 1051 4277 ,
1087 4218 1337 4281 tanquam
1364 4212 1419 4268 in
1446 4210 1756 4283 Unigenito,

199 4301 421 4368 tanquam
451 4300 513 4353 in
544 4298 638 4353 Dei
664 4297 863 4355 Verbo.

256 4386 302 4441 6.
329 4388 465 4456 Quid
513 4404 644 4460 ergo
676 4390 951 4460 sequitur?
985 4390 1185 4461 Lingua
1227 4407 1341 4445 mea
1382 4392 1607 4447 calamus
1636 4395 1765 4448 scri-

198 4475 281 4545 ba',
308 4481 546 4535 velociter
575 4480 851 4537 scribentis.
880 4481 1015 4549 Quid
1042 4483 1235 4549 simile,
1268 4483 1460 4538 fratres
1482 4485 1607 4549 mei,
1636 4484 1763 4553 quid

198 4565 339 4624 habet
381 4571 566 4626 simile
610 4571 787 4641 lingua
834 4572 925 4628 Dei
964 4587 1087 4628 cum
1125 4573 1332 4628 calamo
1361 4574 1589 4628 scribae?
1627 4574 1763 4642 Quid

196 4655 336 4716 habet
360 4661 542 4717 simile
573 4672 719 4732 petra
750 4677 871 4718 cum
898 4663 1108 4718 Christo
1148 4663 1205 4735 (1
1231 4662 1349 4718 Cor.
1391 4680 1459 4731 x,
1500 4663 1593 4735 ω
1633 4666 1762 4736 quid

197 4748 338 4808 habet
364 4754 543 4809 simile
569 4768 737 4824 agnus
766 4769 885 4808 cum
916 4754 1192 4810 Salvatore
1218 4753 1393 4825 (Joan.
1424 4771 1461 4820 t,
1484 4755 1616 4823 29)?
1636 4758 1762 4825 quid

196 4840 336 4900 habet
360 4845 449 4902 leo
472 4861 596 4901 cum
624 4845 891 4917 Unigeniti
917 4844 1228 4901 fortitudine
1258 4846 1439 4916 (Apoc.
1462 4862 1517 4909 v,
1540 4845 1640 4918 5)?
1669 4847 1761 4900 Di-

194 4945 265 4989 cta
300 4946 424 4992 sunt
454 4938 575 4992 haec
605 4946 779 4991 tamen
808 4956 820 4991 :
846 4947 899 4992 et
942 4937 1042 4992 nisi
1087 4936 1409 5001 dicerentur,
1448 4952 1553 4992 non
1581 4939 1761 5007 aliquo

196 5024 336 5081 modo
361 5042 462 5098 per
488 5024 607 5082 haec
633 5026 859 5082 visibilia
886 5026 951 5081 ad
980 5025 1298 5081 invisibilem
1328 5026 1757 5083 informaremur.

191 5115 265 5172 Sic
301 5133 431 5191 ergo
472 5118 733 5174 humilem
764 5117 1167 5173 similitudinem
1195 5118 1382 5172 calami
1415 5118 1571 5187 hujus
1594 5159 1609 5183 ,
1654 5134 1756 5175 nec

193 5222 555 5280 comparemus
582 5210 655 5263 illi
685 5209 1015 5265 excellentia:
1037 5250 1051 5273 ,
1076 5222 1175 5263 nec
1203 5217 1379 5263 tamen
1421 5224 1759 5279 respuamus.

192 5302 368 5364 Quaero
396 5303 547 5358 enim
575 5317 738 5371 quare
768 5302 997 5371 linguam
1026 5316 1175 5357 suam
1200 5302 1463 5356 calamum
1490 5303 1623 5357 dixit
1643 5318 1763 5359 esse

193 5395 363 5449 scribre
401 5394 663 5449 velociter
703 5392 1021 5448 scribentis?
1051 5393 1117 5448 At
1145 5407 1273 5447 vero
1298 5394 1641 5461 quantumvis
1667 5409 1764 5449 ve-

193 5482 368 5538 lociter
397 5484 604 5538 scribat
633 5486 831 5550 scriba,
865 5499 968 5539 non
995 5493 1335 5552 comparatur
1359 5485 1431 5538 illi
1455 5485 1718 5539 velocitati
1742 5527 1758 5553 ,

193 5572 251 5626 de
274 5590 375 5644 qua
420 5574 557 5628 dicit
584 5575 719 5627 alius
744 5574 980 5643 psalmus
1003 5590 1015 5626 ;
1045 5572 1212 5642 Usque
1237 5574 1289 5627 in
1314 5574 1621 5628 velocitatem
1643 5593 1761 5629 cur-

193 5666 252 5719 rit
294 5668 504 5721 verbum
533 5668 639 5739 ejus
679 5664 846 5737 (Psal.
875 5682 1064 5733 CXLVII,
1095 5666 1208 5736 15).
1242 5666 1346 5721 Sed
1377 5666 1505 5721 mihi
1535 5667 1763 5734 videtur,

248 5822 263 5853 ⁸
294 5823 368 5873 sic
392 5829 510 5872 mss.
537 5828 591 5871 At
616 5821 751 5873 Edd..
778 5819 871 5871 nisi
888 5834 973 5885 per
1000 5820 1201 5885 t’erbum
1223 5833 1376 5870 suum.

244 5887 266 5919 ι
298 5885 469 5937 Plures
496 5894 619 5947 ηδε..
644 5898 737 5937 non
760 5882 1076 5948 esset-fabrica
1099 5896 1115 5938 :
1139 5884 1321 5950 abscpte
1345 5882 1590 5955 particula,
1612 5884 1677 5947 in.

1294 405 1681 465 ENARRATIO
1719 408 1782 464 IN
1823 406 2145 471 PSALMUM
2185 412 2367 471 XLIV.

1886 536 2140 595 quantum
2190 530 2350 584 audet
2394 528 2621 584 humana
2665 529 3029 601 intelligentia,
3056 545 3110 591 et
3157 535 3257 594 hoc
3301 550 3465 610 posse

1880 620 2046 686 accipi
2078 636 2140 674 ex
2178 636 2403 689 persona
2432 621 2604 677 Patris
2633 622 2855 691 tlictum,
2873 624 3071 697 Lingua
3098 646 3209 684 mea
3232 632 3464 689 calamus

1879 709 2072 763 scribto.
2106 712 2241 776 Quia
2282 713 2424 782 quod
2473 715 2647 785 lingua
2698 716 2910 782 dicitur,
2939 731 3091 773 sonat
3130 731 3184 775 et
3229 725 3459 793 transit;

1878 801 2017 868 quod
2048 804 2313 867 scribitur,
2341 816 2518 860 manet
2542 824 2554 859 :
2579 823 2698 861 cum
2723 824 2850 877 ergo
2872 809 3013 864 dicat
3041 812 3179 866 Deus
3200 812 3458 885 Verbum,

1878 901 1933 947 et
1956 894 2183 950 Verbum
2212 898 2353 967 quod
2385 899 2576 952 dicitur
2600 916 2703 953 non
2738 911 2893 956 sonet
2923 910 2976 956 et
3007 914 3258 969 transeat,
3282 907 3375 961 sed
3404 916 3462 965 et

1880 986 2086 1043 dieatnr
2114 999 2436 1056 etmaneat;
2472 993 2685 1062 scriptis
2725 994 2824 1048 hoc
2865 996 3051 1049 maluit
3085 998 3225 1052 Deus
3245 1014 3462 1070 compa-

1880 1093 2018 1142 rare,
2052 1095 2208 1150 quam
2234 1084 2399 1137 sonis.
2432 1084 2583 1152 Quod
2609 1096 2783 1140 autem
2817 1087 3043 1154 addidit,
3073 1090 3306 1145 velociter
3334 1093 3464 1147 scri-

1879 1168 2055 1236 bentis,
2080 1174 2285 1242 impulit
2313 1185 2540 1230 mentem
2568 1176 2634 1231 ad
2662 1179 3061 1249 intelligentiam
3088 1200 3097 1234 :
3124 1182 3219 1237 sed
3250 1197 3352 1238 non
3383 1184 3461 1253 pi-

1878 1277 1969 1330 gra
2018 1275 2323 1332 remaneat,
2372 1270 2703 1340 respiciendo
2748 1272 3080 1341 antiquarios
3106 1315 3119 1337 ,
3161 1284 3253 1328 aut
3293 1277 3462 1346 respi-

1878 1355 2067 1409 ciendo
2109 1359 2423 1427 qualeslibet
2473 1362 2684 1417 veloces
2729 1365 3000 1430 notarios;
3046 1366 3089 1419 si
3136 1377 3313 1422 autem
3359 1370 3460 1427 hoc

1877 1447 2196 1516 attenderit,
2247 1453 2542 1508 remanebit
2589 1455 2678 1509 ibi.
2732 1455 2905 1525 Ipsum
2954 1457 3201 1521 velociter,
3249 1462 3448 1529 cogitet

1877 1542 2159 1608 velociter;
2191 1554 2244 1600 et
2273 1545 2447 1601 videat
2475 1564 2639 1618 quare
2666 1548 2867 1604 dictum
2900 1550 2986 1615 sit,
3017 1551 3265 1607 velociter.
3300 1554 3457 1609 Velo-

1877 1632 2010 1687 citer
2042 1634 2131 1687 Dei
2165 1636 2267 1690 tale
2298 1647 2379 1692 est
2399 1677 2415 1702 ,
2438 1647 2495 1692 ut
2520 1640 2755 1694 velocius
2784 1641 2910 1695 nihil
2939 1642 3026 1695 sit.
3076 1642 3130 1697 In
3159 1642 3448 1713 Scripturis

1876 1725 2017 1778 enim
2045 1728 2293 1783 scribitur
2318 1730 2491 1786 littera
2522 1740 2641 1800 post
2670 1732 2902 1787 litteram
2925 1775 2939 1800 ,
2971 1735 3070 1806 syll
3092 1737 3174 1789 aha
3206 1748 3319 1803 post
3347 1738 3455 1808 syl-

1877 1817 2070 1882 labam,
2094 1823 2313 1876 verbum
2339 1833 2456 1891 post
2477 1825 2726 1889 verbum;
2752 1840 2848 1880 nec
2869 1826 2933 1879 ad
2961 1827 3252 1881 secundum
3283 1839 3455 1884 trans-

1876 1912 2002 1980 itur,
2035 1914 2132 1968 nisi
2162 1916 2333 1985 pritno
2361 1920 2679 1987 perscripto.
2722 1918 2795 1973 lbi
2825 1928 3002 1974 autem
3034 1921 3160 1974 nihil
3192 1923 3450 1991 velocius,

1876 2004 1964 2058 ubi
1993 2022 2097 2060 non
2126 2007 2291 2062 multa
2320 2019 2443 2063 sunt
2470 2011 2651 2075 verba,
2685 2025 2781 2064 nec
2810 2021 2982 2067 tamen
3011 2013 3207 2083 aliquid
3236 2025 3453 2084 praeter-

1875 2098 2093 2152 missum
2121 2110 2223 2166 est,
2256 2116 2375 2155 cum
2410 2103 2461 2157 in
2488 2119 2595 2157 uno
2626 2104 2733 2158 sint
2761 2106 2962 2159 omnia.

1945 2190 1997 2243 7.
2027 2188 2173 2262 [vers.
2206 2191 2281 2265 3.]
2310 2194 2446 2250 Ecce
2483 2196 2593 2265 jam
2622 2195 2852 2251 Verbum
2883 2197 3009 2251 illud
3038 2198 3116 2254 sic
3140 2200 3400 2267 prolatum
3432 2243 3449 2269 ,

1872 2291 2167 2348 aeternum,
2212 2285 2279 2337 ab
2341 2294 2540 2340 aeterno
2582 2297 2905 2342 ceteternum
2930 2329 2945 2355 ,
2994 2290 3167 2344 veniet
3203 2306 3449 2359 sponsus.

1875 2370 2145 2443 Speciosus
2172 2379 2335 2446 forma
2376 2394 2483 2444 pra:
2504 2378 2623 2447 ﬁliis
2658 2378 2933 2432 hominum.
2973 2378 3090 2434 Prae
3119 2382 3235 2445 ﬁliis
3284 2382 3453 2439 homi-

1872 2485 1995 2523 num
2021 2485 2040 2523 :
2064 2486 2226 2539 quare
2261 2487 2368 2526 non
2390 2480 2444 2527 et
2474 2488 2580 2540 prae
2606 2473 2856 2542 Angelis?
2885 2472 3018 2540 Quid
3049 2474 3211 2528 voluit
3248 2474 3449 2543 dicere,

1873 2559 1994 2614 Prw
2022 2562 2141 2629 ﬁliis
2185 2563 2472 2628 hominum,
2506 2562 2605 2616 nisi
2660 2564 2780 2631 quia
2832 2563 3031 2616 homo?
3067 2563 3141 2617 Ne
3184 2565 3454 2621 hominem

1870 2651 2138 2706 Christum
2165 2652 2452 2720 quemlibet
2496 2654 2762 2706 hominem
2790 2663 3001 2721 putares
3020 2696 3034 2718 ,
3065 2655 3156 2717 ait,
3188 2653 3309 2708 Prw
3333 2656 3455 2723 ﬁliis

1872 2743 2128 2815 hominum
2160 2742 2413 2811 speciosus
2452 2744 2633 2813 forma.
2677 2743 2845 2797 Etiam
2877 2742 3038 2797 homo
3068 2759 3173 2813 pra:
3200 2744 3320 2797 filiis
3352 2744 3453 2800 bo-

1871 2822 2091 2901 minum;
2120 2837 2279 2890 etiam
2306 2835 2442 2891 inter
2472 2836 2609 2891 ﬁlios
2638 2836 2910 2891 hominum
2932 2877 2944 2900 ,
2977 2850 3085 2906 prae
3125 2834 3245 2889 ﬁliis
3275 2836 3454 2892 homi-

1870 2939 2029 2990 num;
2061 2927 2223 2981 etiam
2250 2941 2315 2981 ex
2362 2926 2485 2982 filiis
2514 2926 2820 2991 hominum,
2851 2941 2960 2996 prce
3002 2926 3123 2980 filiis
3155 2926 3452 2983 hominum.

1868 3013 2073 3083 Di/I'usa
2100 3026 2172 3071 est
2200 3019 2363 3089 gratia
2398 3019 2453 3073 in
2482 3018 2627 3073 labiis
2664 3019 2779 3072 tuis.
2805 3018 2911 3072 Lex
2954 3033 3048 3087 per
3077 3016 3289 3088 Moysen
3327 3017 3453 3077 data

1868 3122 1968 3173 est;
2001 3109 2177 3165 Gratia
2219 3120 2275 3166 et
2309 3113 2501 3165 veritas
2537 3126 2630 3181 per
2667 3110 2847 3165 Jesum
2889 3109 3153 3164 Christum
3195 3108 3333 3165 facta
3370 3118 3454 3167 est

1868 3199 2047 3269 (Joan.
2079 3216 2115 3265 ι,
2151 3202 2258 3271 17).
2290 3199 2496 3267 Di/I'usa
2524 3210 2596 3256 est
2633 3202 2798 3273 gratia
2832 3200 2885 3254 in
2926 3198 3071 3254 labiis
3116 3201 3233 3255 tuis.
3265 3199 3454 3256 Merito

1868 3292 1998 3347 mihi
2026 3296 2341 3347 subventum
2369 3302 2479 3358 est,
2507 3293 2629 3363 quia
2654 3291 3111 3361 condeleetorlegi
3136 3291 3232 3345 Dei
3258 3302 3459 3347 secun-‘

1866 3381 1993 3437 dum
2035 3382 2340 3438 interiorem
2368 3384 2657 3438 hominem.
2704 3383 2810 3438 Sed
2849 3384 2948 3436 alia
2987 3382 3071 3437 lex
3117 3383 3167 3435 in
3198 3383 3451 3440 membris

1866 3475 1999 3529 meis
2023 3482 2279 3545 repugnat
2309 3474 2410 3544 legi
2441 3476 2634 3529 mentis
2660 3489 2791 3529 mere
2810 3514 2826 3539 ,
2855 3482 2908 3528 et
2950 3471 3211 3541 captivum
3239 3488 3324 3527 me
3352 3473 3453 3527 du-

1867 3568 1941 3622 cit
1972 3568 2023 3621 in
2064 3567 2180 3636 lege
2208 3567 2438 3635 peccati,
2477 3581 2596 3637 qua:
2624 3574 2708 3621 est
2760 3566 2810 3619 in
2857 3564 3109 3619 membris
3153 3563 3305 3618 meis.
3350 3562 3453 3618 Ili-

1867 3673 1955 3714 ser
1980 3673 2078 3728 ego
2107 3657 2269 3712 homo
2292 3697 2307 3723 ,
2340 3657 2459 3727 quis
2501 3672 2585 3712 me
2622 3655 2865 3710 liberabit
2904 3654 2972 3709 de
3014 3668 3237 3723 corpore
3262 3654 3452 3713 martis

1868 3748 2067 3819 hujus?
2117 3747 2297 3805 Gratia
2354 3748 2445 3802 Dei
2490 3762 2582 3816 per
2626 3746 2803 3801 Jesum
2854 3743 3121 3800 Christum
3169 3745 3449 3802 Dominum

1868 3849 2111 3896 nostrum
2150 3838 2323 3912 (Rom.
2370 3855 2470 3905 vn,
2508 3837 2723 3908 22°25).
2756 3835 2963 3904 Di/fusa
3012 3848 3080 3890 est
3123 3850 3249 3906 ergo
3287 3838 3454 3907 gratia

1865 3933 1920 3986 in
1968 3932 2111 3986 labiis
2140 3932 2257 3985 tuis.
2299 3929 2457 3986 Venit
2501 3930 2657 3985 nobis
2695 3944 2816 3983 cum
2851 3927 3014 3983 verbo
3040 3927 3059 3959 ¹
3083 3928 3298 3997 gratiae,
3326 3941 3452 3984 eum

1868 4025 2050 4080 osculo
2077 4024 2282 4094 gratiae.
2314 4023 2449 4091 Quid
2478 4022 2576 4077 ista
2606 4024 2768 4092 gratia
2802 4020 3049 4076 dulcius?
3075 4020 3192 4089 Quo
3224 4022 3454 4089 pertinet

1866 4116 2033 4186 gratia
2066 4115 2191 4171 ista?
2221 4114 2369 4169 Beati
2419 4128 2643 4183 quorum
2691 4114 2928 4168 remissae
2969 4122 3091 4167 sunt
3114 4112 3451 4181 iniquitates,

1868 4215 1924 4261 et
1965 4220 2190 4276 quorum
2233 4214 2367 4260 tecta
2398 4213 2520 4259 sunt
2562 4213 2779 4274 peccata
2808 4204 2980 4272 (Psol.
3004 4218 3150 4266 xxxi,
3181 4205 3254 4271 1).
3278 4202 3331 4258 Si
3359 4218 3451 4258 se-

1868 4312 2027 4353 verus
2048 4296 2211 4365 judex
2238 4296 2475 4363 veniret,
2500 4311 2597 4351 nec
2622 4296 2834 4351 afferret
2864 4296 3016 4350 istam
3037 4295 3260 4364 gratiam
3289 4293 3455 4349 diffu-

1868 4402 1983 4442 sam
2030 4388 2082 4440 in
2115 4386 2272 4441 labiis
2301 4386 2413 4441 suis
2432 4427 2447 4451 ,
2474 4386 2590 4455 quis
2637 4386 2706 4442 de
2733 4386 2901 4439 salute
2944 4384 3140 4454 aliquid
3164 4385 3450 4455 speraret?

1868 4478 1998 4545 Quis
2029 4493 2134 4532 non
2164 4477 2261 4532 sibi
2306 4477 2405 4532 hoc
2432 4478 2641 4532 timeret
2670 4475 2811 4547 quod
2839 4476 3100 4544 peccatori
3132 4473 3449 4531 debebatur?

1870 4569 2213 4625 llleveniens
2238 4583 2358 4625 cum
2386 4570 2551 4639 gratia
2578 4610 2592 4633 ,
2624 4584 2727 4621 non
2754 4568 2929 4637 exegit
2971 4565 3111 4636 quod
3138 4565 3449 4634 debebatur,

1871 4660 2029 4715 solvit
2075 4659 2217 4730 quod
2264 4676 2369 4714 non
2412 4659 2656 4715 debebat.
2683 4657 2817 4713 Num
2867 4657 3009 4713 enim
3057 4672 3160 4711 non
3206 4664 3452 4726 peccator

1870 4750 2094 4806 debebat
2124 4750 2388 4806 mortem?
2413 4752 2517 4805 Aut
2550 4766 2676 4804 vero
2700 4750 2796 4804 tibi
2828 4748 3092 4818 peccatori
3118 4747 3447 4817 debebatur,

1872 4840 1972 4895 nisi
1998 4841 2358 4911 supplicium?
2387 4842 2569 4896 Debita
2607 4849 2695 4895 tua
2726 4840 2953 4905 dimisit,
2999 4848 3053 4895 et
3080 4839 3313 4896 indebita
3355 4856 3456 4899 sua

1871 4933 2114 4988 exsolvit.
2164 4933 2348 5005 Magna
2389 4935 2574 5004 gratia.
2630 4933 2803 5001 Quare
2847 4932 3051 5002 gratia?
3091 4934 3223 5001 Quia
3266 4936 3454 5006 gratis.

1872 5025 2160 5095 Propterea
2192 5027 2283 5081 tibi
2322 5028 2516 5097 gratias
2559 5041 2714 5096 agere
2744 5025 2895 5088 licet,
2926 5025 3126 5082 referre
3152 5041 3257 5081 non
3289 5026 3455 5092 licet;

1871 5135 1978 5174 non
2029 5120 2169 5174 enim
2214 5128 2381 5189 potes.
2410 5117 2691 5186 Quaerebat
2729 5118 2815 5172 ille
2860 5117 2989 5188 quid
3029 5118 3377 5183 retribueret,
3402 5127 3458 5175 et

1870 5212 2002 5265 dixit
2032 5230 2044 5264 :
2080 5211 2215 5277 Quid
2252 5212 2522 5265 retribuam
2565 5209 2785 5265 Domino
2827 5229 2918 5281 pro
2957 5213 3187 5267 omnibus
3228 5226 3345 5282 quas
3370 5227 3457 5265 re-

1873 5305 2044 5357 tribuit
2072 5303 2235 5357 milti?
2258 5304 2320 5357 Et
2344 5301 2542 5358 invenit
2568 5304 2718 5371 quasi
2746 5303 2943 5373 aliquid
2978 5320 2991 5355 :
3021 5300 3239 5359 Calicem
3259 5301 3455 5356 saluta-

1871 5395 1943 5447 ris
1982 5395 2226 5461 accipiam
2252 5435 2265 5453 ,
2295 5402 2343 5449 et
2374 5398 2566 5448 nomen
2594 5392 2801 5447 Domini
2848 5393 3085 5448 invocabo
3114 5389 3282 5463 (Psal.
3313 5405 3454 5461 exv,

1874 5482 1962 5546 12,
1999 5485 2109 5551 15).
2145 5484 2257 5539 Hoc
2279 5485 2354 5539 illi
2381 5486 2628 5554 rependis
2651 5528 2665 5553 ,
2691 5486 2809 5555 quia
2836 5485 3054 5540 calicem
3083 5482 3330 5537 salutaris
3358 5496 3455 5537 ac-

1872 5575 2025 5643 cipis,
2060 5585 2113 5628 et
2141 5590 2334 5631 nomen
2359 5576 2563 5631 Domini
2587 5576 2823 5630 invocas?
2843 5575 2972 5642 Quis
2993 5574 3083 5628 tibi
3104 5572 3250 5628 dedit
3279 5572 3453 5642 ipsum

1873 5666 2089 5721 calicem
2133 5668 2442 5722 salutarem?
2474 5668 2743 5723 Retnansit
2787 5666 2839 5720 in
2882 5664 3089 5719 actione
3117 5662 3406 5733 gratiarum
3432 5704 3452 5731 ,

1874 5774 1997 5815 nam
2027 5761 2080 5815 in
2104 5760 2357 5817 relatione
2402 5762 2613 5819 defecit.
2640 5760 2817 5818 luveni
2847 5757 2972 5830 quid
3002 5758 3113 5815 Deo
3138 5754 3271 5835 des,
3312 5758 3457 5835 quod

1941 5891 1957 5928 ⁸
1991 5892 2128 5944 Corb.
2151 5898 2249 5956 Ms.
2278 5888 2486 5945 verbum.
