4042 6472
549 409 656 474 ια)

548 521 618 578 ab
643 522 732 578 illo
757 535 864 578 non
900 519 1207 590 acceperis;
1237 525 1292 575 et
1316 515 1560 573 retuleris
1588 523 1833 585 gratiam.
1865 516 1968 572 Sed
1993 531 2122 573 cave

545 630 618 672 ne
636 614 761 669 dum
789 614 986 684 quaeris
1011 611 1136 681 quid
1182 610 1259 666 illi
1305 609 1566 664 retribuas
1590 649 1605 676 ,
1637 607 1779 678 quod
1807 608 1874 663 ab
1902 608 1991 662 illo
2022 623 2126 664 non

546 705 818 774 acceperis
845 745 860 770 ,
887 703 1126 757 invenias
1148 743 1163 769 ,
1192 699 1286 756 sed
1315 710 1586 770 peccatmn
1632 708 1797 752 tuum.
1839 699 1950 753 Hoc
1977 699 2132 770 plane

545 797 614 868 ab
643 797 732 851 illo
760 811 865 850 non
891 794 1176 864 accepisti,
1206 792 1298 848 sed
1323 808 1421 848 nec
1447 793 1495 848 ei
1523 792 1652 847 dare
1680 792 1865 848 debes.
1900 791 2011 846 Hoc
2031 791 2130 847 de-

546 889 742 946 derunt
785 887 990 953 Ιυάωί,
1024 885 1388 941 retribuerunt
1429 884 1566 938 mala
1611 898 1707 954 pro
1746 883 1936 949 bonis;
1969 898 2128 939 acce-

545 991 736 1052 perunt
771 980 837 1035 ab
863 994 927 1034 eo
957 979 1220 1048 pluviam,
1249 986 1304 1032 et
1333 976 1558 1030 fructum
1585 990 1688 1031 non
1711 974 1972 1030 dederunt
1993 1016 2007 1040 ,
2037 974 2130 1030 sed

544 1073 730 1144 spinas
759 1072 1024 1127 dolorum.
1069 1070 1210 1140 Ergo
1238 1070 1434 1124 bonum
1462 1067 1715 1138 quidquid
1741 1067 1973 1122 volneris
2000 1069 2050 1122 in
2080 1076 2130 1122 te

545 1164 676 1234 dare
706 1165 814 1219 Deo
838 1206 853 1231 ,
882 1179 986 1218 non
1027 1171 1079 1218 te
1122 1161 1330 1217 invenis
1357 1161 1626 1230 accepisse
1663 1159 1765 1214 nisi
1793 1175 1824 1213 a
1855 1160 1984 1215 Deo.
2014 1160 2131 1230 Ipsa

545 1265 625 1318 est
669 1256 835 1325 gratia
881 1255 975 1309 Dei
1003 1254 1189 1309 diliusa
1227 1255 1278 1308 in
1318 1252 1492 1307 labiis.
1515 1251 1664 1308 Fecit
1686 1261 1758 1318 te,
1785 1253 1950 1322 gratis
1973 1260 2025 1306 te
2054 1250 2132 1305 fe-

541 1349 634 1418 cit.
682 1346 799 1402 Non
845 1348 985 1402 enim
1024 1356 1138 1401 erat
1171 1346 1253 1400 cui
1299 1351 1576 1415 praestaret
1599 1354 1882 1413 antequam
1910 1343 2126 1398 laceret.

543 1439 816 1504 Perieras,
840 1440 1084 1510 quaesivit
1114 1447 1183 1504 te;
1213 1447 1266 1493 et
1294 1437 1563 1491 inventum
1589 1436 1853 1492 revocavit
1883 1444 1951 1490 te.
1982 1436 2128 1490 Prae-

544 1534 697 1605 terita
739 1548 843 1587 non
892 1533 1211 1604 imputavit,
1249 1529 1427 1586 futura
1458 1529 1721 1601 promisit.
1747 1528 1885 1584 Vere
1936 1527 2128 1596 diﬁ'usa

543 1635 615 1696 est
638 1627 805 1698 gratia
844 1627 896 1679 in
919 1626 1066 1680 labiis
1097 1626 1215 1678 tuis.

551 1769 562 1776 .
610 1719 664 1774 8.
703 1718 975 1788 Propterea
997 1757 1014 1782 ,
1039 1716 1237 1786 inquit,
1260 1715 1512 1771 benedixit
1549 1724 1595 1769 te
1621 1712 1760 1768 Deus
1784 1713 1836 1767 in
1860 1721 2123 1767 teternum.

542 1810 866 1875 Laboratur,
895 1818 951 1862 ut
983 1809 1084 1862 hoc
1115 1808 1283 1877 possit
1309 1806 1528 1877 intelligi
1561 1804 1736 1860 adhuc
1774 1819 1804 1858 a
1835 1804 1942 1859 Deo
1971 1804 2126 1860 Patre

541 1901 642 1970 dici
668 1941 683 1965 ,
713 1899 989 1970 Propterea
1031 1897 1280 1953 benedixit
1306 1909 1354 1950 te
1366 1895 1507 1951 Deus
1526 1899 1578 1950 in
1608 1905 1868 1950 wternum.
1893 1894 2125 1950 Accom-

536 1965 1053 2052 modatius'videtur
1095 1992 1197 2047 hoc
1223 1991 1390 2062 accipi
1439 2007 1502 2046 ex
1545 2004 1771 2060 persona
1822 1989 2121 2057 Prophctze.

535 2091 606 2146 Et
636 2089 960 2144 mutationes
988 2101 1334 2156 personarum
1378 2084 1668 2154 repentina:
1687 2123 1702 2148 ,
1735 2091 1788 2136 et
1811 2081 2030 2136 omnino
2057 2095 2124 2136 ex

535 2181 847 2251 improviso,
872 2180 1212 2234 inveniuntur
1233 2178 1283 2230 in
1313 2176 1510 2232 sanetis
1526 2175 1919 2244 Scripturarum
1953 2173 2118 2238 libris;

533 2282 590 2341 et
635 2273 679 2326 si
723 2272 841 2342 quis
867 2270 1128 2334 advertat,
1160 2270 1330 2338 plenas
1365 2275 1488 2321 sunt
1517 2267 1720 2337 pagina:
1767 2265 1980 2319 divinae.
2007 2262 2121 2318 Do-

534 2363 668 2428 mine
689 2405 702 2429 ,
736 2361 891 2416 libera
925 2362 1146 2415 animam
1186 2376 1347 2414 meam
1376 2375 1408 2412 a
1435 2358 1580 2434 labiis
1611 2358 1795 2427 iniquis
1821 2366 1867 2411 et
1893 2374 1924 2410 a
1950 2358 2124 2427 lingua

535 2453 735 2517 dolosa;
776 2462 830 2508 et
855 2453 1068 2517 statim,
1105 2451 1238 2516 Quid
1268 2451 1412 2504 detur
1443 2451 1565 2516 tibi,
1587 2459 1675 2502 aut
1707 2449 1828 2519 quid
1848 2448 2123 2519 adjiciatur

533 2545 623 2614 tibi
665 2544 906 2598 adversus
943 2544 1170 2613 linguam
1223 2542 1524 2596 subdolam?
1574 2541 1691 2595 Alia
1736 2542 1843 2596 illic
1894 2557 2120 2612 persona

533 2646 669 2703 erat,
699 2638 800 2691 alia
829 2638 913 2692 hic
939 2655 952 2690 :
986 2637 1058 2691 ibi
1090 2635 1316 2706 petentis
1335 2677 1349 2700 ,
1382 2635 1467 2690 hic
1496 2635 1880 2690 snbvenicntis.
1909 2634 2121 2706 Sagitta:

533 2729 748 2800 potentis
789 2737 985 2795 acutae,
1011 2744 1125 2782 cum
1159 2725 1457 2781 carbonibus
1497 2727 1804 2782 vastatoriis.
1846 2727 1962 2781 Alia
1994 2742 2121 2796 per-

530 2837 661 2878 sona
688 2831 790 2888 est,
825 2821 960 2887 Quid
987 2821 1132 2874 detur
1157 2820 1265 2885 tibi,
1289 2828 1377 2873 aut
1401 2819 1522 2889 quid
1547 2819 1820 2889 adjiciatur
1841 2819 1965 2883 tibi;
1986 2830 2040 2874 et
2066 2821 2118 2875 in

530 2915 980 2985 consequentibus
1018 2913 1076 2968 ﬁt
1103 2913 1206 2968 alia
1230 2953 1245 2976 ,
1273 2911 1387 2966 Heu
1410 2928 1491 2966 me
1511 2912 1532 2966 !
1556 2913 1676 2982 quia
1705 2911 1956 2966 incolutus
1981 2930 2120 2968 meus

531 3011 836 3081 longinquus
870 3010 1036 3079 factus
1059 3017 1131 3086 est
1161 3006 1332 3078 (Psal.
1360 3021 1484 3061 cxnt
1503 3047 1519 3072 ,
1540 3004 1682 3077 2-5).
1711 3004 1769 3060 In
1798 3006 1976 3075 paucis
2001 3022 2121 3060 ver-

530 3103 680 3158 sibus
701 3110 806 3156 tam
835 3100 1020 3155 crebra
1049 3099 1270 3154 mutatio
1301 3112 1647 3168 personarum
1671 3098 1994 3152 intellectum
2021 3096 2112 3151 ad-

531 3201 715 3250 monet
747 3212 759 3246 :
792 3209 896 3248 non
928 3192 1179 3262 exprimit
1209 3191 1385 3246 locum
1429 3191 1520 3245 ubi
1550 3199 1802 3257 mutatur;
1847 3206 1952 3245 non
1982 3191 2117 3246 dici-

531 3296 639 3352 tur,
666 3287 775 3342 Hoc
795 3286 926 3340 dixit
946 3285 1128 3349 homo,
1158 3286 1258 3338 hoc
1286 3284 1418 3338 dixit
1441 3284 1603 3348 Deus;
1637 3283 1731 3338 sed
1751 3299 1816 3339 ex
1839 3284 1968 3354 ipsis
1994 3301 2117 3340 ver-

530 3381 614 3437 bis
641 3381 698 3437 llt
725 3381 876 3436 nobis
916 3378 1214 3449 intelligere
1253 3377 1379 3449 quid
1417 3377 1482 3432 ad
1515 3377 1783 3431 hominem
1817 3378 2114 3448 pertineat,

529 3474 654 3545 quid
700 3473 765 3528 ad
808 3471 990 3528 Deum.
1022 3471 1193 3526 Homo
1241 3479 1417 3525 autem
1455 3469 1696 3536 dicebat,
1729 3467 1994 3526 Eructavit
2030 3487 2118 3524 cor

528 3579 695 3620 meum
727 3566 930 3619 uerbum
969 3564 1151 3618 bonum
1170 3605 1184 3629 ,
1215 3562 1327 3616 dico
1356 3579 1445 3634 ego
1473 3579 1628 3632 Opera
1656 3578 1766 3616 mea
1792 3564 1919 3633 regi.
1949 3563 2118 3618 llomo

528 3657 760 3723 dicebat,
795 3658 882 3712 ille
901 3655 1110 3710 dicebat
1134 3654 1222 3723 qui
1248 3653 1463 3723 scripsit
1487 3653 1779 3718 Psalmum;
1798 3654 1892 3709 sed
1911 3671 1976 3709 ex
1998 3670 2120 3724 per-

527 3763 658 3802 sona
681 3748 773 3802 Dei
795 3747 1005 3802 dicebat
1037 3764 1050 3799 :
1078 3745 1264 3815 incipit
1304 3744 1484 3799 dicere
1509 3754 1560 3799 et
1586 3760 1651 3800 ex
1677 3760 1772 3799 sua
1794 3787 1809 3812 ,
1840 3744 2118 3816 Propterea

527 3839 777 3894 benedixit
803 3850 849 3892 te
871 3838 1010 3893 Deus
1031 3839 1083 3892 in
1107 3848 1369 3892 azternum.
1403 3837 1618 3891 Dixerat
1645 3839 1786 3893 enim
1810 3837 1968 3906 Deus,
1993 3839 2115 3910 Dif-

528 3937 645 4005 [νεα
673 3940 742 3985 est
771 3932 936 4001 gratia
983 3931 1036 3984 in
1082 3929 1228 3983 labiis
1258 3929 1357 3982 tuis
1377 3970 1392 3996 ,
1422 3929 1468 3982 ei
1490 3945 1648 3999 quem
1677 3927 1875 3985 fecerat
1903 3932 2115 4000 specio-

527 4035 646 4079 sum
670 4037 776 4092 pne
795 4021 915 4077 ﬁliis
936 4021 1233 4087 hominum,
1250 4022 1410 4078 etiam
1432 4020 1701 4076 hominem
1727 4037 1885 4092 quem
1906 4025 2070 4078 Deum
2093 4024 2112 4057 ί

525 4123 650 4170 ante
669 4114 844 4169 omnia
873 4114 1197 4184 protulerat,
1232 4121 1466 4168 aeternus
1489 4121 1834 4168 cowternum.
1863 4115 2114 4184 lmpletus

525 4215 607 4262 est
633 4221 759 4278 ergo
779 4205 1044 4276 Propheta
1071 4205 1266 4278 gaudio
1299 4205 1529 4276 quodam
1561 4203 1807 4262 ineiiabili
1829 4248 1843 4272 ,
1868 4217 1921 4263 et
1941 4217 2114 4264 atten-

491 4289 493 4292 ⁴
526 4301 660 4357 dens
697 4301 822 4372 quid
855 4301 992 4356 Deus
1036 4300 1194 4356 Pater
1225 4299 1292 4356 de
1318 4301 1338 4332 ²
1364 4299 1500 4354 Filio
1541 4314 1639 4355 suo
1678 4299 1877 4354 homini
1903 4301 2110 4356 revela-

524 4387 661 4450 verit
684 4439 696 4461 ,
740 4396 827 4467 qui
861 4395 1033 4465 potuit
1073 4395 1250 4450 dicere
1279 4393 1378 4448 ista
1404 4401 1458 4448 et
1485 4409 1549 4448 ex
1581 4408 1804 4464 persona
1833 4394 1949 4461 Dei,
1981 4395 2114 4450 Pro-

523 4495 693 4559 pterea
719 4529 734 4553 ,
762 4488 930 4557 inquit
953 4529 969 4552 ,
999 4486 1250 4541 benedixit
1277 4495 1323 4540 te
1359 4483 1500 4540 Deus
1522 4488 1577 4538 in
1605 4494 1865 4540 wternum.
1895 4485 2112 4553 Quare?

523 4579 755 4647 Pr0pter-
789 4579 1034 4649 gratiam.
1085 4577 1174 4632 Illa
1221 4579 1363 4632 enim
1407 4579 1576 4647 gratia
1602 4592 1708 4648 quo
1735 4579 2000 4648 pertinet?
2032 4579 2111 4634 Ad

525 4685 744 4740 regnum
775 4671 1052 4725 caelorum.
1074 4670 1310 4724 Primum
1323 4669 1467 4724 enim
1489 4669 1886 4725 Testamentum
1913 4678 2109 4726 terram

525 4765 969 4835 premiserat:et
1018 4762 1160 4817 aliud
1219 4761 1492 4832 prmmium
1541 4761 1640 4816 fuit
1691 4762 1772 4816 vel
1826 4761 2110 4831 promissio

523 4855 624 4912 sub
651 4855 794 4926 Lege
820 4855 1135 4924 positorum,
1166 4852 1307 4908 aliud
1335 4852 1434 4907 sub
1471 4850 1651 4908 Gratia
1685 4868 1699 4906 :
1731 4861 1868 4906 terra
1898 4851 2109 4908 Chana-

524 4957 764 5003 nceo'rum
807 4943 1007 5003 Jndmis
1035 4945 1135 5002 sub
1171 4945 1314 5016 Lege
1343 4945 1557 5015 positis,
1590 4947 2106 5014 regnum‘caelorum

523 5037 841 5095 Christianis
867 5039 966 5093 sub
995 5037 1170 5093 Gratia
1198 5037 1405 5109 positis.
1431 5036 1610 5107 itaque
1648 5035 1788 5106 quod
1811 5038 2110 5106 pertinebat

522 5133 590 5187 ad
622 5147 714 5188 eos
741 5133 829 5203 qui
859 5131 958 5186 sub
987 5130 1125 5201 Lege
1167 5126 1322 5200 positi
1352 5135 1542 5196 erant,
1575 5143 1816 5199 regnum,
1849 5138 1987 5184 terra
2020 5131 2108 5186 illa

522 5223 735 5279 transiit
763 5240 779 5279 :
811 5236 1033 5294 regnum
1077 5224 1334 5276 caelorum
1364 5219 1506 5292 quod
1548 5221 1777 5290 pertinet
1805 5221 1902 5275 sub
1926 5221 2106 5277 Gratia

519 5309 728 5388 positis.
760 5330 863 5370 non
885 5301 1095 5370 transit.
1127 5312 1413 5382 Propterea
1442 5311 1528 5366 hic
1546 5353 1560 5378 ,
1587 5311 1841 5365 benedixit
1867 5319 1913 5366 te
1942 5311 2104 5382 Deus,

521 5425 629 5468 non
655 5409 722 5465 ad
753 5417 982 5481 tempus,
1007 5406 1100 5463 sed
1121 5408 1175 5460 in
1203 5417 1465 5461 aeternum.

593 5500 646 5558 9.
676 5501 792 5556 Non
813 5499 1098 5556 defuerunt
1125 5499 1212 5570 qni
1243 5499 1420 5552 omnia
1448 5496 1607 5552 etiam
1642 5497 1918 5566 superiora
1946 5498 2106 5554 verba

520 5607 588 5648 ex
626 5589 912 5662 Pr0phetas
949 5605 1176 5662 persona
1216 5589 1384 5659 accipi
1436 5589 1654 5643 mallent
1686 5599 1778 5644 :et
1821 5589 1924 5644 hoc
1964 5591 2106 5662 quod

575 5729 600 5780 ,³
633 5701 706 5780 sic
747 5734 854 5780 Mss.
913 5734 969 5780 At
1011 5732 1144 5790 ιον..
1183 5738 1324 5790 quem
1363 5733 1489 5775 Deus
1547 5729 1656 5774 ante
1685 5736 1846 5776 omnia
1881 5725 2108 5789 praetule-

517 5793 614 5879 τρί’
635 5853 707 5900 sic
730 5859 832 5903 Mss.
862 5859 916 5902 Αι
941 5852 1063 5914 apud
1087 5859 1195 5902 tov.
1222 5851 1299 5900 hic
1319 5849 1464 5900 deest
1495 5849 1556 5900 de
1592 5861 1610 5901 .'
1645 5855 1697 5900 et
1719 5847 1861 5914 paulo
1882 5857 2010 5912 post,
2025 5849 2108 5902 aui

518 5914 768 5966 omittitur.

1793 399 1852 454 S.
1897 395 2264 454 AUGUSTINI
2305 399 2605 458 EPISCOPI

3725 422 3828 480 500

2249 517 2448 576 dictum
2476 529 2596 590 est,
2627 519 2885 581 Eructaoit
2920 539 3009 582 cor
3057 545 3225 585 meum
3287 534 3485 590 verbum
3509 535 3696 592 bonum
3719 580 3734 604 ,
3762 553 3824 596 ex

2242 611 2504 683 Pr0pheta
2533 616 2796 672 voluerint
2839 617 3089 690 intelligi,
3117 622 3278 679 veluti
3304 624 3516 683 dicente
3544 628 3823 701 hymnum.

2243 703 2515 776 (Quisquis
2561 708 2700 762 enim
2743 709 2868 765 dicit
2897 710 3150 783 hymnum
3180 715 3310 783 Deo,
3335 725 3541 774 eructat
3580 735 3675 776 cor
3713 723 3826 793 ejus

2237 799 2460 854 verbum
2486 801 2684 857 bonum
2717 805 3022 872 :quomodo
3059 807 3146 877 qui
3177 807 3509 878 blasphemat
3534 812 3584 866 in
3617 813 3819 882 Deum,

2237 896 2444 944 eructat
2484 905 2578 946 cor
2625 893 2740 962 ejus
2767 895 2984 950 verbum
3034 897 3276 972 malum.)
3309 899 3374 956 Ut
3419 911 3474 957 et
3519 903 3644 958 illud
3683 908 3822 975 quod

2237 979 2542 1050 adjunctum
2588 992 2689 1050 est,
2717 983 2847 1040 Dico
2890 1002 2980 1058 ego
3021 1004 3175 1059 opera
3213 1007 3324 1045 mea
3348 992 3488 1061 regi,
3523 994 3825 1063 significare

2237 1072 2462 1128 voluerit
2490 1089 2754 1131 summum
2783 1077 3010 1133 hominis
3051 1095 3185 1150 opus
3215 1096 3321 1135 non
3349 1097 3490 1150 esse,
3520 1083 3620 1138 nisi
3653 1085 3821 1142 Deum

2235 1162 2472 1220 laudare.
2502 1164 2647 1222 lllins
2666 1175 2748 1222 est
2787 1171 2964 1239 specie
2988 1185 3083 1225 sua
3116 1172 3328 1241 placere
3351 1173 3444 1228 tibi
3469 1214 3484 1239 ,
3516 1174 3582 1230 ad
3613 1182 3666 1230 te
3695 1191 3819 1246 per-

2236 1254 2370 1310 tinet
2390 1271 2510 1310 eum
2536 1258 2587 1311 in
2625 1262 2914 1328 gratiarum
2945 1263 3158 1318 actione
3190 1262 3424 1320 laudare.
3455 1264 3630 1334 Opera
3655 1277 3746 1321 tua
3777 1270 3820 1323 si

2235 1359 2342 1400 non
2369 1345 2564 1402 fuerint
2591 1349 2705 1404 laus
2735 1351 2857 1414 Dei,
2891 1353 3079 1423 incipis
3111 1354 3335 1424 teipsum
3375 1371 3593 1424 amare;
3618 1368 3672 1412 et
3700 1375 3822 1429 per-

2233 1437 2429 1493 tinebis
2453 1439 2518 1493 ad
2547 1441 2663 1494 illos
2689 1441 2754 1497 de
2778 1429 2968 1513 quibus
2993 1444 3420 1516 dicitApostolus
3447 1465 3460 1502 :
3496 1447 3660 1502 Erunt
3686 1452 3821 1504 enim

2232 1528 2459 1585 homines
2485 1534 2674 1602 seipsos
2703 1545 2928 1589 amantes
2959 1535 3022 1608 (11
3055 1535 3185 1590 Tim.
3217 1553 3291 1602 ut,
3321 1538 3404 1608 2).
3447 1539 3677 1609 Displice
3700 1542 3817 1607 tibi,

2232 1621 2437 1690 placeat
2464 1624 2554 1678 tibi
2585 1625 2674 1694 qui
2701 1634 2752 1680 te
2779 1625 2936 1691 fecit;
2965 1628 3084 1698 quia
3110 1629 3162 1683 in
3193 1643 3259 1684 eo
3281 1629 3372 1685 tibi
3400 1630 3650 1702 displices
3675 1634 3817 1704 quod

2230 1711 2283 1768 in
2312 1722 2364 1769 te
2389 1715 2503 1786 ipse
2519 1716 2708 1773 fecisu.
2736 1718 2882 1790 Opus
2907 1735 3035 1792 ergo
3057 1730 3201 1777 tuum
3223 1723 3292 1778 sit
3321 1724 3434 1779 laus
3461 1726 3575 1792 Dei,
3608 1737 3820 1784 eructet

2229 1820 2324 1862 cor
2376 1815 2523 1863 tuum
2555 1811 2775 1868 verbum
2807 1814 3022 1869 bonum.
3047 1814 3146 1869 Dic
3190 1831 3317 1887 ergo
3358 1835 3511 1889 opera
3541 1830 3630 1873 tua
3658 1822 3767 1893 regi
3796 1837 3818 1877 :

2228 1897 2351 1968 quia
2381 1910 2433 1954 ut
2463 1901 2689 1970 diceres,
2723 1921 2812 1960 rex
2842 1906 2997 1974 fecit,
3026 1917 3079 1963 et
3101 1909 3212 1978 ipse
3236 1909 3452 1966 donavit
3474 1913 3615 1983 quod
3644 1914 3816 1970 oﬂ'er-

2228 2005 2334 2046 res.
2367 1990 2551 2048 Redde
2577 1995 2654 2049 illi
2699 1996 2768 2052 de
2793 2011 2890 2052 suo
2913 2039 2928 2062 ,
2962 2013 3029 2054 ne
3057 1999 3183 2054 velis
3225 2011 3440 2073 accepta
3471 2009 3620 2074 parte
3653 2007 3813 2075 patri-

2226 2083 2391 2138 monii
2432 2085 2505 2140 tui
2538 2086 2614 2141 ire
2658 2087 2866 2158 longius
2908 2098 2962 2144 et
3005 2091 3222 2162 prodige
3251 2094 3474 2162 perdere
3500 2096 3516 2128 ¹
3550 2097 3601 2150 in
3632 2112 3813 2153 mere-

2227 2174 2406 2242 trices,
2437 2185 2492 2230 et
2521 2193 2710 2247 porcos
2739 2195 2977 2250 pascere.
3021 2180 3131 2237 Hoc
3159 2185 3512 2240 recordamini
3540 2203 3603 2242 ex
3633 2189 3813 2242 Evan.

2224 2266 2382 2335 gelio.
2411 2268 2514 2323 Sed
2540 2271 2698 2324 etiam
2735 2273 2803 2327 de
2843 2273 2996 2327 nobis
3020 2273 3220 2330 dictum
3250 2285 3333 2331 est
3362 2296 3376 2332 :
3406 2276 3643 2334 Mortuus
3669 2288 3811 2345 erat,

2224 2365 2270 2408 et
2295 2357 2494 2421 revixit;
2523 2361 2755 2429 perierat,
2778 2371 2823 2416 et
2850 2364 3079 2418 inventus
3107 2375 3178 2420 est
3215 2365 3364 2436 (Luc.
3395 2384 3486 2435 xv,
3516 2369 3628 2439 52).

2299 2448 2383 2502 10.
2418 2448 2617 2521 Lingua
2641 2469 2750 2507 mea
2777 2454 3001 2509 calamus
3024 2455 3202 2511 scriba:
3218 2498 3233 2523 ,
3265 2457 3499 2515 velociter
3523 2461 3810 2518 scribentis.

2224 2537 2339 2594 Non
2368 2541 2650 2597 defuerunt
2677 2545 2764 2614 qui
2805 2547 2883 2601 sic
2906 2547 3258 2619 intelligerent
3279 2549 3599 2621 Prophetam
3628 2567 3694 2608 ea
3716 2554 3804 2609 di-

2225 2631 2366 2686 xisse
2408 2649 2526 2702 qua:
2555 2635 2841 2704 scriberet,
2883 2645 2938 2692 et
2985 2639 3105 2694 ideo
3152 2641 3380 2712 linguam
3423 2657 3573 2698 suam
3599 2645 3815 2701 calamo

2223 2724 2412 2778 scriba:
2431 2739 2786 2796 comparasse.
2821 2728 3066 2785 Velociter
3084 2742 3260 2787 autem
3289 2735 3548 2791 scribentis
3576 2739 3816 2795 voluisse

2223 2812 2424 2883 dicere,
2453 2825 2510 2871 ut
2537 2819 2860 2888 signiﬁcaret
2908 2837 2969 2877 ea
3011 2838 3071 2879 se
3117 2826 3382 2894 scribere,
3407 2843 3524 2897 quae
3553 2829 3813 2888 velociter

2222 2916 2445 2963 ventura
2469 2919 2642 2975 erant,
2675 2921 2732 2967 ut
2760 2914 3014 2970 velociter
3058 2917 3314 2985 scribere,
3347 2920 3545 2975 velocia
3572 2924 3816 2979 scribere

2223 2997 2566 3071 intelligatur,
2593 3004 2643 3058 id
2671 3016 2753 3060 est
2782 3008 3018 3063 scribere
3044 3024 3150 3063 non
3193 3011 3488 3068 tardatura.
3520 3013 3639 3070 Non
3667 3018 3812 3072 enim

2225 3093 2450 3150 tardavit
2476 3095 2615 3151 Deus
2656 3098 2912 3156 exhibere
2953 3101 3244 3158 Christum.
3292 3103 3459 3172 Quam
3487 3107 3594 3162 cito
3619 3109 3813 3164 evolu-

2222 3193 2333 3240 tum
2377 3190 2636 3256 sentitur,
2669 3191 2810 3261 quod
2841 3202 3108 3262 peractum
3150 3199 3473 3265 agnoscitur!
3500 3199 3816 3258 Recordare

2222 3278 2592 3346 generationes
2635 3289 2758 3336 ante
2812 3291 2898 3347 te,
2926 3283 3164 3340 invenies
3213 3287 3384 3342 Adam
3429 3297 3682 3360 tanquam
3714 3293 3814 3348 he-

2221 3379 2404 3427 sterno
2441 3372 2527 3429 die
2576 3375 2789 3430 factum.
2836 3377 2910 3431 lta
2940 3388 3090 3448 gesta
3121 3381 3346 3450 legimus
3393 3384 3568 3439 omnia
3594 3387 3665 3441 ab
3698 3389 3815 3458 ipso

2221 3463 2482 3534 principio
2511 3481 2673 3536 :ergo
2704 3467 2960 3523 velociter
2999 3469 3135 3524 facta
3161 3481 3306 3527 sunt.
3336 3471 3603 3531 Velociter
3627 3479 3732 3533 erit
3761 3487 3817 3536 et

2221 3551 2339 3608 dies
2377 3554 2596 3623 judicii;
2649 3558 2884 3625 praiveni
2924 3559 3262 3616 velocitatem
3314 3564 3478 3633 ipsius
3511 3575 3526 3620 :
3556 3568 3817 3624 velociter

2222 3643 2419 3709 veniet,
2449 3646 2680 3700 velocius
2711 3655 2764 3700 tu
2798 3659 3023 3706 mutare.
3056 3652 3240 3707 Aderit
3282 3652 3444 3710 facies
3467 3656 3681 3726 judicis,
3714 3659 3814 3714 sed

2221 3733 2340 3789 vide
2367 3736 2492 3804 quid
2520 3737 2646 3792 dicit
2675 3738 2936 3810 Propheta
2971 3760 2984 3796 :
3018 3741 3391 3799 Prwveniamus
3413 3749 3593 3818 faciem
3615 3750 3730 3820 ejus
3759 3752 3814 3805 in

2220 3831 2532 3899 confessione
2581 3829 2750 3903 (Psal.
2792 3850 2941 3900 xcw,
2969 3836 3049 3906 2).
3100 3836 3306 3904 Diﬁusa
3346 3847 3420 3893 est
3464 3842 3627 3910 gratia
3652 3842 3704 3895 in
3733 3843 3816 3896 la-

2219 3917 2313 3974 biis
2333 3921 2452 3987 tuis,
2485 3933 2748 3994 prapterea
2765 3925 3015 3980 benedixit
3044 3939 3091 3980 te
3117 3927 3255 3982 Deus
3277 3930 3335 3982 in
3361 3939 3623 3985 teternum.

2290 4014 2376 4069 11.
2421 4013 2570 4088 [vers.
2593 4017 2673 4091 4.]
2717 4019 2991 4091 Accingere
3019 4021 3245 4091 gladium
3268 4037 3408 4076 tuum
3445 4023 3582 4078 circa
3607 4025 3806 4095 femur,

2220 4109 2579 4176 potentissime.
2604 4109 2844 4164 Gladium
2875 4121 3035 4177 tuum,
3059 4114 3206 4182 quid,
3238 4115 3337 4170 nisi
3363 4117 3582 4172 verbum
3616 4121 3814 4176 tuum?

2221 4196 2316 4252 lllo
2339 4197 2516 4266 gladio
2537 4201 2726 4255 stravit
2751 4201 2997 4258 inimicos
3016 4243 3029 4266 ,
3059 4206 3150 4259 illo
3180 4205 3355 4276 gladio
3379 4209 3558 4264 divisit
3583 4210 3751 4266 lilium
3779 4228 3811 4268 a

2217 4297 2390 4357 patre,
2425 4290 2584 4344 tiliam
2611 4306 2640 4345 a
2683 4301 2852 4348 matre
2877 4334 2891 4358 ,
2921 4311 3111 4350 nurum
3155 4311 3185 4351 a
3206 4310 3384 4352 socru.
3417 4299 3664 4370 Legimus
3689 4303 3814 4359 [nec

2216 4381 2269 4436 in
2299 4380 2586 4452 Evangelio
2610 4399 2628 4438 :
2657 4383 2780 4440 Non
2796 4387 2906 4440 veni
2925 4403 3096 4458 pacem
3117 4391 3329 4459 mittere,
3348 4392 3436 4446 sed
3462 4395 3711 4463 gladium.
3740 4394 3815 4451 Et

2215 4477 2440 4526 eruntin
2491 4490 2595 4527 una
2635 4476 2785 4530 domo
2825 4479 3043 4548 quinque
3079 4479 3226 4536 divisi
3265 4484 3527 4537 adversm»
3581 4492 3671 4548 se,
3703 4488 3814 4542 duo

2215 4565 2454 4620 adversus
2482 4575 2601 4632 tres,
2632 4578 2680 4623 et
2705 4578 2802 4624 tres
2829 4570 3067 4626 adversus
3093 4573 3219 4628 duos
3249 4587 3392 4629 erunt
3421 4577 3598 4632 divisi:
3625 4579 3676 4633 id
3699 4589 3811 4648 est,

2214 4655 2354 4724 ﬁlius
2401 4656 2641 4712 adversus
2679 4669 2900 4729 patrem,
2927 4661 3034 4729 ﬁlia
3075 4664 3313 4719 adversus
3354 4677 3563 4722 matrem
3587 4709 3600 4732 ,
3641 4669 3815 4728 nurus

2214 4746 2455 4802 adversus
2477 4764 2675 4802 socrum
2699 4765 2846 4804 suam
2874 4751 3088 4822 (Matth.
3114 4771 3165 4819 x,
3201 4757 3270 4810 54
3292 4797 3308 4823 ,
3340 4756 3430 4824 55,
3463 4767 3509 4812 et
3532 4757 3662 4814 Luc.
3696 4767 3776 4815 XII
3796 4806 3810 4829 ,

2214 4837 2425 4908 51-55).
2457 4839 2654 4895 Divisio
2683 4841 2800 4896 haec
2837 4858 2943 4912 quo
2984 4845 3158 4915 gladio
3185 4846 3322 4902 facta
3372 4859 3488 4915 est,
3512 4850 3610 4904 nisi
3643 4867 3814 4920 quem

2213 4927 2459 4986 Christus
2507 4933 2682 4986 attulit
2709 4934 2774 4988 '?
2803 4934 2869 4988 Et
2895 4951 3081 4992 revera
3107 4980 3122 5005 ,
3156 4937 3384 5008 fratres,
3422 4944 3581 4995 etiam
3630 4945 3813 5012 quoti-

2213 5023 2386 5078 dianis
2430 5027 2690 5096 exemplis
2715 5027 2960 5083 videmus
3011 5029 3146 5086 haec.
3181 5031 3360 5087 Placet
3407 5032 3589 5102 juveni
3643 5033 3815 5091 alicui

2215 5114 2327 5168 Deo
2355 5116 2578 5181 servire,
2609 5117 2854 5187 displicet
2879 5121 3049 5188 patri;
3078 5121 3233 5176 divisi
3260 5133 3383 5177 sunt
3412 5125 3668 5180 adversiss
3699 5141 3767 5179 se
3800 5147 3814 5181 :

2213 5206 2302 5260 ille
2328 5208 2589 5276 promittit
2634 5217 2898 5264 terrenam
2929 5211 3316 5279 hazreditatem,
3348 5215 3437 5270 ille
3464 5226 3604 5269 arnat
3635 5211 3816 5274 caele-

2212 5305 2370 5361 stem;
2397 5297 2539 5352 aliud
2569 5299 2669 5354 iste
2704 5300 3004 5369 pollicetur,
3049 5302 3192 5356 aliud
3235 5301 3327 5359 ille
3357 5304 3523 5375 eligit.
3557 5305 3671 5360 Non
3701 5309 3818 5366 sibi

2212 5395 2362 5458 putet
2398 5398 2546 5458 pater
2573 5389 2760 5444 factam
2801 5392 3083 5460 injuriam;
3111 5394 3250 5448 Deus
3285 5396 3431 5450 solus
3481 5395 3555 5463 illi
3579 5398 3819 5467 praefer-

2211 5486 2299 5534 tur
2327 5497 2340 5532 :
2373 5489 2427 5534 et
2456 5488 2631 5536 tamen
2664 5483 2831 5552 litigat
2871 5497 2993 5539 cum
3041 5486 3151 5540 lilio
3180 5487 3393 5543 volente
3434 5490 3636 5545 servire
3669 5491 3818 5549 Deo.

2209 5571 2315 5629 Sed
2339 5573 2527 5628 fortior
2549 5583 2631 5629 est
2653 5576 2742 5631 ille
2770 5577 2978 5648 gladius
3004 5580 3293 5651 Spirilualis
3323 5597 3580 5654 scparans
3599 5625 3616 5654 ,
3641 5593 3818 5659 quam

2275 5789 2292 5865 ξ
2328 5787 2561 5865 Etet-ique
2579 5797 2704 5853 ωδε..
2732 5791 2808 5844 ire
2826 5791 3027 5865 tongius
3043 5800 3089 5865 et
3105 5796 3367 5865 prodigere
3383 5797 3436 5850 in
3455 5801 3764 5865 meretrices.

2273 5852 2294 5923 ξ
2327 5858 2650 5923 Omnes-Mss,
2673 5867 2767 5915 quo
2785 5852 2952 5920 gladio
2976 5852 3213 5922 facta'est,
3248 5852 3471 5915 i‘ltristus
3487 5852 3647 5916 allidit
3665 5852 3820 5923 his.

2209 5911 2412 5975 habent,
2431 5913 2524 5964 nisi
2547 5911 2696 5978 quem;
2764 5946 2774 5955 -
