4042 6456
206 427 287 488 m
1262 408 1658 471 ENARRATIO
1692 406 1761 469 ῐΝ
1801 406 2131 476 PSAle
2166 412 2360 477 XL",

205 538 435 615 copulatis
462 545 646 595 natum
668 532 914 597 carnalis.
947 531 1033 593 Fit
1053 530 1156 588 hoc
1188 537 1244 588 et
1265 530 1336 589 de
1361 530 1469 587 tilia
1498 528 1754 584 adversus

205 644 423 696 inanem.
455 628 620 699 multo
648 626 815 703 magis
855 634 910 685 et
953 622 1021 680 de
1060 639 1200 705 puru
1240 622 1499 681 adversus
1519 635 1752 677 socrum.

206 730 315 786 Nam
342 722 618 794 aliquando
667 721 719 776 in
763 735 866 777 una
909 718 1069 781 domo
1109 732 1276 775 nurus
1304 725 1359 773 et
1400 730 1588 773 socrus
1611 719 1760 770 inve-

205 821 397 877 niuntur
419 815 664 875 hmretica
685 823 738 869 et
761 811 1044 875 catholica.
1066 812 1134 871 Et
1160 810 1250 869 ubi
1272 810 1480 867 fortiter
1505 808 1759 879 recipitur

206 914 288 967 iste
310 908 508 980 gladius
531 948 549 975 ,
576 905 1049 977 rebaptizationem
1098 918 1206 958 non
1263 902 1534 958 timemus.
1580 899 1760 956 Potuit

205 1000 339 1058 dividi
363 999 467 1054 tilia
489 997 744 1055 adversus
770 1005 996 1053 matrem
1032 1009 1208 1060 suam,
1232 1002 1288 1051 et
1312 1007 1417 1049 non
1447 1000 1624 1064 potest
1652 1006 1751 1045 nu-

204 1108 281 1150 rus
299 1092 546 1149 adversus
569 1106 783 1149 socrum
813 1104 988 1147 suam.

262 1186 337 1245 12.
374 1184 592 1241 Factum
630 1195 714 1241 est
752 1185 853 1243 hoc
893 1182 1213 1255 generaliter
1253 1179 1415 1238 etiam
1466 1179 1518 1235 in
1561 1191 1760 1251 genere

206 1277 427 1341 humano,
456 1276 663 1332 divisus
699 1284 781 1335 est
807 1275 950 1331 ﬁlius
978 1274 1236 1330 adversus
1272 1280 1494 1342 patrem.
1543 1267 1761 1325 Fuimus

205 1370 319 1423 t'ﬂiﬂl
338 1367 620 1437 aliquando
641 1367 734 1425 lilii
758 1366 978 1423 diaboli.
1006 1366 1195 1429 Adhuc
1226 1363 1528 1419 inﬁdelibus
1552 1361 1755 1429 dictum

206 1472 305 1515 esu
340 1458 434 1514 Vas
477 1476 510 1512 α
541 1468 691 1528 patre
730 1458 933 1515 diabolo
972 1458 1092 1514 estis
1121 1455 1318 1529 (Joan.
1369 1472 1481 1523 vm,
1519 1455 1649 1527 44).
1695 1453 1762 1517 Et

206 1548 351 1607 omnis
372 1551 662 1611 infidelitas
704 1560 906 1617 nostra,
929 1550 1089 1617 unde,
1121 1550 1221 1607 nisi
1251 1564 1280 1609 a
1316 1558 1465 1620 patre
1502 1547 1712 1604 diabolo
1737 1547 1760 1602 ἵ

209 1643 296 1697 Non
331 1645 415 1700 ille
437 1643 675 1700 creando
702 1653 874 1715 pater,
903 1644 997 1703 sed
1020 1658 1119 1700 nos
1145 1643 1290 1699 illum
1314 1642 1567 1697 imitando
1595 1640 1686 1695 lilii
1719 1642 1758 1694 ἓ.

205 1737 298 1791 iam
325 1735 477 1792 modo
503 1736 699 1795 videtis
748 1736 914 1793 lilium
960 1736 1216 1793 adversus
1259 1742 1464 1805 patrem
1507 1732 1757 1791 divisum.

209 1830 337 1887 lenit
356 1829 569 1901 gladius
609 1830 728 1896 ille;
774 1829 1042 1886 renuntiat
1068 1827 1282 1885 diabolo
1315 1846 1329 1882 :
1363 1826 1560 1883 invenit
1597 1825 1760 1881 alium

204 1933 395 1995 patrem,
420 1924 633 1980 invenit
655 1924 814 1984 aliam
833 1933 1076 1979 matrem.
1108 1922 1202 1978 ille
1228 1920 1294 1976 ad
1324 1921 1673 1976 imitationem
1699 1934 1761 1976 se

207 2016 429 2086 praebens,
477 2014 771 2086 generabat
809 2015 863 2071 in
897 2013 1118 2070 exitium
1149 2022 1437 2084 :parentes
1489 2012 1595 2067 duo
1629 2027 1763 2080 quos

206 2106 497 2172 invenimus,
528 2107 583 2162 in
622 2106 782 2163 vitam
829 2116 1085 2169 a-ternam
1115 2112 1396 2175 generant.
1432 2103 1642 2160 Divisus
1681 2110 1765 2159 est

208 2201 320 2256 ﬁlius
355 2200 617 2257 adversus
641 2210 865 2270 patrem.
896 2198 1070 2259 Divisa
1099 2206 1181 2253 est
1208 2197 1316 2253 lilia
1344 2196 1604 2252 adversus
1643 2211 1758 2253 ma-

205 2301 310 2347 trem
336 2308 490 2349 suam
522 2309 540 2348 :
568 2292 719 2362 plebs
740 2291 827 2347 illa
851 2306 970 2361 quas
995 2290 1063 2346 de
1087 2289 1285 2345 Judteis
1324 2287 1568 2353 credidit,
1595 2288 1764 2344 divisa

205 2395 267 2440 est
288 2386 544 2442 adversus
571 2384 927 2456 Synagogani.
962 2382 1145 2437 Divisa
1187 2391 1270 2441 est
1297 2390 1353 2436 et
1379 2395 1545 2436 nurus
1570 2379 1764 2437 adver-

204 2491 497 2532 sussoerum
527 2491 719 2532 suam:
751 2477 903 2547 plebs
928 2474 997 2533 de
1036 2475 1300 2531 Gentibus
1326 2475 1565 2539 veniens,
1599 2485 1765 2528 nurus

203 2568 397 2635 dicitur;
420 2569 553 2641 quia
578 2582 809 2637 sponsus
836 2566 1081 2643 Christus
1107 2566 1250 2623 illius
1275 2566 1590 2641 Synagogaa.
1608 2562 1765 2619 Unde

203 2660 317 2714 sitim
342 2669 499 2716 natus
523 2668 608 2722 est
635 2658 802 2723 Filius
833 2658 926 2717 Dei
954 2657 1253 2729 secundum
1283 2656 1541 2713 carnem?
1571 2656 1648 2715 Ex
1676 2655 1763 2727 illa

202 2749 459 2823 Synagoga.
495 2750 594 2806 lile
610 2750 704 2822 qui
727 2749 928 2819 dimisit
948 2758 1153 2823 patrem
1171 2757 1225 2809 et
1249 2758 1492 2815 matrem.
1518 2745 1763 2809 etadhm-

203 2843 257 2898 sit
278 2844 412 2898 ιιιωί
439 2857 584 2909 suae,
617 2850 677 2899 ut
700 2849 883 2905 essent
922 2840 1031 2901 duo
1058 2840 1112 2895 in
1164 2856 1327 2913 carne
1353 2855 1457 2895 una
1491 2836 1512 2914 (
1543 2836 1670 2901 Gen.
1700 2852 1759 2907 ιι,

202 2934 279 3003 ﬁt)
303 2952 315 2989 :
343 2950 443 2991 non
472 2934 784 3005 conjectura
805 2942 1010 3001 nostra,
1041 2933 1137 2990 sed
1168 2941 1454 2990 attestante
1484 2933 1758 3003 Apostolo,

203 3027 450 3085 etdicente
485 3045 501 3082 :
534 3026 926 3087 Sacramentttm
951 3027 1048 3093 hoc
1069 3042 1309 3100 magnum
1337 3036 1410 3087 est
1430 3069 1445 3094 ,
1477 3043 1568 3099 ego
1593 3036 1761 3087 autem

203 3119 291 3175 dics
311 3121 358 3174 in
382 3120 592 3183 Christo
618 3129 667 3177 et
689 3122 743 3175 in
783 3116 1017 3185 Ecclesia
1044 3118 1065 3190 (
1090 3118 1282 3191 Eplm.
1306 3134 1359 3187 Υ,
1388 3119 1458 3189 52
1484 3119 1523 3190 ).
1554 3119 1763 3191 Dimisit

204 3211 316 3265 enim
345 3222 552 3282 patrem
581 3209 977 3281 quodammodo
1005 3227 1019 3263 :
1050 3224 1158 3265 non
1189 3210 1409 3266 omnino
1428 3210 1628 3279 dimisit
1650 3210 1761 3265 Vel“.

205 3302 261 3358 uti
302 3304 363 3360 ad
389 3304 814 3375 separationem,
844 3303 943 3361 sed
972 3303 1041 3361 ad
1077 3304 1477 3372 susceptionem
1514 3301 1759 3360 liumanze

203 3398 363 3453 carnis.
387 3397 676 3465 Quomodo
700 3397 937 3455 dimisit?
980 3396 1115 3465 Quia
1157 3412 1278 3452 cum
1310 3405 1451 3453 esset
1491 3398 1544 3459 in
1591 3397 1758 3455 forma

202 3488 294 3557 Dei,
319 3506 415 3546 neu
443 3493 693 3561 rapinam
719 3492 1011 3549 arbitratus
1027 3502 1111 3548 est
1131 3506 1252 3547 esse
1275 3492 1494 3562 mqualis
1517 3491 1645 3555 Deo,
1663 3491 1758 3551 sed

200 3586 517 3657 semetipsum
545 3586 858 3653 exinanivit,
877 3585 1106 3643 formam
1136 3588 1275 3645 servi
1306 3588 1573 3657 accipiens
1599 3587 1760 3661 (Plii-

201 3674 304 3747 lipp.
329 3692 383 3743 ιι,
408 3677 491 3750 6).
515 3677 795 3745 Quomodo
815 3678 1017 3739 dimisit
1045 3686 1097 3733 et
1119 3678 1386 3734 matrem?
1411 3679 1634 3735 Gentem
1661 3678 1758 3734 Ju-

202 3765 423 3836 daei-um,
441 3770 780 3842 Synagogam
808 3771 950 3826 illam
973 3769 1266 3829 haerentem
1295 3772 1566 3828 veteribus
1585 3787 1763 3829 sacra-

203 3863 385 3917 mentis.
415 3863 501 3918 Ad
533 3864 703 3934 ipsam
732 3863 958 3934 figuram
984 3862 1216 3932 pertinet
1242 3863 1384 3933 quod
1419 3865 1514 3929 ait,
1547 3863 1672 3929 Qun:
1692 3873 1764 3919 est

202 3951 302 4005 mihi
324 3965 503 4021 stanter,
530 3964 619 4009 aut
637 3956 727 4025 qui
756 3958 940 4026 fratres
968 3952 1182 4024 (Matth.
1218 3970 1313 4019 xu,
1340 3953 1468 4028 68)?
1501 3954 1597 4010 Ille
1621 3956 1763 4011 enim

204 4039 323 4099 intus
342 4045 597 4111 ducebat,
627 4046 704 4101 illi
733 4046 864 4102 foris
890 4047 1124 4101 stabant.
1157 4046 1343 4102 Videte
1386 4047 1430 4101 si
1473 4062 1577 4101 non
1607 4047 1768 4104 modo

203 4135 259 4190 ita
283 4150 396 4194 sunt
417 4139 612 4197 Iudici.
652 4139 817 4196 Docet
851 4138 1098 4195 Christus
1146 4138 1199 4193 in
1244 4138 1504 4205 Ecclesia,
1530 4139 1605 4194 illi
1642 4138 1769 4207 [oris

203 4240 338 4287 stant.
387 4233 590 4289 Socrus
638 4242 769 4302 ergo
812 4232 939 4303 quid
967 4230 1089 4289 est?
1130 4231 1295 4289 Mater
1343 4232 1545 4302 sponsi.
1603 4233 1771 4295 Mater

202 4325 354 4391 sponsi
394 4324 607 4380 Domini
652 4323 822 4379 nostri
873 4323 1000 4380 Jesu
1043 4322 1273 4391 Christi,
1335 4322 1611 4396 Synagoga
1663 4333 1765 4385 est.

203 4410 409 4472 Proinde
443 4426 616 4472 nurus
652 4415 768 4487 ejus
796 4416 1033 4473 Ecclesia
1062 4456 1077 4481 ,
1124 4431 1245 4486 quae
1289 4416 1511 4473 veniens
1533 4416 1604 4475 de
1628 4417 1771 4479 Gen-

202 4506 321 4562 tibus
364 4526 473 4565 non
518 4509 793 4566 consensit
843 4507 898 4563 in
946 4507 1405 4569 circumcisionem
1464 4509 1765 4577 carnalem,

202 4596 346 4656 divisa
371 4608 454 4658 est
491 4599 750 4657 adversus
787 4614 999 4656 socrum
1038 4614 1210 4659 suam.
1239 4599 1513 4671 Accingere
1538 4597 1769 4671 gladium

200 4699 337 4747 ειιιιιιι.
366 4695 446 4751 De
472 4693 712 4765 petentia
741 4692 898 4764 huius
925 4690 1086 4765 gladii
1112 4691 1495 4764 loquebamur,
1525 4708 1647 4753 cum
1668 4694 1768 4752 ista

199 4781 493 4845 diceremus.

257 4880 336 4937 l3.
392 4882 669 4953 Accingere
713 4878 942 4952 gladium
992 4886 1172 4947 luunt,
1218 4893 1521 4945 sermonem
1573 4887 1763 4936 tuum:

199 4971 313 5027 circa
340 4978 523 5045 femsa',
548 4973 908 5045 maturissime,
924 4972 1066 5030 eirea
1088 4972 1259 5039 (amur
1285 4971 1487 5031 habens
1509 4971 1765 5043 gladium.

197 5063 311 5131 Quid
334 5077 437 5130 est,
458 5069 597 5122 circa
620 5067 784 5137 femur
800 5066 826 5122 9
843 5066 969 5138 quid
995 5066 1259 5138 signiticet
1279 5064 1347 5122 de
1371 5065 1611 5131 femore?
1632 5065 1766 5123 Car-

198 5170 320 5210 nem.
349 5158 500 5216 Unde
538 5157 669 5213 illud
695 5165 779 5213 est
804 5173 819 5212 :
856 5156 978 5213 Non
1009 5158 1207 5227 deﬁciet
1229 5159 1464 5229 princeps
1492 5157 1555 5214 de
1582 5158 1763 5230 Iuda,

195 5250 349 5307 etde:
373 5252 439 5307 de
464 5251 737 5325 funeribus
777 5252 888 5322 ejus
927 5250 1098 5322 (Gen.
1142 5267 1290 5317 ms,
1315 5252 1384 5310 10
1408 5249 1451 5324 ).
1495 5252 1684 5310 Nonne
1712 5263 1767 5311 et

196 5338 293 5410 ipse
316 5342 608 5409 Abraham,
632 5344 717 5399 cui
746 5343 1067 5413 promissum
1090 5348 1205 5399 erat
1231 5358 1416 5400 semen
1446 5345 1500 5400 in
1537 5353 1645 5415 quo
1673 5345 1769 5403 be-

192 5432 551 5490 nedicerentur
591 5446 780 5490 omnes
811 5443 1028 5505 gentes,
1077 5436 1292 5504 quando
1348 5435 1494 5490 misit
1551 5450 1763 5492 servum

3342 425 3448 484 502

1862 526 2011 591 litate
2051 532 2272 591 seminis
2304 547 2427 591 esse
2465 533 2877 609 magnitudinem
2922 540 3153 607 nominis
3183 542 3225 612 ι,
3271 542 3322 600 id
3364 532 3447 601 esi

1860 618 2053 677 Filium
2102 624 2194 679 Dei
2222 634 2502 681 venturum
2545 620 2612 682 ex
2655 612 2776 683 ﬁliis
2816 620 3086 689 hominum
3134 624 3230 705 pel
3258 650 3444 694 semen

1861 710 2111 785 Abrahae,
2140 714 2266 783 fecit
2292 716 2465 789 ipsum
2505 734 2715 774 servum
2761 735 2947 788 suum,
2975 741 3133 796 quem
3177 730 3442 799 mittebat,

1862 804 1934 865 ita
1959 806 2059 862 sibi
2084 808 2301 879 jurare?
2324 800 2486 878 Pone,
2513 808 2704 885 inquit,
2738 832 2943 871 manum
2973 827 3110 875 tuam
3135 820 3227 877 sub
3257 827 3448 896 femore

1861 913 1991 964 meo,
2014 908 2063 955 et
2087 901 2159 955 sic
2177 903 2300 972 jura
2320 900 2463 981 (Gen.
2489 921 2580 971 xu,
2610 906 2662 971 3,
2689 908 2733 961 et
2759 924 2902 977 xxw,
2932 907 2990 977 2,
3022 911 3076 974 5,
3103 920 3151 967 et
3179 928 3333 979 xxvi,
3365 914 3444 986 4).

1861 992 2021 1058 Quasi
2049 993 2268 1065 diceret,
2310 993 2457 1063 Pone
2492 1013 2703 1054 manum
2742 992 2882 1057 luam
2925 1001 2992 1057 ad
3035 1003 3237 1072 altare,
3264 1013 3355 1062 aut
3381 1006 3447 1063 ad

1864 1085 2232 1156 Evangelium,
2270 1097 2361 1159 aut
2392 1088 2455 1147 ad
2498 1080 2840 1161 Propbelam,
2872 1104 2961 1163 aut
3001 1096 3067 1151 ad
3094 1095 3295 1169 aliquid
3326 1113 3450 1154 san-

1862 1188 2027 1232 ctum.
2054 1176 2165 1235 Sub
2193 1181 2391 1239 feruore
2422 1198 2561 1248 meo,
2588 1183 2778 1257 inquit,
2799 1202 2936 1261 pone
2957 1204 3171 1245 manum
3199 1206 3214 1244 :
3246 1191 3451 1249 habens

1864 1268 2131 1338 ﬁduciam,
2166 1288 2263 1328 nec
2295 1289 2543 1331 reverens
2573 1262 2953 1349 turpitudinem
2975 1323 2988 1346 ,
3023 1280 3117 1339 sed
3146 1282 3449 1355 intelligens

1864 1365 2162 1425 veritatem.
2209 1366 2516 1439 Propterea,
2550 1368 2823 1445 Accingere
2865 1375 3092 1446 gladium
3123 1386 3265 1433 tuum
3312 1381 3450 1435 circa

1864 1460 2048 1528 femur,
2073 1460 2427 1534 potentissime.
2454 1458 2827 1537 Potentissime
2852 1466 3010 1525 etiam
3049 1468 3189 1525 circa
3232 1468 3405 1527 femur
3435 1484 3451 1528 :

1864 1548 1986 1619 quia
2014 1549 2155 1620 quod
2206 1551 2475 1611 inﬁrmum
2506 1562 2600 1629 est
2645 1554 2760 1624 Dei,
2803 1554 2994 1614 fortius
3034 1568 3116 1615 est
3144 1559 3454 1620 hominibus

1865 1639 1908 1701 ll
1933 1640 2049 1697 Cor.
2073 1658 2111 1708 ι,
2141 1643 2253 1715 25).
2288 1642 2659 1713 Potentissime,

1937 1733 2023 1805 14.
2065 1731 2216 1806 [ωτι.
2251 1732 2331 1811 5.]
2360 1735 2541 1808 Specie
2569 1747 2657 1794 tua
2696 1750 2743 1795 et
2785 1738 3162 1812 pulchritudine
3203 1746 3309 1800 Iud.
3353 1744 3448 1802 Ju-

1865 1826 2061 1919 stitiam
2101 1829 2311 1901 accipe,
2360 1846 2463 1901 qua
2504 1848 2717 1905 semper
2743 1818 2802 1891 es
2829 1838 3102 1910 speciosus
3127 1848 3181 1896 et
3204 1828 3448 1919 pulcher,

1867 1918 1935 1975 Et
1958 1919 2178 1988 intende,
2228 1933 2277 1977 et
2319 1939 2558 1996 prospere
2585 1928 2816 2004 procede,
2864 1938 2909 1983 et
2947 1946 3127 2004 regna.
3156 1929 3344 1989 Nonne
3372 1933 3453 1989 vl-

1865 2011 2092 2073 demus?
2120 2014 2279 2073 Certe
2292 2016 2404 2087 jam
2430 2002 2637 2091 factum.
2653 2029 2755 2085 est.
2781 2002 3054 2087 Attendite
3069 2023 3254 2080 orbem
3284 2020 3455 2080 terra-

1866 2120 1980 2161 ram
2015 2123 2030 2173 ;
2059 2108 2306 2173 intendit,
2336 2124 2588 2181 prospere
2613 2111 2894 2182 processit,
2914 2122 2970 2169 et
2983 2123 3201 2187 regnat;
3230 2114 3455 2172 subditae

1868 2206 1991 2255 sunt
2015 2214 2202 2256 omnes
2230 2209 2439 2272 gentes.
2468 2188 2607 2271 Quid
2633 2212 2750 2261 erat
2778 2204 2906 2271 illud
2933 2206 3115 2262 videre
3140 2209 3190 2263 in
3217 2209 3403 2280 spiritu
3430 2208 3456 2265 ἲ

1866 2289 2019 2361 Quod
2047 2307 2188 2349 nunc
2203 2301 2286 2348 est
2306 2294 2539 2364 experiri
2555 2295 2610 2352 in
2634 2297 2882 2367 veritate.
2904 2299 3128 2371 Quando
3145 2300 3458 2360 dicebantur

1868 2382 2001 2449 lucc,
2033 2384 2269 2455 nondum
2295 2387 2369 2443 ita
2394 2388 2652 2460 regnabat
2688 2390 2969 2464 Christus,
2999 2395 3232 2467 nondum
3279 2397 3457 2469 inten-

1867 2476 2039 2544 derat,
2071 2478 2305 2535 uondum
2327 2492 2663 2551 processerat
2693 2500 2708 2538 :
2737 2468 3197 2569 pradicabantur;
3224 2468 3459 2563 exhibita

1868 2580 2013 2638 sunt,
2036 2570 2146 2641 jam
2167 2586 2232 2628 ea
2256 2582 2502 2631 tenemus
2524 2592 2539 2628 :
2568 2576 2621 2631 in
2651 2577 2836 2653 multis
2856 2579 3180 2659 redditorem
3199 2580 3459 2649 habemus

1869 2665 2058 2733 Deum,
2085 2665 2139 2722 in
2166 2666 2350 2736 paucis
2372 2665 2695 2731 debitorem.
2716 2668 2937 2729 Intende
2954 2715 2970 2741 ,
3002 2684 3050 2735 et
3072 2692 3312 2748 prospere
3338 2690 3459 2750 pro.

1867 2759 2007 2826 cede,
2029 2771 2077 2817 et
2096 2778 2274 2837 regna.
3218 2778 3223 2783 ·

1938 2855 2026 2913 i5.
2069 2855 2290 2929 Propter
2302 2862 2577 2929 euitat”,
2595 2869 2645 2918 et
2659 2862 3112 2930 mansuetudinem,
3132 2871 3179 2918 et
3183 2862 3457 2935 justitiam.

1869 2945 2097 3007 Reddita
2115 2959 2200 3008 est
2225 2953 2445 3020 veritas,
2470 2953 2686 3025 quando
2709 2956 2908 3029 veritas
2932 2955 3001 3013 de
3024 2966 3164 3013 terra
3194 2962 3313 3013 orta
3353 2966 3447 3020 est,

1866 3051 1922 3099 et
1942 3043 2147 3113 iustitia
2176 3045 2245 3102 de
2269 3047 2407 3103 coelo
2428 3049 2708 3120 prospexit
2734 3048 2907 3119 (Psal.
2930 3065 3148 3118 uxxrv,
3174 3048 3286 3122 1‘2).
3319 3047 3452 3105 Prae-

1866 3146 2108 3193 sentatus
2132 3147 2215 3194 est
2242 3138 2488 3198 Christus
2516 3143 2910 3218 exspectationi
2940 3145 2961 3175 '
2987 3142 3201 3217 generis
3217 3132 3458 3208 humani,

1868 3240 1928 3286 ut
1966 3232 2018 3288 in
2044 3234 2251 3290 semine
2279 3234 2507 3293 Abrahae
2538 3235 2982 3295 benedicerentur
3021 3251 3210 3313 omnes
3253 3218 3457 3303 gentes.

1867 3323 2219 3380 Priedicatum
2259 3332 2346 3381 est
2372 3326 2757 3397 Evangelium;
2788 3328 2986 3387 veritas
3010 3338 3111 3403 est.
3144 3327 3279 3396 Quid
3307 3316 3462 3383 man-

1867 3416 2127 3471 suetude?
2167 3417 2315 3473 Passi
2345 3426 2471 3473 sunt
2498 3427 2786 3491 martyres,
2813 3426 2870 3474 et
2912 3406 3035 3474 inde
3062 3421 3282 3477 multum
3333 3434 3461 3492 pro-

1867 3510 2048 3572 cessit,
2093 3517 2148 3564 et
2196 3509 2463 3578 promovit
2506 3524 2602 3579 per
2636 3523 2827 3565 omnes
2851 3518 3035 3579 gentes
3065 3524 3286 3589 regnum
3318 3498 3410 3566 Dei
3444 3527 3459 3564 :

1868 3602 1991 3672 quia
2015 3600 2350 3671 patiebantur
2379 3608 2661 3671 martyres,
2705 3614 2805 3657 nec
2830 3599 3168 3666 deﬁciebant,
3198 3614 3296 3655 nec
3322 3600 3461 3655 resi-

1870 3694 2110 3758 stebant;
2141 3692 2387 3749 dicentes
2412 3693 2613 3761 omnia,
2645 3690 2778 3751 nihil
2803 3693 3170 3761 occultantes;
3200 3693 3368 3764 parati
3394 3693 3461 3748 ad

1870 3785 2073 3851 omnia,
2098 3784 2233 3840 nihil
2259 3793 2590 3842 recusantes.
2615 3784 2801 3856 Magna
2828 3770 3214 3841 mansuetudo!
3254 3781 3463 3856 Corpus

1871 3874 2067 3931 Christi
2096 3875 2201 3932 hoe
2228 3875 2373 3942 fecit,
2402 3876 2455 3932 in
2485 3878 2661 3948 capite
2685 3892 2784 3933 suo
2803 3876 3011 3937 didicit.
3045 3862 3137 3939 ille
3164 3877 3309 3948 prior
3324 3866 3465 3939 sicut

1871 3967 1989 4023 ovis
2008 3968 2073 4024 ad
2096 3969 2417 4025 occisionem
2446 3968 2470 4003 ³
2496 3970 2689 4026 ductus
2714 3977 2818 4035 est,
2846 3978 2902 4026 et
2922 3971 3057 4027 sicut
3081 3985 3250 4049 agnus
3275 3964 3459 4049 coram

1874 4061 2128 4118 tondente
2152 4077 2214 4119 se
2236 4076 2343 4120 non
2370 4065 2582 4134 aperuit
2605 4078 2670 4122 os
2688 4079 2846 4123 suum
2867 4063 3019 4138 (lsai.
3051 4081 3161 4135 Lili,
3189 4046 3243 4137 7)
3268 4046 3465 4136 :usque

1872 4154 2009 4211 adeo
2032 4166 2359 4223 mansuetus,
2385 4165 2445 4214 ut
2483 4157 2724 4229 pendens
2748 4159 2802 4214 in
2839 4173 2999 4219 cruce
3035 4158 3258 4227 diceret,
3287 4140 3461 4225 Pater,

1871 4248 2076 4320 ignosce
2094 4250 2218 4317 illis,
2239 4250 2360 4323 quia
2386 4251 2613 4307 nesciunt
2639 4250 2764 4320 quid
2777 4251 2975 4323 [edent
2990 4248 3138 4319 (Luc.
3157 4265 3313 4316 χχιιι,
3344 4244 3458 4322 54).

1873 4340 2011 4408 Quid
2054 4351 2273 4412 propter
2302 4341 2603 4413 justitiam?
2630 4342 2823 4399 Veniet
2846 4343 3029 4408 etiam,
3060 4350 3118 4398 ut
3147 4342 3370 4413 judicet,
3409 4330 3464 4407 et

1874 4432 2132 4488 retribuat
2162 4434 2449 4505 unicuique
2472 4433 2767 4495 secundum
2795 4448 2959 4505 epera
2979 4448 3075 4497 sua
3098 4420 3272 4515 (iam.
3295 4448 3354 4500 il,
3379 4431 3461 4505 6).

1876 4525 2018 4581 Dixit
2042 4525 2342 4594 veritatem,
2385 4526 2604 4598 pertulit
2648 4526 2980 4598 iniquitatem
3010 4526 3066 4599 ξ,
3098 4528 3353 4585 aliaturus
3382 4539 3465 4587 est

1874 4618 2201 4688 aequitatem.
2243 4617 2311 4673 Et
2328 4603 2545 4674 deducet
2585 4627 2635 4675 te
2660 4617 2960 4679 mirabiliter
2987 4619 3193 4677 dentem
3219 4632 3323 4676 tua.
3354 4620 3463 4679 Nos

1873 4710 2093 4768 dextera
2120 4711 2310 4783 ipsius,
2339 4713 2456 4784 ipse
2481 4711 2703 4770 dextera
2726 4727 2844 4771 sua.
2873 4712 2966 4770 Ille
2984 4713 3129 4770 enim
3156 4713 3296 4770 Deus
3321 4757 3335 4781 ,
3366 4732 3463 4772 nos

1873 4803 2143 4862 homines.
2191 4806 2419 4864 Dextera
2447 4820 2545 4862 sua
2572 4806 2833 4865 deductus
2863 4817 2981 4876 est,
3024 4807 3075 4871 id
3114 4818 3197 4887 est
3226 4811 3459 4891 potentia

1873 4911 1989 4953 sua.
2021 4898 2232 4955 Etenim
2269 4899 2565 4970 potentiam
2594 4912 2756 4972 quam
2806 4901 2965 4959 Pater
3007 4901 3189 4979 habet,
3219 4901 3381 4979 habet
3410 4914 3466 4961 et

1874 4989 2009 5061 ipse,
2042 4996 2095 5045 et
2117 4991 2574 5049 immortalitatem
2605 4992 2781 5049 Patris
2807 4991 2969 5063 habet
2995 5003 3051 5051 et
3091 4976 3241 5069 ipse;
3273 4976 3465 5061 divini-

1874 5090 2038 5140 tatem
2060 5084 2231 5141 Patris
2253 5085 2431 5153 habet,
2450 5086 2802 5143 aeternitatem
2819 5085 2991 5147 Patris
3009 5087 3188 5159 habet,
3212 5090 3462 5147 virtutem

1872 5176 2048 5234 Patris
2074 5178 2253 5235 habet.
2293 5178 2535 5235 Deducet
2556 5195 2680 5236 eum
2706 5180 3023 5239 mirabiliter
3047 5182 3267 5251 dextera
3301 5182 3420 5254 ejus
3447 5225 3458 5239 .

1874 5268 2075 5325 faciens
2103 5269 2306 5335 divina,
2359 5272 2566 5341 patiens
2603 5270 2860 5343 humana,
2905 5274 3136 5347 malitias
3182 5273 3458 5335 hominum

1872 5366 2119 5419 Steniens
2160 5363 2399 5420 bonitate
2429 5376 2547 5421 sua.
2583 5365 2776 5423 Adhuc
2804 5365 3083 5445 deducitur
3111 5374 3165 5423 et
3205 5365 3293 5433 ubi
3320 5382 3426 5420 non
3446 5397 3460 5407 -

1872 5452 1999 5513 dum
2022 5458 2126 5528 est,
2154 5464 2208 5515 et
2234 5456 2454 5515 dextera
2480 5459 2597 5531 ejus
2623 5459 2841 5517 deducit
2865 5474 3011 5519 eum.
3040 5459 3152 5525 lloe
3169 5459 3312 5523 enim
3334 5474 3460 5525 eum

191 5536 328 5581 suum
353 5527 422 5582 ad
444 5526 785 5599 quazrcndam
823 5535 877 5582 et
914 5526 1209 5582 ducendam
1244 5542 1468 5584 uxorem
1496 5528 1605 5584 lilio
1631 5544 1765 5598 suo,
1868 5565 1876 5575 ο

192 5616 319 5673 unde
336 5620 543 5677 veniret
570 5618 698 5674 illud
723 5635 905 5701 semen
957 5624 1198 5697 sanctum
1241 5619 1296 5678 in
1343 5637 1449 5693 quo
1478 5621 1766 5680 benedice-

190 5721 360 5768 rentur
383 5728 572 5773 omnes
598 5721 818 5786 gentes;
848 5712 955 5769 ﬁde
980 5721 1168 5770 tenens
1195 5713 1249 5770 in
1275 5714 1362 5771 illa
1394 5716 1555 5772 veluti
1585 5716 1766 5774 humi-

246 5907 264 5940 ε
295 5908 852 5966 tribunatusnam.
877 5918 1280 5976 ouuttuntvoces,
1305 5918 1443 5979 pater
1466 5913 1647 5979 unus.

1939 5725 1956 5759 ⁸
1991 5725 2065 5775 Sic
2086 5732 2191 5781 stu.
2217 5730 2275 5777 At
2297 5722 2432 5787 me,
2455 5721 2681 5775 numinis.

1935 5787 1957 5853 ξ
1989 5788 2060 5853 Sic
2072 5794 2196 5853 _Mss._
2221 5793 2276 5853 at
2295 5783 2426 5846 Edd.,'
2447 5783 2756 5853 exspectatio.

1938 5848 1960 5881 ⁸
1992 5849 2125 5910 add,
2149 5847 2406 5900 victimam.
2426 5847 2561 5910 quas,

1941 5911 1964 5943 ⁸
1996 5918 2099 5964 Duo
2112 5902 2245 5975 'Mss.,
2276 5908 2468 5963 protulit
2485 5902 2912 5962 mansuetum
