4042 6508
571 580 738 647 ducit,
766 577 906 652 quod
937 577 1048 647 ipse
1069 569 1287 632 donavit
1313 564 1509 624 sanctis
1553 562 1684 620 suis.
1724 559 1946 615 Deducat
1975 567 2020 614 lc
2046 574 2142 612 mt-

565 674 789 731 rabilitcr
806 674 1008 727 dcxtcra
1029 678 1134 722 tua.

637 768 724 825 16.
770 765 936 838 Iners.
964 758 1066 834 6.]
1095 757 1306 830 Sagitta:
1334 763 1432 810 tute
1472 758 1652 814 acuta,
1698 744 2053 838 potentissima:

564 860 730 918 verba
756 833 849 918 cor
877 833 1255 923 transligentia.
1279 860 1514 903 amorem
1539 840 1843 898 excitantia.
1875 834 2026 892 Unde
2051 833 2134 887 di-

565 955 704 1011 citur
731 951 783 1006 in
809 946 1041 1004 Canticis
1091 942 1453 999 canticorum:
1487 935 1618 1002 Quia
1659 930 1918 984 uulnerata
1967 925 2136 980 citari-

562 1055 668 1102 tatc
691 1060 782 1115 ego
811 1058 921 1095 sum
949 1037 1121 1107 (Cant.
1148 1049 1206 1100 ll,
1231 1033 1284 1094 5,
1313 1039 1428 1094 etv,
1454 1027 1531 1095 8).
1561 1025 1694 1078 Dicit
1719 1021 1858 1115 etum
1886 1019 2135 1072 vulnera-

561 1145 674 1194 tam
702 1113 761 1190 se
789 1147 907 1188 esse
928 1127 1203 1188 charitate,
1235 1121 1285 1176 id
1306 1127 1406 1180 est.
1435 1130 1614 1170 amare
1643 1129 1700 1168 se
1719 1113 1846 1166 dicit
1866 1152 1881 1176 ,
1912 1118 2137 1160 a-stuare

562 1220 624 1287 se
670 1227 818 1283 dicit.
861 1219 1128 1291 suspirare
1164 1226 1399 1285 sponso,
1452 1206 1590 1263 unde
1635 1203 1839 1271 accepit
1891 1201 2134 1269 sagittam

560 1317 734 1377 verbi.
762 1315 974 1385 Sagitta:
991 1319 1090 1364 tua:
1112 1316 1292 1370 oculos,
1324 1299 1676 1374 potentissime
1703 1311 1722 1350 :
1754 1305 1806 1395 (δέ
1827 1291 2136 1395 transﬁgen-

562 1424 664 1480 tes,
698 1419 749 1467 et
777 1382 1068 1463 efficientes
1095 1418 1108 1454 :
1135 1409 1315 1460 acula,
1358 1389 1733 1480 potentissima.
1764 1384 1951 1455 Populi
1974 1382 2071 1480 sub.
2089 1389 2138 1434 te

559 1470 754 1558 cadent.
784 1497 882 1565 Qui
910 1487 1252 1550 ceciderunt?
1279 1484 1376 1553 Qui
1409 1479 1643 1552 percussi
1673 1484 1816 1540 sunt,
1847 1483 1902 1529 et
1926 1470 2136 1527 cecide-

558 1603 701 1650 runt.
730 1588 959 1658 Populos
983 1583 1220 1638 videmus
1240 1576 1478 1632 subditos
1500 1571 1727 1632 Christo,
1754 1567 2004 1658 cadentes
2024 1579 2132 1658 non

558 1656 820 1743 videmus.
849 1676 1080 1743 Exponit
1106 1673 1192 1726 ubi
1214 1667 1412 1724 cadunt
1441 1683 1454 1720 :
1485 1665 1536 1717 in
1570 1660 1739 1715 corde.
1772 1657 1844 1714 lbi
1874 1672 1933 1710 se
1960 1656 2134 1724 erige-

558 1777 686 1834 bant
736 1774 991 1828 adversus
1024 1764 1316 1823 Christum,
1347 1757 1414 1810 ibi
1444 1753 1639 1810 cadunt
1681 1758 1806 1809 ante
1831 1746 2128 1808 Christum.

556 1863 967 1937 Blasphemabat
1038 1857 1229 1914 Saulus
1281 1852 1591 1914 Christum,
1666 1855 1875 1902 erectus
1944 1850 2058 1945 erat
2114 1859 2128 1896 :

555 1958 818 2032 supplicat
861 1952 1112 2014 Christo.
1152 1945 1384 2008 cecidit,
1430 1948 1728 2037 prostratus
1775 1947 1855 2037 est
1884 1953 1899 1988 :
1917 1948 2131 2037 occisus

554 2026 641 2108 esi
665 2026 929 2104 inimicus
978 2040 1212 2102 Christi,
1266 2045 1322 2091 ut
1372 2034 1518 2089 vivat
1574 2030 1863 2102 discipulus
1911 2026 2129 2082 Christi.

555 2144 634 2200 De
699 2139 836 2195 ccelo
906 2135 1099 2191 emissa
1178 2128 1365 2198 sagitta
1395 2167 1411 2193 ,
1479 2122 1640 2177 corde
1715 2132 1995 2189 percussus
2049 2123 2132 2170 est

553 2234 790 2296 Saulus,
847 2225 1082 2283 nondum
1145 2219 1382 2278 Paulus,
1432 2214 1603 2268 adhuc
1664 2211 1895 2275 Saulus,
1957 2207 2130 2262 adhuc

553 2333 805 2385 erectus,
873 2315 1108 2372 nondum
1172 2318 1467 2382 prostratus
1519 2305 1776 2373 :accepit
1843 2302 2127 2372 sagittam,

552 2414 747 2473 cecidit
788 2412 841 2468 in
892 2407 1074 2464 corde.
1113 2404 1229 2460 Non
1277 2401 1420 2458 enim
1449 2396 1592 2469 quod
1641 2403 1936 2466 prostratus
1961 2402 2042 2447 est
2078 2392 2128 2445 in

551 2508 710 2574 facie,
744 2504 814 2562 ibi
859 2499 1051 2556 cecidit
1098 2496 1150 2551 in
1195 2488 1556 2555 corde';sed
1611 2489 1697 2542 ubi
1745 2487 1858 2540 ait:
1895 2484 2126 2548 Domine,

552 2598 674 2672 quid
695 2611 773 2649 me
793 2593 943 2664 jubes
960 2595 1125 2662 facere
1150 2586 1284 2659 (Act.
1310 2599 1388 2647 ix,
1422 2580 1514 2650 6)?
1559 2577 1712 2634 Modo
1742 2577 1854 2631 ibas
1883 2577 1946 2630 ad
1972 2574 2128 2672 Citrio

549 2666 752 2750 stianos
771 2684 1065 2757 alligandos
1083 2693 1134 2736 et
1159 2676 1523 2750 perduCcndos
1539 2673 1603 2728 ad
1628 2686 1835 2741 pinnam
1859 2687 1874 2735 ;
1896 2679 1948 2724 et
1971 2666 2129 2722 modo

548 2786 685 2841 dicis
701 2781 914 2838 Christo
946 2795 960 2830 :
996 2773 1132 2840 Quid
1160 2770 1396 2842 mejubcs
1423 2766 1630 2840 facere?
1655 2764 1696 2817 0
1724 2764 1967 2833 sagittam
1999 2774 2127 2815 acu-

549 2887 679 2942 tam,
710 2870 1156 2947 potentissimum,
1207 2880 1309 2935 qua
1357 2868 1571 2932 accepta
1609 2857 1800 2913 cecidit
1845 2855 2034 2947 Saulus
2073 2861 2127 2907 ut

547 2977 694 3026 esset
717 2946 948 3022 Paulus!
982 2960 1052 3017 Ut
1073 2959 1186 3022 ille,
1216 2960 1286 3011 ita
1308 2963 1361 3010 et
1382 2953 1556 3024 populi
1589 2969 1600 3004 :
1631 2958 1816 3020 gentes
1847 2946 2122 3009 attendite,

546 3062 722 3122 videte
759 3057 998 3116 subditas
1035 3053 1268 3109 Christo.
1297 3049 1456 3116 Ergo,
1506 3043 1698 3112 Populi
1725 3040 1815 3096 sub
1850 3049 1896 3094 te
1922 3038 2122 3105 cadent,

545 3159 599 3213 in
651 3153 804 3210 corde
847 3148 1166 3204 inimicorum
1190 3143 1320 3212 regis
1350 3156 1367 3194 :
1394 3138 1495 3194 hoc
1521 3147 1623 3200 est,
1655 3137 1709 3190 in
1753 3133 1914 3190 corde
1943 3132 2124 3188 inimi-

546 3263 731 3306 corum
777 3253 1009 3298 tuorum.
1065 3238 1241 3306 ipsum
1269 3233 1411 3288 enim
1458 3227 1690 3300 appellat
1719 3241 1919 3295 regem,
1948 3224 2120 3293 ipsum

535 3333 694 3398 'ttovit
720 3349 920 3406 regem.
955 3327 1140 3400 Papuli
1163 3323 1254 3380 sub
1295 3333 1342 3377 te
1388 3320 1598 3384 cadent,
1631 3317 1685 3371 in
1714 3317 1863 3370 corde
1890 3314 2121 3370 inimico-

543 3445 658 3486 rum
701 3428 849 3498 regis.
893 3417 1098 3480 inimici
1138 3423 1336 3472 erant:
1371 3420 1688 3481 acceperunt
1736 3409 1950 3478 sagittas
1979 3414 2118 3474 tuas,

531 3523 853 3582 ceciderunt
878 3529 1000 3573 ante
1027 3525 1098 3571 te.
1142 3513 1220 3568 Ex
1247 3505 1474 3565 inimicis
1500 3503 1655 3559 amici
1684 3501 1807 3559 facti
1834 3509 1993 3556 sunt:
2023 3500 2122 3556 ini-

541 3616 666 3674 mici
687 3610 882 3670 mortui
911 3619 1054 3669 sunt.
1085 3603 1241 3659 amici
1267 3601 1471 3656 vivunt.
1503 3596 1611 3650 Hoc
1634 3604 1735 3660 est,
1769 3591 1872 3647 Pro
1903 3593 1981 3647 his
2008 3607 2121 3662 qua

541 3705 999 3766 commutabantur.
1033 3695 1332 3767 Qumrimus
1377 3687 1672 3758 intelligere
1699 3685 1860 3740 verba
1888 3683 2115 3754 singula,

541 3816 733 3858 versus
759 3796 994 3866 singulos
1029 3809 1041 3845 :
1073 3790 1142 3845 ita
1171 3799 1346 3842 tamen
1391 3781 1696 3852 quaerimus,
1722 3788 1778 3831 ut
1811 3776 1880 3832 de
1902 3777 2116 3831 Christo

542 3895 646 3951 dici
689 3905 846 3948 nemo
875 3886 1098 3942 dubitet.
1129 3878 1320 3950 Populi
1343 3875 1434 3932 sub
1456 3883 1503 3929 te
1536 3874 1735 3936 cadent,
1765 3869 1818 3924 in
1841 3869 1992 3924 corde
2013 3869 2114 3922 ini-

541 3988 789 4043 micorum
815 3980 961 4050 regis.

613 4078 701 4134 17.
727 4076 876 4149 [rem
911 4067 987 4142 7.]
1012 4066 1166 4123 Sedes
1189 4073 1294 4123 tua,
1325 4059 1476 4124 Deus,
1504 4057 1559 4111 in
1583 4052 1770 4110 secula
1795 4049 2110 4149 surculorum.

542 4171 673 4239 Quia
702 4146 972 4223 benedixit
1004 4174 1055 4216 te
1084 4159 1225 4214 Deus
1253 4157 1304 4210 in
1334 4160 1628 4214 aeternum,
1657 4157 1875 4217 propter
1891 4146 2117 4239 gratiam

541 4235 784 4321 dill'usani
814 4260 864 4314 in
895 4254 1046 4310 labiis
1067 4251 1190 4307 tuis.
1224 4248 1352 4303 Erat
1378 4254 1554 4299 autem
1583 4239 1738 4296 sedes
1758 4239 1906 4310 regni
1921 4235 2117 4308 judaici

543 4352 870 4418 (auguralis,
903 4347 1175 4417 pertinens
1191 4339 1258 4393 ad
1288 4352 1382 4393 eos
1401 4336 1490 4407 qui
1510 4333 1610 4389 sub
1634 4332 1773 4402 Lege
1803 4339 1976 4392 erant,
2008 4343 2115 4384 non

540 4457 604 4506 ita“
637 4415 729 4503 (λε
751 4415 864 4516 .qui
894 4415 992 4496 sub
1029 4433 1208 4494 Gratia
1239 4439 1432 4486 erant:
1462 4426 1606 4516 venit
1636 4424 1723 4516 ille
1767 4430 1825 4478 ut
1868 4421 2120 4516 liberaret

541 4571 636 4598 an-
671 4539 759 4606 qui
788 4513 899 4589 sub
934 4531 1073 4598 Lege
1109 4531 1283 4587 erant,
1315 4529 1369 4576 et
1396 4518 1498 4574 sub
1527 4515 1706 4573 Gratia
1749 4513 2114 4606 constitueret.

542 4604 703 4690 Sedes
751 4629 861 4701 ejus
906 4625 958 4677 in
1002 4618 1187 4674 saecula
1211 4613 1530 4669 siliculorum.
1553 4607 1766 4677 Quare?
1791 4605 1928 4675 Quia
1963 4604 2120 4701 sedes

543 4727 633 4782 illa
655 4697 822 4794 prima
868 4715 1012 4785 l‘t'tltll
1060 4705 1365 4777 temporalis
1391 4702 1510 4794 fuit.
1538 4699 1691 4756 Unde
1718 4712 1860 4794 nunc
1885 4697 2042 4794 sedes
2063 4699 2117 4785 in

541 4789 734 4874 saecula
767 4804 1110 4867 smculorum?
1132 4800 1261 4868 Quia
1295 4795 1405 4850 Dei.
1441 4793 1724 4856 Sedi'stua,
1760 4789 1914 4856 Deus,
1940 4790 1993 4844 in
2021 4805 2120 4844 εω-

542 4911 658 4967 cula
682 4905 994 4962 seculorum.
1029 4896 1074 4951 Ο
1100 4887 1412 4948 mternitatis
1443 4883 1690 4938 divinitas
1727 4880 1768 4934 ’l
1809 4879 1924 4934 Non
1974 4880 2117 4936 enim

543 5008 725 5074 posset
770 4996 911 5049 Deus
946 4987 1131 5044 sedem
1169 4981 1364 5036 habere
1399 4971 1765 5074 temporalem.
1791 4969 1970 5072 .Sedes
2008 4978 2115 5072 tua,

542 5061 702 5154 Deus,
739 5090 793 5143 in
835 5081 1020 5140 sarcula
1065 5074 1380 5133 surculorum.
1439 5065 1595 5137 Virga
1628 5061 1936 5166 directionis,
1975 5061 2116 5164 pii-9a

543 5385 604 5427 se
627 5365 893 5426 amabant,
927 5357 1063 5413 facta
1087 5365 1182 5408 sua
1221 5346 1355 5404 mala
1381 5341 1702 5413 diligebant;
1731 5353 1841 5394 non
1869 5336 2116 5427 volunta-

544 5426 652 5516 tem
673 5470 822 5513 suam
848 5452 957 5508 Deo
985 5442 1302 5505 subdebant,
1325 5435 1419 5492 sed
1439 5433 1765 5489 voluntatem
1784 5427 1878 5484 Dei
1908 5426 1974 5482 ad
1993 5439 2117 5481 suas

607 5633 626 5664 ι
657 5629 788 5679 ωιι..
819 5619 1133 5675 τγοιειιιίρεὶιιιε
1162 5629 1180 5666 :
1205 5622 1263 5679 et
1295 5611 1596 5679 inveteratae.
1617 5613 1745 5677 Litx,
1768 5605 1963 5679 dunate.
1983 5609 2118 5679 Atta-

541 5663 752 5746 mens?
822 5663 1174 5746 ἰλ
1191 5663 1406 5746 ﬁdem.
1423 5663 1756 5746 amentissimi?
1763 5663 2117 5746 _-'..§?F31__“E_.'.‘:'

542 5726 801 5868 ἓῖἔζθυᾼῖυξς
822 5726 1172 5796 ,ςιῖιίὶῖιῖιῇἆὶε
1189 5751 1248 5786 ex
1272 5726 1740 5797 ipsa'iuterpretaudi
1762 5726 1948 5778 ratione
1969 5726 2116 5778 intel-

565 5817 682 5875 igas.

607 5855 767 5924 Γιζιεε.
793 5871 869 5921 uic
891 5881 982 5935 nor
1007 5865 1204 5935 habent,
1223 5859 1274 5911 in
1292 5855 1450 5913 corde.

607 5938 630 5974 ³
659 5943 774 5991 octo
792 5941 916 5995 uss,
933 5929 1139 5983 divitias.

1715 428 1717 430 ’
1765 445 1823 499 s.
1865 441 2231 500 AUGUSTINI
2271 442 2569 504 EPISCOPI

3721 465 3787 520 50
3796 466 3826 518 -1

2251 565 2706 634 concupiscentias
2735 568 2948 625 ﬂectere
2971 569 3234 627 volebant.
3255 569 3500 630 Irascitur
3518 575 3662 631 enim
3695 591 3827 645 pec-

2248 663 2397 710 cator
2415 665 2468 711 et
2497 659 2705 729 iniquus
2735 663 3042 735 plerumque
3074 665 3180 720 Deo
3200 708 3214 732 ,
3261 671 3380 736 quia
3428 683 3536 724 non
3570 669 3742 738 pluit;
3773 679 3825 725 et

2249 758 2355 800 non
2380 749 2488 803 vult
2513 751 2612 805 sibi
2652 752 2814 807 Deum
2848 755 3025 818 irasci,
3055 759 3175 826 quia
3203 755 3336 812 ﬂuit.
3367 757 3433 813 Et
3457 758 3524 813 ad
3568 761 3672 815 hoc
3700 776 3826 830 pro-

2245 837 2530 906 pemodnm
2581 841 2768 896 sedent
2819 845 3058 913 quotidie
3105 846 3388 917 homines,
3445 859 3502 904 ut
3539 849 3820 920 disputent

2243 938 2426 980 contra
2459 929 2619 983 Deum
2651 951 2664 986 :
2695 935 2801 988 lloc
2824 934 2997 991 lurore
3019 939 3215 1000 debuit.
3241 939 3341 994 hoc
3369 955 3472 994 non
3501 941 3638 996 bene
3664 940 3815 996 fet-it.

2243 1015 2318 1068 Τιι
2350 1018 2588 1074 videlicet
2621 1023 2764 1078 vides
2807 1028 2930 1093 quid
2965 1027 3144 1088 facias.
3185 1029 3270 1084 illo
3298 1031 3506 1084 nescit?
3553 1031 3817 1084 Distortus

2243 1115 2295 1160 tu
2317 1121 2393 1164 es.
2429 1109 2515 1164 ille
2561 1121 2734 1166 rectus
2780 1127 2879 1170 est.
2919 1117 3202 1174 Distortum
3244 1121 3310 1174 ad
3351 1131 3554 1189 rectum
3599 1121 3815 1190 quando

2240 1200 2550 1270 conjungis?
2586 1204 2869 1261 Collineziri
2899 1223 3002 1262 non
3034 1219 3227 1279 potest.
3260 1211 3531 1282 Tanquam
3556 1213 3602 1267 si
3633 1214 3686 1266 in
3724 1227 3814 1282 pa-

2243 1289 2477 1346 vimento
2503 1296 2693 1364 aequali
2718 1312 2882 1366 ponas
2913 1299 3108 1368 lignum
3135 1310 3390 1368 curvum;
3419 1319 3524 1358 non
3563 1303 3811 1374 adiungi-

2240 1388 2344 1446 tur,
2388 1395 2494 1438 non
2533 1385 2786 1453 cohirret,
2819 1406 2924 1444 non
2953 1403 3234 1462 coaptatur
3280 1395 3584 1463 pavimento
3614 1412 3628 1448 :
3659 1395 3809 1465 pavi-

2238 1487 2476 1531 mentum
2505 1479 2696 1550 ubique
2743 1483 2948 1553 aequale
2983 1496 3094 1550 est;
3136 1486 3229 1541 sed
3282 1487 3408 1543 illud
3451 1503 3673 1542 curvum
3701 1495 3809 1555 est,

2238 1581 2341 1620 non
2364 1579 2640 1638 coaptatur
2669 1574 2878 1643 arquali.
2906 1575 3045 1646 Ergo
3075 1577 3168 1632 Dei
3197 1577 3442 1633 voluntas
3464 1577 3683 1647 aequalis
3703 1585 3811 1646 est.

2238 1664 2322 1710 tua
2362 1673 2520 1713 curva
2569 1669 2650 1716 est
2691 1679 2705 1718 :
2739 1674 3016 1733 propterea
3058 1667 3152 1721 tibi
3192 1683 3354 1723 curva
3385 1667 3404 1700 ⁸
3437 1667 3648 1723 videtur
3693 1669 3810 1737 illa,

2233 1752 2355 1826 quia
2383 1762 2437 1812 tu
2467 1753 2537 1814 illi
2565 1757 2802 1830 coaptari
2826 1773 2933 1818 non
2963 1769 3114 1834 potes
3147 1777 3161 1818 :
3192 1759 3360 1836 dirige
3381 1760 3447 1820 ad
3471 1761 3614 1821 illam
3641 1769 3715 1828 te.
3742 1776 3814 1818 ne

2236 1847 2377 1902 illam
2407 1850 2532 1905 velis
2561 1867 2786 1908 curvare
2822 1854 2888 1909 ad
2929 1863 2981 1910 te
3007 1857 3064 1922 ’ς
3111 1858 3234 1926 quia
3263 1872 3366 1912 non
3411 1868 3580 1927 potes,
3613 1858 3813 1913 frustra

2235 1940 2446 1995 conaris
2479 1958 2492 1993 :
2524 1942 2613 1996 illa
2665 1958 2880 2015 semper
2919 1945 3119 2002 directa
3159 1957 3261 2004 est.
3315 1947 3408 2003 Vis
3455 1948 3530 2004 illi
3568 1948 3813 2004 haerere?

2235 2027 2532 2099 Corrigere.
2579 2033 2694 2090 Erit
2723 2036 2867 2107 virga
2897 2037 3062 2107 ipsius
3087 2040 3177 2109 qui
3223 2048 3274 2094 te
3301 2040 3466 2109 regit,
3493 2039 3639 2110 virga
3665 2039 3815 2095 dire—

2235 2122 2447 2178 ctiouis.
2479 2124 2606 2180 lude
2651 2135 2706 2181 et
2748 2143 2843 2183 rex
2868 2143 2899 2182 a
2938 2129 3173 2201 regendo
3207 2129 3420 2186 dicitur.
3465 2130 3582 2187 Non
3626 2142 3812 2187 autem

2233 2217 2369 2286 regit
2396 2217 2484 2286 qui
2512 2233 2617 2274 non
2659 2221 2896 2293 corrigit.
2928 2222 3008 2278 Ad
3037 2223 3138 2280 hoc
3162 2232 3246 2279 est
3280 2239 3373 2280 rex
3419 2233 3598 2280 noster
3629 2236 3814 2280 recto-

2234 2327 2350 2364 rum
2382 2327 2492 2366 rcx.
2523 2312 2801 2379 Quomodo
2831 2323 2885 2370 et
2928 2315 3182 2371 sacerdos
3204 2331 3232 2370 a
3274 2315 3655 2373 sanctificando
3684 2334 3810 2383 nos,

2235 2404 2304 2459 ila
2337 2412 2392 2459 et
2418 2420 2510 2460 rex
2543 2420 2572 2459 a
2601 2407 2833 2476 regendo
2859 2423 2955 2462 nos
2980 2408 3022 2464 ⁸.
3067 2409 3170 2463 Sed
3209 2409 3334 2478 quid
3373 2410 3447 2463 ait
3493 2410 3599 2465 alio
3649 2411 3772 2466 loco
3793 2412 3815 2454 ⁷

2233 2495 2357 2549 Cum
2384 2507 2557 2552 sancto
2580 2509 2786 2554 sanctus
2808 2501 2927 2567 eris,
2955 2510 3001 2554 et
3023 2516 3137 2555 cum
3158 2503 3263 2555 viro
3291 2503 3549 2556 innocente
3569 2503 3815 2559 innocens

2231 2592 2346 2653 eris,
2373 2574 2418 2644 et
2443 2609 2557 2646 cum
2577 2591 2732 2647 electo
2751 2594 2934 2649 electus
2961 2595 3078 2660 eris,
3101 2604 3150 2648 et
3163 2611 3275 2648 cum
3298 2611 3524 2665 peruerso
3546 2613 3816 2664 pervasus

2231 2686 2329 2740 eris
2359 2683 2528 2757 (Psal.
2563 2696 2694 2753 xvu,
2721 2686 2810 2748 26.
2843 2686 2936 2760 27)
2961 2707 2974 2743 :
3000 2703 3106 2744 non
3146 2689 3266 2759 quia
3316 2705 3598 2759 perversus
3642 2691 3811 2759 Deus,

2231 2779 2326 2834 sed
2355 2782 2476 2848 quia
2506 2781 2742 2850 perversi
2764 2796 3069 2851 perversum
3099 2798 3220 2837 eum
3249 2792 3455 2857 putant.
3501 2785 3683 2840 Placet
3712 2789 3812 2842 tibi

2233 2868 2450 2937 bonum,
2476 2870 2645 2926 bonus
2671 2881 2752 2926 est
2780 2871 2920 2926 Deus
2950 2889 2964 2926 :
2997 2871 3242 2941 displicet
3271 2873 3386 2940 tibi,
3428 2875 3576 2942 quasi
3610 2890 3810 2943 pravus

2231 2969 2314 3016 est
2345 2960 2499 3015 Deus.
2531 2961 2737 3016 Curvus
2762 2971 2842 3017 est
2871 2963 2935 3018 ad
2966 2971 3016 3018 te
3046 2963 3206 3029 Deus,
3246 2974 3330 3019 tua
3360 2975 3645 3020 curvatura
3679 2967 3814 3024 facit

2231 3049 2333 3107 hoc
2365 3071 2378 3108 :
2407 3068 2526 3107 nam
2559 3053 2698 3108 illius
2717 3053 2977 3109 rectitudo
3000 3069 3212 3126 semper
3228 3067 3424 3113 manet.
3456 3058 3591 3113 Audi
3622 3059 3674 3113 in
3700 3062 3812 3116 alio

2229 3143 2436 3213 psalmo
2465 3161 2478 3197 :
2505 3143 2669 3209 Quam
2692 3145 2852 3202 bonus
2885 3143 3020 3202 Deus
3047 3145 3214 3203 Israel
3244 3149 3392 3205 rectis
3434 3150 3584 3205 corde
3612 3153 3631 3221 (
3655 3149 3808 3210 Psol.

2228 3247 2400 3296 uxu,
2433 3236 2456 3289 ί
2489 3233 2538 3301 )ι

2299 3329 2386 3383 18.
2416 3326 2564 3401 [verm
2591 3327 2667 3402 8.]
2701 3327 2857 3402 Virga
2885 3331 3194 3399 directionis,
3241 3333 3382 3403 uirga
3405 3335 3548 3405 regni
3575 3335 3670 3390 tui.
3701 3334 3809 3392 Di-

2226 3420 2394 3476 lcxisti
2423 3421 2698 3492 justitiam,
2751 3430 2799 3475 ct
2848 3422 2998 3476 odisti
3051 3423 3380 3492 iniquitatem.
3415 3423 3550 3480 Vide
3598 3427 3809 3498 virgam

2224 3511 2554 3576 diret-tionis.
2599 3510 2837 3566 Dilexisti
2870 3513 3157 3584 justitiam,
3205 3523 3252 3570 et
3285 3517 3434 3572 odisti
3460 3517 3807 3586 iniquitatem.

2225 3604 2433 3660 Accede
2457 3604 2522 3658 ad
2546 3605 2696 3658 istam
2729 3604 2950 3676 virgam.
2978 3606 3048 3661 sit
3073 3606 3166 3660 tihi
3201 3621 3292 3662 rex
3328 3607 3572 3664 Christus
3603 3627 3621 3667 :
3651 3623 3811 3683 regat

2226 3703 2278 3750 te
2297 3695 2440 3764 virga
2463 3694 2582 3760 ista,
2607 3710 2673 3749 ne
2693 3693 2897 3765 frangat
2923 3704 2993 3750 te.
3027 3696 3176 3767 Virga
3207 3700 3348 3753 enim
3378 3698 3546 3755 ferrea
3572 3711 3655 3757 est
3678 3704 3798 3772 illa,

2223 3785 2543 3842 inﬂexibilis.
2575 3785 2640 3842 Et
2676 3787 2800 3857 quid
2839 3787 3036 3843 dictum
3073 3788 3200 3844 est?
3246 3789 3407 3862 Reges
3443 3807 3527 3847 eos
3559 3794 3614 3848 in
3654 3798 3808 3868 virga

2224 3881 2419 3950 ferrea,
2451 3889 2498 3933 et
2548 3888 2784 3946 tauquam
2812 3897 2898 3934 vas
2924 3881 3070 3951 ﬁguli
3094 3891 3316 3939 conteres
3353 3899 3440 3939 eos
3476 3883 3652 3955 (Psal.
3716 3905 3758 3945 ιι
3787 3931 3806 3955 ,

2223 3969 2302 4041 9).
2357 3971 2506 4026 Alios
2551 3971 2722 4042 regit,
2767 3971 2898 4026 alios
2948 3974 3173 4028 conterit
3223 3988 3240 4029 :
3280 3974 3414 4045 regit
3453 3977 3806 4046 spirituales,

2222 4062 2449 4118 conterit
2466 4063 2725 4118 carnales.
2756 4062 2896 4133 Ergo
2923 4063 3116 4120 accede
3141 4064 3207 4119 ad
3233 4065 3388 4121 istam
3408 4067 3633 4138 virgam.
3657 4071 3809 4138 Quid

2222 4154 2276 4210 in
2304 4170 2369 4210 ea
2397 4155 2589 4210 times?
2613 4154 2738 4212 llzec
2775 4165 2857 4212 est
2888 4165 2992 4211 tota
3011 4156 3193 4229 ‘virga
3221 4177 3235 4213 :
3264 4159 3498 4217 Dileaiisti
3523 4162 3809 4235 iustitiam,

2221 4256 2271 4303 ct
2298 4246 2450 4302 odisti
2485 4247 2814 4318 iniquitatem.
2859 4249 2994 4317 Quid
3038 4251 3232 4306 times?
3266 4250 3372 4309 Sed
3411 4253 3548 4310 forte
3582 4256 3814 4328 iniquus

2220 4353 2342 4396 eras
2364 4357 2380 4395 :
2403 4339 2554 4395 audis
2573 4339 2714 4395 enim
2743 4354 2920 4410 regem
2951 4349 3096 4396 tuum
3116 4383 3131 4404 ,
3156 4344 3277 4413 quia
3301 4343 3413 4398 odit
3437 4345 3809 4416 iniquitatem,

2221 4443 2276 4491 et
2300 4435 2473 4491 times.
2505 4433 2602 4490 Est
2639 4432 2780 4503 quod
2819 4432 3000 4490 facias.
3041 4433 3177 4501 Quid
3226 4435 3375 4492 odit?
3411 4436 3752 4508 Iniquitatem
3791 4458 3810 4498 :

2221 4526 2475 4598 numquid
2500 4527 2588 4582 te?
2611 4525 2716 4582 Sed
2739 4526 2790 4582 in
2814 4533 2866 4581 te
2885 4536 2970 4582 est
2990 4527 3270 4597 iniquitas?
3289 4527 3406 4584 Odit
3439 4530 3581 4585 illam
3613 4533 3764 4588 Deus
3792 4577 3810 4603 ,

2222 4620 2398 4676 oderis
2421 4628 2476 4673 et
2499 4627 2554 4674 tu
2592 4635 2607 4673 :
2640 4627 2696 4672 ut
2722 4632 2878 4672 unam
2907 4632 3018 4673 rem
3053 4618 3212 4674 ambo
3236 4618 3472 4674 oderitis.
3505 4620 3624 4676 Eris
3651 4624 3814 4677 enim

2223 4714 2335 4770 Deo
2357 4714 2577 4774 amicus,
2605 4712 2648 4768 si
2671 4712 2828 4768 odisti
2853 4712 2991 4783 quod
3029 4713 3158 4767 odit.
3201 4711 3274 4767 Ita
3318 4720 3373 4766 ct
3406 4714 3611 4771 amabis
3653 4722 3817 4786 quod

2223 4814 2382 4862 amat.
2413 4806 2697 4876 DiSpliceat
2720 4805 2771 4858 in
2794 4805 2962 4876 teipso
2985 4805 3074 4860 tibi
3103 4805 3352 4876 iniquitas
3376 4815 3461 4862 tua
3481 4849 3496 4870 .
3515 4815 3568 4862 et
3590 4809 3818 4876 placeat

2223 4899 2316 4955 tibi
2344 4908 2582 4954 creatura
2613 4897 2798 4966 ipsius.
2827 4895 2997 4951 Homo
3023 4897 3164 4952 enim
3191 4913 3251 4952 es
3288 4899 3515 4968 iniquus.
3550 4900 3664 4954 Duo
3687 4903 3821 4958 dixi

2223 4989 2470 5054 nomina;
2499 4988 2604 5043 duo
2629 4985 3041 5055 nomina,bomo
3067 4996 3121 5042 et
3150 4988 3358 5059 iniquus
3384 5007 3397 5044 :
3432 4991 3483 5044 in
3514 4991 3628 5045 istis
3658 4992 3820 5048 duo-

2221 5079 2319 5136 bus
2372 5078 2675 5135 nominibns
2703 5093 2867 5133 unum
2909 5087 2990 5133 est
3027 5088 3267 5145 naturae,
3313 5081 3536 5135 alterum
3586 5085 3824 5152 culpas;

2221 5187 2382 5226 unum
2429 5171 2522 5225 tibi
2556 5171 2693 5226 Deus
2725 5168 2850 5225 fecit
2873 5211 2886 5235 ,
2917 5171 3140 5226 alterum
3171 5178 3228 5226 tu
3263 5169 3435 5227 fecisti
3466 5189 3480 5227 :
3505 5188 3623 5226 ama
3653 5180 3828 5244 quod

2224 5261 2359 5316 Deus
2389 5260 2540 5327 iecit,
2571 5259 2750 5315 oderis
2788 5259 2931 5331 quod
2973 5268 3027 5314 tu
3074 5260 3275 5326 fecisti,
3325 5262 3446 5330 quia
3473 5272 3529 5316 et
3554 5263 3668 5331 ipse
3704 5268 3836 5326 hoc

2221 5352 2350 5406 odit.
2375 5351 2511 5407 Vide
2537 5349 2804 5420 quomodo
2842 5351 2950 5420 jam
2999 5350 3071 5404 illi
3121 5351 3338 5420 incipias
3374 5352 3644 5424 conjungi.
3673 5373 3834 5416 cum

2221 5441 2377 5498 odisti
2403 5440 2545 5513 quod
2573 5439 2705 5496 odit.
2737 5441 3017 5496 Peccatum
3047 5443 3322 5511 puniturus
3345 5451 3452 5507 est,
3493 5443 3617 5513 quia
3648 5447 3841 5520 virga

2286 5598 2304 5629 ι
2341 5604 2437 5645 Αιιι.
2461 5604 2512 5646 et
2533 5595 2758 5657 plerique
2781 5601 2908 5657 Mss”
2931 5606 3097 5656 prava.

2285 5660 2305 5690 ³
2339 5657 2472 5716 ΕΜ..
2501 5653 2716 5721 pirigere
2740 5654 2804 5721 ad
2827 5653 2980 5714 illum,
2996 5663 3102 5721 tene
3123 5654 3274 5706 illam.
3300 5663 3418 5707 Nam
3446 5653 3492 5707 si
3511 5653 3652 5710 illam
3688 5661 3844 5720 uelis

2221 5731 2423 5772 cunare
2445 5718 2509 5767 ad
2530 5716 2716 5777 te.'Quo
2741 5716 2844 5767 loco
2865 5719 3115 5778 sequimur
3138 5725 3240 5767 Mss.

2286 5781 2308 5812 ³
2342 5779 2559 5846 Plerique
2582 5787 2706 5846 tuseu,
2750 5779 2972 5830 sacerdos
3006 5780 3072 5829 ad
3113 5777 3473 5844 sancti/ii'andos
3515 5793 3624 5842 nos,
3655 5784 3738 5834 ita
3791 5794 3848 5846 ει

2224 5855 2314 5906 rea:
2336 5841 2400 5890 ad
2425 5841 2649 5906 regendas
2675 5856 2773 5891 nos.

2290 5903 2313 5944 ὐ
2344 5910 2410 5964 ita
2431 5903 2517 5959 se:
2546 5909 2709 5974 probae
2734 5912 2860 5963 uotae
3023 5910 3076 5958 at
3100 5903 3232 5965 κάει,
3249 5908 3364 5961 tuta.
