  <div class='ocr_page' id='page_1' title='image "/cluster/home/n/w/nwhite01/storage/ocr_20150623/36/hvd.32044015471469/258.png"; bbox 0 0 4042 6454; ppageno 0'>
   <div class='ocr_carea' id='block_1_1' title="bbox 203 443 303 501">
    <p class='ocr_par' dir='ltr' id='par_1_1' title="bbox 203 443 303 501">
     <span class='ocr_line' id='line_1_1' title="bbox 203 443 303 501; baseline -0.04 1"><span class='ocrx_word' id='word_1_1' title='bbox 203 443 303 501; x_wconf 76' lang='lat'><strong>505</strong></span> 
     </span>
    </p>
   </div>
   <div class='ocr_carea' id='block_1_2' title="bbox 208 520 1800 617">
    <p class='ocr_par' dir='ltr' id='par_1_2' title="bbox 208 520 1800 617">
     <span class='ocr_line' id='line_1_2' title="bbox 208 520 1800 617; baseline -0.033 0"><span class='ocrx_word' id='word_1_2' title='bbox 208 553 529 617; x_wconf 86' lang='lat' dir='ltr'><strong>directionis</strong></span> <span class='ocrx_word' id='word_1_3' title='bbox 554 557 636 607; x_wconf 86' lang='lat' dir='ltr'><strong>est</strong></span> <span class='ocrx_word' id='word_1_4' title='bbox 664 545 809 615; x_wconf 89' lang='lat' dir='ltr'><strong>virga</strong></span> <span class='ocrx_word' id='word_1_5' title='bbox 834 533 1182 610; x_wconf 86' lang='lat' dir='ltr'><strong>regniipsius.</strong></span> <span class='ocrx_word' id='word_1_6' title='bbox 1200 526 1305 584; x_wconf 88' lang='lat' dir='ltr'><strong>Sed</strong></span> <span class='ocrx_word' id='word_1_7' title='bbox 1336 540 1443 580; x_wconf 91' lang='lat' dir='ltr'><strong>non</strong></span> <span class='ocrx_word' id='word_1_8' title='bbox 1474 520 1653 592; x_wconf 89' lang='lat' dir='ltr'><strong>puniat</strong></span> <span class='ocrx_word' id='word_1_9' title='bbox 1685 529 1800 617; x_wconf 67' lang='lat' dir='ltr'><strong>pec:</strong></span> 
     </span>
    </p>
   </div>
   <div class='ocr_carea' id='block_1_3' title="bbox 208 605 1800 711">
    <p class='ocr_par' dir='ltr' id='par_1_3' title="bbox 208 605 1800 711">
     <span class='ocr_line' id='line_1_3' title="bbox 208 605 1800 711; baseline -0.033 1"><span class='ocrx_word' id='word_1_10' title='bbox 208 646 425 711; x_wconf 77' lang='lat' dir='ltr'><strong>catum?</strong></span> <span class='ocrx_word' id='word_1_11' title='bbox 448 643 558 702; x_wconf 80' lang='lat' dir='ltr'><strong>Sed</strong></span> <span class='ocrx_word' id='word_1_12' title='bbox 589 655 691 695; x_wconf 92' lang='lat' dir='ltr'><strong>non</strong></span> <span class='ocrx_word' id='word_1_13' title='bbox 715 605 921 708; x_wconf 52' lang='lat' dir='ltr'><strong>potest:</strong></span> <span class='ocrx_word' id='word_1_14' title='bbox 940 623 1270 686; x_wconf 90' lang='lat' dir='ltr'><strong>Puniendum</strong></span> <span class='ocrx_word' id='word_1_15' title='bbox 1291 628 1374 674; x_wconf 90' lang='lat' dir='ltr'><strong>est</strong></span> <span class='ocrx_word' id='word_1_16' title='bbox 1404 621 1677 686; x_wconf 83' lang='lat' dir='ltr'><strong>peccatum</strong></span> <span class='ocrx_word' id='word_1_17' title='bbox 1711 624 1725 662; x_wconf 90' lang='lat'><strong>:</strong></span> <span class='ocrx_word' id='word_1_18' title='bbox 1754 605 1800 661; x_wconf 99' lang='lat' dir='ltr'><strong>si</strong></span> 
     </span>
    </p>
   </div>
   <div class='ocr_carea' id='block_1_4' title="bbox 214 698 1801 818">
    <p class='ocr_par' dir='ltr' id='par_1_4' title="bbox 214 698 1801 818">
     <span class='ocr_line' id='line_1_4' title="bbox 214 698 1801 818; baseline -0.031 -17"><span class='ocrx_word' id='word_1_19' title='bbox 214 740 550 818; x_wconf 83' lang='lat' dir='ltr'><strong>puniendum</strong></span> <span class='ocrx_word' id='word_1_20' title='bbox 593 749 697 789; x_wconf 87' lang='lat' dir='ltr'><strong>non</strong></span> <span class='ocrx_word' id='word_1_21' title='bbox 736 735 899 790; x_wconf 88' lang='lat' dir='ltr'><strong>esset,</strong></span> <span class='ocrx_word' id='word_1_22' title='bbox 932 737 1031 777; x_wconf 90' lang='lat' dir='ltr'><strong>nec</strong></span> <span class='ocrx_word' id='word_1_23' title='bbox 1056 724 1326 789; x_wconf 79' lang='lat' dir='ltr'><strong>peccatum</strong></span> <span class='ocrx_word' id='word_1_24' title='bbox 1366 716 1526 763; x_wconf 78' lang='lat' dir='ltr'><strong>esset.</strong></span> <span class='ocrx_word' id='word_1_25' title='bbox 1563 698 1801 758; x_wconf 67' lang='lat' dir='ltr'><strong>Preeveni</strong></span> 
     </span>
     <span class='ocr_line' id='line_1_5' title="bbox 1243 794 1799 818; baseline -0.027 15"><span class='ocrx_word' id='word_1_26' title='bbox 1243 816 1248 818; x_wconf 35' lang='grc' dir='ltr'><em>Α</em></span> <span class='ocrx_word' id='word_1_27' title='bbox 1444 803 1450 810; x_wconf 88' lang='grc'><strong>’</strong></span> <span class='ocrx_word' id='word_1_28' title='bbox 1510 797 1628 818; x_wconf 57' lang='grc' dir='ltr'><strong>ΙΙΑ..</strong></span> <span class='ocrx_word' id='word_1_29' title='bbox 1665 794 1799 818; x_wconf 55' lang='grc' dir='ltr'><strong>-..λ-ι</strong></span> 
     </span>
    </p>
   </div>
   <div class='ocr_carea' id='block_1_5' title="bbox 215 794 1802 896">
    <p class='ocr_par' dir='ltr' id='par_1_5' title="bbox 215 794 1802 896">
     <span class='ocr_line' id='line_1_6' title="bbox 215 794 1802 896; baseline -0.031 0"><span class='ocrx_word' id='word_1_30' title='bbox 215 794 359 896; x_wconf 60' lang='lat' dir='ltr'><strong>illum</strong></span> <span class='ocrx_word' id='word_1_31' title='bbox 394 853 409 887; x_wconf 87' lang='lat'><strong>:</strong></span> <span class='ocrx_word' id='word_1_32' title='bbox 446 848 555 887; x_wconf 92' lang='lat' dir='ltr'><strong>non</strong></span> <span class='ocrx_word' id='word_1_33' title='bbox 599 827 680 882; x_wconf 91' lang='lat' dir='ltr'><strong>vis</strong></span> <span class='ocrx_word' id='word_1_34' title='bbox 720 831 777 877; x_wconf 92' lang='lat' dir='ltr'><strong>ut</strong></span> <span class='ocrx_word' id='word_1_35' title='bbox 828 821 940 888; x_wconf 92' lang='lat' dir='ltr'><strong>ipse</strong></span> <span class='ocrx_word' id='word_1_36' title='bbox 973 821 1185 887; x_wconf 79' lang='lat' dir='ltr'><strong>puniat,</strong></span> <span class='ocrx_word' id='word_1_37' title='bbox 1237 816 1291 861; x_wconf 91' lang='lat' dir='ltr'><strong>tu</strong></span> <span class='ocrx_word' id='word_1_38' title='bbox 1332 803 1477 873; x_wconf 89' lang='lat' dir='ltr'><strong>puni.</strong></span> <span class='ocrx_word' id='word_1_39' title='bbox 1510 797 1633 853; x_wconf 88' lang='lat' dir='ltr'><strong>Ideo</strong></span> <span class='ocrx_word' id='word_1_40' title='bbox 1660 794 1802 848; x_wconf 88' lang='lat' dir='ltr'><strong>enim</strong></span> 
     </span>
    </p>
   </div>
   <div class='ocr_carea' id='block_1_6' title="bbox 218 889 1802 994">
    <p class='ocr_par' dir='ltr' id='par_1_6' title="bbox 218 889 1802 994">
     <span class='ocr_line' id='line_1_7' title="bbox 218 889 1802 994; baseline -0.033 -6"><span class='ocrx_word' id='word_1_41' title='bbox 218 931 388 987; x_wconf 78' lang='lat' dir='ltr'><strong>adhuc</strong></span> <span class='ocrx_word' id='word_1_42' title='bbox 412 928 530 994; x_wconf 86' lang='lat' dir='ltr'><strong>ipse</strong></span> <span class='ocrx_word' id='word_1_43' title='bbox 551 918 742 992; x_wconf 91' lang='lat' dir='ltr'><strong>parcit,</strong></span> <span class='ocrx_word' id='word_1_44' title='bbox 769 911 966 973; x_wconf 75' lang='lat' dir='ltr'><strong>differt,</strong></span> <span class='ocrx_word' id='word_1_45' title='bbox 998 915 1140 960; x_wconf 90' lang='lat' dir='ltr'><strong>tenet</strong></span> <span class='ocrx_word' id='word_1_46' title='bbox 1161 912 1396 959; x_wconf 84' lang='lat' dir='ltr'><strong>manum,</strong></span> <span class='ocrx_word' id='word_1_47' title='bbox 1420 906 1602 946; x_wconf 81' lang='lat' dir='ltr'><strong>arcum</strong></span> <span class='ocrx_word' id='word_1_48' title='bbox 1627 889 1802 940; x_wconf 89' lang='lat' dir='ltr'><strong>inten-</strong></span> 
     </span>
    </p>
   </div>
   <div class='ocr_carea' id='block_1_7' title="bbox 218 984 1803 1082">
    <p class='ocr_par' dir='ltr' id='par_1_7' title="bbox 218 984 1803 1082">
     <span class='ocr_line' id='line_1_8' title="bbox 218 984 1803 1082; baseline -0.031 -4"><span class='ocrx_word' id='word_1_49' title='bbox 218 984 310 1082; x_wconf 75' lang='lat' dir='ltr'><strong>dit.</strong></span> <span class='ocrx_word' id='word_1_50' title='bbox 343 984 451 1071; x_wconf 75' lang='lat' dir='ltr'><strong>hoc</strong></span> <span class='ocrx_word' id='word_1_51' title='bbox 477 984 755 1069; x_wconf 49' lang='lat' dir='ltr'><strong>est-minas</strong></span> <span class='ocrx_word' id='word_1_52' title='bbox 783 1006 824 1056; x_wconf 74' lang='grc'><strong>⁸.</strong></span> <span class='ocrx_word' id='word_1_53' title='bbox 852 1002 1116 1057; x_wconf 83' lang='lat' dir='ltr'><strong>Clamaret</strong></span> <span class='ocrx_word' id='word_1_54' title='bbox 1151 1002 1354 1046; x_wconf 88' lang='lat' dir='ltr'><strong>tantum</strong></span> <span class='ocrx_word' id='word_1_55' title='bbox 1388 984 1663 1039; x_wconf 80' lang='lat' dir='ltr'><strong>feriturum</strong></span> <span class='ocrx_word' id='word_1_56' title='bbox 1705 992 1763 1031; x_wconf 90' lang='lat' dir='ltr'><strong>se</strong></span> <span class='ocrx_word' id='word_1_57' title='bbox 1787 1016 1803 1042; x_wconf 95' lang='lat'><strong>,</strong></span> 
     </span>
    </p>
   </div>
   <div class='ocr_carea' id='block_1_8' title="bbox 218 1068 1803 1169">
    <p class='ocr_par' dir='ltr' id='par_1_8' title="bbox 218 1068 1803 1169">
     <span class='ocr_line' id='line_1_9' title="bbox 218 1068 1803 1169; baseline -0.032 0"><span class='ocrx_word' id='word_1_58' title='bbox 218 1113 261 1169; x_wconf 79' lang='lat' dir='ltr'><strong>si</strong></span> <span class='ocrx_word' id='word_1_59' title='bbox 288 1068 453 1164; x_wconf 64' lang='lat' dir='ltr'><strong>vellet</strong></span> <span class='ocrx_word' id='word_1_60' title='bbox 494 1099 695 1159; x_wconf 77' lang='lat' dir='ltr'><strong>ferire?</strong></span> <span class='ocrx_word' id='word_1_61' title='bbox 735 1093 918 1152; x_wconf 79' lang='lat' dir='ltr'><strong>Diﬂ‘ert</strong></span> <span class='ocrx_word' id='word_1_62' title='bbox 945 1104 1073 1159; x_wconf 87' lang='lat' dir='ltr'><strong>ergo</strong></span> <span class='ocrx_word' id='word_1_63' title='bbox 1098 1097 1310 1139; x_wconf 90' lang='lat' dir='ltr'><strong>manum</strong></span> <span class='ocrx_word' id='word_1_64' title='bbox 1341 1093 1369 1130; x_wconf 93' lang='lat' dir='ltr'><strong>a</strong></span> <span class='ocrx_word' id='word_1_65' title='bbox 1400 1071 1628 1146; x_wconf 75' lang='lat' dir='ltr'><strong>peccatis</strong></span> <span class='ocrx_word' id='word_1_66' title='bbox 1655 1068 1759 1123; x_wconf 88' lang='lat' dir='ltr'><strong>tuis</strong></span> <span class='ocrx_word' id='word_1_67' title='bbox 1789 1080 1803 1117; x_wconf 89' lang='lat'><strong>:</strong></span> 
     </span>
    </p>
   </div>
   <div class='ocr_carea' id='block_1_9' title="bbox 222 1170 1807 1263">
    <p class='ocr_par' dir='ltr' id='par_1_9' title="bbox 222 1170 1807 1263">
     <span class='ocr_line' id='line_1_10' title="bbox 222 1170 1807 1263; baseline -0.032 -1"><span class='ocrx_word' id='word_1_68' title='bbox 222 1214 276 1263; x_wconf 88' lang='lat' dir='ltr'><strong>tu</strong></span> <span class='ocrx_word' id='word_1_69' title='bbox 302 1201 415 1258; x_wconf 89' lang='lat' dir='ltr'><strong>noli</strong></span> <span class='ocrx_word' id='word_1_70' title='bbox 442 1196 682 1255; x_wconf 83' lang='lat' dir='ltr'><strong>dillerre.</strong></span> <span class='ocrx_word' id='word_1_71' title='bbox 700 1189 965 1246; x_wconf 74' lang='lat' dir='ltr'><strong>Converte</strong></span> <span class='ocrx_word' id='word_1_72' title='bbox 995 1190 1046 1236; x_wconf 89' lang='lat' dir='ltr'><strong>te</strong></span> <span class='ocrx_word' id='word_1_73' title='bbox 1074 1178 1138 1233; x_wconf 89' lang='lat' dir='ltr'><strong>ad</strong></span> <span class='ocrx_word' id='word_1_74' title='bbox 1168 1170 1429 1246; x_wconf 86' lang='lat' dir='ltr'><strong>punienda</strong></span> <span class='ocrx_word' id='word_1_75' title='bbox 1455 1171 1668 1237; x_wconf 90' lang='lat' dir='ltr'><strong>peccata</strong></span> <span class='ocrx_word' id='word_1_76' title='bbox 1698 1170 1807 1224; x_wconf 88' lang='lat' dir='ltr'><strong>tua,</strong></span> 
     </span>
    </p>
   </div>
   <div class='ocr_carea' id='block_1_10' title="bbox 223 1252 1812 1374">
    <p class='ocr_par' dir='ltr' id='par_1_10' title="bbox 223 1252 1812 1374">
     <span class='ocr_line' id='line_1_11' title="bbox 223 1252 1812 1374; baseline -0.033 -19"><span class='ocrx_word' id='word_1_77' title='bbox 223 1299 345 1374; x_wconf 86' lang='lat' dir='ltr'><strong>quia</strong></span> <span class='ocrx_word' id='word_1_78' title='bbox 390 1290 651 1363; x_wconf 73' lang='lat' dir='ltr'><strong>impunita</strong></span> <span class='ocrx_word' id='word_1_79' title='bbox 677 1298 795 1341; x_wconf 86' lang='lat' dir='ltr'><strong>esse</strong></span> <span class='ocrx_word' id='word_1_80' title='bbox 823 1283 1041 1374; x_wconf 76' lang='lat' dir='ltr'><strong>peccata</strong></span> <span class='ocrx_word' id='word_1_81' title='bbox 1070 1286 1176 1374; x_wconf 83' lang='lat' dir='ltr'><strong>non</strong></span> <span class='ocrx_word' id='word_1_82' title='bbox 1202 1269 1443 1339; x_wconf 79' lang='lat' dir='ltr'><strong>possunt.</strong></span> <span class='ocrx_word' id='word_1_83' title='bbox 1477 1252 1812 1374; x_wconf 53' lang='lat' dir='ltr'><strong>Puniendult&#39;n</strong></span> 
     </span>
    </p>
   </div>
   <div class='ocr_carea' id='block_1_11' title="bbox 228 1342 1815 1461">
    <p class='ocr_par' dir='ltr' id='par_1_11' title="bbox 228 1342 1815 1461">
     <span class='ocr_line' id='line_1_12' title="bbox 228 1342 1815 1461; baseline -0.033 -14"><span class='ocrx_word' id='word_1_84' title='bbox 228 1342 352 1461; x_wconf 50' lang='lat' dir='ltr'><strong>ergo</strong></span> <span class='ocrx_word' id='word_1_85' title='bbox 375 1342 503 1449; x_wconf 57' lang='lat' dir='ltr'><strong>erit:</strong></span> <span class='ocrx_word' id='word_1_86' title='bbox 530 1388 622 1435; x_wconf 91' lang='lat' dir='ltr'><strong>aut</strong></span> <span class='ocrx_word' id='word_1_87' title='bbox 662 1392 692 1431; x_wconf 87' lang='lat' dir='ltr'><strong>a</strong></span> <span class='ocrx_word' id='word_1_88' title='bbox 730 1342 940 1439; x_wconf 47' lang='lat' dir='ltr'><strong>te,-aut</strong></span> <span class='ocrx_word' id='word_1_89' title='bbox 972 1366 1039 1421; x_wconf 91' lang='lat' dir='ltr'><strong>ab</strong></span> <span class='ocrx_word' id='word_1_90' title='bbox 1070 1365 1185 1432; x_wconf 84' lang='lat' dir='ltr'><strong>ipso</strong></span> <span class='ocrx_word' id='word_1_91' title='bbox 1224 1375 1237 1411; x_wconf 91' lang='lat'><strong>:</strong></span> <span class='ocrx_word' id='word_1_92' title='bbox 1270 1367 1323 1411; x_wconf 95' lang='lat' dir='ltr'><strong>tu</strong></span> <span class='ocrx_word' id='word_1_93' title='bbox 1359 1364 1611 1424; x_wconf 81' lang='lat' dir='ltr'><strong>agnosce,</strong></span> <span class='ocrx_word' id='word_1_94' title='bbox 1643 1354 1702 1400; x_wconf 92' lang='lat' dir='ltr'><strong>ut</strong></span> <span class='ocrx_word' id='word_1_95' title='bbox 1726 1342 1815 1397; x_wconf 89' lang='lat' dir='ltr'><strong>ille</strong></span> 
     </span>
    </p>
   </div>
   <div class='ocr_carea' id='block_1_12' title="bbox 234 1438 1814 1555">
    <p class='ocr_par' dir='ltr' id='par_1_12' title="bbox 234 1438 1814 1555">
     <span class='ocr_line' id='line_1_13' title="bbox 234 1438 1814 1555; baseline -0.034 -16"><span class='ocrx_word' id='word_1_96' title='bbox 234 1438 502 1555; x_wconf 41' lang='grc' dir='ltr'>ἱὲοεειιι..</span> <span class='ocrx_word' id='word_1_97' title='bbox 523 1467 752 1527; x_wconf 76' lang='lat' dir='ltr'><strong>Attende</strong></span> <span class='ocrx_word' id='word_1_98' title='bbox 776 1438 1079 1530; x_wconf 84' lang='lat' dir='ltr'><strong>exemplum</strong></span> <span class='ocrx_word' id='word_1_99' title='bbox 1119 1454 1173 1508; x_wconf 92' lang='lat' dir='ltr'><strong>in</strong></span> <span class='ocrx_word' id='word_1_100' title='bbox 1204 1450 1294 1555; x_wconf 73' lang='lat' dir='ltr'><strong>illo</strong></span> <span class='ocrx_word' id='word_1_101' title='bbox 1322 1446 1523 1555; x_wconf 63' lang='lat' dir='ltr'><strong>psalmo</strong></span> <span class='ocrx_word' id='word_1_102' title='bbox 1549 1438 1814 1555; x_wconf 36' lang='lat' dir='ltr'><strong>paenitet?</strong></span> 
     </span>
    </p>
   </div>
   <div class='ocr_carea' id='block_1_13' title="bbox 238 1524 1807 1633">
    <p class='ocr_par' dir='ltr' id='par_1_13' title="bbox 238 1524 1807 1633">
     <span class='ocr_line' id='line_1_14' title="bbox 238 1524 1807 1633; baseline -0.033 -3"><span class='ocrx_word' id='word_1_103' title='bbox 238 1524 781 1633; x_wconf 74' lang='lat' dir='ltr'><strong>[aciem</strong></span> <span class='ocrx_word' id='word_1_104' title='bbox 809 1524 951 1610; x_wconf 73' lang='lat' dir='ltr'><strong>tuam</strong></span> <span class='ocrx_word' id='word_1_105' title='bbox 975 1567 1006 1604; x_wconf 90' lang='lat' dir='ltr'><strong>a</strong></span> <span class='ocrx_word' id='word_1_106' title='bbox 1028 1545 1242 1619; x_wconf 83' lang='lat' dir='ltr'><strong>peccatis</strong></span> <span class='ocrx_word' id='word_1_107' title='bbox 1272 1539 1391 1594; x_wconf 85' lang='lat' dir='ltr'><strong>meis</strong></span> <span class='ocrx_word' id='word_1_108' title='bbox 1413 1532 1582 1609; x_wconf 87' lang='lat' dir='ltr'><strong>(Psal.</strong></span> <span class='ocrx_word' id='word_1_109' title='bbox 1610 1546 1662 1594; x_wconf 79' lang='grc'><strong>1.,</strong></span> <span class='ocrx_word' id='word_1_110' title='bbox 1696 1524 1807 1597; x_wconf 81' lang='lat' dir='ltr'><strong>Il).</strong></span> 
     </span>
    </p>
   </div>
   <div class='ocr_carea' id='block_1_14' title="bbox 241 1623 1815 1735">
    <p class='ocr_par' dir='ltr' id='par_1_14' title="bbox 241 1623 1815 1735">
     <span class='ocr_line' id='line_1_15' title="bbox 241 1623 1815 1735; baseline -0.03 -12"><span class='ocrx_word' id='word_1_111' title='bbox 241 1623 499 1735; x_wconf 59' lang='lat' dir='ltr'><strong>Numquid</strong></span> <span class='ocrx_word' id='word_1_112' title='bbox 542 1623 696 1722; x_wconf 72' lang='lat' dir='ltr'><strong>dixit,</strong></span> <span class='ocrx_word' id='word_1_113' title='bbox 724 1653 767 1709; x_wconf 83' lang='lat' dir='ltr'><strong>A</strong></span> <span class='ocrx_word' id='word_1_114' title='bbox 808 1649 929 1705; x_wconf 84' lang='lat' dir='ltr'><strong>me?</strong></span> <span class='ocrx_word' id='word_1_115' title='bbox 960 1644 1079 1701; x_wconf 85' lang='lat' dir='ltr'><strong>Alio</strong></span> <span class='ocrx_word' id='word_1_116' title='bbox 1105 1640 1249 1697; x_wconf 90' lang='lat' dir='ltr'><strong>enim</strong></span> <span class='ocrx_word' id='word_1_117' title='bbox 1279 1636 1397 1691; x_wconf 90' lang='lat' dir='ltr'><strong>loco</strong></span> <span class='ocrx_word' id='word_1_118' title='bbox 1422 1638 1605 1700; x_wconf 88' lang='lat' dir='ltr'><strong>aperte</strong></span> <span class='ocrx_word' id='word_1_119' title='bbox 1624 1623 1771 1735; x_wconf 43' lang='lat' dir='ltr'><strong>[dicit</strong></span> <span class='ocrx_word' id='word_1_120' title='bbox 1799 1637 1815 1677; x_wconf 90' lang='lat'><strong>:</strong></span> 
     </span>
    </p>
   </div>
   <div class='ocr_carea' id='block_1_15' title="bbox 240 1717 1816 1822">
    <p class='ocr_par' dir='ltr' id='par_1_15' title="bbox 240 1717 1816 1822">
     <span class='ocr_line' id='line_1_16' title="bbox 240 1717 1816 1822; baseline -0.03 -7"><span class='ocrx_word' id='word_1_121' title='bbox 240 1717 563 1815; x_wconf 29' lang='lat' dir='ltr'><strong>Nehgvertas</strong></span> <span class='ocrx_word' id='word_1_122' title='bbox 592 1717 772 1822; x_wconf 77' lang='lat' dir='ltr'><strong>faciem</strong></span> <span class='ocrx_word' id='word_1_123' title='bbox 803 1750 939 1795; x_wconf 82' lang='lat' dir='ltr'><strong>tuam</strong></span> <span class='ocrx_word' id='word_1_124' title='bbox 965 1753 996 1789; x_wconf 81' lang='grc' dir='ltr'>α</span> <span class='ocrx_word' id='word_1_125' title='bbox 1021 1750 1099 1788; x_wconf 90' lang='lat' dir='ltr'><strong>me</strong></span> <span class='ocrx_word' id='word_1_126' title='bbox 1130 1729 1299 1800; x_wconf 86' lang='lat' dir='ltr'><strong>(Psal.</strong></span> <span class='ocrx_word' id='word_1_127' title='bbox 1345 1720 1592 1822; x_wconf 41' lang='lat' dir='ltr'><strong>xxvt,.9_).</strong></span> <span class='ocrx_word' id='word_1_128' title='bbox 1622 1717 1763 1786; x_wconf 84' lang='lat' dir='ltr'><strong>Ergo</strong></span> <span class='ocrx_word' id='word_1_129' title='bbox 1798 1755 1816 1783; x_wconf 84' lang='lat'><strong>,</strong></span> 
     </span>
    </p>
   </div>
   <div class='ocr_carea' id='block_1_16' title="bbox 236 1809 1820 1915">
    <p class='ocr_par' dir='ltr' id='par_1_16' title="bbox 236 1809 1820 1915">
     <span class='ocr_line' id='line_1_17' title="bbox 236 1809 1820 1915; baseline -0.032 -10"><span class='ocrx_word' id='word_1_130' title='bbox 236 1850 412 1907; x_wconf 76' lang='lat' dir='ltr'><strong>Averte</strong></span> <span class='ocrx_word' id='word_1_131' title='bbox 436 1809 625 1915; x_wconf 77' lang='lat' dir='ltr'><strong>[aciem</strong></span> <span class='ocrx_word' id='word_1_132' title='bbox 650 1845 788 1889; x_wconf 83' lang='lat' dir='ltr'><strong>tuam</strong></span> <span class='ocrx_word' id='word_1_133' title='bbox 811 1848 844 1884; x_wconf 88' lang='lat' dir='ltr'><strong>a</strong></span> <span class='ocrx_word' id='word_1_134' title='bbox 874 1825 1089 1900; x_wconf 84' lang='lat' dir='ltr'><strong>peccatis</strong></span> <span class='ocrx_word' id='word_1_135' title='bbox 1118 1820 1239 1875; x_wconf 88' lang='lat' dir='ltr'><strong>meis</strong></span> <span class='ocrx_word' id='word_1_136' title='bbox 1273 1832 1290 1871; x_wconf 91' lang='lat'><strong><em>:</em></strong></span> <span class='ocrx_word' id='word_1_137' title='bbox 1320 1815 1442 1870; x_wconf 85' lang='lat' dir='ltr'><strong>nolo</strong></span> <span class='ocrx_word' id='word_1_138' title='bbox 1465 1809 1651 1865; x_wconf 87' lang='lat' dir='ltr'><strong>videas</strong></span> <span class='ocrx_word' id='word_1_139' title='bbox 1692 1817 1820 1875; x_wconf 89' lang='lat' dir='ltr'><strong>pec-</strong></span> 
     </span>
    </p>
   </div>
   <div class='ocr_carea' id='block_1_17' title="bbox 236 1898 1825 1999">
    <p class='ocr_par' dir='ltr' id='par_1_17' title="bbox 236 1898 1825 1999">
     <span class='ocr_line' id='line_1_18' title="bbox 236 1898 1825 1999; baseline -0.03 -1"><span class='ocrx_word' id='word_1_140' title='bbox 236 1952 351 1999; x_wconf 81' lang='lat' dir='ltr'><strong>cata</strong></span> <span class='ocrx_word' id='word_1_141' title='bbox 382 1898 525 1992; x_wconf 65' lang='lat' dir='ltr'><strong>mea.</strong></span> <span class='ocrx_word' id='word_1_142' title='bbox 556 1930 688 1999; x_wconf 85' lang='lat' dir='ltr'><strong>Quia</strong></span> <span class='ocrx_word' id='word_1_143' title='bbox 717 1898 899 1981; x_wconf 88' lang='lat' dir='ltr'><strong>videre</strong></span> <span class='ocrx_word' id='word_1_144' title='bbox 927 1918 1039 1982; x_wconf 86' lang='lat' dir='ltr'><strong>Dei,</strong></span> <span class='ocrx_word' id='word_1_145' title='bbox 1079 1911 1509 1970; x_wconf 81' lang='lat' dir='ltr'><strong>animadvertere</strong></span> <span class='ocrx_word' id='word_1_146' title='bbox 1556 1908 1657 1957; x_wconf 90' lang='lat' dir='ltr'><strong>est.</strong></span> <span class='ocrx_word' id='word_1_147' title='bbox 1700 1898 1825 1954; x_wconf 91' lang='lat' dir='ltr'><strong>Ideo</strong></span> 
     </span>
    </p>
   </div>
   <div class='ocr_carea' id='block_1_18' title="bbox 235 1991 1823 2102">
    <p class='ocr_par' dir='ltr' id='par_1_18' title="bbox 235 1991 1823 2102">
     <span class='ocr_line' id='line_1_19' title="bbox 235 1991 1823 2102; baseline -0.03 -11"><span class='ocrx_word' id='word_1_148' title='bbox 235 2044 292 2091; x_wconf 80' lang='lat' dir='ltr'><strong>et</strong></span> <span class='ocrx_word' id='word_1_149' title='bbox 322 2030 493 2102; x_wconf 81' lang='lat' dir='ltr'><strong>judex</strong></span> <span class='ocrx_word' id='word_1_150' title='bbox 544 1991 684 2095; x_wconf 58' lang='lat' dir='ltr'><strong>quod</strong></span> <span class='ocrx_word' id='word_1_151' title='bbox 717 2018 889 2092; x_wconf 84' lang='lat' dir='ltr'><strong>punit,</strong></span> <span class='ocrx_word' id='word_1_152' title='bbox 918 2009 1341 2069; x_wconf 82' lang='lat' dir='ltr'><strong>animadvertere</strong></span> <span class='ocrx_word' id='word_1_153' title='bbox 1376 1999 1589 2062; x_wconf 91' lang='lat' dir='ltr'><strong>dicitur,</strong></span> <span class='ocrx_word' id='word_1_154' title='bbox 1622 1991 1675 2049; x_wconf 91' lang='lat' dir='ltr'><strong>id</strong></span> <span class='ocrx_word' id='word_1_155' title='bbox 1701 1998 1823 2056; x_wconf 91' lang='lat' dir='ltr'><strong>est,</strong></span> 
     </span>
    </p>
   </div>
   <div class='ocr_carea' id='block_1_19' title="bbox 238 2084 1830 2182">
    <p class='ocr_par' dir='ltr' id='par_1_19' title="bbox 238 2084 1830 2182">
     <span class='ocr_line' id='line_1_20' title="bbox 238 2084 1830 2182; baseline -0.03 0"><span class='ocrx_word' id='word_1_156' title='bbox 238 2084 475 2182; x_wconf 64' lang='lat' dir='ltr'><strong>animum</strong></span> <span class='ocrx_word' id='word_1_157' title='bbox 505 2084 631 2175; x_wconf 78' lang='lat' dir='ltr'><strong>illuc</strong></span> <span class='ocrx_word' id='word_1_158' title='bbox 657 2084 966 2172; x_wconf 67' lang='lat' dir='ltr'><strong>advertere;</strong></span> <span class='ocrx_word' id='word_1_159' title='bbox 1000 2100 1275 2159; x_wconf 89' lang='lat' dir='ltr'><strong>intendere</strong></span> <span class='ocrx_word' id='word_1_160' title='bbox 1303 2096 1484 2165; x_wconf 85' lang='lat' dir='ltr'><strong>utique</strong></span> <span class='ocrx_word' id='word_1_161' title='bbox 1508 2088 1577 2144; x_wconf 89' lang='lat' dir='ltr'><strong>ad</strong></span> <span class='ocrx_word' id='word_1_162' title='bbox 1607 2084 1830 2158; x_wconf 84' lang='lat' dir='ltr'><strong>punien-</strong></span> 
     </span>
    </p>
   </div>
   <div class='ocr_carea' id='block_1_20' title="bbox 240 2178 1821 2283">
    <p class='ocr_par' dir='ltr' id='par_1_20' title="bbox 240 2178 1821 2283">
     <span class='ocr_line' id='line_1_21' title="bbox 240 2178 1821 2283; baseline -0.028 -10"><span class='ocrx_word' id='word_1_163' title='bbox 240 2178 383 2280; x_wconf 74' lang='lat' dir='ltr'><strong>dum,</strong></span> <span class='ocrx_word' id='word_1_164' title='bbox 413 2212 540 2283; x_wconf 84' lang='lat' dir='ltr'><strong>quia</strong></span> <span class='ocrx_word' id='word_1_165' title='bbox 566 2206 734 2278; x_wconf 84' lang='lat' dir='ltr'><strong>judex</strong></span> <span class='ocrx_word' id='word_1_166' title='bbox 763 2208 867 2259; x_wconf 90' lang='lat' dir='ltr'><strong>est.</strong></span> <span class='ocrx_word' id='word_1_167' title='bbox 898 2198 986 2254; x_wconf 86' lang='lat' dir='ltr'><strong>Sic</strong></span> <span class='ocrx_word' id='word_1_168' title='bbox 1022 2206 1105 2251; x_wconf 91' lang='lat' dir='ltr'><strong>est</strong></span> <span class='ocrx_word' id='word_1_169' title='bbox 1141 2200 1198 2248; x_wconf 89' lang='lat' dir='ltr'><strong>et</strong></span> <span class='ocrx_word' id='word_1_170' title='bbox 1234 2188 1394 2261; x_wconf 77' lang='lat' dir='ltr'><strong>judex</strong></span> <span class='ocrx_word' id='word_1_171' title='bbox 1441 2183 1600 2239; x_wconf 88' lang='lat' dir='ltr'><strong>Deus.</strong></span> <span class='ocrx_word' id='word_1_172' title='bbox 1642 2178 1821 2277; x_wconf 72' lang='lat' dir='ltr'><strong>Averte</strong></span> 
     </span>
    </p>
   </div>
   <div class='ocr_carea' id='block_1_21' title="bbox 242 2265 1833 2380">
    <p class='ocr_par' dir='ltr' id='par_1_21' title="bbox 242 2265 1833 2380">
     <span class='ocr_line' id='line_1_22' title="bbox 242 2265 1833 2380; baseline -0.027 -17"><span class='ocrx_word' id='word_1_173' title='bbox 242 2265 602 2380; x_wconf 59' lang='grc' dir='ltr'>ξᾶἕεῖιιίωιλ</span> <span class='ocrx_word' id='word_1_174' title='bbox 640 2314 672 2351; x_wconf 88' lang='lat' dir='ltr'><strong>a</strong></span> <span class='ocrx_word' id='word_1_175' title='bbox 716 2291 931 2366; x_wconf 83' lang='lat' dir='ltr'><strong>peccatis</strong></span> <span class='ocrx_word' id='word_1_176' title='bbox 964 2288 1107 2343; x_wconf 85' lang='lat' dir='ltr'><strong>meis.</strong></span> <span class='ocrx_word' id='word_1_177' title='bbox 1143 2282 1223 2338; x_wconf 87' lang='lat' dir='ltr'><strong>Tu</strong></span> <span class='ocrx_word' id='word_1_178' title='bbox 1250 2279 1317 2335; x_wconf 85' lang='lat' dir='ltr'><strong>ab</strong></span> <span class='ocrx_word' id='word_1_179' title='bbox 1345 2276 1473 2347; x_wconf 88' lang='lat' dir='ltr'><strong>ipsis</strong></span> <span class='ocrx_word' id='word_1_180' title='bbox 1503 2271 1693 2327; x_wconf 84' lang='lat' dir='ltr'><strong>faciem</strong></span> <span class='ocrx_word' id='word_1_181' title='bbox 1721 2265 1833 2323; x_wconf 93' lang='lat' dir='ltr'><strong>noli</strong></span> 
     </span>
    </p>
   </div>
   <div class='ocr_carea' id='block_1_22' title="bbox 244 2366 1827 2459">
    <p class='ocr_par' dir='ltr' id='par_1_22' title="bbox 244 2366 1827 2459">
     <span class='ocr_line' id='line_1_23' title="bbox 244 2366 1827 2459; baseline -0.03 -1"><span class='ocrx_word' id='word_1_182' title='bbox 244 2366 513 2459; x_wconf 68' lang='lat' dir='ltr'><strong>avertere,</strong></span> <span class='ocrx_word' id='word_1_183' title='bbox 540 2392 586 2448; x_wconf 92' lang='lat' dir='ltr'><strong>si</strong></span> <span class='ocrx_word' id='word_1_184' title='bbox 614 2390 694 2445; x_wconf 86' lang='lat' dir='ltr'><strong>vis</strong></span> <span class='ocrx_word' id='word_1_185' title='bbox 718 2395 776 2442; x_wconf 92' lang='lat' dir='ltr'><strong>ut</strong></span> <span class='ocrx_word' id='word_1_186' title='bbox 802 2386 941 2441; x_wconf 91' lang='lat' dir='ltr'><strong>Deus</strong></span> <span class='ocrx_word' id='word_1_187' title='bbox 969 2379 1036 2433; x_wconf 88' lang='lat' dir='ltr'><strong>ab</strong></span> <span class='ocrx_word' id='word_1_188' title='bbox 1063 2375 1192 2447; x_wconf 87' lang='lat' dir='ltr'><strong>ipsis</strong></span> <span class='ocrx_word' id='word_1_189' title='bbox 1218 2376 1425 2427; x_wconf 83' lang='lat' dir='ltr'><strong>avertat</strong></span> <span class='ocrx_word' id='word_1_190' title='bbox 1440 2366 1629 2420; x_wconf 77' lang='lat' dir='ltr'><strong>faciem</strong></span> <span class='ocrx_word' id='word_1_191' title='bbox 1655 2374 1827 2415; x_wconf 89' lang='lat' dir='ltr'><strong>suam.</strong></span> 
     </span>
    </p>
   </div>
   <div class='ocr_carea' id='block_1_23' title="bbox 244 2452 1835 2561">
    <p class='ocr_par' dir='ltr' id='par_1_23' title="bbox 244 2452 1835 2561">
     <span class='ocr_line' id='line_1_24' title="bbox 244 2452 1835 2561; baseline -0.03 -10"><span class='ocrx_word' id='word_1_192' title='bbox 244 2452 375 2552; x_wconf 52' lang='grc' dir='ltr'><strong>ἧίᾶε</strong></span> <span class='ocrx_word' id='word_1_193' title='bbox 416 2452 690 2561; x_wconf 83' lang='lat' dir='ltr'><strong>quomodo</strong></span> <span class='ocrx_word' id='word_1_194' title='bbox 714 2481 818 2535; x_wconf 90' lang='lat' dir='ltr'><strong>hoc</strong></span> <span class='ocrx_word' id='word_1_195' title='bbox 844 2474 1001 2532; x_wconf 76' lang='lat' dir='ltr'><strong>offert</strong></span> <span class='ocrx_word' id='word_1_196' title='bbox 1024 2472 1135 2526; x_wconf 91' lang='lat' dir='ltr'><strong>Deo</strong></span> <span class='ocrx_word' id='word_1_197' title='bbox 1160 2469 1213 2523; x_wconf 94' lang='lat' dir='ltr'><strong>in</strong></span> <span class='ocrx_word' id='word_1_198' title='bbox 1252 2466 1367 2535; x_wconf 88' lang='lat' dir='ltr'><strong>ipso</strong></span> <span class='ocrx_word' id='word_1_199' title='bbox 1395 2459 1599 2531; x_wconf 89' lang='lat' dir='ltr'><strong>psalmo</strong></span> <span class='ocrx_word' id='word_1_200' title='bbox 1632 2473 1646 2510; x_wconf 90' lang='lat'><strong>:</strong></span> <span class='ocrx_word' id='word_1_201' title='bbox 1682 2452 1835 2507; x_wconf 83' lang='lat' dir='ltr'><strong>Faci-</strong></span> 
     </span>
    </p>
   </div>
   <div class='ocr_carea' id='block_1_24' title="bbox 246 2553 1837 2649">
    <p class='ocr_par' dir='ltr' id='par_1_24' title="bbox 246 2553 1837 2649">
     <span class='ocr_line' id='line_1_25' title="bbox 246 2553 1837 2649; baseline -0.027 -7"><span class='ocrx_word' id='word_1_202' title='bbox 246 2603 341 2642; x_wconf 68' lang='lat' dir='ltr'><strong>nus</strong></span> <span class='ocrx_word' id='word_1_203' title='bbox 360 2597 528 2638; x_wconf 76' lang='lat' dir='ltr'><strong>meum</strong></span> <span class='ocrx_word' id='word_1_204' title='bbox 552 2594 663 2649; x_wconf 82' lang='lat' dir='ltr'><strong>ego,</strong></span> <span class='ocrx_word' id='word_1_205' title='bbox 688 2571 879 2644; x_wconf 87' lang='lat' dir='ltr'><strong>inquit,</strong></span> <span class='ocrx_word' id='word_1_206' title='bbox 906 2579 1142 2638; x_wconf 83' lang='lat' dir='ltr'><strong>agnosco,</strong></span> <span class='ocrx_word' id='word_1_207' title='bbox 1177 2568 1223 2615; x_wconf 89' lang='lat' dir='ltr'><strong>et</strong></span> <span class='ocrx_word' id='word_1_208' title='bbox 1254 2564 1511 2629; x_wconf 76' lang='lat' dir='ltr'><strong>peccatum</strong></span> <span class='ocrx_word' id='word_1_209' title='bbox 1536 2565 1701 2604; x_wconf 85' lang='lat' dir='ltr'><strong>meum</strong></span> <span class='ocrx_word' id='word_1_210' title='bbox 1720 2553 1837 2600; x_wconf 81' lang='lat' dir='ltr'><strong>ante</strong></span> 
     </span>
    </p>
   </div>
   <div class='ocr_carea' id='block_1_25' title="bbox 249 2643 1839 2741">
    <p class='ocr_par' dir='ltr' id='par_1_25' title="bbox 249 2643 1839 2741">
     <span class='ocr_line' id='line_1_26' title="bbox 249 2643 1839 2741; baseline -0.029 -4"><span class='ocrx_word' id='word_1_211' title='bbox 249 2697 328 2736; x_wconf 87' lang='lat' dir='ltr'><strong>me</strong></span> <span class='ocrx_word' id='word_1_212' title='bbox 365 2687 437 2733; x_wconf 88' lang='lat' dir='ltr'><strong>est</strong></span> <span class='ocrx_word' id='word_1_213' title='bbox 478 2643 675 2741; x_wconf 58' lang='lat' dir='ltr'><strong>umper</strong></span> <span class='ocrx_word' id='word_1_214' title='bbox 716 2662 885 2740; x_wconf 81' lang='lat' dir='ltr'><strong>(Psal.</strong></span> <span class='ocrx_word' id='word_1_215' title='bbox 920 2676 972 2723; x_wconf 88' lang='lat' dir='ltr'><strong>t.,</strong></span> <span class='ocrx_word' id='word_1_216' title='bbox 1003 2658 1084 2728; x_wconf 88' lang='lat'><strong>5).</strong></span> <span class='ocrx_word' id='word_1_217' title='bbox 1133 2653 1247 2709; x_wconf 75' lang='grc' dir='ltr'>Ηοε</span> <span class='ocrx_word' id='word_1_218' title='bbox 1294 2664 1399 2704; x_wconf 89' lang='lat' dir='ltr'><strong>non</strong></span> <span class='ocrx_word' id='word_1_219' title='bbox 1428 2643 1539 2699; x_wconf 90' lang='lat' dir='ltr'><strong>vult</strong></span> <span class='ocrx_word' id='word_1_220' title='bbox 1567 2654 1686 2697; x_wconf 91' lang='lat' dir='ltr'><strong>esse</strong></span> <span class='ocrx_word' id='word_1_221' title='bbox 1714 2645 1839 2692; x_wconf 89' lang='lat' dir='ltr'><strong>ante</strong></span> 
     </span>
    </p>
   </div>
   <div class='ocr_carea' id='block_1_26' title="bbox 256 2732 1840 2838">
    <p class='ocr_par' dir='ltr' id='par_1_26' title="bbox 256 2732 1840 2838">
     <span class='ocr_line' id='line_1_27' title="bbox 256 2732 1840 2838; baseline -0.031 -9"><span class='ocrx_word' id='word_1_222' title='bbox 256 2732 441 2835; x_wconf 78' lang='lat' dir='ltr'><strong>Deum,</strong></span> <span class='ocrx_word' id='word_1_223' title='bbox 477 2732 623 2838; x_wconf 83' lang='lat' dir='ltr'><strong>quod</strong></span> <span class='ocrx_word' id='word_1_224' title='bbox 650 2732 760 2815; x_wconf 83' lang='lat' dir='ltr'><strong>vult</strong></span> <span class='ocrx_word' id='word_1_225' title='bbox 788 2769 908 2812; x_wconf 85' lang='lat' dir='ltr'><strong>esse</strong></span> <span class='ocrx_word' id='word_1_226' title='bbox 935 2758 1059 2805; x_wconf 86' lang='lat' dir='ltr'><strong>ante</strong></span> <span class='ocrx_word' id='word_1_227' title='bbox 1076 2762 1155 2803; x_wconf 88' lang='lat' dir='ltr'><strong>se.</strong></span> <span class='ocrx_word' id='word_1_228' title='bbox 1190 2741 1344 2813; x_wconf 79' lang='lat' dir='ltr'><strong>Virga</strong></span> <span class='ocrx_word' id='word_1_229' title='bbox 1364 2733 1674 2795; x_wconf 76' lang='lat' dir='ltr'><strong>directionis,</strong></span> <span class='ocrx_word' id='word_1_230' title='bbox 1697 2732 1840 2799; x_wconf 85' lang='lat' dir='ltr'><strong>virga</strong></span> 
     </span>
    </p>
   </div>
   <div class='ocr_carea' id='block_1_27' title="bbox 251 2820 1841 2937">
    <p class='ocr_par' dir='ltr' id='par_1_27' title="bbox 251 2820 1841 2937">
     <span class='ocr_line' id='line_1_28' title="bbox 251 2820 1841 2937; baseline -0.031 -16"><span class='ocrx_word' id='word_1_231' title='bbox 251 2820 513 2937; x_wconf 40' lang='lat' dir='ltr'><strong>Quis—Eu:</strong></span> <span class='ocrx_word' id='word_1_232' title='bbox 535 2855 709 2912; x_wconf 91' lang='lat' dir='ltr'><strong>Nemo</strong></span> <span class='ocrx_word' id='word_1_233' title='bbox 733 2848 835 2904; x_wconf 85' lang='lat' dir='ltr'><strong>sibi</strong></span> <span class='ocrx_word' id='word_1_234' title='bbox 854 2844 1078 2901; x_wconf 89' lang='lat' dir='ltr'><strong>multum</strong></span> <span class='ocrx_word' id='word_1_235' title='bbox 1098 2838 1165 2893; x_wconf 89' lang='lat' dir='ltr'><strong>de</strong></span> <span class='ocrx_word' id='word_1_236' title='bbox 1184 2827 1546 2891; x_wconf 87' lang='lat' dir='ltr'><strong>misericordia</strong></span> <span class='ocrx_word' id='word_1_237' title='bbox 1570 2822 1665 2879; x_wconf 91' lang='lat' dir='ltr'><strong>Dei</strong></span> <span class='ocrx_word' id='word_1_238' title='bbox 1686 2820 1841 2877; x_wconf 84' lang='lat' dir='ltr'><strong>blan-</strong></span> 
     </span>
    </p>
   </div>
   <div class='ocr_carea' id='block_1_28' title="bbox 256 2919 1842 3020">
    <p class='ocr_par' dir='ltr' id='par_1_28' title="bbox 256 2919 1842 3020">
     <span class='ocr_line' id='line_1_29' title="bbox 256 2919 1842 3020; baseline -0.032 -5"><span class='ocrx_word' id='word_1_239' title='bbox 256 2919 460 3020; x_wconf 66' lang='lat' dir='ltr'><strong>diatur;</strong></span> <span class='ocrx_word' id='word_1_240' title='bbox 488 2950 637 3020; x_wconf 88' lang='lat' dir='ltr'><strong>virga</strong></span> <span class='ocrx_word' id='word_1_241' title='bbox 667 2936 976 3000; x_wconf 89' lang='lat' dir='ltr'><strong>directionis</strong></span> <span class='ocrx_word' id='word_1_242' title='bbox 1001 2941 1103 2990; x_wconf 87' lang='lat' dir='ltr'><strong>est.</strong></span> <span class='ocrx_word' id='word_1_243' title='bbox 1131 2922 1397 2995; x_wconf 84' lang='lat' dir='ltr'><strong>Numquid</strong></span> <span class='ocrx_word' id='word_1_244' title='bbox 1422 2919 1649 2975; x_wconf 89' lang='lat' dir='ltr'><strong>dicimus</strong></span> <span class='ocrx_word' id='word_1_245' title='bbox 1674 2955 1688 2980; x_wconf 92' lang='lat'><strong>,</strong></span> <span class='ocrx_word' id='word_1_246' title='bbox 1734 2925 1842 2968; x_wconf 91' lang='lat' dir='ltr'><strong>non</strong></span> 
     </span>
    </p>
   </div>
   <div class='ocr_carea' id='block_1_29' title="bbox 260 3009 1840 3107">
    <p class='ocr_par' dir='ltr' id='par_1_29' title="bbox 260 3009 1840 3107">
     <span class='ocr_line' id='line_1_30' title="bbox 260 3009 1840 3107; baseline -0.032 0"><span class='ocrx_word' id='word_1_247' title='bbox 260 3063 380 3107; x_wconf 79' lang='lat' dir='ltr'><strong>esse</strong></span> <span class='ocrx_word' id='word_1_248' title='bbox 426 3009 828 3101; x_wconf 66' lang='lat' dir='ltr'><strong>misericordem</strong></span> <span class='ocrx_word' id='word_1_249' title='bbox 865 3027 1072 3085; x_wconf 76' lang='lat' dir='ltr'><strong>Deum?</strong></span> <span class='ocrx_word' id='word_1_250' title='bbox 1111 3018 1247 3091; x_wconf 85' lang='lat' dir='ltr'><strong>Quid</strong></span> <span class='ocrx_word' id='word_1_251' title='bbox 1289 3009 1687 3073; x_wconf 86' lang='lat' dir='ltr'><strong>misericordius</strong></span> <span class='ocrx_word' id='word_1_252' title='bbox 1730 3019 1795 3061; x_wconf 89' lang='lat' dir='ltr'><strong>eo</strong></span> <span class='ocrx_word' id='word_1_253' title='bbox 1822 3044 1840 3071; x_wconf 92' lang='lat'><strong>,</strong></span> 
     </span>
    </p>
   </div>
   <div class='ocr_carea' id='block_1_30' title="bbox 259 3096 1842 3212">
    <p class='ocr_par' dir='ltr' id='par_1_30' title="bbox 259 3096 1842 3212">
     <span class='ocr_line' id='line_1_31' title="bbox 259 3096 1842 3212; baseline -0.031 -15"><span class='ocrx_word' id='word_1_254' title='bbox 259 3141 349 3212; x_wconf 86' lang='lat' dir='ltr'><strong>qui</strong></span> <span class='ocrx_word' id='word_1_255' title='bbox 391 3096 565 3209; x_wconf 69' lang='lat' dir='ltr'><strong>parcit</strong></span> <span class='ocrx_word' id='word_1_256' title='bbox 603 3135 809 3186; x_wconf 86' lang='lat' dir='ltr'><strong>tantum</strong></span> <span class='ocrx_word' id='word_1_257' title='bbox 858 3114 1244 3193; x_wconf 87' lang='lat' dir='ltr'><strong>peccatoribus,</strong></span> <span class='ocrx_word' id='word_1_258' title='bbox 1276 3122 1342 3164; x_wconf 93' lang='lat' dir='ltr'><strong>eo</strong></span> <span class='ocrx_word' id='word_1_259' title='bbox 1381 3103 1471 3174; x_wconf 87' lang='lat' dir='ltr'><strong>qui</strong></span> <span class='ocrx_word' id='word_1_260' title='bbox 1511 3103 1566 3156; x_wconf 93' lang='lat' dir='ltr'><strong>in</strong></span> <span class='ocrx_word' id='word_1_261' title='bbox 1593 3096 1842 3155; x_wconf 89' lang='lat' dir='ltr'><strong>omnibus</strong></span> 
     </span>
     <span class='ocr_line' id='line_1_32' title="bbox 1265 3187 1842 3212; baseline -0.031 0"><span class='ocrx_word' id='word_1_262' title='bbox 1265 3200 1296 3212; x_wconf 88' lang='lat'><strong>._</strong></span> <span class='ocrx_word' id='word_1_263' title='bbox 1349 3194 1484 3212; x_wconf 56' lang='grc' dir='ltr'><strong>ηρ,</strong></span> <span class='ocrx_word' id='word_1_264' title='bbox 1525 3206 1636 3212; x_wconf 31' lang='lat' dir='ltr'><strong>Aw</strong></span> <span class='ocrx_word' id='word_1_265' title='bbox 1689 3187 1842 3212; x_wconf 41' lang='lat' dir='ltr'><strong>Am&quot;</strong></span> 
     </span>
    </p>
   </div>
   <div class='ocr_carea' id='block_1_31' title="bbox 260 3187 1847 3289">
    <p class='ocr_par' dir='ltr' id='par_1_31' title="bbox 260 3187 1847 3289">
     <span class='ocr_line' id='line_1_33' title="bbox 260 3187 1847 3289; baseline -0.032 0"><span class='ocrx_word' id='word_1_266' title='bbox 260 3187 536 3289; x_wconf 53' lang='lat' dir='ltr'><strong>convcrsis</strong></span> <span class='ocrx_word' id='word_1_267' title='bbox 565 3220 634 3279; x_wconf 84' lang='lat' dir='ltr'><strong>ad</strong></span> <span class='ocrx_word' id='word_1_268' title='bbox 658 3232 717 3275; x_wconf 86' lang='lat' dir='ltr'><strong>se</strong></span> <span class='ocrx_word' id='word_1_269' title='bbox 744 3187 1029 3271; x_wconf 41' lang='lat' dir='ltr'><strong>non-curat</strong></span> <span class='ocrx_word' id='word_1_270' title='bbox 1068 3197 1374 3277; x_wconf 65' lang='lat' dir='ltr'><strong>praeterita?</strong></span> <span class='ocrx_word' id='word_1_271' title='bbox 1400 3194 1491 3253; x_wconf 91' lang='lat' dir='ltr'><strong>Sic</strong></span> <span class='ocrx_word' id='word_1_272' title='bbox 1518 3206 1641 3249; x_wconf 91' lang='lat' dir='ltr'><strong>eum</strong></span> <span class='ocrx_word' id='word_1_273' title='bbox 1685 3187 1847 3257; x_wconf 89' lang='lat' dir='ltr'><strong>dilige</strong></span> 
     </span>
    </p>
   </div>
   <div class='ocr_carea' id='block_1_32' title="bbox 262 3278 1845 3379">
    <p class='ocr_par' dir='ltr' id='par_1_32' title="bbox 262 3278 1845 3379">
     <span class='ocr_line' id='line_1_34' title="bbox 262 3278 1845 3379; baseline -0.03 0"><span class='ocrx_word' id='word_1_274' title='bbox 262 3314 689 3379; x_wconf 79' lang='lat' dir='ltr'><strong>misericordem,</strong></span> <span class='ocrx_word' id='word_1_275' title='bbox 721 3315 779 3363; x_wconf 89' lang='lat' dir='ltr'><strong>ut</strong></span> <span class='ocrx_word' id='word_1_276' title='bbox 802 3303 933 3360; x_wconf 89' lang='lat' dir='ltr'><strong>velis</strong></span> <span class='ocrx_word' id='word_1_277' title='bbox 960 3312 1082 3356; x_wconf 87' lang='lat' dir='ltr'><strong>esse</strong></span> <span class='ocrx_word' id='word_1_278' title='bbox 1105 3304 1350 3350; x_wconf 85' lang='lat' dir='ltr'><strong>veracem</strong></span> <span class='ocrx_word' id='word_1_279' title='bbox 1394 3304 1409 3342; x_wconf 88' lang='lat'><strong>:</strong></span> <span class='ocrx_word' id='word_1_280' title='bbox 1444 3300 1547 3340; x_wconf 90' lang='lat' dir='ltr'><strong>non</strong></span> <span class='ocrx_word' id='word_1_281' title='bbox 1572 3282 1715 3339; x_wconf 90' lang='lat' dir='ltr'><strong>enim</strong></span> <span class='ocrx_word' id='word_1_282' title='bbox 1743 3278 1845 3334; x_wconf 79' lang='lat' dir='ltr'><strong>mi-</strong></span> 
     </span>
    </p>
   </div>
   <div class='ocr_carea' id='block_1_33' title="bbox 262 3370 1849 3475">
    <p class='ocr_par' dir='ltr' id='par_1_33' title="bbox 262 3370 1849 3475">
     <span class='ocr_line' id='line_1_35' title="bbox 262 3370 1849 3475; baseline -0.031 -3"><span class='ocrx_word' id='word_1_283' title='bbox 262 3370 554 3472; x_wconf 73' lang='lat' dir='ltr'><strong>sericordia</strong></span> <span class='ocrx_word' id='word_1_284' title='bbox 582 3370 758 3475; x_wconf 82' lang='lat' dir='ltr'><strong>potest</strong></span> <span class='ocrx_word' id='word_1_285' title='bbox 784 3396 859 3451; x_wconf 93' lang='lat' dir='ltr'><strong>illi</strong></span> <span class='ocrx_word' id='word_1_286' title='bbox 886 3391 1099 3448; x_wconf 79' lang='lat' dir='ltr'><strong>auferre</strong></span> <span class='ocrx_word' id='word_1_287' title='bbox 1120 3384 1401 3457; x_wconf 84' lang='lat' dir='ltr'><strong>justitiam,</strong></span> <span class='ocrx_word' id='word_1_288' title='bbox 1447 3389 1620 3475; x_wconf 75' lang='lat' dir='ltr'><strong>neque</strong></span> <span class='ocrx_word' id='word_1_289' title='bbox 1645 3370 1849 3442; x_wconf 73' lang='lat' dir='ltr'><strong>iustitia</strong></span> 
     </span>
    </p>
   </div>
   <div class='ocr_carea' id='block_1_34' title="bbox 265 3458 1851 3564">
    <p class='ocr_par' dir='ltr' id='par_1_34' title="bbox 265 3458 1851 3564">
     <span class='ocr_line' id='line_1_36' title="bbox 265 3458 1851 3564; baseline -0.029 0"><span class='ocrx_word' id='word_1_290' title='bbox 265 3458 709 3564; x_wconf 74' lang='lat' dir='ltr'><strong>misericordiam.</strong></span> <span class='ocrx_word' id='word_1_291' title='bbox 749 3487 966 3547; x_wconf 86' lang='lat' dir='ltr'><strong>Interim</strong></span> <span class='ocrx_word' id='word_1_292' title='bbox 1003 3479 1257 3555; x_wconf 81' lang='lat' dir='ltr'><strong>quamdiu</strong></span> <span class='ocrx_word' id='word_1_293' title='bbox 1304 3475 1392 3531; x_wconf 91' lang='lat' dir='ltr'><strong>ille</strong></span> <span class='ocrx_word' id='word_1_294' title='bbox 1432 3458 1631 3533; x_wconf 67' lang='lat' dir='ltr'><strong>dill‘ert&#39;:</strong></span> <span class='ocrx_word' id='word_1_295' title='bbox 1659 3478 1715 3523; x_wconf 92' lang='lat' dir='ltr'><strong>tu</strong></span> <span class='ocrx_word' id='word_1_296' title='bbox 1744 3464 1851 3519; x_wconf 90' lang='lat' dir='ltr'><strong>noli</strong></span> 
     </span>
    </p>
   </div>
   <div class='ocr_carea' id='block_1_35' title="bbox 266 3558 1850 3661">
    <p class='ocr_par' dir='ltr' id='par_1_35' title="bbox 266 3558 1850 3661">
     <span class='ocr_line' id='line_1_37' title="bbox 266 3558 1850 3661; baseline -0.03 -4"><span class='ocrx_word' id='word_1_297' title='bbox 266 3596 483 3655; x_wconf 64' lang='lat' dir='ltr'><strong>diferre</strong></span> <span class='ocrx_word' id='word_1_298' title='bbox 510 3610 524 3647; x_wconf 91' lang='lat'><strong>:</strong></span> <span class='ocrx_word' id='word_1_299' title='bbox 551 3587 801 3661; x_wconf 90' lang='lat' dir='ltr'><strong>quoniam</strong></span> <span class='ocrx_word' id='word_1_300' title='bbox 820 3582 965 3650; x_wconf 91' lang='lat' dir='ltr'><strong>virga</strong></span> <span class='ocrx_word' id='word_1_301' title='bbox 981 3569 1309 3633; x_wconf 89' lang='lat' dir='ltr'><strong>directionis,</strong></span> <span class='ocrx_word' id='word_1_302' title='bbox 1329 3566 1473 3630; x_wconf 80' lang='lat' dir='ltr'><strong>virga</strong></span> <span class='ocrx_word' id='word_1_303' title='bbox 1496 3562 1643 3632; x_wconf 90' lang='lat' dir='ltr'><strong>regni</strong></span> <span class='ocrx_word' id='word_1_304' title='bbox 1664 3558 1850 3630; x_wconf 87' lang='lat' dir='ltr'><strong>ipsius.</strong></span> 
     </span>
    </p>
   </div>
   <div class='ocr_carea' id='block_1_36' title="bbox 342 3654 1855 3747">
    <p class='ocr_par' dir='ltr' id='par_1_36' title="bbox 342 3654 1855 3747">
     <span class='ocr_line' id='line_1_38' title="bbox 342 3654 1855 3747; baseline -0.031 -2"><span class='ocrx_word' id='word_1_305' title='bbox 342 3688 428 3745; x_wconf 81' lang='lat' dir='ltr'><strong>l9.</strong></span> <span class='ocrx_word' id='word_1_306' title='bbox 732 3672 1018 3747; x_wconf 74' lang='lat' dir='ltr'><strong>justitiam,</strong></span> <span class='ocrx_word' id='word_1_307' title='bbox 1069 3672 1117 3719; x_wconf 90' lang='lat' dir='ltr'><strong>et</strong></span> <span class='ocrx_word' id='word_1_308' title='bbox 1154 3659 1305 3716; x_wconf 79' lang='lat' dir='ltr'><strong>odisti</strong></span> <span class='ocrx_word' id='word_1_309' title='bbox 1342 3654 1653 3724; x_wconf 78' lang='lat' dir='ltr'><strong>iniquitatem</strong></span> <span class='ocrx_word' id='word_1_310' title='bbox 1684 3664 1702 3704; x_wconf 92' lang='lat'><strong><em>:</em></strong></span> <span class='ocrx_word' id='word_1_311' title='bbox 1731 3664 1855 3718; x_wconf 82' lang='lat' dir='ltr'><strong>pro-</strong></span> 
     </span>
    </p>
   </div>
   <div class='ocr_carea' id='block_1_37' title="bbox 274 3741 1853 3855">
    <p class='ocr_par' dir='ltr' id='par_1_37' title="bbox 274 3741 1853 3855">
     <span class='ocr_line' id='line_1_39' title="bbox 274 3741 1853 3855; baseline -0.028 -17"><span class='ocrx_word' id='word_1_312' title='bbox 472 3774 621 3830; x_wconf 74' lang='lat' dir='ltr'><strong>unxit</strong></span> <span class='ocrx_word' id='word_1_313' title='bbox 651 3741 929 3837; x_wconf 41' lang='lat' dir='ltr'><strong>ts,&#39;Deus,</strong></span> <span class='ocrx_word' id='word_1_314' title='bbox 961 3759 1098 3814; x_wconf 84' lang='lat' dir='ltr'><strong>Deus</strong></span> <span class='ocrx_word' id='word_1_315' title='bbox 1125 3764 1263 3809; x_wconf 80' lang='lat' dir='ltr'><strong>tuus.</strong></span> <span class='ocrx_word' id='word_1_316' title='bbox 1296 3750 1581 3818; x_wconf 85' lang='lat' dir='ltr'><strong>Pmpterea</strong></span> <span class='ocrx_word' id='word_1_317' title='bbox 1609 3741 1760 3798; x_wconf 85' lang='lat' dir='ltr'><strong>unxit</strong></span> <span class='ocrx_word' id='word_1_318' title='bbox 1782 3750 1853 3804; x_wconf 92' lang='lat' dir='ltr'><strong>te,</strong></span> 
     </span>
     <span class='ocr_line' id='line_1_40' title="bbox 1095 3830 1853 3855; baseline -0.03 4"><span class='ocrx_word' id='word_1_319' title='bbox 1095 3846 1125 3855; x_wconf 94' lang='lat'><strong>..</strong></span> <span class='ocrx_word' id='word_1_320' title='bbox 1250 3842 1261 3854; x_wconf 92' lang='lat'><strong>.</strong></span> <span class='ocrx_word' id='word_1_321' title='bbox 1309 3842 1319 3852; x_wconf 94' lang='lat'><strong>.</strong></span> <span class='ocrx_word' id='word_1_322' title='bbox 1639 3835 1697 3855; x_wconf 51' lang='grc' dir='ltr'>,η</span> <span class='ocrx_word' id='word_1_323' title='bbox 1739 3830 1853 3855; x_wconf 39' lang='grc' dir='ltr'><strong>,μ’</strong></span> 
     </span>
    </p>
   </div>
   <div class='ocr_carea' id='block_1_38' title="bbox 273 3830 1859 3938">
    <p class='ocr_par' dir='ltr' id='par_1_38' title="bbox 273 3830 1859 3938">
     <span class='ocr_line' id='line_1_41' title="bbox 273 3830 1859 3938; baseline -0.027 -8"><span class='ocrx_word' id='word_1_324' title='bbox 273 3830 332 3931; x_wconf 64' lang='lat' dir='ltr'><strong>ut</strong></span> <span class='ocrx_word' id='word_1_325' title='bbox 358 3830 613 3938; x_wconf 77' lang='lat' dir='ltr'><strong>diligeres</strong></span> <span class='ocrx_word' id='word_1_326' title='bbox 635 3830 930 3932; x_wconf 77' lang='lat' dir='ltr'><strong>justitiam,</strong></span> <span class='ocrx_word' id='word_1_327' title='bbox 961 3860 1017 3906; x_wconf 89' lang='lat' dir='ltr'><strong>et</strong></span> <span class='ocrx_word' id='word_1_328' title='bbox 1042 3846 1222 3902; x_wconf 88' lang='lat' dir='ltr'><strong>odires</strong></span> <span class='ocrx_word' id='word_1_329' title='bbox 1250 3839 1601 3911; x_wconf 86' lang='lat' dir='ltr'><strong>iniquitatem.</strong></span> <span class='ocrx_word' id='word_1_330' title='bbox 1638 3835 1703 3888; x_wconf 84' lang='lat' dir='ltr'><strong>Et</strong></span> <span class='ocrx_word' id='word_1_331' title='bbox 1739 3830 1859 3887; x_wconf 88' lang='lat' dir='ltr'><strong>vide</strong></span> 
     </span>
    </p>
   </div>
   <div class='ocr_carea' id='block_1_39' title="bbox 275 3925 1860 4038">
    <p class='ocr_par' dir='ltr' id='par_1_39' title="bbox 275 3925 1860 4038">
     <span class='ocr_line' id='line_1_42' title="bbox 275 3925 1860 4038; baseline -0.026 -16"><span class='ocrx_word' id='word_1_332' title='bbox 275 3925 545 4038; x_wconf 48' lang='lat' dir='ltr'><strong>quomo‘do</strong></span> <span class='ocrx_word' id='word_1_333' title='bbox 568 3925 652 4011; x_wconf 69' lang='lat' dir='ltr'><strong>ait</strong></span> <span class='ocrx_word' id='word_1_334' title='bbox 666 3970 681 4008; x_wconf 88' lang='lat'><strong>:</strong></span> <span class='ocrx_word' id='word_1_335' title='bbox 708 3950 986 4031; x_wconf 78' lang='lat' dir='ltr'><strong>PrOpterea</strong></span> <span class='ocrx_word' id='word_1_336' title='bbox 1014 3941 1156 3998; x_wconf 76' lang='lat' dir='ltr'><strong>unxit</strong></span> <span class='ocrx_word' id='word_1_337' title='bbox 1186 3947 1255 4004; x_wconf 85' lang='lat' dir='ltr'><strong>te,</strong></span> <span class='ocrx_word' id='word_1_338' title='bbox 1292 3935 1445 4000; x_wconf 87' lang='lat' dir='ltr'><strong>Deus,</strong></span> <span class='ocrx_word' id='word_1_339' title='bbox 1490 3930 1623 3985; x_wconf 84' lang='lat' dir='ltr'><strong>Deus</strong></span> <span class='ocrx_word' id='word_1_340' title='bbox 1652 3937 1785 3981; x_wconf 85' lang='lat' dir='ltr'><strong>tuus.</strong></span> <span class='ocrx_word' id='word_1_341' title='bbox 1814 3925 1860 3981; x_wconf 89' lang='lat'>0</span> 
     </span>
    </p>
   </div>
   <div class='ocr_carea' id='block_1_40' title="bbox 279 4019 1858 4117">
    <p class='ocr_par' dir='ltr' id='par_1_40' title="bbox 279 4019 1858 4117">
     <span class='ocr_line' id='line_1_43' title="bbox 279 4019 1858 4117; baseline -0.026 -5"><span class='ocrx_word' id='word_1_342' title='bbox 279 4019 331 4112; x_wconf 31' lang='lat' dir='ltr'><strong>tiu</strong></span> <span class='ocrx_word' id='word_1_343' title='bbox 353 4056 528 4117; x_wconf 87' lang='lat' dir='ltr'><strong>Deus,</strong></span> <span class='ocrx_word' id='word_1_344' title='bbox 560 4045 713 4102; x_wconf 87' lang='lat' dir='ltr'><strong>unxit</strong></span> <span class='ocrx_word' id='word_1_345' title='bbox 754 4052 804 4096; x_wconf 93' lang='lat' dir='ltr'><strong>te</strong></span> <span class='ocrx_word' id='word_1_346' title='bbox 845 4022 984 4094; x_wconf 87' lang='lat' dir='ltr'><strong>Deus</strong></span> <span class='ocrx_word' id='word_1_347' title='bbox 1028 4044 1168 4088; x_wconf 91' lang='lat' dir='ltr'><strong>tuus.</strong></span> <span class='ocrx_word' id='word_1_348' title='bbox 1216 4028 1357 4083; x_wconf 84' lang='lat' dir='ltr'><strong>Deus</strong></span> <span class='ocrx_word' id='word_1_349' title='bbox 1404 4024 1617 4095; x_wconf 84' lang='lat' dir='ltr'><strong>ungitur</strong></span> <span class='ocrx_word' id='word_1_350' title='bbox 1656 4035 1687 4072; x_wconf 90' lang='lat' dir='ltr'><strong>a</strong></span> <span class='ocrx_word' id='word_1_351' title='bbox 1728 4019 1858 4074; x_wconf 90' lang='lat' dir='ltr'><strong>Deo.</strong></span> 
     </span>
    </p>
   </div>
   <div class='ocr_carea' id='block_1_41' title="bbox 279 4110 1863 4205">
    <p class='ocr_par' dir='ltr' id='par_1_41' title="bbox 279 4110 1863 4205">
     <span class='ocr_line' id='line_1_44' title="bbox 279 4110 1863 4205; baseline -0.027 -1"><span class='ocrx_word' id='word_1_352' title='bbox 279 4147 491 4205; x_wconf 82' lang='lat' dir='ltr'><strong>Etenim</strong></span> <span class='ocrx_word' id='word_1_353' title='bbox 516 4110 574 4196; x_wconf 82' lang='lat' dir='ltr'><strong>in</strong></span> <span class='ocrx_word' id='word_1_354' title='bbox 606 4136 769 4192; x_wconf 89' lang='lat' dir='ltr'><strong>latino</strong></span> <span class='ocrx_word' id='word_1_355' title='bbox 804 4138 1017 4202; x_wconf 88' lang='lat' dir='ltr'><strong>putatur</strong></span> <span class='ocrx_word' id='word_1_356' title='bbox 1062 4124 1201 4179; x_wconf 88' lang='lat' dir='ltr'><strong>idem</strong></span> <span class='ocrx_word' id='word_1_357' title='bbox 1225 4132 1380 4177; x_wconf 79' lang='lat' dir='ltr'><strong>casus</strong></span> <span class='ocrx_word' id='word_1_358' title='bbox 1409 4114 1639 4171; x_wconf 90' lang='lat' dir='ltr'><strong>nominis</strong></span> <span class='ocrx_word' id='word_1_359' title='bbox 1664 4110 1863 4182; x_wconf 87' lang='lat' dir='ltr'><strong>repeti-</strong></span> 
     </span>
    </p>
   </div>
   <div class='ocr_carea' id='block_1_42' title="bbox 281 4203 1865 4305">
    <p class='ocr_par' dir='ltr' id='par_1_42' title="bbox 281 4203 1865 4305">
     <span class='ocr_line' id='line_1_45' title="bbox 281 4203 1865 4305; baseline -0.027 -7"><span class='ocrx_word' id='word_1_360' title='bbox 281 4250 365 4297; x_wconf 86' lang='lat' dir='ltr'><strong>tus</strong></span> <span class='ocrx_word' id='word_1_361' title='bbox 395 4257 410 4294; x_wconf 90' lang='lat'><strong>:</strong></span> <span class='ocrx_word' id='word_1_362' title='bbox 433 4238 489 4293; x_wconf 91' lang='lat' dir='ltr'><strong>in</strong></span> <span class='ocrx_word' id='word_1_363' title='bbox 516 4245 695 4305; x_wconf 61' lang='lat' dir='ltr'><strong>greco</strong></span> <span class='ocrx_word' id='word_1_364' title='bbox 708 4234 887 4283; x_wconf 86' lang='lat' dir='ltr'><strong>autem</strong></span> <span class='ocrx_word' id='word_1_365' title='bbox 912 4213 1308 4274; x_wconf 85' lang='lat' dir='ltr'><strong>evidentissima</strong></span> <span class='ocrx_word' id='word_1_366' title='bbox 1328 4207 1597 4265; x_wconf 79' lang='lat' dir='ltr'><strong>distinctio</strong></span> <span class='ocrx_word' id='word_1_367' title='bbox 1616 4213 1718 4266; x_wconf 89' lang='lat' dir='ltr'><strong>est.</strong></span> <span class='ocrx_word' id='word_1_368' title='bbox 1741 4203 1865 4273; x_wconf 89' lang='lat' dir='ltr'><strong>quia</strong></span> 
     </span>
    </p>
   </div>
   <div class='ocr_carea' id='block_1_43' title="bbox 282 4294 1866 4390">
    <p class='ocr_par' dir='ltr' id='par_1_43' title="bbox 282 4294 1866 4390">
     <span class='ocr_line' id='line_1_46' title="bbox 282 4294 1866 4390; baseline -0.028 1"><span class='ocrx_word' id='word_1_369' title='bbox 282 4345 445 4390; x_wconf 82' lang='lat' dir='ltr'><strong>unum</strong></span> <span class='ocrx_word' id='word_1_370' title='bbox 470 4294 669 4384; x_wconf 63' lang='lat' dir='ltr'><strong>ndmen</strong></span> <span class='ocrx_word' id='word_1_371' title='bbox 699 4327 783 4376; x_wconf 90' lang='lat' dir='ltr'><strong>est</strong></span> <span class='ocrx_word' id='word_1_372' title='bbox 809 4312 952 4385; x_wconf 92' lang='lat' dir='ltr'><strong>quod</strong></span> <span class='ocrx_word' id='word_1_373' title='bbox 977 4306 1348 4378; x_wconf 87' lang='lat' dir='ltr'><strong>compellatur,</strong></span> <span class='ocrx_word' id='word_1_374' title='bbox 1378 4310 1432 4357; x_wconf 91' lang='lat' dir='ltr'><strong>et</strong></span> <span class='ocrx_word' id='word_1_375' title='bbox 1458 4300 1681 4355; x_wconf 89' lang='lat' dir='ltr'><strong>alterum</strong></span> <span class='ocrx_word' id='word_1_376' title='bbox 1706 4294 1774 4349; x_wconf 90' lang='lat' dir='ltr'><strong>ab</strong></span> <span class='ocrx_word' id='word_1_377' title='bbox 1801 4308 1866 4347; x_wconf 91' lang='lat' dir='ltr'><strong>eo</strong></span> 
     </span>
    </p>
   </div>
   <div class='ocr_carea' id='block_1_44' title="bbox 282 4385 1869 4496">
    <p class='ocr_par' dir='ltr' id='par_1_44' title="bbox 282 4385 1869 4496">
     <span class='ocr_line' id='line_1_47' title="bbox 282 4385 1869 4496; baseline -0.026 -16"><span class='ocrx_word' id='word_1_378' title='bbox 282 4385 738 4496; x_wconf 35' lang='lat' dir='ltr'><strong>quiwcoutpellat,</strong></span> <span class='ocrx_word' id='word_1_379' title='bbox 783 4405 942 4464; x_wconf 76' lang='lat' dir='ltr'><strong>Unxit</strong></span> <span class='ocrx_word' id='word_1_380' title='bbox 980 4411 1045 4468; x_wconf 89' lang='lat' dir='ltr'><strong>te,</strong></span> <span class='ocrx_word' id='word_1_381' title='bbox 1093 4398 1247 4453; x_wconf 84' lang='lat' dir='ltr'><strong>Deus.</strong></span> <span class='ocrx_word' id='word_1_382' title='bbox 1274 4393 1319 4450; x_wconf 92' lang='grc' dir='ltr'>Ο</span> <span class='ocrx_word' id='word_1_383' title='bbox 1347 4403 1402 4449; x_wconf 88' lang='grc' dir='ltr'><strong>ιιι</strong></span> <span class='ocrx_word' id='word_1_384' title='bbox 1432 4390 1569 4445; x_wconf 85' lang='lat' dir='ltr'><strong>Deus</strong></span> <span class='ocrx_word' id='word_1_385' title='bbox 1589 4429 1605 4454; x_wconf 95' lang='lat'><strong>,</strong></span> <span class='ocrx_word' id='word_1_386' title='bbox 1652 4385 1794 4439; x_wconf 76' lang='lat' dir='ltr'><strong>unxit</strong></span> <span class='ocrx_word' id='word_1_387' title='bbox 1822 4394 1869 4439; x_wconf 85' lang='lat' dir='ltr'><strong>te</strong></span> 
     </span>
    </p>
   </div>
   <div class='ocr_carea' id='block_1_45' title="bbox 288 4481 1866 4577">
    <p class='ocr_par' dir='ltr' id='par_1_45' title="bbox 288 4481 1866 4577">
     <span class='ocr_line' id='line_1_48' title="bbox 288 4481 1866 4577; baseline -0.03 0"><span class='ocrx_word' id='word_1_388' title='bbox 288 4481 428 4575; x_wconf 79' lang='lat' dir='ltr'><strong>Deus</strong></span> <span class='ocrx_word' id='word_1_389' title='bbox 459 4481 577 4571; x_wconf 70' lang='lat' dir='ltr'><strong>tuus</strong></span> <span class='ocrx_word' id='word_1_390' title='bbox 608 4526 628 4566; x_wconf 92' lang='lat'><strong><em>:</em></strong></span> <span class='ocrx_word' id='word_1_391' title='bbox 655 4502 921 4577; x_wconf 90' lang='lat' dir='ltr'><strong>quomodo</strong></span> <span class='ocrx_word' id='word_1_392' title='bbox 950 4498 996 4553; x_wconf 90' lang='lat' dir='ltr'><strong>si</strong></span> <span class='ocrx_word' id='word_1_393' title='bbox 1024 4496 1249 4556; x_wconf 90' lang='lat' dir='ltr'><strong>diceret,</strong></span> <span class='ocrx_word' id='word_1_394' title='bbox 1280 4490 1566 4557; x_wconf 73' lang='lat' dir='ltr'><strong>Propterea</strong></span> <span class='ocrx_word' id='word_1_395' title='bbox 1598 4481 1748 4535; x_wconf 87' lang='lat' dir='ltr'><strong>unxit</strong></span> <span class='ocrx_word' id='word_1_396' title='bbox 1777 4487 1827 4532; x_wconf 89' lang='lat' dir='ltr'><strong>te</strong></span> <span class='ocrx_word' id='word_1_397' title='bbox 1848 4516 1866 4543; x_wconf 93' lang='lat'><strong>,</strong></span> 
     </span>
    </p>
   </div>
   <div class='ocr_carea' id='block_1_46' title="bbox 282 4568 1868 4671">
    <p class='ocr_par' dir='ltr' id='par_1_46' title="bbox 282 4568 1868 4671">
     <span class='ocr_line' id='line_1_49' title="bbox 282 4568 1868 4671; baseline -0.031 -1"><span class='ocrx_word' id='word_1_398' title='bbox 282 4626 321 4669; x_wconf 81' lang='grc' dir='ltr'><strong>ε</strong></span> <span class='ocrx_word' id='word_1_399' title='bbox 610 4568 749 4657; x_wconf 73' lang='lat' dir='ltr'><strong>Deus</strong></span> <span class='ocrx_word' id='word_1_400' title='bbox 775 4605 913 4651; x_wconf 87' lang='grc' dir='ltr'>ιιιιιε.</span> <span class='ocrx_word' id='word_1_401' title='bbox 927 4589 1016 4646; x_wconf 83' lang='lat' dir='ltr'><strong>Sic</strong></span> <span class='ocrx_word' id='word_1_402' title='bbox 1040 4584 1280 4654; x_wconf 85' lang='lat' dir='ltr'><strong>accipite,</strong></span> <span class='ocrx_word' id='word_1_403' title='bbox 1303 4580 1381 4634; x_wconf 89' lang='lat' dir='ltr'><strong>sic</strong></span> <span class='ocrx_word' id='word_1_404' title='bbox 1405 4573 1698 4641; x_wconf 82' lang='lat' dir='ltr'><strong>intelligite,</strong></span> <span class='ocrx_word' id='word_1_405' title='bbox 1721 4568 1797 4623; x_wconf 84' lang='lat' dir='ltr'><strong>sic</strong></span> <span class='ocrx_word' id='word_1_406' title='bbox 1815 4570 1868 4623; x_wconf 93' lang='lat' dir='ltr'><strong>in</strong></span> 
     </span>
    </p>
   </div>
   <div class='ocr_carea' id='block_1_47' title="bbox 286 4665 1871 4774">
    <p class='ocr_par' dir='ltr' id='par_1_47' title="bbox 286 4665 1871 4774">
     <span class='ocr_line' id='line_1_50' title="bbox 286 4665 1871 4774; baseline -0.028 -15"><span class='ocrx_word' id='word_1_407' title='bbox 286 4716 460 4774; x_wconf 67' lang='lat' dir='ltr'><strong>graeco</strong></span> <span class='ocrx_word' id='word_1_408' title='bbox 484 4688 944 4752; x_wconf 85' lang='lat' dir='ltr'><strong>evidentissimum</strong></span> <span class='ocrx_word' id='word_1_409' title='bbox 974 4690 1075 4735; x_wconf 90' lang='grc' dir='ltr'>εει.</span> <span class='ocrx_word' id='word_1_410' title='bbox 1105 4677 1244 4743; x_wconf 87' lang='lat' dir='ltr'><strong>Ergo</strong></span> <span class='ocrx_word' id='word_1_411' title='bbox 1269 4672 1388 4741; x_wconf 87' lang='lat' dir='ltr'><strong>quis</strong></span> <span class='ocrx_word' id='word_1_412' title='bbox 1413 4677 1494 4723; x_wconf 88' lang='lat' dir='ltr'><strong>est</strong></span> <span class='ocrx_word' id='word_1_413' title='bbox 1523 4665 1662 4719; x_wconf 90' lang='lat' dir='ltr'><strong>Deus</strong></span> <span class='ocrx_word' id='word_1_414' title='bbox 1681 4671 1871 4716; x_wconf 89' lang='lat' dir='ltr'><strong>unctus</strong></span> 
     </span>
    </p>
   </div>
   <div class='ocr_carea' id='block_1_48' title="bbox 286 4759 1873 4849">
    <p class='ocr_par' dir='ltr' id='par_1_48' title="bbox 286 4759 1873 4849">
     <span class='ocr_line' id='line_1_51' title="bbox 286 4759 1873 4849; baseline -0.028 2"><span class='ocrx_word' id='word_1_415' title='bbox 286 4759 318 4849; x_wconf 57' lang='grc' dir='ltr'>ἔ</span> <span class='ocrx_word' id='word_1_416' title='bbox 350 4791 492 4849; x_wconf 81' lang='grc' dir='ltr'><strong>ι)εοῖ</strong></span> <span class='ocrx_word' id='word_1_417' title='bbox 522 4786 711 4842; x_wconf 88' lang='lat' dir='ltr'><strong>Dicant</strong></span> <span class='ocrx_word' id='word_1_418' title='bbox 739 4779 890 4833; x_wconf 90' lang='lat' dir='ltr'><strong>nobis</strong></span> <span class='ocrx_word' id='word_1_419' title='bbox 908 4771 1096 4830; x_wconf 74' lang='lat' dir='ltr'><strong>Judaei.</strong></span> <span class='ocrx_word' id='word_1_420' title='bbox 1118 4766 1402 4834; x_wconf 67' lang='lat' dir='ltr'><strong>Scripturie</strong></span> <span class='ocrx_word' id='word_1_421' title='bbox 1424 4759 1537 4814; x_wconf 72' lang='lat' dir='ltr'><strong>ista:</strong></span> <span class='ocrx_word' id='word_1_422' title='bbox 1560 4764 1873 4811; x_wconf 87' lang='lat' dir='ltr'><strong>communes</strong></span> 
     </span>
    </p>
   </div>
   <div class='ocr_carea' id='block_1_49' title="bbox 287 4846 1871 4947">
    <p class='ocr_par' dir='ltr' id='par_1_49' title="bbox 287 4846 1871 4947">
     <span class='ocr_line' id='line_1_52' title="bbox 287 4846 1871 4947; baseline -0.032 -1"><span class='ocrx_word' id='word_1_423' title='bbox 287 4896 431 4947; x_wconf 87' lang='lat' dir='ltr'><strong>sunt.</strong></span> <span class='ocrx_word' id='word_1_424' title='bbox 459 4883 667 4941; x_wconf 88' lang='lat' dir='ltr'><strong>Unctus</strong></span> <span class='ocrx_word' id='word_1_425' title='bbox 687 4882 769 4929; x_wconf 90' lang='lat' dir='ltr'><strong>est</strong></span> <span class='ocrx_word' id='word_1_426' title='bbox 789 4873 926 4926; x_wconf 90' lang='lat' dir='ltr'><strong>Deus</strong></span> <span class='ocrx_word' id='word_1_427' title='bbox 951 4881 982 4921; x_wconf 87' lang='lat' dir='ltr'><strong>a</strong></span> <span class='ocrx_word' id='word_1_428' title='bbox 1011 4865 1120 4918; x_wconf 92' lang='lat' dir='ltr'><strong>Deo</strong></span> <span class='ocrx_word' id='word_1_429' title='bbox 1147 4877 1160 4915; x_wconf 93' lang='lat'>:</span> <span class='ocrx_word' id='word_1_430' title='bbox 1186 4867 1398 4912; x_wconf 87' lang='lat' dir='ltr'><strong>unctum</strong></span> <span class='ocrx_word' id='word_1_431' title='bbox 1416 4849 1587 4911; x_wconf 87' lang='lat' dir='ltr'><strong>audis,</strong></span> <span class='ocrx_word' id='word_1_432' title='bbox 1606 4846 1871 4901; x_wconf 83' lang='lat' dir='ltr'><strong>Christum</strong></span> 
     </span>
    </p>
   </div>
   <div class='ocr_carea' id='block_1_50' title="bbox 289 4940 1873 5049">
    <p class='ocr_par' dir='ltr' id='par_1_50' title="bbox 289 4940 1873 5049">
     <span class='ocr_line' id='line_1_53' title="bbox 289 4940 1873 5049; baseline -0.033 -9"><span class='ocrx_word' id='word_1_433' title='bbox 289 4980 548 5049; x_wconf 82' lang='lat' dir='ltr'><strong>intellige.</strong></span> <span class='ocrx_word' id='word_1_434' title='bbox 583 4968 790 5027; x_wconf 82' lang='lat' dir='ltr'><strong>Etenim</strong></span> <span class='ocrx_word' id='word_1_435' title='bbox 819 4959 1063 5017; x_wconf 81' lang='lat' dir='ltr'><strong>Christus</strong></span> <span class='ocrx_word' id='word_1_436' title='bbox 1091 4968 1119 5005; x_wconf 92' lang='lat' dir='ltr'><strong>a</strong></span> <span class='ocrx_word' id='word_1_437' title='bbox 1145 4950 1433 5006; x_wconf 86' lang='lat' dir='ltr'><strong>chrismate</strong></span> <span class='ocrx_word' id='word_1_438' title='bbox 1479 4961 1490 4995; x_wconf 95' lang='lat'>:</span> <span class='ocrx_word' id='word_1_439' title='bbox 1540 4940 1641 4994; x_wconf 91' lang='lat' dir='ltr'><strong>hoc</strong></span> <span class='ocrx_word' id='word_1_440' title='bbox 1678 4951 1873 5017; x_wconf 88' lang='lat' dir='ltr'><strong>nomen</strong></span> 
     </span>
     <span class='ocr_line' id='line_1_54' title="bbox 1199 5028 1871 5049; baseline -0.024 0"><span class='ocrx_word' id='word_1_441' title='bbox 1199 5042 1209 5049; x_wconf 92' lang='lat'><strong>.</strong></span> <span class='ocrx_word' id='word_1_442' title='bbox 1292 5041 1302 5049; x_wconf 91' lang='lat'><strong>.</strong></span> <span class='ocrx_word' id='word_1_443' title='bbox 1417 5045 1426 5049; x_wconf 71' lang='grc'><em>,</em></span> <span class='ocrx_word' id='word_1_444' title='bbox 1700 5028 1871 5049; x_wconf 32' lang='lat' dir='ltr'><strong>A,,_____</strong></span> 
     </span>
    </p>
   </div>
   <div class='ocr_carea' id='block_1_51' title="bbox 289 5028 1874 5146">
    <p class='ocr_par' dir='ltr' id='par_1_51' title="bbox 289 5028 1874 5146">
     <span class='ocr_line' id='line_1_55' title="bbox 289 5028 1874 5146; baseline -0.033 -16"><span class='ocrx_word' id='word_1_445' title='bbox 289 5071 433 5146; x_wconf 73' lang='grc' dir='ltr'>ψιυὰ</span> <span class='ocrx_word' id='word_1_446' title='bbox 462 5028 761 5138; x_wconf 55' lang='lat' dir='ltr'><strong>appellatur</strong></span> <span class='ocrx_word' id='word_1_447' title='bbox 785 5053 1049 5114; x_wconf 82' lang='lat' dir='ltr'><strong>Christus,</strong></span> <span class='ocrx_word' id='word_1_448' title='bbox 1071 5041 1336 5100; x_wconf 89' lang='lat' dir='ltr'><strong>unctionis</strong></span> <span class='ocrx_word' id='word_1_449' title='bbox 1351 5045 1453 5093; x_wconf 90' lang='lat' dir='ltr'><strong>est.</strong></span> <span class='ocrx_word' id='word_1_450' title='bbox 1481 5032 1590 5088; x_wconf 90' lang='lat' dir='ltr'><strong>Nec</strong></span> <span class='ocrx_word' id='word_1_451' title='bbox 1617 5031 1668 5084; x_wconf 93' lang='lat' dir='ltr'><strong>iu</strong></span> <span class='ocrx_word' id='word_1_452' title='bbox 1696 5028 1874 5096; x_wconf 86' lang='lat' dir='ltr'><strong>aliquo</strong></span> 
     </span>
     <span class='ocr_line' id='line_1_56' title="bbox 1317 5120 1874 5146; baseline -0.034 17"><span class='ocrx_word' id='word_1_453' title='bbox 1317 5131 1329 5146; x_wconf 82' lang='lat'>&#39;</span> <span class='ocrx_word' id='word_1_454' title='bbox 1373 5140 1383 5146; x_wconf 87' lang='lat'><strong>-</strong></span> <span class='ocrx_word' id='word_1_455' title='bbox 1405 5142 1446 5146; x_wconf 41' lang='grc' dir='ltr'><strong>γ-</strong></span> <span class='ocrx_word' id='word_1_456' title='bbox 1542 5124 1638 5146; x_wconf 71' lang='grc' dir='ltr'>--ε-ι</span> <span class='ocrx_word' id='word_1_457' title='bbox 1686 5123 1734 5146; x_wconf 74' lang='grc' dir='ltr'><strong>ε..</strong></span> <span class='ocrx_word' id='word_1_458' title='bbox 1788 5120 1874 5146; x_wconf 65' lang='grc' dir='ltr'>ιιιη</span> 
     </span>
    </p>
   </div>
   <div class='ocr_carea' id='block_1_52' title="bbox 289 5120 1878 5229">
    <p class='ocr_par' dir='ltr' id='par_1_52' title="bbox 289 5120 1878 5229">
     <span class='ocr_line' id='line_1_57' title="bbox 289 5120 1878 5229; baseline -0.03 -7"><span class='ocrx_word' id='word_1_459' title='bbox 289 5120 419 5222; x_wconf 58' lang='lat' dir='ltr'><strong>zlibi</strong></span> <span class='ocrx_word' id='word_1_460' title='bbox 461 5120 797 5229; x_wconf 72' lang='lat' dir='ltr'><strong>ungebantur</strong></span> <span class='ocrx_word' id='word_1_461' title='bbox 834 5159 988 5216; x_wconf 84' lang='lat' dir='ltr'><strong>reges</strong></span> <span class='ocrx_word' id='word_1_462' title='bbox 1040 5149 1094 5197; x_wconf 92' lang='lat' dir='ltr'><strong>et</strong></span> <span class='ocrx_word' id='word_1_463' title='bbox 1145 5131 1451 5192; x_wconf 87' lang='lat' dir='ltr'><strong>sacerdotes</strong></span> <span class='ocrx_word' id='word_1_464' title='bbox 1477 5168 1491 5191; x_wconf 94' lang='lat'><strong>,</strong></span> <span class='ocrx_word' id='word_1_465' title='bbox 1540 5124 1640 5180; x_wconf 89' lang='lat' dir='ltr'><strong>nisi</strong></span> <span class='ocrx_word' id='word_1_466' title='bbox 1686 5123 1737 5176; x_wconf 90' lang='lat' dir='ltr'><strong>in</strong></span> <span class='ocrx_word' id='word_1_467' title='bbox 1788 5120 1878 5175; x_wconf 92' lang='lat' dir='ltr'><strong>illo</strong></span> 
     </span>
    </p>
   </div>
   <div class='ocr_carea' id='block_1_53' title="bbox 290 5214 1881 5326">
    <p class='ocr_par' dir='ltr' id='par_1_53' title="bbox 290 5214 1881 5326">
     <span class='ocr_line' id='line_1_58' title="bbox 290 5214 1881 5326; baseline -0.033 -11"><span class='ocrx_word' id='word_1_468' title='bbox 290 5214 580 5326; x_wconf 22' lang='lat' dir='ltr'><strong>reg—novum</strong></span> <span class='ocrx_word' id='word_1_469' title='bbox 606 5243 849 5302; x_wconf 85' lang='lat' dir='ltr'><strong>Christus</strong></span> <span class='ocrx_word' id='word_1_470' title='bbox 894 5214 1307 5307; x_wconf 77' lang='lat' dir='ltr'><strong>prophetahatur</strong></span> <span class='ocrx_word' id='word_1_471' title='bbox 1347 5228 1403 5278; x_wconf 89' lang='lat' dir='ltr'><strong>et</strong></span> <span class='ocrx_word' id='word_1_472' title='bbox 1450 5214 1782 5286; x_wconf 84' lang='lat' dir='ltr'><strong>nngebatur,</strong></span> <span class='ocrx_word' id='word_1_473' title='bbox 1826 5217 1881 5265; x_wconf 86' lang='lat' dir='ltr'><strong>et</strong></span> 
     </span>
    </p>
   </div>
   <div class='ocr_carea' id='block_1_54' title="bbox 292 5307 1882 5403">
    <p class='ocr_par' dir='ltr' id='par_1_54' title="bbox 292 5307 1882 5403">
     <span class='ocr_line' id='line_1_59' title="bbox 292 5307 1882 5403; baseline -0.031 1"><span class='ocrx_word' id='word_1_474' title='bbox 292 5307 439 5403; x_wconf 56' lang='lat' dir='ltr'><strong>unode</strong></span> <span class='ocrx_word' id='word_1_475' title='bbox 478 5348 764 5398; x_wconf 88' lang='lat' dir='ltr'><strong>venturum</strong></span> <span class='ocrx_word' id='word_1_476' title='bbox 793 5338 907 5388; x_wconf 85' lang='lat' dir='ltr'><strong>erat</strong></span> <span class='ocrx_word' id='word_1_477' title='bbox 943 5321 1141 5380; x_wconf 76' lang='lat' dir='ltr'><strong>Christi</strong></span> <span class='ocrx_word' id='word_1_478' title='bbox 1188 5328 1382 5373; x_wconf 88' lang='lat' dir='ltr'><strong>nomen</strong></span> <span class='ocrx_word' id='word_1_479' title='bbox 1431 5327 1446 5365; x_wconf 88' lang='lat'><strong>:</strong></span> <span class='ocrx_word' id='word_1_480' title='bbox 1493 5318 1751 5376; x_wconf 85' lang='lat' dir='ltr'><strong>nusquam</strong></span> <span class='ocrx_word' id='word_1_481' title='bbox 1799 5307 1882 5356; x_wconf 91' lang='lat' dir='ltr'><strong>est</strong></span> 
     </span>
    </p>
   </div>
   <div class='ocr_carea' id='block_1_55' title="bbox 298 5396 1883 5497">
    <p class='ocr_par' dir='ltr' id='par_1_55' title="bbox 298 5396 1883 5497">
     <span class='ocr_line' id='line_1_60' title="bbox 298 5396 1883 5497; baseline -0.031 0"><span class='ocrx_word' id='word_1_482' title='bbox 298 5440 424 5497; x_wconf 86' lang='lat' dir='ltr'><strong>alibi</strong></span> <span class='ocrx_word' id='word_1_483' title='bbox 454 5433 698 5496; x_wconf 90' lang='lat' dir='ltr'><strong>omnino,</strong></span> <span class='ocrx_word' id='word_1_484' title='bbox 728 5428 780 5481; x_wconf 93' lang='lat' dir='ltr'><strong>in</strong></span> <span class='ocrx_word' id='word_1_485' title='bbox 809 5422 952 5479; x_wconf 87' lang='lat' dir='ltr'><strong>nulla</strong></span> <span class='ocrx_word' id='word_1_486' title='bbox 982 5425 1157 5488; x_wconf 87' lang='lat' dir='ltr'><strong>gente,</strong></span> <span class='ocrx_word' id='word_1_487' title='bbox 1187 5411 1239 5466; x_wconf 93' lang='lat' dir='ltr'><strong>in</strong></span> <span class='ocrx_word' id='word_1_488' title='bbox 1282 5407 1428 5463; x_wconf 90' lang='lat' dir='ltr'><strong>nullo</strong></span> <span class='ocrx_word' id='word_1_489' title='bbox 1468 5414 1648 5471; x_wconf 84' lang='lat' dir='ltr'><strong>regno.</strong></span> <span class='ocrx_word' id='word_1_490' title='bbox 1683 5396 1883 5451; x_wconf 90' lang='lat' dir='ltr'><strong>Unctus</strong></span> 
     </span>
    </p>
   </div>
   <div class='ocr_carea' id='block_1_56' title="bbox 300 5485 1884 5598">
    <p class='ocr_par' dir='ltr' id='par_1_56' title="bbox 300 5485 1884 5598">
     <span class='ocr_line' id='line_1_61' title="bbox 300 5485 1884 5598; baseline -0.031 -11"><span class='ocrx_word' id='word_1_491' title='bbox 300 5540 390 5587; x_wconf 88' lang='lat' dir='ltr'><strong>est</strong></span> <span class='ocrx_word' id='word_1_492' title='bbox 414 5541 541 5598; x_wconf 79' lang='lat' dir='ltr'><strong>ergo</strong></span> <span class='ocrx_word' id='word_1_493' title='bbox 573 5485 713 5581; x_wconf 75' lang='lat' dir='ltr'><strong>Deus</strong></span> <span class='ocrx_word' id='word_1_494' title='bbox 730 5535 761 5573; x_wconf 88' lang='lat' dir='ltr'><strong>a</strong></span> <span class='ocrx_word' id='word_1_495' title='bbox 779 5517 888 5572; x_wconf 87' lang='lat' dir='ltr'><strong>Deo</strong></span> <span class='ocrx_word' id='word_1_496' title='bbox 912 5530 925 5567; x_wconf 89' lang='lat'>:</span> <span class='ocrx_word' id='word_1_497' title='bbox 954 5485 1060 5581; x_wconf 77' lang='lat' dir='ltr'><strong>quo</strong></span> <span class='ocrx_word' id='word_1_498' title='bbox 1086 5506 1226 5568; x_wconf 89' lang='lat' dir='ltr'><strong>oleo,</strong></span> <span class='ocrx_word' id='word_1_499' title='bbox 1256 5499 1354 5555; x_wconf 91' lang='lat' dir='ltr'><strong>nisi</strong></span> <span class='ocrx_word' id='word_1_500' title='bbox 1373 5490 1631 5565; x_wconf 87' lang='lat' dir='ltr'><strong>spirituali</strong></span> <span class='ocrx_word' id='word_1_501' title='bbox 1652 5489 1675 5543; x_wconf 88' lang='lat'><strong>?</strong></span> <span class='ocrx_word' id='word_1_502' title='bbox 1696 5485 1884 5543; x_wconf 84' lang='lat' dir='ltr'><strong>Oleum</strong></span> 
     </span>
    </p>
   </div>
   <div class='ocr_carea' id='block_1_57' title="bbox 304 5581 1886 5679">
    <p class='ocr_par' dir='ltr' id='par_1_57' title="bbox 304 5581 1886 5679">
     <span class='ocr_line' id='line_1_62' title="bbox 304 5581 1886 5679; baseline -0.034 0"><span class='ocrx_word' id='word_1_503' title='bbox 304 5624 453 5679; x_wconf 88' lang='lat' dir='ltr'><strong>enim</strong></span> <span class='ocrx_word' id='word_1_504' title='bbox 475 5581 688 5672; x_wconf 53' lang='lat' dir='ltr'><strong>visibile</strong></span> <span class='ocrx_word' id='word_1_505' title='bbox 718 5610 769 5665; x_wconf 90' lang='lat' dir='ltr'><strong>in</strong></span> <span class='ocrx_word' id='word_1_506' title='bbox 799 5608 950 5677; x_wconf 84' lang='lat' dir='ltr'><strong>signo</strong></span> <span class='ocrx_word' id='word_1_507' title='bbox 978 5608 1079 5661; x_wconf 83' lang='lat' dir='ltr'><strong>est.</strong></span> <span class='ocrx_word' id='word_1_508' title='bbox 1106 5594 1284 5650; x_wconf 88' lang='lat' dir='ltr'><strong>oleum</strong></span> <span class='ocrx_word' id='word_1_509' title='bbox 1322 5584 1583 5643; x_wconf 84' lang='lat' dir='ltr'><strong>invisibile</strong></span> <span class='ocrx_word' id='word_1_510' title='bbox 1614 5581 1664 5634; x_wconf 91' lang='lat' dir='ltr'><strong>in</strong></span> <span class='ocrx_word' id='word_1_511' title='bbox 1705 5589 1886 5631; x_wconf 85' lang='lat' dir='ltr'><strong>sacra-</strong></span> 
     </span>
    </p>
   </div>
   <div class='ocr_carea' id='block_1_58' title="bbox 303 5673 1891 5777">
    <p class='ocr_par' dir='ltr' id='par_1_58' title="bbox 303 5673 1891 5777">
     <span class='ocr_line' id='line_1_63' title="bbox 303 5673 1891 5777; baseline -0.033 -1"><span class='ocrx_word' id='word_1_512' title='bbox 303 5727 494 5777; x_wconf 72' lang='lat' dir='ltr'><strong>mento</strong></span> <span class='ocrx_word' id='word_1_513' title='bbox 522 5722 625 5775; x_wconf 87' lang='lat' dir='ltr'><strong>est,</strong></span> <span class='ocrx_word' id='word_1_514' title='bbox 653 5708 830 5765; x_wconf 87' lang='lat' dir='ltr'><strong>oleum</strong></span> <span class='ocrx_word' id='word_1_515' title='bbox 849 5673 1141 5772; x_wconf 32' lang='lat' dir='ltr'><strong>vspirituale</strong></span> <span class='ocrx_word' id='word_1_516' title='bbox 1178 5689 1321 5745; x_wconf 88' lang='lat' dir='ltr'><strong>intus</strong></span> <span class='ocrx_word' id='word_1_517' title='bbox 1369 5689 1450 5738; x_wconf 88' lang='lat' dir='ltr'><strong>est</strong></span> <span class='ocrx_word' id='word_1_518' title='bbox 1498 5679 1537 5731; x_wconf 71' lang='grc'>³.</span> <span class='ocrx_word' id='word_1_519' title='bbox 1579 5673 1781 5733; x_wconf 82' lang='grc' dir='ltr'>υιιειιιε</span> <span class='ocrx_word' id='word_1_520' title='bbox 1808 5676 1891 5726; x_wconf 82' lang='grc' dir='ltr'><strong>εει</strong></span> 
     </span>
    </p>
   </div>
   <div class='ocr_carea' id='block_1_59' title="bbox 383 5862 1676 5947">
    <p class='ocr_par' dir='ltr' id='par_1_59' title="bbox 383 5862 1676 5947">
     <span class='ocr_line' id='line_1_64' title="bbox 383 5862 1676 5947; baseline -0.033 0"><span class='ocrx_word' id='word_1_521' title='bbox 383 5898 403 5931; x_wconf 74' lang='grc' dir='ltr'>ί</span> <span class='ocrx_word' id='word_1_522' title='bbox 441 5903 559 5945; x_wconf 84' lang='lat' dir='ltr'><strong>Tres</strong></span> <span class='ocrx_word' id='word_1_523' title='bbox 580 5898 707 5947; x_wconf 59' lang='lat' dir='ltr'><strong>Mss,</strong></span> <span class='ocrx_word' id='word_1_524' title='bbox 732 5884 819 5937; x_wconf 84' lang='lat' dir='ltr'><strong>hoc</strong></span> <span class='ocrx_word' id='word_1_525' title='bbox 842 5886 911 5935; x_wconf 83' lang='lat' dir='ltr'><strong>est</strong></span> <span class='ocrx_word' id='word_1_526' title='bbox 932 5877 1161 5947; x_wconf 63' lang='lat' dir='ltr'><strong>minatur.</strong></span> <span class='ocrx_word' id='word_1_527' title='bbox 1187 5862 1676 5947; x_wconf 41' lang='grc' dir='ltr'><strong>θ’ριιςιῆξῃένςιὲκειεέ</strong></span> 
     </span>
    </p>
   </div>
   <div class='ocr_carea' id='block_1_60' title="bbox 384 5914 1897 6015">
    <p class='ocr_par' dir='ltr' id='par_1_60' title="bbox 384 5914 1897 6015">
     <span class='ocr_line' id='line_1_65' title="bbox 385 5914 1547 5947; baseline -0.033 -1"><span class='ocrx_word' id='word_1_528' title='bbox 385 5914 403 5931; x_wconf 81' lang='grc'><strong><em>³</em></strong></span> <span class='ocrx_word' id='word_1_529' title='bbox 444 5914 559 5945; x_wconf 73' lang='lat' dir='ltr'><strong>tres</strong></span> <span class='ocrx_word' id='word_1_530' title='bbox 580 5914 707 5947; x_wconf 59' lang='lat' dir='ltr'><strong>nam,</strong></span> <span class='ocrx_word' id='word_1_531' title='bbox 732 5914 817 5937; x_wconf 72' lang='lat' dir='ltr'><strong>rm</strong></span> <span class='ocrx_word' id='word_1_532' title='bbox 842 5914 911 5935; x_wconf 66' lang='grc' dir='ltr'><strong><em>ων</em></strong></span> <span class='ocrx_word' id='word_1_533' title='bbox 935 5914 1128 5930; x_wconf 62' lang='lat' dir='ltr'><strong>mm...&quot;</strong></span> <span class='ocrx_word' id='word_1_534' title='bbox 1149 5914 1161 5921; x_wconf 95' lang='lat'><strong>.</strong></span> <span class='ocrx_word' id='word_1_535' title='bbox 1187 5914 1279 5921; x_wconf 57' lang='grc' dir='ltr'><strong>..-η</strong></span> <span class='ocrx_word' id='word_1_536' title='bbox 1314 5914 1317 5915; x_wconf 66' lang='lat'>,</span> <span class='ocrx_word' id='word_1_537' title='bbox 1434 5923 1442 5932; x_wconf 26' lang='grc' dir='ltr'><strong>υ</strong></span> <span class='ocrx_word' id='word_1_538' title='bbox 1544 5914 1547 5915; x_wconf 16' lang='grc' dir='ltr'><em>γ</em></span> 
     </span>
     <span class='ocr_line' id='line_1_66' title="bbox 384 5914 1897 6015; baseline -0.031 -4"><span class='ocrx_word' id='word_1_539' title='bbox 384 5960 411 5996; x_wconf 73' lang='grc' dir='ltr'><strong>ι</strong></span> <span class='ocrx_word' id='word_1_540' title='bbox 445 5965 542 6011; x_wconf 81' lang='lat' dir='ltr'><strong>Duo</strong></span> <span class='ocrx_word' id='word_1_541' title='bbox 565 5965 692 6015; x_wconf 61' lang='lat' dir='ltr'><strong>uss,</strong></span> <span class='ocrx_word' id='word_1_542' title='bbox 714 5949 765 6005; x_wconf 84' lang='lat' dir='ltr'><strong>in</strong></span> <span class='ocrx_word' id='word_1_543' title='bbox 787 5947 975 6011; x_wconf 77' lang='lat' dir='ltr'><strong>signant</strong></span> <span class='ocrx_word' id='word_1_544' title='bbox 1011 5946 1079 5993; x_wconf 78' lang='lat' dir='ltr'><strong>est</strong></span> <span class='ocrx_word' id='word_1_545' title='bbox 1109 5933 1201 5990; x_wconf 76' lang='lat' dir='ltr'><strong>olei</strong></span> <span class='ocrx_word' id='word_1_546' title='bbox 1223 5926 1466 5985; x_wconf 74' lang='lat' dir='ltr'><strong>invisibilis</strong></span> <span class='ocrx_word' id='word_1_547' title='bbox 1490 5934 1506 5976; x_wconf 82' lang='lat'><strong>.&#39;</strong></span> <span class='ocrx_word' id='word_1_548' title='bbox 1529 5920 1581 5976; x_wconf 84' lang='lat' dir='ltr'><strong>in</strong></span> <span class='ocrx_word' id='word_1_549' title='bbox 1602 5914 1897 5972; x_wconf 79' lang='lat' dir='ltr'><strong>sacramento</strong></span> 
     </span>
    </p>
   </div>
   <div class='ocr_carea' id='block_1_61' title="bbox 1284 392 2366 477">
    <p class='ocr_par' dir='ltr' id='par_1_61' title="bbox 1284 392 2366 477">
     <span class='ocr_line' id='line_1_67' title="bbox 1284 392 2366 477; baseline -0.015 -12"><span class='ocrx_word' id='word_1_550' title='bbox 1284 401 1676 477; x_wconf 71' lang='grc' dir='ltr'>ΕΝΑιιιιΑτιο</span> <span class='ocrx_word' id='word_1_551' title='bbox 1715 399 1779 457; x_wconf 82' lang='lat' dir='ltr'><strong>IN</strong></span> <span class='ocrx_word' id='word_1_552' title='bbox 1820 395 2143 456; x_wconf 67' lang='lat' dir='ltr'><strong>PSALMUM</strong></span> <span class='ocrx_word' id='word_1_553' title='bbox 2183 392 2366 451; x_wconf 76' lang='lat' dir='ltr'><strong>XLIV.</strong></span> 
     </span>
    </p>
   </div>
   <div class='ocr_carea' id='block_1_62' title="bbox 3379 380 3484 437">
    <p class='ocr_par' dir='ltr' id='par_1_62' title="bbox 3379 380 3484 437">
     <span class='ocr_line' id='line_1_68' title="bbox 3379 380 3484 437; baseline -0.038 1"><span class='ocrx_word' id='word_1_554' title='bbox 3379 380 3484 437; x_wconf 82' lang='lat'><strong>506</strong></span> 
     </span>
    </p>
   </div>
   <div class='ocr_carea' id='block_1_63' title="bbox 1906 497 3489 575">
    <p class='ocr_par' dir='ltr' id='par_1_63' title="bbox 1906 497 3489 575">
     <span class='ocr_line' id='line_1_69' title="bbox 1906 497 3489 575; baseline -0.011 -7"><span class='ocrx_word' id='word_1_555' title='bbox 1906 512 2058 568; x_wconf 89' lang='lat' dir='ltr'><strong>nobis</strong></span> <span class='ocrx_word' id='word_1_556' title='bbox 2089 512 2264 575; x_wconf 86' lang='lat' dir='ltr'><strong>Deus,</strong></span> <span class='ocrx_word' id='word_1_557' title='bbox 2301 515 2356 563; x_wconf 90' lang='lat' dir='ltr'><strong>et</strong></span> <span class='ocrx_word' id='word_1_558' title='bbox 2403 505 2599 561; x_wconf 86' lang='lat' dir='ltr'><strong>missus</strong></span> <span class='ocrx_word' id='word_1_559' title='bbox 2630 512 2714 560; x_wconf 89' lang='lat' dir='ltr'><strong>est</strong></span> <span class='ocrx_word' id='word_1_560' title='bbox 2756 504 2911 558; x_wconf 88' lang='lat' dir='ltr'><strong>nobis</strong></span> <span class='ocrx_word' id='word_1_561' title='bbox 2943 519 2955 555; x_wconf 89' lang='lat'><strong>:</strong></span> <span class='ocrx_word' id='word_1_562' title='bbox 2982 510 3036 556; x_wconf 90' lang='lat' dir='ltr'><strong>et</strong></span> <span class='ocrx_word' id='word_1_563' title='bbox 3077 498 3190 570; x_wconf 86' lang='lat' dir='ltr'><strong>ipse</strong></span> <span class='ocrx_word' id='word_1_564' title='bbox 3232 497 3402 561; x_wconf 90' lang='lat' dir='ltr'><strong>Deus,</strong></span> <span class='ocrx_word' id='word_1_565' title='bbox 3429 505 3489 552; x_wconf 93' lang='lat' dir='ltr'><strong>ut</strong></span> 
     </span>
    </p>
   </div>
   <div class='ocr_carea' id='block_1_64' title="bbox 1907 592 3486 677">
    <p class='ocr_par' dir='ltr' id='par_1_64' title="bbox 1907 592 3486 677">
     <span class='ocr_line' id='line_1_70' title="bbox 1907 592 3486 677; baseline -0.011 -14"><span class='ocrx_word' id='word_1_566' title='bbox 1907 615 2191 677; x_wconf 76' lang='lat' dir='ltr'><strong>angeretur</strong></span> <span class='ocrx_word' id='word_1_567' title='bbox 2218 644 2235 669; x_wconf 96' lang='lat'><strong>,</strong></span> <span class='ocrx_word' id='word_1_568' title='bbox 2288 602 2449 657; x_wconf 91' lang='lat' dir='ltr'><strong>homo</strong></span> <span class='ocrx_word' id='word_1_569' title='bbox 2475 608 2590 655; x_wconf 91' lang='lat' dir='ltr'><strong>erat</strong></span> <span class='ocrx_word' id='word_1_570' title='bbox 2623 616 2635 652; x_wconf 92' lang='lat'>:</span> <span class='ocrx_word' id='word_1_571' title='bbox 2664 596 2758 654; x_wconf 89' lang='lat' dir='ltr'><strong>scd</strong></span> <span class='ocrx_word' id='word_1_572' title='bbox 2799 597 2873 652; x_wconf 86' lang='lat' dir='ltr'><strong>ita</strong></span> <span class='ocrx_word' id='word_1_573' title='bbox 2898 596 3057 650; x_wconf 92' lang='lat' dir='ltr'><strong>homo</strong></span> <span class='ocrx_word' id='word_1_574' title='bbox 3094 600 3229 659; x_wconf 90' lang='lat' dir='ltr'><strong>erat,</strong></span> <span class='ocrx_word' id='word_1_575' title='bbox 3262 600 3319 646; x_wconf 94' lang='lat' dir='ltr'><strong>ut</strong></span> <span class='ocrx_word' id='word_1_576' title='bbox 3346 592 3486 647; x_wconf 90' lang='lat' dir='ltr'><strong>Deus</strong></span> 
     </span>
    </p>
   </div>
   <div class='ocr_carea' id='block_1_65' title="bbox 1907 687 3487 765">
    <p class='ocr_par' dir='ltr' id='par_1_65' title="bbox 1907 687 3487 765">
     <span class='ocr_line' id='line_1_71' title="bbox 1907 687 3487 765; baseline -0.009 -8"><span class='ocrx_word' id='word_1_577' title='bbox 1907 713 2079 765; x_wconf 88' lang='lat' dir='ltr'><strong>esset;</strong></span> <span class='ocrx_word' id='word_1_578' title='bbox 2107 700 2176 753; x_wconf 79' lang='lat' dir='ltr'><strong>ita</strong></span> <span class='ocrx_word' id='word_1_579' title='bbox 2204 698 2344 753; x_wconf 88' lang='lat' dir='ltr'><strong>Deus</strong></span> <span class='ocrx_word' id='word_1_580' title='bbox 2368 702 2506 759; x_wconf 88' lang='lat' dir='ltr'><strong>erat,</strong></span> <span class='ocrx_word' id='word_1_581' title='bbox 2534 703 2591 748; x_wconf 89' lang='lat' dir='ltr'><strong>ut</strong></span> <span class='ocrx_word' id='word_1_582' title='bbox 2616 692 2777 747; x_wconf 89' lang='lat' dir='ltr'><strong>homo</strong></span> <span class='ocrx_word' id='word_1_583' title='bbox 2792 705 2913 746; x_wconf 85' lang='lat' dir='ltr'><strong>esse</strong></span> <span class='ocrx_word' id='word_1_584' title='bbox 2941 704 3045 744; x_wconf 91' lang='lat' dir='ltr'><strong>non</strong></span> <span class='ocrx_word' id='word_1_585' title='bbox 3073 687 3487 758; x_wconf 84' lang='lat' dir='ltr'><strong>dedignaretur:</strong></span> 
     </span>
    </p>
   </div>
   <div class='ocr_carea' id='block_1_66' title="bbox 1910 780 3493 856">
    <p class='ocr_par' dir='ltr' id='par_1_66' title="bbox 1910 780 3493 856">
     <span class='ocr_line' id='line_1_72' title="bbox 1910 780 3493 856; baseline -0.008 -8"><span class='ocrx_word' id='word_1_586' title='bbox 1910 810 2065 850; x_wconf 88' lang='lat' dir='ltr'><strong>verus</strong></span> <span class='ocrx_word' id='word_1_587' title='bbox 2096 794 2276 856; x_wconf 89' lang='lat' dir='ltr'><strong>homo,</strong></span> <span class='ocrx_word' id='word_1_588' title='bbox 2310 804 2466 845; x_wconf 88' lang='lat' dir='ltr'><strong>verus</strong></span> <span class='ocrx_word' id='word_1_589' title='bbox 2495 787 2662 852; x_wconf 88' lang='lat' dir='ltr'><strong>Deus;</strong></span> <span class='ocrx_word' id='word_1_590' title='bbox 2717 785 2768 840; x_wconf 92' lang='lat' dir='ltr'><strong>in</strong></span> <span class='ocrx_word' id='word_1_591' title='bbox 2818 782 2964 839; x_wconf 91' lang='lat' dir='ltr'><strong>nullo</strong></span> <span class='ocrx_word' id='word_1_592' title='bbox 3010 781 3199 845; x_wconf 83' lang='lat' dir='ltr'><strong>lallax,</strong></span> <span class='ocrx_word' id='word_1_593' title='bbox 3248 781 3300 837; x_wconf 89' lang='lat' dir='ltr'><strong>in</strong></span> <span class='ocrx_word' id='word_1_594' title='bbox 3345 780 3493 836; x_wconf 89' lang='lat' dir='ltr'><strong>nullo</strong></span> 
     </span>
    </p>
   </div>
   <div class='ocr_carea' id='block_1_67' title="bbox 1912 874 3494 955">
    <p class='ocr_par' dir='ltr' id='par_1_67' title="bbox 1912 874 3494 955">
     <span class='ocr_line' id='line_1_73' title="bbox 1912 874 3494 955; baseline -0.01 -13"><span class='ocrx_word' id='word_1_595' title='bbox 1912 885 2102 948; x_wconf 78' lang='lat' dir='ltr'><strong>falsus;</strong></span> <span class='ocrx_word' id='word_1_596' title='bbox 2133 885 2255 955; x_wconf 87' lang='lat' dir='ltr'><strong>quia</strong></span> <span class='ocrx_word' id='word_1_597' title='bbox 2288 882 2479 954; x_wconf 91' lang='lat' dir='ltr'><strong>ubique</strong></span> <span class='ocrx_word' id='word_1_598' title='bbox 2504 894 2698 945; x_wconf 80' lang='lat' dir='ltr'><strong>verax,</strong></span> <span class='ocrx_word' id='word_1_599' title='bbox 2724 877 2916 948; x_wconf 87' lang='lat' dir='ltr'><strong>ubique</strong></span> <span class='ocrx_word' id='word_1_600' title='bbox 2953 876 3168 930; x_wconf 90' lang='lat' dir='ltr'><strong>veritas.</strong></span> <span class='ocrx_word' id='word_1_601' title='bbox 3203 874 3341 928; x_wconf 85' lang='lat' dir='ltr'><strong>Deus</strong></span> <span class='ocrx_word' id='word_1_602' title='bbox 3364 886 3494 941; x_wconf 83' lang='lat' dir='ltr'><strong>ergo</strong></span> 
     </span>
    </p>
   </div>
   <div class='ocr_carea' id='block_1_68' title="bbox 1914 964 3498 1048">
    <p class='ocr_par' dir='ltr' id='par_1_68' title="bbox 1914 964 3498 1048">
     <span class='ocr_line' id='line_1_74' title="bbox 1914 964 3498 1048; baseline -0.012 -11"><span class='ocrx_word' id='word_1_603' title='bbox 1914 982 2095 1048; x_wconf 89' lang='lat' dir='ltr'><strong>homo,</strong></span> <span class='ocrx_word' id='word_1_604' title='bbox 2125 989 2180 1037; x_wconf 93' lang='lat' dir='ltr'><strong>et</strong></span> <span class='ocrx_word' id='word_1_605' title='bbox 2205 979 2324 1033; x_wconf 85' lang='lat' dir='ltr'><strong>ideo</strong></span> <span class='ocrx_word' id='word_1_606' title='bbox 2349 985 2541 1032; x_wconf 91' lang='lat' dir='ltr'><strong>unctus</strong></span> <span class='ocrx_word' id='word_1_607' title='bbox 2566 974 2737 1040; x_wconf 89' lang='lat' dir='ltr'><strong>Deus,</strong></span> <span class='ocrx_word' id='word_1_608' title='bbox 2768 972 2891 1043; x_wconf 87' lang='lat' dir='ltr'><strong>quia</strong></span> <span class='ocrx_word' id='word_1_609' title='bbox 2920 969 3084 1024; x_wconf 90' lang='lat' dir='ltr'><strong>homo</strong></span> <span class='ocrx_word' id='word_1_610' title='bbox 3113 967 3254 1023; x_wconf 86' lang='lat' dir='ltr'><strong>Deus</strong></span> <span class='ocrx_word' id='word_1_611' title='bbox 3273 1006 3291 1032; x_wconf 91' lang='lat'><strong>,</strong></span> <span class='ocrx_word' id='word_1_612' title='bbox 3316 976 3371 1023; x_wconf 92' lang='lat' dir='ltr'><strong>et</strong></span> <span class='ocrx_word' id='word_1_613' title='bbox 3421 964 3498 1019; x_wconf 77' lang='lat' dir='ltr'><strong>fa-</strong></span> 
     </span>
    </p>
   </div>
   <div class='ocr_carea' id='block_1_69' title="bbox 1913 1071 2430 1130">
    <p class='ocr_par' dir='ltr' id='par_1_69' title="bbox 1913 1071 2430 1130">
     <span class='ocr_line' id='line_1_75' title="bbox 1913 1071 2430 1130; baseline -0.014 0"><span class='ocrx_word' id='word_1_614' title='bbox 1913 1083 2029 1130; x_wconf 89' lang='lat' dir='ltr'><strong>ctus</strong></span> <span class='ocrx_word' id='word_1_615' title='bbox 2055 1082 2136 1128; x_wconf 90' lang='lat' dir='ltr'><strong>est</strong></span> <span class='ocrx_word' id='word_1_616' title='bbox 2165 1071 2430 1127; x_wconf 86' lang='lat' dir='ltr'><strong>Christus.</strong></span> 
     </span>
    </p>
   </div>
   <div class='ocr_carea' id='block_1_70' title="bbox 1985 1168 3501 1255">
    <p class='ocr_par' dir='ltr' id='par_1_70' title="bbox 1985 1168 3501 1255">
     <span class='ocr_line' id='line_1_76' title="bbox 1985 1168 3501 1255; baseline -0.011 -14"><span class='ocrx_word' id='word_1_617' title='bbox 1985 1185 2076 1244; x_wconf 70' lang='lat'><strong>20.</strong></span> <span class='ocrx_word' id='word_1_618' title='bbox 2106 1186 2218 1242; x_wconf 81' lang='lat' dir='ltr'><strong>Hoc</strong></span> <span class='ocrx_word' id='word_1_619' title='bbox 2245 1182 2571 1255; x_wconf 80' lang='lat' dir='ltr'><strong>ﬁgurabatur</strong></span> <span class='ocrx_word' id='word_1_620' title='bbox 2593 1179 2648 1235; x_wconf 92' lang='lat' dir='ltr'><strong>in</strong></span> <span class='ocrx_word' id='word_1_621' title='bbox 2677 1193 2743 1233; x_wconf 91' lang='lat' dir='ltr'><strong>eo</strong></span> <span class='ocrx_word' id='word_1_622' title='bbox 2772 1176 2913 1247; x_wconf 79' lang='lat' dir='ltr'><strong>quod</strong></span> <span class='ocrx_word' id='word_1_623' title='bbox 2939 1174 3104 1231; x_wconf 85' lang='lat' dir='ltr'><strong>Iacob</strong></span> <span class='ocrx_word' id='word_1_624' title='bbox 3134 1171 3367 1241; x_wconf 89' lang='lat' dir='ltr'><strong>lapidem</strong></span> <span class='ocrx_word' id='word_1_625' title='bbox 3397 1168 3501 1226; x_wconf 89' lang='lat' dir='ltr'><strong>sibi</strong></span> 
     </span>
    </p>
   </div>
   <div class='ocr_carea' id='block_1_71' title="bbox 1916 1263 3499 1348">
    <p class='ocr_par' dir='ltr' id='par_1_71' title="bbox 1916 1263 3499 1348">
     <span class='ocr_line' id='line_1_77' title="bbox 1916 1263 3499 1348; baseline -0.012 -14"><span class='ocrx_word' id='word_1_626' title='bbox 1916 1278 1984 1334; x_wconf 90' lang='lat' dir='ltr'><strong>ad</strong></span> <span class='ocrx_word' id='word_1_627' title='bbox 2012 1286 2170 1348; x_wconf 90' lang='lat' dir='ltr'><strong>caput</strong></span> <span class='ocrx_word' id='word_1_628' title='bbox 2220 1284 2503 1346; x_wconf 87' lang='lat' dir='ltr'><strong>posuerat,</strong></span> <span class='ocrx_word' id='word_1_629' title='bbox 2553 1281 2607 1328; x_wconf 91' lang='lat' dir='ltr'><strong>et</strong></span> <span class='ocrx_word' id='word_1_630' title='bbox 2654 1270 2942 1326; x_wconf 89' lang='lat' dir='ltr'><strong>dormierat</strong></span> <span class='ocrx_word' id='word_1_631' title='bbox 2972 1265 3123 1339; x_wconf 86' lang='lat' dir='ltr'><strong>(Gen.</strong></span> <span class='ocrx_word' id='word_1_632' title='bbox 3155 1279 3340 1327; x_wconf 89' lang='lat' dir='ltr'><strong>xxvnt,</strong></span> <span class='ocrx_word' id='word_1_633' title='bbox 3385 1263 3499 1332; x_wconf 77' lang='lat' dir='ltr'><strong>li).</strong></span> 
     </span>
    </p>
   </div>
   <div class='ocr_carea' id='block_1_72' title="bbox 1917 1359 3503 1439">
    <p class='ocr_par' dir='ltr' id='par_1_72' title="bbox 1917 1359 3503 1439">
     <span class='ocr_line' id='line_1_78' title="bbox 1917 1359 3503 1439; baseline -0.013 -13"><span class='ocrx_word' id='word_1_634' title='bbox 1917 1371 2082 1426; x_wconf 88' lang='lat' dir='ltr'><strong>Iacob</strong></span> <span class='ocrx_word' id='word_1_635' title='bbox 2130 1366 2426 1439; x_wconf 88' lang='lat' dir='ltr'><strong>patriarcha</strong></span> <span class='ocrx_word' id='word_1_636' title='bbox 2478 1364 2704 1435; x_wconf 88' lang='lat' dir='ltr'><strong>lapidem</strong></span> <span class='ocrx_word' id='word_1_637' title='bbox 2755 1362 2853 1417; x_wconf 90' lang='lat' dir='ltr'><strong>sibi</strong></span> <span class='ocrx_word' id='word_1_638' title='bbox 2902 1359 2966 1413; x_wconf 88' lang='lat' dir='ltr'><strong>ad</strong></span> <span class='ocrx_word' id='word_1_639' title='bbox 3016 1365 3174 1428; x_wconf 89' lang='lat' dir='ltr'><strong>caput</strong></span> <span class='ocrx_word' id='word_1_640' title='bbox 3220 1361 3503 1425; x_wconf 86' lang='lat' dir='ltr'><strong>posuerat;</strong></span> 
     </span>
    </p>
   </div>
   <div class='ocr_carea' id='block_1_73' title="bbox 1920 1448 3508 1529">
    <p class='ocr_par' dir='ltr' id='par_1_73' title="bbox 1920 1448 3508 1529">
     <span class='ocr_line' id='line_1_79' title="bbox 1920 1448 3508 1529; baseline -0.013 -8"><span class='ocrx_word' id='word_1_641' title='bbox 1920 1465 2193 1521; x_wconf 90' lang='lat' dir='ltr'><strong>dormiens</strong></span> <span class='ocrx_word' id='word_1_642' title='bbox 2236 1469 2414 1516; x_wconf 88' lang='lat' dir='ltr'><strong>autem</strong></span> <span class='ocrx_word' id='word_1_643' title='bbox 2458 1460 2550 1513; x_wconf 91' lang='lat' dir='ltr'><strong>illo</strong></span> <span class='ocrx_word' id='word_1_644' title='bbox 2589 1456 2762 1529; x_wconf 90' lang='lat' dir='ltr'><strong>lapide</strong></span> <span class='ocrx_word' id='word_1_645' title='bbox 2811 1454 2875 1510; x_wconf 91' lang='lat' dir='ltr'><strong>ad</strong></span> <span class='ocrx_word' id='word_1_646' title='bbox 2923 1462 3083 1523; x_wconf 77' lang='lat' dir='ltr'><strong>eaput</strong></span> <span class='ocrx_word' id='word_1_647' title='bbox 3130 1450 3325 1522; x_wconf 89' lang='lat' dir='ltr'><strong>posito,</strong></span> <span class='ocrx_word' id='word_1_648' title='bbox 3375 1448 3508 1501; x_wconf 84' lang='lat' dir='ltr'><strong>vidit</strong></span> 
     </span>
    </p>
   </div>
   <div class='ocr_carea' id='block_1_74' title="bbox 1921 1540 3508 1630">
    <p class='ocr_par' dir='ltr' id='par_1_74' title="bbox 1921 1540 3508 1630">
     <span class='ocr_line' id='line_1_80' title="bbox 1921 1540 3508 1630; baseline -0.012 -16"><span class='ocrx_word' id='word_1_649' title='bbox 1921 1558 2119 1630; x_wconf 89' lang='lat' dir='ltr'><strong>apertis</strong></span> <span class='ocrx_word' id='word_1_650' title='bbox 2163 1555 2316 1612; x_wconf 62' lang='lat' dir='ltr'><strong>caelis</strong></span> <span class='ocrx_word' id='word_1_651' title='bbox 2362 1554 2559 1610; x_wconf 87' lang='lat' dir='ltr'><strong>scalam</strong></span> <span class='ocrx_word' id='word_1_652' title='bbox 2590 1567 2619 1605; x_wconf 89' lang='lat' dir='ltr'><strong>a</strong></span> <span class='ocrx_word' id='word_1_653' title='bbox 2648 1548 2786 1606; x_wconf 76' lang='lat' dir='ltr'><strong>ccelo</strong></span> <span class='ocrx_word' id='word_1_654' title='bbox 2828 1548 2881 1602; x_wconf 92' lang='lat' dir='ltr'><strong>in</strong></span> <span class='ocrx_word' id='word_1_655' title='bbox 2921 1555 3146 1607; x_wconf 89' lang='lat' dir='ltr'><strong>terram,</strong></span> <span class='ocrx_word' id='word_1_656' title='bbox 3177 1551 3233 1598; x_wconf 91' lang='lat' dir='ltr'><strong>et</strong></span> <span class='ocrx_word' id='word_1_657' title='bbox 3273 1540 3508 1610; x_wconf 82' lang='lat' dir='ltr'><strong>Angelos</strong></span> 
     </span>
    </p>
   </div>
   <div class='ocr_carea' id='block_1_75' title="bbox 1923 1634 3506 1708">
    <p class='ocr_par' dir='ltr' id='par_1_75' title="bbox 1923 1634 3506 1708">
     <span class='ocr_line' id='line_1_81' title="bbox 1923 1634 3506 1708; baseline -0.012 -2"><span class='ocrx_word' id='word_1_658' title='bbox 1923 1649 2275 1706; x_wconf 86' lang='lat' dir='ltr'><strong>ascendentes</strong></span> <span class='ocrx_word' id='word_1_659' title='bbox 2313 1655 2368 1703; x_wconf 91' lang='lat' dir='ltr'><strong>et</strong></span> <span class='ocrx_word' id='word_1_660' title='bbox 2408 1643 2841 1708; x_wconf 87' lang='lat' dir='ltr'><strong>descendentes:</strong></span> <span class='ocrx_word' id='word_1_661' title='bbox 2881 1640 2984 1695; x_wconf 87' lang='lat' dir='ltr'><strong>hoc</strong></span> <span class='ocrx_word' id='word_1_662' title='bbox 3032 1639 3148 1693; x_wconf 88' lang='lat' dir='ltr'><strong>viso</strong></span> <span class='ocrx_word' id='word_1_663' title='bbox 3197 1634 3506 1703; x_wconf 80' lang='lat' dir='ltr'><strong>evigilavit,</strong></span> 
     </span>
    </p>
   </div>
   <div class='ocr_carea' id='block_1_76' title="bbox 1926 1724 3511 1811">
    <p class='ocr_par' dir='ltr' id='par_1_76' title="bbox 1926 1724 3511 1811">
     <span class='ocr_line' id='line_1_82' title="bbox 1926 1724 3511 1811; baseline -0.013 -13"><span class='ocrx_word' id='word_1_664' title='bbox 1926 1744 2077 1798; x_wconf 90' lang='lat' dir='ltr'><strong>unxit</strong></span> <span class='ocrx_word' id='word_1_665' title='bbox 2124 1740 2385 1811; x_wconf 89' lang='lat' dir='ltr'><strong>lapidem,</strong></span> <span class='ocrx_word' id='word_1_666' title='bbox 2413 1747 2467 1794; x_wconf 92' lang='lat' dir='ltr'><strong>et</strong></span> <span class='ocrx_word' id='word_1_667' title='bbox 2496 1736 2761 1793; x_wconf 88' lang='lat' dir='ltr'><strong>discessit.</strong></span> <span class='ocrx_word' id='word_1_668' title='bbox 2812 1732 2868 1788; x_wconf 95' lang='lat' dir='ltr'><strong>In</strong></span> <span class='ocrx_word' id='word_1_669' title='bbox 2916 1732 3009 1787; x_wconf 89' lang='lat' dir='ltr'><strong>illo</strong></span> <span class='ocrx_word' id='word_1_670' title='bbox 3039 1728 3217 1801; x_wconf 89' lang='lat' dir='ltr'><strong>lapide</strong></span> <span class='ocrx_word' id='word_1_671' title='bbox 3246 1724 3511 1781; x_wconf 80' lang='lat' dir='ltr'><strong>intellexit</strong></span> 
     </span>
    </p>
   </div>
   <div class='ocr_carea' id='block_1_77' title="bbox 1926 1820 3513 1897">
    <p class='ocr_par' dir='ltr' id='par_1_77' title="bbox 1926 1820 3513 1897">
     <span class='ocr_line' id='line_1_83' title="bbox 1926 1820 3513 1897; baseline -0.013 -5"><span class='ocrx_word' id='word_1_672' title='bbox 1926 1836 2236 1897; x_wconf 89' lang='lat' dir='ltr'><strong>Christum,</strong></span> <span class='ocrx_word' id='word_1_673' title='bbox 2286 1833 2407 1888; x_wconf 90' lang='lat' dir='ltr'><strong>ideo</strong></span> <span class='ocrx_word' id='word_1_674' title='bbox 2450 1831 2618 1885; x_wconf 83' lang='lat' dir='ltr'><strong>unxit.</strong></span> <span class='ocrx_word' id='word_1_675' title='bbox 2676 1826 2860 1883; x_wconf 83' lang='lat' dir='ltr'><strong>Videte</strong></span> <span class='ocrx_word' id='word_1_676' title='bbox 2903 1840 2969 1881; x_wconf 86' lang='lat' dir='ltr'><strong>ex</strong></span> <span class='ocrx_word' id='word_1_677' title='bbox 3021 1839 3127 1893; x_wconf 92' lang='lat' dir='ltr'><strong>quo</strong></span> <span class='ocrx_word' id='word_1_678' title='bbox 3192 1820 3513 1891; x_wconf 74' lang='lat' dir='ltr'><strong>praedicatur</strong></span> 
     </span>
    </p>
   </div>
   <div class='ocr_carea' id='block_1_78' title="bbox 1929 1910 3511 1994">
    <p class='ocr_par' dir='ltr' id='par_1_78' title="bbox 1929 1910 3511 1994">
     <span class='ocr_line' id='line_1_84' title="bbox 1929 1910 3511 1994; baseline -0.013 -10"><span class='ocrx_word' id='word_1_679' title='bbox 1929 1926 2189 1984; x_wconf 87' lang='lat' dir='ltr'><strong>Christus.</strong></span> <span class='ocrx_word' id='word_1_680' title='bbox 2213 1924 2351 1994; x_wconf 83' lang='lat' dir='ltr'><strong>Quid</strong></span> <span class='ocrx_word' id='word_1_681' title='bbox 2378 1923 2479 1979; x_wconf 89' lang='lat' dir='ltr'><strong>sibi</strong></span> <span class='ocrx_word' id='word_1_682' title='bbox 2504 1922 2616 1976; x_wconf 88' lang='lat' dir='ltr'><strong>vult</strong></span> <span class='ocrx_word' id='word_1_683' title='bbox 2641 1920 2733 1975; x_wconf 89' lang='lat' dir='ltr'><strong>illa</strong></span> <span class='ocrx_word' id='word_1_684' title='bbox 2762 1917 2943 1973; x_wconf 91' lang='lat' dir='ltr'><strong>unctio</strong></span> <span class='ocrx_word' id='word_1_685' title='bbox 2969 1914 3181 1986; x_wconf 89' lang='lat' dir='ltr'><strong>lapidis,</strong></span> <span class='ocrx_word' id='word_1_686' title='bbox 3214 1910 3511 1983; x_wconf 67' lang='lat' dir='ltr'><strong>praesertim</strong></span> 
     </span>
    </p>
   </div>
   <div class='ocr_carea' id='block_1_79' title="bbox 1930 2001 3514 2090">
    <p class='ocr_par' dir='ltr' id='par_1_79' title="bbox 1930 2001 3514 2090">
     <span class='ocr_line' id='line_1_85' title="bbox 1930 2001 3514 2090; baseline -0.013 -15"><span class='ocrx_word' id='word_1_687' title='bbox 1930 2018 2069 2090; x_wconf 82' lang='lat' dir='ltr'><strong>apud</strong></span> <span class='ocrx_word' id='word_1_688' title='bbox 2098 2014 2553 2084; x_wconf 83' lang='lat' dir='ltr'><strong>Patriarchas,qui</strong></span> <span class='ocrx_word' id='word_1_689' title='bbox 2577 2025 2742 2067; x_wconf 91' lang='lat' dir='ltr'><strong>unum</strong></span> <span class='ocrx_word' id='word_1_690' title='bbox 2775 2009 2940 2064; x_wconf 91' lang='lat' dir='ltr'><strong>Deum</strong></span> <span class='ocrx_word' id='word_1_691' title='bbox 2966 2003 3253 2062; x_wconf 86' lang='lat' dir='ltr'><strong>colebant?</strong></span> <span class='ocrx_word' id='word_1_692' title='bbox 3287 2001 3514 2058; x_wconf 81' lang='lat' dir='ltr'><strong>Factum</strong></span> 
     </span>
    </p>
   </div>
   <div class='ocr_carea' id='block_1_80' title="bbox 1931 2093 3518 2179">
    <p class='ocr_par' dir='ltr' id='par_1_80' title="bbox 1931 2093 3518 2179">
     <span class='ocr_line' id='line_1_86' title="bbox 1931 2093 3518 2179; baseline -0.015 -8"><span class='ocrx_word' id='word_1_693' title='bbox 1931 2124 2014 2171; x_wconf 82' lang='lat' dir='ltr'><strong>est</strong></span> <span class='ocrx_word' id='word_1_694' title='bbox 2041 2125 2218 2168; x_wconf 85' lang='lat' dir='ltr'><strong>autem</strong></span> <span class='ocrx_word' id='word_1_695' title='bbox 2250 2112 2302 2166; x_wconf 90' lang='lat' dir='ltr'><strong>in</strong></span> <span class='ocrx_word' id='word_1_696' title='bbox 2330 2110 2515 2179; x_wconf 82' lang='lat' dir='ltr'><strong>ﬁgura.</strong></span> <span class='ocrx_word' id='word_1_697' title='bbox 2543 2114 2597 2161; x_wconf 89' lang='lat' dir='ltr'><strong>et</strong></span> <span class='ocrx_word' id='word_1_698' title='bbox 2626 2105 2919 2161; x_wconf 89' lang='lat' dir='ltr'><strong>discessum</strong></span> <span class='ocrx_word' id='word_1_699' title='bbox 2947 2109 3047 2156; x_wconf 90' lang='lat' dir='ltr'><strong>est.</strong></span> <span class='ocrx_word' id='word_1_700' title='bbox 3068 2098 3182 2154; x_wconf 90' lang='lat' dir='ltr'><strong>Non</strong></span> <span class='ocrx_word' id='word_1_701' title='bbox 3205 2097 3344 2153; x_wconf 90' lang='lat' dir='ltr'><strong>enim</strong></span> <span class='ocrx_word' id='word_1_702' title='bbox 3367 2093 3518 2149; x_wconf 90' lang='lat' dir='ltr'><strong>unxit</strong></span> 
     </span>
    </p>
   </div>
   <div class='ocr_carea' id='block_1_81' title="bbox 1934 2186 3519 2278">
    <p class='ocr_par' dir='ltr' id='par_1_81' title="bbox 1934 2186 3519 2278">
     <span class='ocr_line' id='line_1_87' title="bbox 1934 2186 3519 2278; baseline -0.015 -14"><span class='ocrx_word' id='word_1_703' title='bbox 1934 2208 2185 2278; x_wconf 88' lang='lat' dir='ltr'><strong>lapidem,</strong></span> <span class='ocrx_word' id='word_1_704' title='bbox 2218 2214 2273 2260; x_wconf 91' lang='lat' dir='ltr'><strong>et</strong></span> <span class='ocrx_word' id='word_1_705' title='bbox 2298 2203 2443 2258; x_wconf 90' lang='lat' dir='ltr'><strong>venit</strong></span> <span class='ocrx_word' id='word_1_706' title='bbox 2483 2201 2611 2256; x_wconf 92' lang='lat' dir='ltr'><strong>illuc</strong></span> <span class='ocrx_word' id='word_1_707' title='bbox 2648 2212 2862 2267; x_wconf 90' lang='lat' dir='ltr'><strong>semper</strong></span> <span class='ocrx_word' id='word_1_708' title='bbox 2899 2194 3146 2257; x_wconf 83' lang='lat' dir='ltr'><strong>adorare,</strong></span> <span class='ocrx_word' id='word_1_709' title='bbox 3178 2200 3234 2245; x_wconf 87' lang='lat' dir='ltr'><strong>et</strong></span> <span class='ocrx_word' id='word_1_710' title='bbox 3257 2186 3519 2245; x_wconf 83' lang='lat' dir='ltr'><strong>sacriﬁcia</strong></span> 
     </span>
    </p>
   </div>
   <div class='ocr_carea' id='block_1_82' title="bbox 1936 2281 3520 2365">
    <p class='ocr_par' dir='ltr' id='par_1_82' title="bbox 1936 2281 3520 2365">
     <span class='ocr_line' id='line_1_88' title="bbox 1936 2281 3520 2365; baseline -0.014 -9"><span class='ocrx_word' id='word_1_711' title='bbox 1936 2301 2007 2357; x_wconf 90' lang='lat' dir='ltr'><strong>ibi</strong></span> <span class='ocrx_word' id='word_1_712' title='bbox 2036 2299 2229 2355; x_wconf 82' lang='lat' dir='ltr'><strong>facere.</strong></span> <span class='ocrx_word' id='word_1_713' title='bbox 2259 2296 2585 2365; x_wconf 77' lang='lat' dir='ltr'><strong>Expressnm</strong></span> <span class='ocrx_word' id='word_1_714' title='bbox 2607 2301 2691 2347; x_wconf 90' lang='lat' dir='ltr'><strong>est</strong></span> <span class='ocrx_word' id='word_1_715' title='bbox 2716 2288 3048 2361; x_wconf 66' lang='lat' dir='ltr'><strong>mySterium,</strong></span> <span class='ocrx_word' id='word_1_716' title='bbox 3077 2300 3183 2339; x_wconf 90' lang='lat' dir='ltr'><strong>non</strong></span> <span class='ocrx_word' id='word_1_717' title='bbox 3216 2281 3520 2338; x_wconf 87' lang='lat' dir='ltr'><strong>inchoatum</strong></span> 
     </span>
    </p>
   </div>
   <div class='ocr_carea' id='block_1_83' title="bbox 1937 2377 3523 2463">
    <p class='ocr_par' dir='ltr' id='par_1_83' title="bbox 1937 2377 3523 2463">
     <span class='ocr_line' id='line_1_89' title="bbox 1937 2377 3523 2463; baseline -0.017 -12"><span class='ocrx_word' id='word_1_718' title='bbox 1937 2392 2291 2463; x_wconf 87' lang='lat' dir='ltr'><strong>sacrilegium.</strong></span> <span class='ocrx_word' id='word_1_719' title='bbox 2348 2388 2413 2443; x_wconf 89' lang='lat' dir='ltr'><strong>Et</strong></span> <span class='ocrx_word' id='word_1_720' title='bbox 2455 2386 2631 2442; x_wconf 87' lang='lat' dir='ltr'><strong>videte</strong></span> <span class='ocrx_word' id='word_1_721' title='bbox 2663 2382 2889 2452; x_wconf 90' lang='lat' dir='ltr'><strong>lapidem</strong></span> <span class='ocrx_word' id='word_1_722' title='bbox 2921 2395 2936 2434; x_wconf 87' lang='lat'><strong>:</strong></span> <span class='ocrx_word' id='word_1_723' title='bbox 2965 2377 3209 2448; x_wconf 82' lang='lat' dir='ltr'><strong>Lapidem</strong></span> <span class='ocrx_word' id='word_1_724' title='bbox 3252 2389 3397 2443; x_wconf 83' lang='lat' dir='ltr'><strong>quem</strong></span> <span class='ocrx_word' id='word_1_725' title='bbox 3438 2387 3523 2425; x_wconf 86' lang='lat' dir='ltr'><strong>re-</strong></span> 
     </span>
    </p>
   </div>
   <div class='ocr_carea' id='block_1_84' title="bbox 1940 2465 3527 2559">
    <p class='ocr_par' dir='ltr' id='par_1_84' title="bbox 1940 2465 3527 2559">
     <span class='ocr_line' id='line_1_90' title="bbox 1940 2465 3527 2559; baseline -0.015 -17"><span class='ocrx_word' id='word_1_726' title='bbox 1940 2487 2272 2559; x_wconf 76' lang='lat' dir='ltr'><strong>probaverunt</strong></span> <span class='ocrx_word' id='word_1_727' title='bbox 2300 2482 2630 2549; x_wconf 74' lang='lat' dir='ltr'><strong>wdiﬁcantes,</strong></span> <span class='ocrx_word' id='word_1_728' title='bbox 2661 2478 2741 2530; x_wconf 84' lang='lat' dir='ltr'><strong>hic</strong></span> <span class='ocrx_word' id='word_1_729' title='bbox 2768 2476 2931 2545; x_wconf 80' lang='lat' dir='ltr'><strong>factus</strong></span> <span class='ocrx_word' id='word_1_730' title='bbox 2958 2483 3031 2526; x_wconf 85' lang='lat' dir='ltr'><strong>est</strong></span> <span class='ocrx_word' id='word_1_731' title='bbox 3065 2472 3117 2524; x_wconf 87' lang='lat' dir='ltr'><strong>in</strong></span> <span class='ocrx_word' id='word_1_732' title='bbox 3156 2477 3304 2540; x_wconf 84' lang='lat' dir='ltr'><strong>caput</strong></span> <span class='ocrx_word' id='word_1_733' title='bbox 3351 2465 3527 2536; x_wconf 83' lang='lat' dir='ltr'><strong>anguli</strong></span> 
     </span>
    </p>
   </div>
   <div class='ocr_carea' id='block_1_85' title="bbox 1941 2556 3521 2651">
    <p class='ocr_par' dir='ltr' id='par_1_85' title="bbox 1941 2556 3521 2651">
     <span class='ocr_line' id='line_1_91' title="bbox 1941 2556 3521 2651; baseline -0.015 -17"><span class='ocrx_word' id='word_1_734' title='bbox 1941 2556 2111 2651; x_wconf 53' lang='lat' dir='ltr'><strong>(Paul.</strong></span> <span class='ocrx_word' id='word_1_735' title='bbox 2143 2591 2307 2641; x_wconf 87' lang='lat' dir='ltr'><strong>cxvn,</strong></span> <span class='ocrx_word' id='word_1_736' title='bbox 2337 2573 2456 2643; x_wconf 73' lang='lat'><strong>22).</strong></span> <span class='ocrx_word' id='word_1_737' title='bbox 2486 2571 2553 2625; x_wconf 86' lang='lat' dir='ltr'><strong>Et</strong></span> <span class='ocrx_word' id='word_1_738' title='bbox 2578 2569 2700 2640; x_wconf 89' lang='lat' dir='ltr'><strong>quia</strong></span> <span class='ocrx_word' id='word_1_739' title='bbox 2731 2576 2890 2635; x_wconf 89' lang='lat' dir='ltr'><strong>caput</strong></span> <span class='ocrx_word' id='word_1_740' title='bbox 2920 2564 3017 2617; x_wconf 90' lang='lat' dir='ltr'><strong>viri</strong></span> <span class='ocrx_word' id='word_1_741' title='bbox 3039 2561 3285 2617; x_wconf 89' lang='lat' dir='ltr'><strong>Christus</strong></span> <span class='ocrx_word' id='word_1_742' title='bbox 3315 2560 3331 2625; x_wconf 95' lang='lat'><strong>(</strong></span> <span class='ocrx_word' id='word_1_743' title='bbox 3358 2557 3378 2613; x_wconf 95' lang='lat' dir='ltr'><strong>I</strong></span> <span class='ocrx_word' id='word_1_744' title='bbox 3404 2556 3521 2611; x_wconf 80' lang='lat' dir='ltr'><strong>Cor.</strong></span> 
     </span>
    </p>
   </div>
   <div class='ocr_carea' id='block_1_86' title="bbox 1942 2651 3527 2742">
    <p class='ocr_par' dir='ltr' id='par_1_86' title="bbox 1942 2651 3527 2742">
     <span class='ocr_line' id='line_1_92' title="bbox 1942 2651 3527 2742; baseline -0.016 -16"><span class='ocrx_word' id='word_1_745' title='bbox 1942 2688 2013 2735; x_wconf 89' lang='lat' dir='ltr'><strong>xt,</strong></span> <span class='ocrx_word' id='word_1_746' title='bbox 2040 2668 2117 2742; x_wconf 73' lang='grc' dir='ltr'><strong>ὅ),</strong></span> <span class='ocrx_word' id='word_1_747' title='bbox 2156 2676 2435 2737; x_wconf 87' lang='lat' dir='ltr'><strong>propterea</strong></span> <span class='ocrx_word' id='word_1_748' title='bbox 2481 2662 2614 2731; x_wconf 88' lang='lat' dir='ltr'><strong>lapis</strong></span> <span class='ocrx_word' id='word_1_749' title='bbox 2654 2658 2720 2714; x_wconf 89' lang='lat' dir='ltr'><strong>ad</strong></span> <span class='ocrx_word' id='word_1_750' title='bbox 2758 2666 2936 2727; x_wconf 87' lang='lat' dir='ltr'><strong>caput.</strong></span> <span class='ocrx_word' id='word_1_751' title='bbox 2964 2651 3238 2709; x_wconf 84' lang='lat' dir='ltr'><strong>Attendite</strong></span> <span class='ocrx_word' id='word_1_752' title='bbox 3276 2663 3527 2718; x_wconf 87' lang='lat' dir='ltr'><strong>maguum</strong></span> 
     </span>
    </p>
   </div>
   <div class='ocr_carea' id='block_1_87' title="bbox 1943 2740 3529 2825">
    <p class='ocr_par' dir='ltr' id='par_1_87' title="bbox 1943 2740 3529 2825">
     <span class='ocr_line' id='line_1_93' title="bbox 1943 2740 3529 2825; baseline -0.017 -4"><span class='ocrx_word' id='word_1_753' title='bbox 1943 2740 2334 2822; x_wconf 87' lang='lat' dir='ltr'><strong>sacramentum</strong></span> <span class='ocrx_word' id='word_1_754' title='bbox 2383 2774 2398 2813; x_wconf 88' lang='lat'><strong>:</strong></span> <span class='ocrx_word' id='word_1_755' title='bbox 2441 2756 2575 2825; x_wconf 91' lang='lat' dir='ltr'><strong>lapis</strong></span> <span class='ocrx_word' id='word_1_756' title='bbox 2621 2752 2888 2808; x_wconf 90' lang='lat' dir='ltr'><strong>Christus.</strong></span> <span class='ocrx_word' id='word_1_757' title='bbox 2936 2744 3184 2816; x_wconf 85' lang='lat' dir='ltr'><strong>Lapidem</strong></span> <span class='ocrx_word' id='word_1_758' title='bbox 3228 2743 3409 2806; x_wconf 81' lang='lat' dir='ltr'><strong>vivum,</strong></span> <span class='ocrx_word' id='word_1_759' title='bbox 3454 2740 3529 2795; x_wconf 87' lang='lat' dir='ltr'><strong>ait</strong></span> 
     </span>
    </p>
   </div>
   <div class='ocr_carea' id='block_1_88' title="bbox 1945 2831 3530 2919">
    <p class='ocr_par' dir='ltr' id='par_1_88' title="bbox 1945 2831 3530 2919">
     <span class='ocr_line' id='line_1_94' title="bbox 1945 2831 3530 2919; baseline -0.018 -7"><span class='ocrx_word' id='word_1_760' title='bbox 1945 2856 2155 2919; x_wconf 84' lang='lat' dir='ltr'><strong>Petrus,</strong></span> <span class='ocrx_word' id='word_1_761' title='bbox 2190 2852 2253 2906; x_wconf 85' lang='lat' dir='ltr'><strong>ab</strong></span> <span class='ocrx_word' id='word_1_762' title='bbox 2283 2847 2567 2904; x_wconf 78' lang='lat' dir='ltr'><strong>hominibus</strong></span> <span class='ocrx_word' id='word_1_763' title='bbox 2616 2841 2938 2913; x_wconf 85' lang='lat' dir='ltr'><strong>reprobatum</strong></span> <span class='ocrx_word' id='word_1_764' title='bbox 2960 2880 2975 2904; x_wconf 97' lang='lat'><strong>,</strong></span> <span class='ocrx_word' id='word_1_765' title='bbox 3004 2854 3036 2892; x_wconf 89' lang='lat' dir='ltr'><strong>a</strong></span> <span class='ocrx_word' id='word_1_766' title='bbox 3062 2836 3172 2891; x_wconf 88' lang='lat' dir='ltr'><strong>Deo</strong></span> <span class='ocrx_word' id='word_1_767' title='bbox 3217 2843 3385 2888; x_wconf 86' lang='lat' dir='ltr'><strong>autem</strong></span> <span class='ocrx_word' id='word_1_768' title='bbox 3427 2831 3530 2886; x_wconf 87' lang='lat' dir='ltr'><strong>ele-</strong></span> 
     </span>
    </p>
   </div>
   <div class='ocr_carea' id='block_1_89' title="bbox 1946 2924 3529 3018">
    <p class='ocr_par' dir='ltr' id='par_1_89' title="bbox 1946 2924 3529 3018">
     <span class='ocr_line' id='line_1_95' title="bbox 1946 2924 3529 3018; baseline -0.016 -14"><span class='ocrx_word' id='word_1_769' title='bbox 1946 2958 2078 3004; x_wconf 82' lang='lat' dir='ltr'><strong>ctum</strong></span> <span class='ocrx_word' id='word_1_770' title='bbox 2100 2945 2141 3018; x_wconf 92' lang='lat' dir='ltr'><strong>(l</strong></span> <span class='ocrx_word' id='word_1_771' title='bbox 2168 2944 2308 2999; x_wconf 87' lang='lat' dir='ltr'><strong>Petr.</strong></span> <span class='ocrx_word' id='word_1_772' title='bbox 2335 2958 2393 3007; x_wconf 86' lang='grc' dir='ltr'>ιι,</span> <span class='ocrx_word' id='word_1_773' title='bbox 2423 2938 2502 3012; x_wconf 75' lang='grc'><strong>4).</strong></span> <span class='ocrx_word' id='word_1_774' title='bbox 2527 2939 2593 2994; x_wconf 82' lang='grc' dir='ltr'>Ει</span> <span class='ocrx_word' id='word_1_775' title='bbox 2620 2936 2751 3005; x_wconf 88' lang='lat' dir='ltr'><strong>lapis</strong></span> <span class='ocrx_word' id='word_1_776' title='bbox 2785 2932 2852 2988; x_wconf 91' lang='lat' dir='ltr'><strong>ad</strong></span> <span class='ocrx_word' id='word_1_777' title='bbox 2878 2939 3037 3002; x_wconf 87' lang='lat' dir='ltr'><strong>caput</strong></span> <span class='ocrx_word' id='word_1_778' title='bbox 3056 2971 3071 2996; x_wconf 93' lang='lat'><strong>,</strong></span> <span class='ocrx_word' id='word_1_779' title='bbox 3099 2928 3222 2999; x_wconf 88' lang='lat' dir='ltr'><strong>quia</strong></span> <span class='ocrx_word' id='word_1_780' title='bbox 3246 2934 3405 2997; x_wconf 88' lang='lat' dir='ltr'><strong>caput</strong></span> <span class='ocrx_word' id='word_1_781' title='bbox 3431 2924 3529 2979; x_wconf 92' lang='lat' dir='ltr'><strong>viri</strong></span> 
     </span>
    </p>
   </div>
   <div class='ocr_carea' id='block_1_90' title="bbox 1946 3018 3533 3109">
    <p class='ocr_par' dir='ltr' id='par_1_90' title="bbox 1946 3018 3533 3109">
     <span class='ocr_line' id='line_1_96' title="bbox 1946 3018 3533 3109; baseline -0.016 -11"><span class='ocrx_word' id='word_1_782' title='bbox 1946 3040 2187 3098; x_wconf 90' lang='lat' dir='ltr'><strong>Christus</strong></span> <span class='ocrx_word' id='word_1_783' title='bbox 2210 3036 2251 3109; x_wconf 94' lang='lat' dir='ltr'><strong>(I</strong></span> <span class='ocrx_word' id='word_1_784' title='bbox 2275 3034 2393 3090; x_wconf 86' lang='lat' dir='ltr'><strong>Cor.</strong></span> <span class='ocrx_word' id='word_1_785' title='bbox 2416 3048 2491 3097; x_wconf 72' lang='grc' dir='ltr'><strong>χι,</strong></span> <span class='ocrx_word' id='word_1_786' title='bbox 2514 3030 2593 3101; x_wconf 74' lang='lat'><strong>3).</strong></span> <span class='ocrx_word' id='word_1_787' title='bbox 2620 3028 2685 3084; x_wconf 87' lang='lat' dir='ltr'><strong>Et</strong></span> <span class='ocrx_word' id='word_1_788' title='bbox 2701 3038 2890 3082; x_wconf 88' lang='lat' dir='ltr'><strong>unctus</strong></span> <span class='ocrx_word' id='word_1_789' title='bbox 2909 3024 3043 3094; x_wconf 89' lang='lat' dir='ltr'><strong>lapis</strong></span> <span class='ocrx_word' id='word_1_790' title='bbox 3058 3021 3178 3093; x_wconf 87' lang='lat' dir='ltr'><strong>quia</strong></span> <span class='ocrx_word' id='word_1_791' title='bbox 3193 3035 3223 3074; x_wconf 91' lang='lat' dir='ltr'><strong>a</strong></span> <span class='ocrx_word' id='word_1_792' title='bbox 3244 3018 3533 3073; x_wconf 85' lang='lat' dir='ltr'><strong>chrismate</strong></span> 
     </span>
    </p>
   </div>
   <div class='ocr_carea' id='block_1_91' title="bbox 1947 3108 3531 3192">
    <p class='ocr_par' dir='ltr' id='par_1_91' title="bbox 1947 3108 3531 3192">
     <span class='ocr_line' id='line_1_97' title="bbox 1947 3108 3531 3192; baseline -0.018 -1"><span class='ocrx_word' id='word_1_793' title='bbox 1947 3134 2123 3192; x_wconf 88' lang='lat' dir='ltr'><strong>dictus</strong></span> <span class='ocrx_word' id='word_1_794' title='bbox 2145 3108 2229 3187; x_wconf 88' lang='lat' dir='ltr'><strong>est</strong></span> <span class='ocrx_word' id='word_1_795' title='bbox 2242 3128 2505 3184; x_wconf 86' lang='lat' dir='ltr'><strong>Christus.</strong></span> <span class='ocrx_word' id='word_1_796' title='bbox 2532 3124 2596 3179; x_wconf 86' lang='lat' dir='ltr'><strong>Et</strong></span> <span class='ocrx_word' id='word_1_797' title='bbox 2619 3121 2863 3177; x_wconf 90' lang='lat' dir='ltr'><strong>videntur</strong></span> <span class='ocrx_word' id='word_1_798' title='bbox 2884 3116 3063 3181; x_wconf 64' lang='lat' dir='ltr'><strong>scalae,</strong></span> <span class='ocrx_word' id='word_1_799' title='bbox 3086 3114 3354 3170; x_wconf 86' lang='lat' dir='ltr'><strong>revelante</strong></span> <span class='ocrx_word' id='word_1_800' title='bbox 3371 3108 3531 3165; x_wconf 84' lang='lat' dir='ltr'><strong>Chri-</strong></span> 
     </span>
    </p>
   </div>
   <div class='ocr_carea' id='block_1_92' title="bbox 1950 3211 3532 3292">
    <p class='ocr_par' dir='ltr' id='par_1_92' title="bbox 1950 3211 3532 3292">
     <span class='ocr_line' id='line_1_98' title="bbox 1950 3211 3532 3292; baseline -0.016 -8"><span class='ocrx_word' id='word_1_801' title='bbox 1950 3236 2056 3292; x_wconf 91' lang='lat' dir='ltr'><strong>sto,</strong></span> <span class='ocrx_word' id='word_1_802' title='bbox 2079 3242 2110 3281; x_wconf 90' lang='lat' dir='ltr'><strong>a</strong></span> <span class='ocrx_word' id='word_1_803' title='bbox 2135 3235 2273 3279; x_wconf 88' lang='lat' dir='ltr'><strong>terra</strong></span> <span class='ocrx_word' id='word_1_804' title='bbox 2305 3223 2358 3276; x_wconf 93' lang='lat' dir='ltr'><strong>in</strong></span> <span class='ocrx_word' id='word_1_805' title='bbox 2383 3220 2598 3281; x_wconf 72' lang='lat' dir='ltr'><strong>cmlum,</strong></span> <span class='ocrx_word' id='word_1_806' title='bbox 2623 3215 2703 3271; x_wconf 87' lang='lat' dir='ltr'><strong>vel</strong></span> <span class='ocrx_word' id='word_1_807' title='bbox 2728 3230 2759 3269; x_wconf 91' lang='lat' dir='ltr'><strong>a</strong></span> <span class='ocrx_word' id='word_1_808' title='bbox 2789 3212 2926 3268; x_wconf 73' lang='lat' dir='ltr'><strong>cmlo</strong></span> <span class='ocrx_word' id='word_1_809' title='bbox 2952 3211 3003 3266; x_wconf 93' lang='lat' dir='ltr'><strong>in</strong></span> <span class='ocrx_word' id='word_1_810' title='bbox 3029 3221 3247 3270; x_wconf 87' lang='lat' dir='ltr'><strong>terram,</strong></span> <span class='ocrx_word' id='word_1_811' title='bbox 3269 3215 3323 3261; x_wconf 91' lang='lat' dir='ltr'><strong>et</strong></span> <span class='ocrx_word' id='word_1_812' title='bbox 3344 3218 3532 3259; x_wconf 86' lang='lat' dir='ltr'><strong>ascen-</strong></span> 
     </span>
    </p>
   </div>
   <div class='ocr_carea' id='block_1_93' title="bbox 1952 3294 3536 3376">
    <p class='ocr_par' dir='ltr' id='par_1_93' title="bbox 1952 3294 3536 3376">
     <span class='ocr_line' id='line_1_99' title="bbox 1952 3294 3536 3376; baseline -0.018 -1"><span class='ocrx_word' id='word_1_813' title='bbox 1952 3320 2138 3374; x_wconf 89' lang='lat' dir='ltr'><strong>dentes</strong></span> <span class='ocrx_word' id='word_1_814' title='bbox 2175 3323 2229 3371; x_wconf 88' lang='lat' dir='ltr'><strong>et</strong></span> <span class='ocrx_word' id='word_1_815' title='bbox 2275 3309 2662 3368; x_wconf 89' lang='lat' dir='ltr'><strong>descendentes</strong></span> <span class='ocrx_word' id='word_1_816' title='bbox 2699 3304 2883 3375; x_wconf 86' lang='lat' dir='ltr'><strong>Angeli</strong></span> <span class='ocrx_word' id='word_1_817' title='bbox 2930 3299 3082 3376; x_wconf 77' lang='lat' dir='ltr'><strong>(Gen.</strong></span> <span class='ocrx_word' id='word_1_818' title='bbox 3121 3311 3318 3361; x_wconf 85' lang='lat' dir='ltr'><strong>xxvm,</strong></span> <span class='ocrx_word' id='word_1_819' title='bbox 3357 3294 3457 3359; x_wconf 73' lang='grc'><strong>12,</strong></span> <span class='ocrx_word' id='word_1_820' title='bbox 3488 3302 3536 3348; x_wconf 87' lang='lat' dir='ltr'><strong>et</strong></span> 
     </span>
    </p>
   </div>
   <div class='ocr_carea' id='block_1_94' title="bbox 1951 3390 3535 3475">
    <p class='ocr_par' dir='ltr' id='par_1_94' title="bbox 1951 3390 3535 3475">
     <span class='ocr_line' id='line_1_100' title="bbox 1951 3390 3535 3475; baseline -0.018 -7"><span class='ocrx_word' id='word_1_821' title='bbox 1951 3412 2109 3468; x_wconf 84' lang='lat' dir='ltr'><strong>Joan.</strong></span> <span class='ocrx_word' id='word_1_822' title='bbox 2138 3426 2178 3473; x_wconf 88' lang='grc' dir='ltr'>ι,</span> <span class='ocrx_word' id='word_1_823' title='bbox 2209 3407 2322 3475; x_wconf 83' lang='grc'><strong>51).</strong></span> <span class='ocrx_word' id='word_1_824' title='bbox 2351 3403 2487 3471; x_wconf 89' lang='lat' dir='ltr'><strong>Quid</strong></span> <span class='ocrx_word' id='word_1_825' title='bbox 2530 3403 2631 3455; x_wconf 89' lang='lat' dir='ltr'><strong>hoc</strong></span> <span class='ocrx_word' id='word_1_826' title='bbox 2669 3399 2772 3464; x_wconf 91' lang='lat' dir='ltr'><strong>sit,</strong></span> <span class='ocrx_word' id='word_1_827' title='bbox 2814 3394 3004 3451; x_wconf 92' lang='lat' dir='ltr'><strong>melius</strong></span> <span class='ocrx_word' id='word_1_828' title='bbox 3048 3390 3346 3446; x_wconf 85' lang='lat' dir='ltr'><strong>videbimus</strong></span> <span class='ocrx_word' id='word_1_829' title='bbox 3367 3429 3380 3453; x_wconf 93' lang='lat'><strong>,</strong></span> <span class='ocrx_word' id='word_1_830' title='bbox 3412 3400 3535 3441; x_wconf 88' lang='lat' dir='ltr'><strong>cum</strong></span> 
     </span>
    </p>
   </div>
   <div class='ocr_carea' id='block_1_95' title="bbox 1955 3484 3538 3565">
    <p class='ocr_par' dir='ltr' id='par_1_95' title="bbox 1955 3484 3538 3565">
     <span class='ocr_line' id='line_1_101' title="bbox 1955 3484 3538 3565; baseline -0.02 -1"><span class='ocrx_word' id='word_1_831' title='bbox 1955 3501 2316 3562; x_wconf 88' lang='lat' dir='ltr'><strong>testimonium</strong></span> <span class='ocrx_word' id='word_1_832' title='bbox 2342 3493 2703 3565; x_wconf 85' lang='lat' dir='ltr'><strong>evangelicum</strong></span> <span class='ocrx_word' id='word_1_833' title='bbox 2725 3490 2793 3545; x_wconf 90' lang='lat' dir='ltr'><strong>ab</strong></span> <span class='ocrx_word' id='word_1_834' title='bbox 2818 3489 2933 3558; x_wconf 89' lang='lat' dir='ltr'><strong>ipso</strong></span> <span class='ocrx_word' id='word_1_835' title='bbox 2964 3484 3189 3540; x_wconf 90' lang='lat' dir='ltr'><strong>Domino</strong></span> <span class='ocrx_word' id='word_1_836' title='bbox 3208 3493 3538 3537; x_wconf 88' lang='lat' dir='ltr'><strong>commemo-</strong></span> 
     </span>
    </p>
   </div>
   <div class='ocr_carea' id='block_1_96' title="bbox 1956 3571 3537 3657">
    <p class='ocr_par' dir='ltr' id='par_1_96' title="bbox 1956 3571 3537 3657">
     <span class='ocr_line' id='line_1_102' title="bbox 1956 3571 3537 3657; baseline -0.019 -3"><span class='ocrx_word' id='word_1_837' title='bbox 1956 3597 2270 3654; x_wconf 87' lang='lat' dir='ltr'><strong>raverimus.</strong></span> <span class='ocrx_word' id='word_1_838' title='bbox 2298 3590 2476 3648; x_wconf 84' lang='lat' dir='ltr'><strong>Nostis</strong></span> <span class='ocrx_word' id='word_1_839' title='bbox 2495 3587 2617 3657; x_wconf 91' lang='lat' dir='ltr'><strong>quia</strong></span> <span class='ocrx_word' id='word_1_840' title='bbox 2641 3582 2805 3640; x_wconf 75' lang='lat' dir='ltr'><strong>Iacob</strong></span> <span class='ocrx_word' id='word_1_841' title='bbox 2829 3581 2943 3652; x_wconf 86' lang='lat' dir='ltr'><strong>ipse</strong></span> <span class='ocrx_word' id='word_1_842' title='bbox 2969 3586 3051 3633; x_wconf 90' lang='lat' dir='ltr'><strong>est</strong></span> <span class='ocrx_word' id='word_1_843' title='bbox 3079 3574 3262 3631; x_wconf 88' lang='lat' dir='ltr'><strong>Israel.</strong></span> <span class='ocrx_word' id='word_1_844' title='bbox 3290 3572 3366 3629; x_wconf 92' lang='lat' dir='ltr'><strong>Illi</strong></span> <span class='ocrx_word' id='word_1_845' title='bbox 3393 3571 3537 3627; x_wconf 92' lang='lat' dir='ltr'><strong>enim</strong></span> 
     </span>
    </p>
   </div>
   <div class='ocr_carea' id='block_1_97' title="bbox 1956 3661 3541 3757">
    <p class='ocr_par' dir='ltr' id='par_1_97' title="bbox 1956 3661 3541 3757">
     <span class='ocr_line' id='line_1_103' title="bbox 1956 3661 3541 3757; baseline -0.018 -10"><span class='ocrx_word' id='word_1_846' title='bbox 1956 3704 2080 3747; x_wconf 87' lang='lat' dir='ltr'><strong>cum</strong></span> <span class='ocrx_word' id='word_1_847' title='bbox 2111 3685 2314 3757; x_wconf 79' lang='lat' dir='ltr'><strong>Angela</strong></span> <span class='ocrx_word' id='word_1_848' title='bbox 2342 3677 2563 3737; x_wconf 88' lang='lat' dir='ltr'><strong>luctanti</strong></span> <span class='ocrx_word' id='word_1_849' title='bbox 2597 3684 2652 3732; x_wconf 90' lang='lat' dir='ltr'><strong>et</strong></span> <span class='ocrx_word' id='word_1_850' title='bbox 2680 3670 3024 3746; x_wconf 64' lang='lat' dir='ltr'><strong>praevalenti,</strong></span> <span class='ocrx_word' id='word_1_851' title='bbox 3064 3676 3119 3724; x_wconf 88' lang='lat' dir='ltr'><strong>et</strong></span> <span class='ocrx_word' id='word_1_852' title='bbox 3164 3662 3445 3721; x_wconf 82' lang='lat' dir='ltr'><strong>benedicta</strong></span> <span class='ocrx_word' id='word_1_853' title='bbox 3473 3661 3541 3718; x_wconf 80' lang='lat' dir='ltr'><strong>ab</strong></span> 
     </span>
    </p>
   </div>
   <div class='ocr_carea' id='block_1_98' title="bbox 1959 3752 3541 3849">
    <p class='ocr_par' dir='ltr' id='par_1_98' title="bbox 1959 3752 3541 3849">
     <span class='ocr_line' id='line_1_104' title="bbox 1959 3752 3541 3849; baseline -0.02 -12"><span class='ocrx_word' id='word_1_854' title='bbox 1959 3796 2026 3839; x_wconf 89' lang='lat' dir='ltr'><strong>eo</strong></span> <span class='ocrx_word' id='word_1_855' title='bbox 2048 3780 2135 3834; x_wconf 90' lang='lat' dir='ltr'><strong>cui</strong></span> <span class='ocrx_word' id='word_1_856' title='bbox 2173 3752 2471 3849; x_wconf 68' lang='lat' dir='ltr'><strong>praevaluit,</strong></span> <span class='ocrx_word' id='word_1_857' title='bbox 2500 3782 2694 3824; x_wconf 89' lang='lat' dir='ltr'><strong>nomen</strong></span> <span class='ocrx_word' id='word_1_858' title='bbox 2741 3770 3001 3819; x_wconf 86' lang='lat' dir='ltr'><strong>mutatum</strong></span> <span class='ocrx_word' id='word_1_859' title='bbox 3025 3766 3128 3821; x_wconf 87' lang='lat' dir='ltr'><strong>est.</strong></span> <span class='ocrx_word' id='word_1_860' title='bbox 3151 3765 3212 3811; x_wconf 84' lang='grc' dir='ltr'><strong>ιιι</strong></span> <span class='ocrx_word' id='word_1_861' title='bbox 3238 3752 3541 3826; x_wconf 86' lang='lat' dir='ltr'><strong>appellare-</strong></span> 
     </span>
    </p>
   </div>
   <div class='ocr_carea' id='block_1_99' title="bbox 1961 3847 3538 3943">
    <p class='ocr_par' dir='ltr' id='par_1_99' title="bbox 1961 3847 3538 3943">
     <span class='ocr_line' id='line_1_105' title="bbox 1961 3847 3538 3943; baseline -0.02 -11"><span class='ocrx_word' id='word_1_862' title='bbox 1961 3886 2049 3932; x_wconf 88' lang='lat' dir='ltr'><strong>tur</strong></span> <span class='ocrx_word' id='word_1_863' title='bbox 2075 3847 2237 3928; x_wconf 77' lang='lat' dir='ltr'><strong>Israel</strong></span> <span class='ocrx_word' id='word_1_864' title='bbox 2261 3866 2412 3943; x_wconf 85' lang='lat' dir='ltr'><strong>(Gen.</strong></span> <span class='ocrx_word' id='word_1_865' title='bbox 2446 3878 2616 3927; x_wconf 84' lang='lat' dir='ltr'><strong>xxxu,</strong></span> <span class='ocrx_word' id='word_1_866' title='bbox 2641 3858 2773 3929; x_wconf 76' lang='lat'><strong>28):</strong></span> <span class='ocrx_word' id='word_1_867' title='bbox 2805 3856 2942 3911; x_wconf 88' lang='lat' dir='ltr'><strong>sicut</strong></span> <span class='ocrx_word' id='word_1_868' title='bbox 2963 3851 3193 3925; x_wconf 85' lang='lat' dir='ltr'><strong>populus</strong></span> <span class='ocrx_word' id='word_1_869' title='bbox 3213 3847 3373 3904; x_wconf 87' lang='lat' dir='ltr'><strong>Israel</strong></span> <span class='ocrx_word' id='word_1_870' title='bbox 3397 3860 3538 3916; x_wconf 75' lang='lat' dir='ltr'><strong>prae-</strong></span> 
     </span>
    </p>
   </div>
   <div class='ocr_carea' id='block_1_100' title="bbox 1964 3936 3547 4022">
    <p class='ocr_par' dir='ltr' id='par_1_100' title="bbox 1964 3936 3547 4022">
     <span class='ocr_line' id='line_1_106' title="bbox 1964 3936 3547 4022; baseline -0.02 0"><span class='ocrx_word' id='word_1_871' title='bbox 1964 3966 2127 4022; x_wconf 89' lang='lat' dir='ltr'><strong>valuit</strong></span> <span class='ocrx_word' id='word_1_872' title='bbox 2149 3936 2385 4019; x_wconf 75' lang='lat' dir='ltr'><strong>Christo.</strong></span> <span class='ocrx_word' id='word_1_873' title='bbox 2425 3964 2482 4011; x_wconf 90' lang='lat' dir='ltr'><strong>ut</strong></span> <span class='ocrx_word' id='word_1_874' title='bbox 2516 3950 2852 4021; x_wconf 78' lang='lat' dir='ltr'><strong>cruciﬁgeret</strong></span> <span class='ocrx_word' id='word_1_875' title='bbox 2879 3951 3119 4004; x_wconf 70' lang='lat' dir='ltr'><strong>eumtet</strong></span> <span class='ocrx_word' id='word_1_876' title='bbox 3150 3950 3330 3996; x_wconf 87' lang='lat' dir='ltr'><strong>tamen</strong></span> <span class='ocrx_word' id='word_1_877' title='bbox 3370 3937 3423 3993; x_wconf 93' lang='lat' dir='ltr'><strong>in</strong></span> <span class='ocrx_word' id='word_1_878' title='bbox 3462 3936 3547 3991; x_wconf 88' lang='lat' dir='ltr'><strong>his</strong></span> 
     </span>
    </p>
   </div>
   <div class='ocr_carea' id='block_1_101' title="bbox 1966 4029 3547 4129">
    <p class='ocr_par' dir='ltr' id='par_1_101' title="bbox 1966 4029 3547 4129">
     <span class='ocr_line' id='line_1_107' title="bbox 1966 4029 3547 4129; baseline -0.02 -15"><span class='ocrx_word' id='word_1_879' title='bbox 1966 4058 2056 4129; x_wconf 91' lang='lat' dir='ltr'><strong>qui</strong></span> <span class='ocrx_word' id='word_1_880' title='bbox 2085 4055 2301 4111; x_wconf 91' lang='lat' dir='ltr'><strong>Christo</strong></span> <span class='ocrx_word' id='word_1_881' title='bbox 2320 4046 2684 4105; x_wconf 87' lang='lat' dir='ltr'><strong>crediderunt,</strong></span> <span class='ocrx_word' id='word_1_882' title='bbox 2714 4040 2780 4096; x_wconf 86' lang='lat' dir='ltr'><strong>ab</strong></span> <span class='ocrx_word' id='word_1_883' title='bbox 2820 4039 2937 4109; x_wconf 90' lang='lat' dir='ltr'><strong>ipso</strong></span> <span class='ocrx_word' id='word_1_884' title='bbox 2960 4036 3043 4093; x_wconf 90' lang='lat' dir='ltr'><strong>cui</strong></span> <span class='ocrx_word' id='word_1_885' title='bbox 3064 4031 3362 4107; x_wconf 70' lang='lat' dir='ltr'><strong>praevaluit,</strong></span> <span class='ocrx_word' id='word_1_886' title='bbox 3384 4029 3547 4085; x_wconf 74' lang='lat' dir='ltr'><strong>bane-</strong></span> 
     </span>
    </p>
   </div>
   <div class='ocr_carea' id='block_1_102' title="bbox 1967 4121 3550 4207">
    <p class='ocr_par' dir='ltr' id='par_1_102' title="bbox 1967 4121 3550 4207">
     <span class='ocr_line' id='line_1_108' title="bbox 1967 4121 3550 4207; baseline -0.021 0"><span class='ocrx_word' id='word_1_887' title='bbox 1967 4121 2141 4207; x_wconf 84' lang='lat' dir='ltr'><strong>dictus</strong></span> <span class='ocrx_word' id='word_1_888' title='bbox 2167 4154 2269 4201; x_wconf 89' lang='lat' dir='ltr'><strong>est.</strong></span> <span class='ocrx_word' id='word_1_889' title='bbox 2302 4141 2407 4199; x_wconf 90' lang='lat' dir='ltr'><strong>Sed</strong></span> <span class='ocrx_word' id='word_1_890' title='bbox 2433 4138 2581 4194; x_wconf 92' lang='lat' dir='ltr'><strong>multi</strong></span> <span class='ocrx_word' id='word_1_891' title='bbox 2610 4151 2715 4191; x_wconf 91' lang='lat' dir='ltr'><strong>non</strong></span> <span class='ocrx_word' id='word_1_892' title='bbox 2741 4130 3113 4193; x_wconf 87' lang='lat' dir='ltr'><strong>crediderunt,</strong></span> <span class='ocrx_word' id='word_1_893' title='bbox 3146 4125 3269 4181; x_wconf 88' lang='lat' dir='ltr'><strong>inde</strong></span> <span class='ocrx_word' id='word_1_894' title='bbox 3288 4121 3550 4178; x_wconf 87' lang='lat' dir='ltr'><strong>claudica-</strong></span> 
     </span>
    </p>
   </div>
   <div class='ocr_carea' id='block_1_103' title="bbox 1969 4214 3550 4301">
    <p class='ocr_par' dir='ltr' id='par_1_103' title="bbox 1969 4214 3550 4301">
     <span class='ocr_line' id='line_1_109' title="bbox 1969 4214 3550 4301; baseline -0.022 1"><span class='ocrx_word' id='word_1_895' title='bbox 1969 4247 2044 4301; x_wconf 87' lang='lat' dir='ltr'><strong>tio</strong></span> <span class='ocrx_word' id='word_1_896' title='bbox 2072 4241 2256 4300; x_wconf 88' lang='lat' dir='ltr'><strong>Iacob.</strong></span> <span class='ocrx_word' id='word_1_897' title='bbox 2302 4233 2608 4292; x_wconf 88' lang='lat' dir='ltr'><strong>Benedictio</strong></span> <span class='ocrx_word' id='word_1_898' title='bbox 2655 4238 2709 4284; x_wconf 91' lang='lat' dir='ltr'><strong>et</strong></span> <span class='ocrx_word' id='word_1_899' title='bbox 2760 4222 3099 4281; x_wconf 85' lang='lat' dir='ltr'><strong>claudicatio.</strong></span> <span class='ocrx_word' id='word_1_900' title='bbox 3140 4216 3447 4274; x_wconf 84' lang='lat' dir='ltr'><strong>Benedictio</strong></span> <span class='ocrx_word' id='word_1_901' title='bbox 3496 4214 3550 4268; x_wconf 92' lang='lat' dir='ltr'><strong>in</strong></span> 
     </span>
    </p>
   </div>
   <div class='ocr_carea' id='block_1_104' title="bbox 1972 4305 3551 4405">
    <p class='ocr_par' dir='ltr' id='par_1_104' title="bbox 1972 4305 3551 4405">
     <span class='ocr_line' id='line_1_110' title="bbox 1972 4305 3551 4405; baseline -0.021 -12"><span class='ocrx_word' id='word_1_902' title='bbox 1972 4339 2054 4393; x_wconf 92' lang='lat' dir='ltr'><strong>his</strong></span> <span class='ocrx_word' id='word_1_903' title='bbox 2099 4333 2190 4405; x_wconf 90' lang='lat' dir='ltr'><strong>qui</strong></span> <span class='ocrx_word' id='word_1_904' title='bbox 2223 4328 2564 4386; x_wconf 89' lang='lat' dir='ltr'><strong>crediderunt</strong></span> <span class='ocrx_word' id='word_1_905' title='bbox 2608 4338 2623 4376; x_wconf 88' lang='lat'><strong>:</strong></span> <span class='ocrx_word' id='word_1_906' title='bbox 2673 4333 2794 4373; x_wconf 90' lang='lat' dir='ltr'><strong>nam</strong></span> <span class='ocrx_word' id='word_1_907' title='bbox 2844 4322 3026 4385; x_wconf 84' lang='lat' dir='ltr'><strong>postea</strong></span> <span class='ocrx_word' id='word_1_908' title='bbox 3065 4309 3307 4365; x_wconf 87' lang='lat' dir='ltr'><strong>novimus</strong></span> <span class='ocrx_word' id='word_1_909' title='bbox 3358 4321 3423 4361; x_wconf 87' lang='lat' dir='ltr'><strong>ex</strong></span> <span class='ocrx_word' id='word_1_910' title='bbox 3461 4305 3551 4360; x_wconf 91' lang='lat' dir='ltr'><strong>illo</strong></span> 
     </span>
    </p>
   </div>
   <div class='ocr_carea' id='block_1_105' title="bbox 1972 4393 3553 4500">
    <p class='ocr_par' dir='ltr' id='par_1_105' title="bbox 1972 4393 3553 4500">
     <span class='ocr_line' id='line_1_111' title="bbox 1972 4393 3553 4500; baseline -0.019 -20"><span class='ocrx_word' id='word_1_911' title='bbox 1972 4393 2167 4500; x_wconf 76' lang='lat' dir='ltr'><strong>populo</strong></span> <span class='ocrx_word' id='word_1_912' title='bbox 2214 4420 2409 4475; x_wconf 90' lang='lat' dir='ltr'><strong>multos</strong></span> <span class='ocrx_word' id='word_1_913' title='bbox 2440 4412 2752 4470; x_wconf 84' lang='lat' dir='ltr'><strong>credidisse.</strong></span> <span class='ocrx_word' id='word_1_914' title='bbox 2795 4401 3122 4461; x_wconf 83' lang='lat' dir='ltr'><strong>Claudicatio</strong></span> <span class='ocrx_word' id='word_1_915' title='bbox 3162 4406 3336 4452; x_wconf 90' lang='lat' dir='ltr'><strong>autem</strong></span> <span class='ocrx_word' id='word_1_916' title='bbox 3373 4396 3425 4449; x_wconf 93' lang='lat' dir='ltr'><strong>in</strong></span> <span class='ocrx_word' id='word_1_917' title='bbox 3469 4393 3553 4450; x_wconf 88' lang='lat' dir='ltr'><strong>his</strong></span> 
     </span>
    </p>
   </div>
   <div class='ocr_carea' id='block_1_106' title="bbox 1972 4487 3550 4593">
    <p class='ocr_par' dir='ltr' id='par_1_106' title="bbox 1972 4487 3550 4593">
     <span class='ocr_line' id='line_1_112' title="bbox 1972 4487 3550 4593; baseline -0.023 -17"><span class='ocrx_word' id='word_1_918' title='bbox 1972 4487 2063 4593; x_wconf 74' lang='lat' dir='ltr'><strong>qui</strong></span> <span class='ocrx_word' id='word_1_919' title='bbox 2090 4532 2194 4572; x_wconf 87' lang='lat' dir='ltr'><strong>non</strong></span> <span class='ocrx_word' id='word_1_920' title='bbox 2223 4510 2579 4569; x_wconf 88' lang='lat' dir='ltr'><strong>crediderunt.</strong></span> <span class='ocrx_word' id='word_1_921' title='bbox 2612 4503 2678 4558; x_wconf 86' lang='lat' dir='ltr'><strong>Et</strong></span> <span class='ocrx_word' id='word_1_922' title='bbox 2701 4500 2824 4571; x_wconf 85' lang='lat' dir='ltr'><strong>quia</strong></span> <span class='ocrx_word' id='word_1_923' title='bbox 2848 4498 3027 4569; x_wconf 90' lang='lat' dir='ltr'><strong>plures</strong></span> <span class='ocrx_word' id='word_1_924' title='bbox 3050 4508 3156 4548; x_wconf 91' lang='lat' dir='ltr'><strong>non</strong></span> <span class='ocrx_word' id='word_1_925' title='bbox 3183 4487 3550 4552; x_wconf 89' lang='lat' dir='ltr'><strong>crediderunt,</strong></span> 
     </span>
    </p>
   </div>
   <div class='ocr_carea' id='block_1_107' title="bbox 1974 4578 3555 4681">
    <p class='ocr_par' dir='ltr' id='par_1_107' title="bbox 1974 4578 3555 4681">
     <span class='ocr_line' id='line_1_113' title="bbox 1974 4578 3555 4681; baseline -0.023 -15"><span class='ocrx_word' id='word_1_926' title='bbox 1974 4578 2026 4667; x_wconf 71' lang='lat' dir='ltr'><strong>et</strong></span> <span class='ocrx_word' id='word_1_927' title='bbox 2054 4606 2208 4681; x_wconf 89' lang='lat' dir='ltr'><strong>pauci</strong></span> <span class='ocrx_word' id='word_1_928' title='bbox 2249 4598 2630 4659; x_wconf 82' lang='lat' dir='ltr'><strong>crediderunt;</strong></span> <span class='ocrx_word' id='word_1_929' title='bbox 2663 4592 2783 4647; x_wconf 87' lang='lat' dir='ltr'><strong>ideo</strong></span> <span class='ocrx_word' id='word_1_930' title='bbox 2818 4599 2875 4644; x_wconf 93' lang='lat' dir='ltr'><strong>ut</strong></span> <span class='ocrx_word' id='word_1_931' title='bbox 2908 4586 3061 4641; x_wconf 79' lang='lat' dir='ltr'><strong>ﬂeret</strong></span> <span class='ocrx_word' id='word_1_932' title='bbox 3093 4578 3441 4643; x_wconf 83' lang='lat' dir='ltr'><strong>claudicatio,</strong></span> <span class='ocrx_word' id='word_1_933' title='bbox 3473 4586 3555 4632; x_wconf 86' lang='lat' dir='ltr'><strong>te-</strong></span> 
     </span>
    </p>
   </div>
   <div class='ocr_carea' id='block_1_108' title="bbox 1976 4673 3557 4776">
    <p class='ocr_par' dir='ltr' id='par_1_108' title="bbox 1976 4673 3557 4776">
     <span class='ocr_line' id='line_1_114' title="bbox 1976 4673 3557 4776; baseline -0.023 -15"><span class='ocrx_word' id='word_1_934' title='bbox 1976 4673 2092 4776; x_wconf 75' lang='lat' dir='ltr'><strong>tigit</strong></span> <span class='ocrx_word' id='word_1_935' title='bbox 2116 4697 2445 4756; x_wconf 88' lang='lat' dir='ltr'><strong>latitudinem</strong></span> <span class='ocrx_word' id='word_1_936' title='bbox 2469 4689 2686 4747; x_wconf 81' lang='lat' dir='ltr'><strong>femoris</strong></span> <span class='ocrx_word' id='word_1_937' title='bbox 2712 4686 2843 4757; x_wconf 86' lang='lat' dir='ltr'><strong>ejus.</strong></span> <span class='ocrx_word' id='word_1_938' title='bbox 2870 4680 3007 4751; x_wconf 90' lang='lat' dir='ltr'><strong>Quid</strong></span> <span class='ocrx_word' id='word_1_939' title='bbox 3030 4687 3111 4735; x_wconf 82' lang='lat' dir='ltr'><strong>est</strong></span> <span class='ocrx_word' id='word_1_940' title='bbox 3144 4673 3370 4734; x_wconf 88' lang='lat' dir='ltr'><strong>latitudo</strong></span> <span class='ocrx_word' id='word_1_941' title='bbox 3392 4673 3557 4728; x_wconf 79' lang='lat' dir='ltr'><strong>femo-</strong></span> 
     </span>
    </p>
   </div>
   <div class='ocr_carea' id='block_1_109' title="bbox 1977 4766 3554 4865">
    <p class='ocr_par' dir='ltr' id='par_1_109' title="bbox 1977 4766 3554 4865">
     <span class='ocr_line' id='line_1_115' title="bbox 1977 4766 3554 4865; baseline -0.022 -10"><span class='ocrx_word' id='word_1_942' title='bbox 1977 4766 2051 4855; x_wconf 66' lang='lat' dir='ltr'><strong>ris</strong></span> <span class='ocrx_word' id='word_1_943' title='bbox 2077 4793 2234 4865; x_wconf 83' lang='lat' dir='ltr'><strong>ejus?</strong></span> <span class='ocrx_word' id='word_1_944' title='bbox 2268 4786 2543 4845; x_wconf 84' lang='lat' dir='ltr'><strong>Multitudo</strong></span> <span class='ocrx_word' id='word_1_945' title='bbox 2573 4780 2802 4853; x_wconf 76' lang='lat' dir='ltr'><strong>generis.</strong></span> <span class='ocrx_word' id='word_1_946' title='bbox 2830 4775 3019 4830; x_wconf 69' lang='lat' dir='ltr'><strong>Videte</strong></span> <span class='ocrx_word' id='word_1_947' title='bbox 3044 4785 3172 4842; x_wconf 89' lang='lat' dir='ltr'><strong>ergo</strong></span> <span class='ocrx_word' id='word_1_948' title='bbox 3192 4768 3365 4824; x_wconf 87' lang='lat' dir='ltr'><strong>scalas</strong></span> <span class='ocrx_word' id='word_1_949' title='bbox 3391 4766 3507 4822; x_wconf 88' lang='lat' dir='ltr'><strong>illas</strong></span> <span class='ocrx_word' id='word_1_950' title='bbox 3540 4781 3554 4794; x_wconf 85' lang='lat'><strong>-</strong></span> 
     </span>
    </p>
   </div>
   <div class='ocr_carea' id='block_1_110' title="bbox 1981 4861 3557 4956">
    <p class='ocr_par' dir='ltr' id='par_1_110' title="bbox 1981 4861 3557 4956">
     <span class='ocr_line' id='line_1_116' title="bbox 1981 4861 3557 4956; baseline -0.023 -8"><span class='ocrx_word' id='word_1_951' title='bbox 1981 4861 2234 4949; x_wconf 81' lang='lat' dir='ltr'><strong>Dominus</strong></span> <span class='ocrx_word' id='word_1_952' title='bbox 2265 4880 2477 4956; x_wconf 88' lang='lat' dir='ltr'><strong>quando</strong></span> <span class='ocrx_word' id='word_1_953' title='bbox 2499 4878 2627 4932; x_wconf 87' lang='lat' dir='ltr'><strong>vidit</strong></span> <span class='ocrx_word' id='word_1_954' title='bbox 2654 4868 3032 4930; x_wconf 83' lang='lat' dir='ltr'><strong>Nathanaelem</strong></span> <span class='ocrx_word' id='word_1_955' title='bbox 3057 4865 3109 4919; x_wconf 94' lang='lat' dir='ltr'><strong>in</strong></span> <span class='ocrx_word' id='word_1_956' title='bbox 3132 4861 3423 4933; x_wconf 86' lang='lat' dir='ltr'><strong>Evangelio</strong></span> <span class='ocrx_word' id='word_1_957' title='bbox 3444 4862 3520 4912; x_wconf 89' lang='lat' dir='ltr'><strong>ait</strong></span> <span class='ocrx_word' id='word_1_958' title='bbox 3544 4874 3557 4912; x_wconf 73' lang='grc' dir='ltr'><strong>ε</strong></span> 
     </span>
    </p>
   </div>
   <div class='ocr_carea' id='block_1_111' title="bbox 1983 4949 3560 5038">
    <p class='ocr_par' dir='ltr' id='par_1_111' title="bbox 1983 4949 3560 5038">
     <span class='ocr_line' id='line_1_117' title="bbox 1983 4949 3560 5038; baseline -0.024 1"><span class='ocrx_word' id='word_1_959' title='bbox 1983 4983 2114 5038; x_wconf 82' lang='lat' dir='ltr'><strong>Ecce</strong></span> <span class='ocrx_word' id='word_1_960' title='bbox 2140 4994 2251 5033; x_wconf 84' lang='lat' dir='ltr'><strong>vere</strong></span> <span class='ocrx_word' id='word_1_961' title='bbox 2282 4949 2536 5033; x_wconf 72' lang='lat' dir='ltr'><strong>Israelita,</strong></span> <span class='ocrx_word' id='word_1_962' title='bbox 2565 4968 2618 5021; x_wconf 90' lang='lat' dir='ltr'><strong>in</strong></span> <span class='ocrx_word' id='word_1_963' title='bbox 2641 4980 2739 5036; x_wconf 84' lang='lat' dir='ltr'><strong>quo</strong></span> <span class='ocrx_word' id='word_1_964' title='bbox 2760 4961 2904 5015; x_wconf 85' lang='lat' dir='ltr'><strong>dolus</strong></span> <span class='ocrx_word' id='word_1_965' title='bbox 2932 4974 3033 5013; x_wconf 85' lang='lat' dir='ltr'><strong>non</strong></span> <span class='ocrx_word' id='word_1_966' title='bbox 3061 4963 3135 5009; x_wconf 87' lang='lat' dir='ltr'><strong>est</strong></span> <span class='ocrx_word' id='word_1_967' title='bbox 3163 4952 3343 5024; x_wconf 83' lang='lat' dir='ltr'><strong>(Joan.</strong></span> <span class='ocrx_word' id='word_1_968' title='bbox 3373 4967 3413 5017; x_wconf 88' lang='grc' dir='ltr'>ι,</span> <span class='ocrx_word' id='word_1_969' title='bbox 3442 4949 3560 5018; x_wconf 68' lang='lat'><strong>47).</strong></span> 
     </span>
    </p>
   </div>
   <div class='ocr_carea' id='block_1_112' title="bbox 1978 5042 3564 5132">
    <p class='ocr_par' dir='ltr' id='par_1_112' title="bbox 1978 5042 3564 5132">
     <span class='ocr_line' id='line_1_118' title="bbox 1978 5042 3564 5132; baseline -0.024 0"><span class='ocrx_word' id='word_1_970' title='bbox 1978 5074 2068 5132; x_wconf 88' lang='lat' dir='ltr'><strong>Sic</strong></span> <span class='ocrx_word' id='word_1_971' title='bbox 2093 5072 2233 5128; x_wconf 91' lang='lat' dir='ltr'><strong>enim</strong></span> <span class='ocrx_word' id='word_1_972' title='bbox 2255 5067 2444 5123; x_wconf 89' lang='lat' dir='ltr'><strong>dicitur</strong></span> <span class='ocrx_word' id='word_1_973' title='bbox 2458 5062 2526 5117; x_wconf 89' lang='lat' dir='ltr'><strong>de</strong></span> <span class='ocrx_word' id='word_1_974' title='bbox 2550 5061 2665 5129; x_wconf 87' lang='lat' dir='ltr'><strong>ipso</strong></span> <span class='ocrx_word' id='word_1_975' title='bbox 2690 5053 2873 5121; x_wconf 86' lang='lat' dir='ltr'><strong>Iacob,</strong></span> <span class='ocrx_word' id='word_1_976' title='bbox 2904 5052 2966 5105; x_wconf 83' lang='lat' dir='ltr'><strong>Et</strong></span> <span class='ocrx_word' id='word_1_977' title='bbox 2993 5058 3101 5104; x_wconf 85' lang='lat' dir='ltr'><strong>erat</strong></span> <span class='ocrx_word' id='word_1_978' title='bbox 3125 5046 3283 5101; x_wconf 76' lang='lat' dir='ltr'><strong>Iacob</strong></span> <span class='ocrx_word' id='word_1_979' title='bbox 3308 5046 3414 5099; x_wconf 87' lang='lat' dir='ltr'><strong>sine</strong></span> <span class='ocrx_word' id='word_1_980' title='bbox 3445 5042 3564 5095; x_wconf 83' lang='lat' dir='ltr'><strong>dolo</strong></span> 
     </span>
    </p>
   </div>
   <div class='ocr_carea' id='block_1_113' title="bbox 1983 5131 3561 5221">
    <p class='ocr_par' dir='ltr' id='par_1_113' title="bbox 1983 5131 3561 5221">
     <span class='ocr_line' id='line_1_119' title="bbox 1983 5131 3561 5221; baseline -0.023 0"><span class='ocrx_word' id='word_1_981' title='bbox 1983 5131 2214 5221; x_wconf 71' lang='lat' dir='ltr'><strong>habitans</strong></span> <span class='ocrx_word' id='word_1_982' title='bbox 2256 5161 2308 5213; x_wconf 82' lang='lat' dir='ltr'><strong>in</strong></span> <span class='ocrx_word' id='word_1_983' title='bbox 2358 5157 2506 5210; x_wconf 88' lang='lat' dir='ltr'><strong>domo</strong></span> <span class='ocrx_word' id='word_1_984' title='bbox 2554 5149 2706 5221; x_wconf 82' lang='lat' dir='ltr'><strong>(Gen.</strong></span> <span class='ocrx_word' id='word_1_985' title='bbox 2738 5161 2861 5211; x_wconf 86' lang='lat' dir='ltr'><strong>xxv,</strong></span> <span class='ocrx_word' id='word_1_986' title='bbox 2887 5140 2978 5215; x_wconf 70' lang='lat'><strong>27)</strong></span> <span class='ocrx_word' id='word_1_987' title='bbox 3008 5159 3022 5196; x_wconf 90' lang='lat'><strong>:</strong></span> <span class='ocrx_word' id='word_1_988' title='bbox 3051 5140 3154 5195; x_wconf 88' lang='lat' dir='ltr'><strong>hoc</strong></span> <span class='ocrx_word' id='word_1_989' title='bbox 3180 5136 3423 5193; x_wconf 87' lang='lat' dir='ltr'><strong>recolens</strong></span> <span class='ocrx_word' id='word_1_990' title='bbox 3454 5131 3561 5186; x_wconf 81' lang='lat' dir='ltr'><strong>Do-</strong></span> 
     </span>
    </p>
   </div>
   <div class='ocr_carea' id='block_1_114' title="bbox 1984 5221 3567 5314">
    <p class='ocr_par' dir='ltr' id='par_1_114' title="bbox 1984 5221 3567 5314">
     <span class='ocr_line' id='line_1_120' title="bbox 1984 5221 3567 5314; baseline -0.025 -1"><span class='ocrx_word' id='word_1_991' title='bbox 1984 5258 2159 5314; x_wconf 88' lang='lat' dir='ltr'><strong>minus</strong></span> <span class='ocrx_word' id='word_1_992' title='bbox 2184 5251 2367 5306; x_wconf 88' lang='lat' dir='ltr'><strong>videns</strong></span> <span class='ocrx_word' id='word_1_993' title='bbox 2406 5239 2784 5299; x_wconf 87' lang='lat' dir='ltr'><strong>Nathanaelem</strong></span> <span class='ocrx_word' id='word_1_994' title='bbox 2824 5236 2940 5290; x_wconf 91' lang='lat' dir='ltr'><strong>sine</strong></span> <span class='ocrx_word' id='word_1_995' title='bbox 2979 5232 3102 5287; x_wconf 91' lang='lat' dir='ltr'><strong>dolo</strong></span> <span class='ocrx_word' id='word_1_996' title='bbox 3125 5229 3191 5284; x_wconf 87' lang='lat' dir='ltr'><strong>de</strong></span> <span class='ocrx_word' id='word_1_997' title='bbox 3215 5234 3372 5297; x_wconf 85' lang='lat' dir='ltr'><strong>gente</strong></span> <span class='ocrx_word' id='word_1_998' title='bbox 3399 5221 3483 5277; x_wconf 89' lang='lat' dir='ltr'><strong>illa</strong></span> <span class='ocrx_word' id='word_1_999' title='bbox 3514 5230 3567 5275; x_wconf 90' lang='lat' dir='ltr'><strong>et</strong></span> 
     </span>
    </p>
   </div>
   <div class='ocr_carea' id='block_1_115' title="bbox 1984 5311 3568 5419">
    <p class='ocr_par' dir='ltr' id='par_1_115' title="bbox 1984 5311 3568 5419">
     <span class='ocr_line' id='line_1_121' title="bbox 1984 5311 3568 5419; baseline -0.028 -12"><span class='ocrx_word' id='word_1_1000' title='bbox 1984 5311 2053 5407; x_wconf 83' lang='lat' dir='ltr'><strong>de</strong></span> <span class='ocrx_word' id='word_1_1001' title='bbox 2080 5343 2275 5419; x_wconf 91' lang='lat' dir='ltr'><strong>populo</strong></span> <span class='ocrx_word' id='word_1_1002' title='bbox 2301 5339 2410 5402; x_wconf 89' lang='lat' dir='ltr'><strong>illo,</strong></span> <span class='ocrx_word' id='word_1_1003' title='bbox 2442 5334 2574 5389; x_wconf 77' lang='lat' dir='ltr'><strong>Ecce</strong></span> <span class='ocrx_word' id='word_1_1004' title='bbox 2592 5348 2723 5396; x_wconf 82' lang='lat' dir='ltr'><strong>vere,</strong></span> <span class='ocrx_word' id='word_1_1005' title='bbox 2772 5327 2959 5397; x_wconf 86' lang='lat' dir='ltr'><strong>inquit,</strong></span> <span class='ocrx_word' id='word_1_1006' title='bbox 2987 5320 3240 5380; x_wconf 83' lang='lat' dir='ltr'><strong>Israelita,</strong></span> <span class='ocrx_word' id='word_1_1007' title='bbox 3268 5316 3320 5370; x_wconf 87' lang='lat' dir='ltr'><strong>in</strong></span> <span class='ocrx_word' id='word_1_1008' title='bbox 3349 5329 3446 5381; x_wconf 85' lang='lat' dir='ltr'><strong>quo</strong></span> <span class='ocrx_word' id='word_1_1009' title='bbox 3473 5311 3568 5365; x_wconf 84' lang='lat' dir='ltr'><strong>do-</strong></span> 
     </span>
    </p>
   </div>
   <div class='ocr_carea' id='block_1_116' title="bbox 1990 5407 3566 5500">
    <p class='ocr_par' dir='ltr' id='par_1_116' title="bbox 1990 5407 3566 5500">
     <span class='ocr_line' id='line_1_122' title="bbox 1990 5407 3566 5500; baseline -0.027 -1"><span class='ocrx_word' id='word_1_1010' title='bbox 1990 5407 2205 5499; x_wconf 49' lang='lat' dir='ltr'><strong>lus-nun</strong></span> <span class='ocrx_word' id='word_1_1011' title='bbox 2240 5444 2332 5491; x_wconf 82' lang='lat' dir='ltr'><strong>est.</strong></span> <span class='ocrx_word' id='word_1_1012' title='bbox 2381 5427 2679 5500; x_wconf 82' lang='lat' dir='ltr'><strong>Appellavit</strong></span> <span class='ocrx_word' id='word_1_1013' title='bbox 2713 5419 3003 5478; x_wconf 86' lang='lat' dir='ltr'><strong>Israelitatn</strong></span> <span class='ocrx_word' id='word_1_1014' title='bbox 3024 5457 3037 5479; x_wconf 93' lang='lat'><strong>,</strong></span> <span class='ocrx_word' id='word_1_1015' title='bbox 3067 5415 3252 5482; x_wconf 89' lang='lat' dir='ltr'><strong>inquo</strong></span> <span class='ocrx_word' id='word_1_1016' title='bbox 3280 5407 3434 5462; x_wconf 87' lang='lat' dir='ltr'><strong>dolus</strong></span> <span class='ocrx_word' id='word_1_1017' title='bbox 3461 5420 3566 5458; x_wconf 92' lang='lat' dir='ltr'><strong>non</strong></span> 
     </span>
    </p>
   </div>
   <div class='ocr_carea' id='block_1_117' title="bbox 1990 5497 3567 5602">
    <p class='ocr_par' dir='ltr' id='par_1_117' title="bbox 1990 5497 3567 5602">
     <span class='ocr_line' id='line_1_123' title="bbox 1990 5497 3567 5602; baseline -0.027 -7"><span class='ocrx_word' id='word_1_1018' title='bbox 1990 5497 2153 5602; x_wconf 85' lang='lat' dir='ltr'><strong>esset,</strong></span> <span class='ocrx_word' id='word_1_1019' title='bbox 2194 5537 2412 5602; x_wconf 88' lang='lat' dir='ltr'><strong>propter</strong></span> <span class='ocrx_word' id='word_1_1020' title='bbox 2434 5497 2636 5580; x_wconf 63' lang='lat' dir='ltr'><strong>Iacob.</strong></span> <span class='ocrx_word' id='word_1_1021' title='bbox 2688 5518 2753 5573; x_wconf 87' lang='lat' dir='ltr'><strong>Et</strong></span> <span class='ocrx_word' id='word_1_1022' title='bbox 2801 5513 2891 5571; x_wconf 88' lang='lat' dir='ltr'><strong>ille</strong></span> <span class='ocrx_word' id='word_1_1023' title='bbox 2939 5504 3251 5571; x_wconf 77' lang='lat' dir='ltr'><strong>Nuthanael,</strong></span> <span class='ocrx_word' id='word_1_1024' title='bbox 3305 5497 3454 5559; x_wconf 79' lang='lat' dir='ltr'><strong>Unde</strong></span> <span class='ocrx_word' id='word_1_1025' title='bbox 3486 5512 3567 5553; x_wconf 80' lang='lat' dir='ltr'><strong>ms</strong></span> 
     </span>
    </p>
   </div>
   <div class='ocr_carea' id='block_1_118' title="bbox 1994 5718 3572 5817">
    <p class='ocr_par' dir='ltr' id='par_1_118' title="bbox 1994 5718 3572 5817">
     <span class='ocr_line' id='line_1_124' title="bbox 1994 5718 3572 5817; baseline -0.024 -5"><span class='ocrx_word' id='word_1_1026' title='bbox 1994 5759 2121 5813; x_wconf 87' lang='lat' dir='ltr'><strong>enim</strong></span> <span class='ocrx_word' id='word_1_1027' title='bbox 2137 5761 2241 5817; x_wconf 88' lang='lat' dir='ltr'><strong>est;</strong></span> <span class='ocrx_word' id='word_1_1028' title='bbox 2264 5749 2420 5817; x_wconf 80' lang='lat' dir='ltr'><strong>oleum</strong></span> <span class='ocrx_word' id='word_1_1029' title='bbox 2441 5737 2965 5817; x_wconf 40' lang='grc' dir='ltr'><strong>θρῆνὶιιιιιιεηξνιςιίίιιξίξιζ</strong></span> <span class='ocrx_word' id='word_1_1030' title='bbox 2986 5728 3149 5817; x_wconf 54' lang='grc' dir='ltr'><em>χ</em></span> <span class='ocrx_word' id='word_1_1031' title='bbox 3158 5718 3572 5817; x_wconf 41' lang='grc' dir='ltr'><strong>ρνξιῃῗξηείςῗϋτ</strong></span> 
     </span>
    </p>
   </div>
   <div class='ocr_carea' id='block_1_119' title="bbox 1996 5777 3575 5887">
    <p class='ocr_par' dir='ltr' id='par_1_119' title="bbox 1996 5777 3575 5887">
     <span class='ocr_line' id='line_1_125' title="bbox 1996 5777 3527 5817; baseline -0.032 -5"><span class='ocrx_word' id='word_1_1032' title='bbox 1996 5777 2121 5813; x_wconf 75' lang='lat' dir='ltr'><strong>enim</strong></span> <span class='ocrx_word' id='word_1_1033' title='bbox 2137 5777 2205 5806; x_wconf 74' lang='lat' dir='ltr'><strong>ess</strong></span> <span class='ocrx_word' id='word_1_1034' title='bbox 2226 5777 2239 5817; x_wconf 63' lang='grc' dir='ltr'><strong><em>ς</em></strong></span> <span class='ocrx_word' id='word_1_1035' title='bbox 2264 5777 2420 5803; x_wconf 69' lang='lat' dir='ltr'><strong>meum</strong></span> <span class='ocrx_word' id='word_1_1036' title='bbox 2441 5777 2530 5807; x_wconf 73' lang='lat' dir='ltr'><strong>opu</strong></span> <span class='ocrx_word' id='word_1_1037' title='bbox 2546 5777 2706 5797; x_wconf 67' lang='lat' dir='ltr'><strong>.umw,</strong></span> <span class='ocrx_word' id='word_1_1038' title='bbox 2732 5777 2854 5788; x_wconf 61' lang='grc' dir='ltr'><strong>..πρυ</strong></span> <span class='ocrx_word' id='word_1_1039' title='bbox 2880 5777 2964 5783; x_wconf 71' lang='grc' dir='ltr'><strong>η-.</strong></span> <span class='ocrx_word' id='word_1_1040' title='bbox 3264 5777 3275 5786; x_wconf 86' lang='lat'><em>_</em></span> <span class='ocrx_word' id='word_1_1041' title='bbox 3377 5777 3384 5781; x_wconf 31' lang='grc'><strong>⁷</strong></span> <span class='ocrx_word' id='word_1_1042' title='bbox 3518 5778 3527 5789; x_wconf 50' lang='lat'><strong><em>.</em></strong></span> 
     </span>
     <span class='ocr_line' id='line_1_126' title="bbox 1996 5777 3575 5887; baseline -0.013 10"><span class='ocrx_word' id='word_1_1043' title='bbox 1996 5816 2246 5887; x_wconf 65' lang='grc' dir='ltr'>δρίοίιςιιιιε</span> <span class='ocrx_word' id='word_1_1044' title='bbox 2285 5814 2412 5887; x_wconf 65' lang='lat' dir='ltr'><strong>imus</strong></span> <span class='ocrx_word' id='word_1_1045' title='bbox 2450 5785 3363 5887; x_wconf 50' lang='lat' dir='ltr'><strong>et:fit“?-:Li§l3f‘i..‘£°’3?a..?f‘“&quot;‘</strong></span> <span class='ocrx_word' id='word_1_1046' title='bbox 3396 5777 3575 5838; x_wconf 65' lang='grc'><strong>⁶¹³⁶¹⁷³¹⁴</strong></span> 
     </span>
    </p>
   </div>
   <div class='ocr_carea' id='block_1_120' title="bbox 1994 5854 3266 5943">
    <p class='ocr_par' dir='ltr' id='par_1_120' title="bbox 1994 5854 3266 5943">
     <span class='ocr_line' id='line_1_127' title="bbox 1994 5854 3266 5943; baseline -0.03 -2"><span class='ocrx_word' id='word_1_1047' title='bbox 1994 5854 2439 5943; x_wconf 38' lang='lat' dir='ltr'><strong>egit-&quot;rinam:</strong></span> <span class='ocrx_word' id='word_1_1048' title='bbox 2452 5854 2686 5923; x_wconf 57' lang='lat' dir='ltr'><strong>mosus</strong></span> <span class='ocrx_word' id='word_1_1049' title='bbox 2704 5860 2926 5915; x_wconf 80' lang='lat' dir='ltr'><strong>omnibus</strong></span> <span class='ocrx_word' id='word_1_1050' title='bbox 2945 5864 3051 5908; x_wconf 73' lang='lat' dir='ltr'><strong>Mss.</strong></span> <span class='ocrx_word' id='word_1_1051' title='bbox 3076 5854 3266 5907; x_wconf 76' lang='lat' dir='ltr'><strong>absunt.</strong></span> 
     </span>
    </p>
   </div>
  </div>
