4042 6474
469 391 570 449 507

466 511 640 572 nostt.’
665 511 728 567 Et
757 509 1032 575 Dominus,
1076 508 1204 565 Cum
1233 519 1363 560 esses
1386 499 1479 558 sub
1502 499 1685 556 arbore
1709 499 1796 570 ﬁci
1819 497 1923 554 vidi
1948 509 1995 554 te
2023 516 2044 557 :

465 611 516 667 id
543 620 645 674 est,
672 624 790 662 cum
818 619 968 661 esses
993 605 1044 658 in
1072 605 1162 660 illo
1184 603 1379 673 populo
1405 603 1504 658 sub
1525 602 1665 673 Lege
1684 602 2002 655 constitutus
2026 639 2044 667 ,

462 720 580 774 quze
612 702 810 758 earnali
838 701 1024 754 umbra
1051 699 1195 752 illum
1241 700 1491 769 populum
1524 697 1850 768 protegebat,
1881 696 1951 750 ibi
1995 707 2047 753 te

464 795 588 849 vidi.
631 793 764 860 Quid
792 800 892 855 est,
925 792 991 844 ibi
1027 797 1078 844 te
1102 791 1203 844 vidi
1226 791 1251 842 ?
1281 791 1353 844 lbi
1395 791 1466 844 tui
1509 792 1758 844 misertus
1781 805 1918 843 sum.
1954 790 2047 846 Ille

460 896 634 940 autem
671 885 977 940 recordatus
1003 883 1140 953 quod
1187 882 1356 936 iuerat
1401 885 1559 936 etiam
1601 883 1699 936 sub
1738 884 1930 938 arbore
1961 881 2045 938 fici

460 980 508 1033 in
543 979 785 1043 veritate,
818 977 1126 1038 admiratus,
1161 977 1280 1046 quia
1313 977 1525 1044 putabat
1555 989 1618 1030 se
1655 992 1684 1029 a
1727 978 1940 1031 nemine
1968 977 2046 1032 vi-

461 1088 577 1125 sum
621 1089 739 1125 cum
773 1071 842 1125 ibi
871 1081 1031 1134 esset,
1062 1073 1346 1125 conﬁtetur
1375 1079 1428 1126 et
1465 1071 1590 1126 dicit
1622 1087 1637 1127 :
1687 1071 1761 1127 Tu
1790 1091 1842 1128 es
1879 1071 2046 1128 Filius

460 1161 588 1226 Dei,
614 1174 667 1217 tu
695 1180 748 1218 es
776 1180 864 1217 rex
904 1163 1089 1217 Israel.
1132 1165 1262 1230 Quis
1303 1164 1402 1220 hoc
1452 1165 1626 1220 dixit?
1661 1167 1759 1236 Qui
1805 1168 2047 1224 audierat

461 1253 600 1320 quod
635 1270 788 1307 verus
818 1264 957 1308 esset
985 1255 1240 1318 Israelita,
1272 1263 1326 1311 et
1363 1255 1516 1312 dolus
1548 1261 1599 1311 in
1632 1258 1720 1314 illo
1747 1275 1851 1314 non
1878 1269 2040 1316 esset.

463 1345 531 1398 Et
569 1347 821 1399 Dominus
852 1363 866 1399 ε
903 1345 1036 1412 Quia
1063 1347 1170 1400 dixi
1201 1348 1305 1407 tibi,
1345 1346 1462 1401 Vidi
1489 1358 1533 1402 te
1577 1350 1667 1403 sub
1706 1352 1885 1405 arbore
1913 1352 1999 1420 ﬁci
2025 1393 2040 1419 ,

461 1436 753 1500 credidisti;
785 1437 981 1507 majora
1007 1438 1186 1492 horum
1206 1437 1409 1492 videbis.
1430 1439 1686 1510 Loquitur
1706 1457 1826 1497 cum
1857 1442 2042 1513 Israel,

461 1545 580 1584 cum
611 1530 792 1588 Jacob.
825 1547 944 1586 cum
987 1532 1076 1586 illo
1109 1533 1196 1600 qui
1241 1533 1342 1587 sibi
1383 1533 1610 1602 lapidem
1659 1535 1723 1590 ad
1754 1545 1912 1606 caput
1946 1552 2045 1607 po-

462 1634 662 1679 suerat.
704 1623 909 1697 Παίονα
935 1626 1115 1680 horum
1132 1627 1337 1682 videbis.
1369 1627 1498 1694 Quae
1526 1629 1760 1699 majora?
1781 1631 1912 1698 Quia
1934 1631 2045 1701 jam

464 1719 598 1789 lapis
639 1720 729 1775 ille
757 1721 821 1775 ad
849 1728 1006 1790 caput
1034 1731 1135 1776 est.
1173 1723 1332 1777 Amen
1363 1724 1476 1777 dico
1502 1725 1638 1779 vobis
1663 1767 1676 1787 ,
1700 1725 1925 1781 videbitis
1948 1744 2047 1783 cm-

464 1812 570 1867 lum
598 1823 848 1882 apertum,
879 1823 927 1867 et
958 1814 1176 1884 Angelos
1203 1814 1300 1869 Dei
1326 1817 1644 1873 ascendentes
1668 1827 1714 1872 et
1743 1820 2047 1876 descenden-

464 1913 535 1959 tes
558 1923 709 1975 super
733 1905 924 1960 Filium
963 1907 1178 1962 hominis
1201 1908 1380 1977 (Joan.
1411 1925 1448 1975 ι,
1476 1910 1690 1981 48ο51).
1732 1911 1917 1983 Angeli
1956 1913 2046 1969 Dei

464 1999 753 2053 ascendant
773 2008 824 2052 et
845 2000 1168 2055 descendant
1182 2016 1276 2070 per
1290 2003 1461 2058 scalas
1479 2003 1615 2066 illas,
1635 2003 1725 2058 flat
1752 2003 1854 2061 hoc
1870 2005 1920 2060 in
1944 2007 2046 2062 Ec-

465 2094 646 2148 clesia.
664 2094 847 2163 Angeli
869 2095 957 2147 Dei
985 2095 1385 2151 annuntiatores
1405 2106 1530 2152 sunt
1552 2099 1792 2154 veritatis
1817 2117 1831 2156 :
1857 2115 2042 2155 ascen-

463 2183 591 2239 dant
610 2193 664 2240 et
685 2184 916 2248 videant,
950 2184 1017 2240 In
1048 2187 1297 2256 principio
1324 2197 1432 2242 erat
1467 2187 1716 2255 Verbum,
1745 2200 1790 2245 et
1830 2191 2046 2247 Verbum

465 2287 571 2330 erat
593 2277 730 2347 apud
749 2276 934 2341 Deum,
958 2285 1003 2331 et
1034 2275 1172 2330 Deus
1191 2287 1296 2332 erat
1337 2277 1568 2333 Verbum.
1615 2280 1967 2349 Descendant,
1993 2293 2049 2340 et

464 2367 696 2428 videant,
731 2369 850 2436 quia
891 2367 1102 2423 Verbum
1133 2375 1252 2424 caro
1283 2373 1472 2438 factum
1514 2381 1606 2436 est,
1638 2382 1685 2426 et
1720 2374 1959 2430 habitavit
1991 2377 2048 2432 in

463 2459 608 2513 nobis
663 2457 774 2529 (Id.
807 2475 859 2524 ι,
908 2460 1018 2530 14).
1055 2462 1394 2528 Ascendant,
1443 2471 1500 2517 ut
1539 2463 1745 2534 erigant
1784 2482 2042 2537 magnos:

462 2551 808 2616 descendant,
862 2562 920 2609 ut
974 2557 1210 2610 nutriant
1249 2573 1457 2626 parvos.
1490 2557 1624 2617 Vide
1660 2561 2042 2626 ascendentem

459 2644 680 2700 Paulum
712 2663 726 2700 :
751 2646 870 2702 Sive
893 2655 1054 2702 mente
1076 2649 1537 2717 excessimus,Deo.
1554 2654 1685 2710 Vide
1705 2653 2043 2719 descenden-

459 2744 566 2791 tem
597 2753 612 2792 :
646 2737 766 2792 Sive
793 2748 1125 2810 temperantes
1157 2758 1347 2807 sumus,
1377 2743 1513 2799 vobis
1551 2745 1634 2819 (ll
1667 2747 1784 2804 Cor.
1833 2767 1887 2817 v,
1924 2747 2036 2826 15).

461 2825 589 2883 Vide
613 2830 990 2885 ascendentem
1018 2849 1033 2886 :
1065 2831 1382 2903 Sapientiam
1431 2837 1683 2906 loquimur
1709 2841 1837 2896 inter
1866 2825 2039 2915 perfe-

453 2927 578 2975 ctos.
613 2920 740 2976 Vide
768 2921 1182 2980 descendentem
1214 2943 1228 2981 :
1258 2925 1366 2981 Lac
1391 2931 1526 2984 vobis
1554 2941 1726 3000 potum
1752 2934 1904 3002 dedi,
1936 2953 2038 2994 non

451 3028 618 3067 escam
643 3013 704 3086 (1-
745 3014 862 3069 Cor.
905 3033 965 3083 ιι,
1001 3017 1053 3081 ϐ,
1101 3027 1148 3072 et
1191 3034 1265 3084 ιιι,
1291 3018 1370 3090 2).
1419 3021 1530 3076 Hoc
1570 3022 1629 3077 ﬁt
1663 3025 1716 3078 in
1747 3025 1986 3084 Ecclesia
2016 3046 2037 3086 :

450 3107 745 3163 ascendunt
787 3119 842 3162 et
875 3109 1206 3165 descendunt
1244 3111 1432 3182 Angeli
1477 3115 1568 3168 Dei
1621 3131 1786 3187 super
1839 3118 2036 3178 Filium

449 3196 684 3252 hominis
710 3213 725 3253 :
757 3200 879 3268 quia
909 3214 1121 3254 sursum
1164 3210 1247 3256 est
1292 3201 1459 3258 Filius
1498 3204 1749 3275 hominis,
1779 3209 1846 3264 ad
1876 3227 2034 3282 quem

447 3288 742 3342 ascendunt
768 3289 949 3355 corde,
975 3289 1024 3344 id
1055 3299 1138 3346 est
1156 3302 1317 3364 caput
1342 3294 1490 3364 ejus;
1515 3306 1568 3352 et
1586 3288 1837 3356 deersum
1867 3303 2033 3361 Filius

447 3381 699 3448 hominis,
729 3381 780 3436 id
810 3390 892 3436 est
917 3397 1108 3452 corpus
1140 3385 1273 3453 ejus.
1314 3386 1550 3443 Membra
1581 3390 1698 3461 ejus
1737 3393 1823 3448 hic
1860 3405 1984 3451 sunt
2013 3439 2030 3466 ,

445 3480 606 3544 caput
638 3487 849 3527 sursum
879 3483 962 3528 est
989 3490 1003 3529 :
1029 3476 1336 3532 ascenditur
1361 3478 1428 3533 ad
1463 3491 1653 3550 caput,
1684 3482 2033 3544 descenditur

444 3563 511 3619 ad
556 3564 812 3619 membra.
848 3565 1089 3622 Christus
1130 3568 1247 3635 ibi,
1303 3567 1548 3628 Christus
1592 3572 1698 3630 hic.
1727 3575 1856 3632 Nam
1887 3579 1931 3634 si
1958 3580 2031 3635 ibi

444 3665 684 3725 tantum,
713 3667 766 3712 et
798 3657 884 3712 hic
910 3675 1049 3742 non‘;
1078 3661 1220 3716 unde
1265 3679 1372 3717 vox
1407 3665 1494 3719 illa
1525 3681 1540 3720 :
1574 3665 1735 3723 Saule
1757 3709 1773 3735 ,
1819 3671 1980 3728 Saule
2009 3716 2027 3742 ,

443 3748 567 3816 quid
593 3765 672 3802 me
692 3751 1002 3818 persequeris
1027 3737 1160 3823 (Act.
1187 3768 1263 3819 ιι,
1298 3752 1393 3825 ι)ι
1419 3754 1549 3823 Quis
1569 3757 1710 3812 enim
1726 3759 1797 3815 illi
1815 3762 1868 3816 in
1889 3737 2030 3821 caelo

442 3840 697 3895 molestus
726 3840 860 3894 fuit?
889 3841 1073 3906 Nemo,
1100 3859 1198 3898 nec
1223 3844 1413 3912 Judaei,
1439 3863 1537 3902 nec
1552 3848 1764 3919 Saulus,
1788 3868 1887 3909 nec
1909 3855 2028 3912 dia-

440 3932 596 3988 bolus
633 3939 896 3999 tentator;
948 3949 1105 3989 nemo
1143 3935 1212 3990 ibi
1245 3937 1500 3993 molestus
1525 3939 1599 3994 illi
1641 3957 1657 3996 :
1688 3942 1782 3998 sed
1810 3944 1947 4001 sicut
1974 3947 2026 4004 in

438 4037 696 4094 compage
729 4026 968 4094 corporis
991 4025 1205 4082 humani
1230 4029 1364 4098 pede
1383 4030 1590 4086 calcato
1609 4033 1783 4104 lingua
1810 4038 2024 4096 clamat.

509 4114 598 4169 21.
646 4112 878 4170 Dilexisti
909 4117 1200 4186 justitiam,
1245 4129 1292 4172 et
1334 4121 1485 4175 odisti
1523 4123 1838 4193 iniquitatem
1869 4146 1884 4185 :
1910 4147 2028 4202 pro-

438 4216 607 4279 pterea
647 4209 792 4262 unxit
832 4218 914 4276 te,
958 4208 1133 4278 Deus,
1178 4209 1318 4266 Deus
1354 4223 1490 4270 tuus.
1535 4215 1720 4273 Loculi
1749 4235 1932 4280 sumus
1959 4224 2028 4281 de

436 4308 596 4355 uncto
643 4301 786 4365 Deo,
837 4302 939 4356 hoc
977 4309 1059 4356 est
1095 4302 1162 4358 de
1198 4302 1430 4359 Christo.
1459 4305 1572 4362 Non
1598 4312 1768 4378 potuit
1794 4315 2027 4390 apertius

433 4391 540 4447 dici
577 4408 767 4448 nomen
808 4392 1037 4462 Christi,
1074 4411 1230 4466 quam
1275 4406 1332 4451 ut
1360 4399 1624 4455 diceretur
1648 4413 1837 4460 unctus
1863 4407 2022 4464 Deus.

433 4485 712 4554 Quomodo
752 4489 1007 4558 speciosus
1034 4492 1199 4558 forma
1228 4507 1334 4561 pra:
1357 4493 1477 4560 filiis
1507 4494 1797 4563 hominum;
1825 4499 1902 4555 sic
1928 4519 2028 4558 uno

435 4586 552 4633 ctus
577 4619 590 4640 ,
622 4579 731 4632 oleo
755 4579 1100 4634 exsultationis
1128 4599 1232 4648 prce
1256 4584 1582 4654 participibus
1609 4588 1736 4644 suis.
1759 4589 1856 4656 Qui
1883 4594 2025 4649 enim

434 4669 723 4739 participes
750 4670 908 4739 ejus?
939 4671 1053 4725 Filii
1086 4672 1360 4728 hominum
1395 4693 1408 4728 :
1438 4678 1686 4745 quoniam
1716 4689 1772 4736 et
1793 4683 1906 4750 ipse
1937 4684 2021 4740 Fi-

436 4756 541 4814 lius
569 4758 802 4814 hominis
835 4763 1100 4832 particeps
1131 4764 1295 4819 lactus
1319 4775 1402 4820 est
1429 4769 1766 4826 mortalitatis
1791 4773 2022 4846 illorum,

434 4861 492 4905 ut
512 4852 708 4907 faceret
733 4867 828 4909 eos
858 4855 1140 4924 participes
1170 4856 1580 4914 immortalitatis
1607 4876 1738 4918 suas.

505 4943 595 4997 22.
639 4942 786 5016 [vers.
841 4945 874 4998 9
894 4985 906 5008 ,
941 4943 1050 5017 10.]
1097 4945 1312 5017 Myrrha
1339 4957 1384 5002 et
1413 4959 1553 5020 gutta
1577 4962 1623 5005 et
1653 4955 1791 5007 casia
1819 4971 1850 5008 a
1877 4959 2024 5010 vesti-

432 5036 613 5089 mentis
658 5036 774 5090 tuis.
822 5035 1026 5091 Odores
1069 5037 1190 5091 boui
1237 5054 1267 5094 a
1310 5041 1638 5098 vestimentis
1683 5046 1804 5099 tuis.
1847 5046 2023 5108 Vesti-

435 5139 611 5184 menta
631 5129 746 5200 ejus
770 5140 893 5184 sunt
923 5131 1091 5184 sancti
1121 5131 1235 5200 ejus
1253 5173 1267 5197 ,
1301 5133 1453 5188 electi
1476 5135 1588 5204 ejus
1610 5175 1626 5203 ,
1652 5145 1757 5192 tota
1781 5137 2023 5196 Ecclesia

432 5216 547 5292 ejus
568 5264 584 5291 ,
635 5237 790 5292 quam
817 5223 917 5277 sibi
943 5223 1082 5278 sicut
1110 5233 1310 5279 vestem
1338 5226 1574 5294 exhibet,
1601 5229 1717 5285 sine
1737 5232 1942 5288 macula
1971 5242 2025 5289 et

431 5327 560 5382 ruga
603 5312 817 5386 (Ephes.
865 5329 898 5367 v
921 5354 933 5376 ,
973 5312 1069 5385 27)
1110 5332 1123 5369 :
1161 5324 1376 5384 proliter
1407 5318 1694 5383 maculam,
1723 5321 1945 5400 abluens
1971 5323 2021 5377 in

430 5405 726 5476 sanguine;
773 5415 989 5476 propter
1026 5423 1208 5478 rugam
1234 5448 1248 5472 ,
1288 5408 1579 5464 extendens
1609 5411 1661 5464 in
1689 5427 1866 5467 cruce.
1898 5413 2024 5469 Inde

430 5498 603 5553 bonus
628 5495 760 5553 odor
783 5499 875 5570 qui
896 5500 1223 5570 signiﬁcatur
1252 5502 1534 5555 nominatis
1563 5503 1876 5572 quibusdam
1903 5521 2025 5561 aro-

429 5591 610 5646 matis.
660 5592 796 5646 Audi
840 5593 1058 5648 Paulum
1105 5593 1251 5646 illum
1302 5594 1613 5660 minimum,
1655 5596 1916 5652 ﬁmbriam
1957 5599 2023 5655 de

429 5682 752 5738 vestimento
793 5683 935 5753 quod
967 5684 1136 5754 tetigit
1165 5684 1354 5738 mulier
1387 5685 1440 5738 in
1470 5683 1611 5738 ﬂuxu
1640 5689 1910 5757 sanguinis
1929 5733 1944 5758 ,
1971 5701 2026 5747 et

430 5785 614 5830 sanata
662 5783 744 5830 est
793 5774 1001 5848 (Matth.
1051 5792 1138 5838 ix,
1182 5775 1312 5844 20);
1359 5775 1480 5830 audi
1520 5767 1664 5832 iilum
1708 5778 2021 5840 dicentem:

433 5864 622 5922 Christi
659 5867 815 5921 bonus
853 5869 979 5921 odor
1017 5883 1192 5922 sumus
1231 5868 1285 5922 in
1325 5869 1462 5923 omni
1500 5868 1651 5938 loco,
1692 5879 1740 5925 et
1766 5871 1821 5927 in
1847 5873 1911 5928 iis
1933 5875 2021 5943 qui

1701 379 1759 437 8.
1799 374 2165 437 AUGUSTINI
2206 376 2506 436 EPISCOPI

3649 401 3754 458 508

2153 495 2282 549 salvi
2304 497 2462 566 fiunt,
2490 499 2612 554 etin
2633 499 2699 554 iis
2723 501 2808 572 qui
2833 511 3042 572 pereunt
3064 503 3132 575 (ll
3154 503 3272 562 Car.
3299 523 3364 573 ιι,
3389 509 3502 582 15).
3527 511 3642 570 Non
3673 515 3757 570 di-

2154 587 2254 654 xit,
2287 588 2466 646 Bonus
2495 592 2629 647 odor
2645 593 2697 648 in
2724 594 2788 650 iis
2813 595 2904 665 qui
2930 597 3060 652 salvi
3087 599 3237 665 ﬁniit,
3271 610 3325 656 et
3351 604 3522 660 malus
3538 605 3674 660 odor
3699 607 3752 662 in

2154 683 2220 738 iis
2247 687 2336 756 qui
2368 697 2621 757 pereunt;
2654 689 2747 744 sed
2771 732 2786 755 ,
2819 690 2971 757 Quod
2999 692 3063 746 ad
3090 709 3185 748 nos
3209 696 3414 761 attinet,
3442 699 3599 753 bonus
3625 701 3754 757 odor

2153 793 2345 843 sumus,
2378 788 2424 832 et
2448 779 2501 833 in
2521 781 2583 833 iis
2606 782 2693 852 qui
2715 782 2840 836 salvi
2863 784 3011 851 fiunt,
3037 795 3086 838 et
3112 785 3164 839 in
3192 787 3252 840 iis
3276 789 3361 857 qui
3385 803 3611 858 pereunt.
3640 793 3752 850 Sal?

2153 884 2276 923 vum
2297 870 2408 926 ﬁeri
2431 870 2701 929 hominem
2724 874 2865 930 bono
2881 876 3044 932 odore
3062 895 3163 934 non
3183 891 3262 935 est
3280 883 3629 953 improbabile
3655 904 3752 948 ne-

2153 975 2257 1030 que
2284 961 2596 1020 incredibile
2629 983 2642 1018 :
2675 967 2849 1036 perire
2877 978 3057 1026 autem
3088 971 3354 1028 hominem
3380 975 3520 1032 bono
3539 979 3710 1036 odore
3729 1023 3745 1047 ,

2153 1067 2270 1121 quae
2295 1055 2432 1109 ratio
2449 1064 2532 1110 est
2550 1057 2574 1108 ἰ
2591 1057 2773 1127 Magna
2801 1063 2899 1124 vis.
2920 1076 3104 1133 magna
3122 1066 3317 1121 veritas
3341 1069 3468 1126 :etsi
3494 1073 3610 1144 capi
3639 1089 3746 1130 non

2152 1155 2348 1214 potest,
2377 1148 2447 1203 ita
2476 1159 2578 1205 est.
2606 1150 2736 1207 Nam
2766 1163 2822 1210 ut
2849 1159 3104 1214 noveritis
3129 1161 3250 1229 quia
3271 1161 3493 1228 difﬁcile
3511 1167 3742 1236 capitur,

2152 1239 2331 1294 statim
2357 1242 2581 1312 subjecit
2609 1263 2622 1299 :
2655 1244 2721 1300 Et
2747 1246 2815 1302 ad
2841 1249 2948 1303 haec
2971 1251 3083 1320 quis
3108 1252 3358 1309 idoneus?
3385 1255 3514 1324 Quis
3541 1257 3744 1322 intellie

2151 1340 2241 1402 gat
2270 1332 2515 1388 homines
2542 1338 2679 1392 mori
2709 1338 2848 1394 bono
2873 1341 3072 1397 odore?
3099 1343 3298 1399 Tamen
3321 1339 3521 1417 aliquid
3545 1331 3741 1413 dieslttl.

2151 1421 2365 1480 fratres.
2411 1426 2548 1482 Ecce
2594 1429 2708 1499 ipse
2753 1431 2948 1488 Paulus
2989 1435 3312 1502 praedicabat
3350 1425 3742 1520 Evangelium‘;

2153 1517 2302 1571 multi
2347 1518 2492 1573 illum
2532 1522 2778 1577 amabant
2820 1526 3220 1593 praedicatorem
3254 1528 3557 1601 Evangelii,
3592 1517 3746 1606 multi

2153 1607 2231 1662 illi
2276 1610 2580 1667 invidebant
2610 1632 2624 1668 :
2651 1615 2741 1684 qui
2776 1616 2923 1674 illum
2959 1619 3247 1689 amabant,
3275 1621 3413 1677 bono
3437 1624 3606 1681 odore
3637 1628 3743 1683 sal-

2152 1702 2444 1770 vabantur;
2491 1706 2579 1776 qui
2622 1706 2694 1760 illi
2737 1707 3073 1776 invidebant,
3119 1711 3256 1768 bono
3281 1714 3446 1770 odore
3473 1715 3740 1786 peribant.

2153 1793 2278 1850 Ideo
2305 1804 2361 1851 et
2385 1799 2727 1866 pereuntibus
2756 1817 2860 1856 non
2888 1803 3056 1859 malus
3077 1804 3210 1861 odor
3228 1845 3244 1872 ,
3270 1807 3362 1862 sed
3389 1803 3561 1866 bonus
3582 1809 3740 1870 odor.

2153 1887 2278 1944 Ideo
2303 1890 2445 1944 enim
2472 1893 2640 1961 magis
2666 1893 2740 1950 illi
2766 1895 3106 1964 invidebant,
3133 1899 3256 1969 quia
3283 1909 3386 1955 tam
3414 1901 3549 1958 bona
3573 1905 3626 1960 in
3650 1905 3744 1960 illo

2151 1985 2317 2054 gratia
2361 1987 2684 2054 praevalebat
2715 2005 2729 2042 :
2759 2004 2918 2045 nemo
2958 1992 3100 2046 enim
3137 1993 3578 2050 invidetmisero.
3611 1996 3745 2056 Erat

2153 2089 2282 2145 ergo
2320 2076 2585 2147 gloriosus
2628 2080 2679 2134 in
2723 2080 3098 2148 praedicatione
3135 2071 3284 2139 verbi
3316 2085 3443 2150 Dei,
3473 2097 3525 2140 et
3554 2088 3745 2144 vivens

2153 2167 2445 2222 secundum
2473 2170 2709 2238 regulam
2741 2171 2878 2227 illius
2901 2173 3062 2243 virgae
3090 2175 3400 2233 directionis
3428 2195 3441 2231 :
3473 2189 3527 2233 et
3547 2179 3744 2251 dilige-

2151 2257 2280 2313 bant
2315 2275 2436 2315 eum
2465 2261 2554 2332 qui
2580 2261 2632 2318 in
2659 2263 2751 2319 illo
2779 2265 3067 2337 diligebant
3091 2267 3361 2326 Christum
3387 2312 3402 2338 ,
3432 2272 3521 2341 qui
3549 2287 3747 2344 seque-

2152 2350 2345 2407 bantur
2387 2353 2585 2410 bonum
2627 2357 2881 2424 odorem;
2911 2357 3165 2429 diligebat
3188 2363 3418 2418 amicum
3444 2367 3624 2435 sponsi
3656 2369 3742 2422 sui

2151 2443 2265 2513 ipsa
2303 2459 2499 2515 sponsa
2522 2487 2540 2515 ,
2583 2463 2701 2518 qum
2726 2449 2853 2505 dicit
2881 2450 2932 2505 in
2963 2450 3196 2509 Canticis
3219 2456 3543 2511 canticorum
3562 2497 3578 2524 ,
3616 2457 3744 2514 Post

2150 2534 2354 2590 odorem
2382 2549 2746 2609 unguentorum
2769 2550 2968 2596 tuorum
2991 2558 3246 2608 curremus
3275 2544 3444 2616 (Cant.
3475 2562 3526 2610 t.
3556 2545 3633 2620 3).
3658 2548 3742 2604 llli

2148 2636 2326 2683 autem
2349 2641 2548 2700 quanto
2585 2632 2750 2702 magis
2778 2648 2900 2690 eum
2925 2634 3175 2690 videbant
3202 2635 3254 2692 in
3283 2637 3449 2707 gloria
3476 2639 3742 2709 praedica-

2149 2720 2308 2778 tionis
2337 2721 2606 2794 Evangelii
2636 2732 2690 2778 et
2711 2724 2762 2779 iu
2792 2725 2897 2780 vita
2926 2726 3262 2798 inculpabili,
3293 2739 3438 2785 tanto
3463 2731 3629 2802 magis
3651 2732 3742 2788 in-

2144 2811 2282 2870 vidia
2307 2813 2691 2884 torquebantur
2708 2856 2722 2877 ,
2755 2824 2811 2872 et
2835 2816 3215 2874 occidebantur
3240 2820 3383 2876 bono
3407 2822 3594 2878 odore.

2213 2909 2303 2966 25.
2357 2908 2570 2983 Myrrha
2605 2917 2652 2963 et
2689 2919 2833 2980 gutta
2869 2919 2917 2966 et
2951 2911 3088 2966 casia
3129 2929 3162 2967 a
3197 2915 3495 2978 vestimentis
3527 2916 3627 2972 tuis
3651 2959 3666 2983 ,
3707 2934 3743 2974 α

2143 3003 2373 3059 domibus
2401 3002 2648 3074 eburneis,
2671 3019 2734 3061 ea:
2755 3003 2936 3078 quibus
2951 3005 3314 3062 delectaverunt
3335 3018 3382 3062 te
3400 3009 3524 3077 ﬁlice
3538 3027 3738 3082 regum.

2141 3093 2341 3151 Domos
2378 3097 2640 3160 eburneas
2666 3139 2681 3163 ,
2725 3099 2914 3155 domos
2960 3111 3208 3167 magnas,
3258 3099 3448 3168 domos
3492 3103 3738 3174 regales,

2140 3189 2354 3257 quasvis
2399 3190 2537 3261 elige
2558 3231 2572 3256 ,
2607 3189 3004 3250 delectaverunt
3043 3191 3168 3252 inde
3196 3191 3462 3251 Christum
3494 3195 3616 3251 tilia:
3643 3212 3739 3253 re-

2139 3293 2285 3349 gum.
2315 3279 2407 3335 Vis
2431 3280 2619 3336 domos
2646 3283 2907 3340 eburneas
2935 3287 3282 3357 spiritualiter
3308 3287 3592 3361 accipere?
3618 3289 3737 3344 Ma-

2138 3385 2269 3441 gnas
2309 3371 2531 3440 domos,
2574 3385 2628 3430 et
2668 3388 2856 3447 magna
2891 3379 3226 3436 tabernacula
3253 3382 3383 3450 Dei,
3411 3385 3572 3441 corda
3602 3402 3738 3442 san—-

2138 3473 2343 3520 ctorum
2362 3467 2383 3532 ,'
2403 3467 2651 3539 ipsosque
2669 3485 2823 3542 reges
2842 3482 3087 3543 regentes
3108 3489 3324 3531 carnem
3347 3517 3363 3543 ,
3385 3478 3734 3549 subjugantes

2137 3557 2236 3612 sibi
2265 3559 2446 3615 turbas
2475 3560 2825 3617 humanarum
2855 3565 3193 3622 adcctionum
3215 3610 3230 3634 ,
3257 3568 3577 3642 eastigantes
3603 3589 3733 3630 cor-

2138 3663 2256 3719 pus,
2289 3661 2342 3706 et
2365 3653 2601 3708 servituti
2633 3654 2995 3725 subjicientes,
3021 3659 3204 3729 accipe
3232 3676 3246 3713 :
3275 3662 3395 3731 quia
3424 3662 3547 3718 inde
3573 3663 3730 3720 dele-

2136 3749 2411 3798 ctaverunt
2433 3759 2555 3798 eum
2584 3746 2931 3817 llllzeregum.
2963 3748 3169 3806 Etenim
3191 3765 3377 3808 omnes
3395 3755 3586 3811 animae
3605 3772 3733 3826 quae

2135 3831 2244 3887 illis
2283 3834 2691 3904 prmdicantibus
2717 3847 2770 3892 et
2796 3840 3280 3910 evangelizantihus
3308 3853 3444 3900 natae
3469 3855 3633 3912 sunt,
3668 3848 3733 3902 ti—

2135 3925 2220 3981 liae
2246 3943 2426 3998 regum
2457 3937 2581 3984 sunt
2607 3947 2620 3983 :
2652 3939 2707 3986 et
2737 3931 2985 3988 Ecclesia
3015 3934 3148 3998 tilias,
3167 3938 3538 4007 Apostolorum
3557 3979 3574 4006 ,
3606 3942 3731 4002 lilia

2134 4031 2321 4089 regum
2348 4029 2490 4074 sunt.
2523 4021 2617 4077 Ille
2643 4032 2725 4078 est
2751 4025 2894 4079 enim
2921 4025 3039 4082 Rex
3070 4039 3253 4097 regum
3287 4048 3301 4083 :
3333 4031 3404 4084 illi
3430 4043 3606 4088 autem
3634 4050 3729 4090 re-

2132 4123 2228 4181 ges
2271 4111 2339 4166 de
2380 4112 2573 4182 quibus
2610 4113 2810 4170 dictum
2853 4125 2967 4184 est,
3008 4118 3258 4175 Sedebitis
3280 4139 3432 4194 super
3457 4125 3729 4183 duodecim

2133 4203 2274 4257 sedes
2293 4246 2306 4266 ,
2345 4204 2632 4273 iudicantes
2671 4207 2934 4262 duodecim
2963 4210 3121 4264 tribus
3149 4211 3314 4267 Israel
3343 4212 3551 4287 (Matth.
3590 4234 3680 4274 xix
3706 4261 3724 4284 ,

2132 4293 2247 4367 28).
2289 4294 2719 4352 Praedicaverunt
2757 4300 2974 4368 verbum
3021 4304 3284 4368 veritatis,
3330 4315 3385 4362 et
3426 4321 3728 4378 genuerunt

2134 4387 2436 4454 Ecelesias,
2483 4405 2590 4445 non
2629 4389 2766 4458 sibi,
2811 4393 2905 4447 sed
2944 4393 3039 4448 illi.
3077 4395 3156 4450 Ad
3192 4395 3295 4453 hoc
3327 4407 3725 4460 sacramentum

2137 4481 2364 4549 pertinet
2383 4482 2523 4552 quod
2554 4484 2810 4553 scriptum
2836 4492 2921 4540 est
2947 4486 2998 4540 in
3019 4487 3160 4558 Lege
3189 4507 3203 4543 :
3233 4489 3294 4545 Si
3320 4502 3547 4548 mortuus
3567 4495 3728 4564 fuerit

2134 4572 2326 4643 frater,
2369 4575 2584 4645 accipiat
2619 4591 2824 4632 uxorem
2851 4579 2960 4649 ejus
2988 4581 3147 4650 frater
3177 4583 3286 4653 ejus
3307 4625 3324 4651 ,
3350 4595 3397 4638 et
3425 4587 3622 4641 suscitet
3644 4605 3731 4643 se-

2133 4680 2246 4719 men
2286 4667 2435 4736 fratri
2471 4684 2562 4722 sua
2593 4667 2765 4740 (Deut.
2798 4686 2940 4738 xxv,
2972 4672 3051 4744 5).
3080 4673 3312 4745 Accipiat
3333 4692 3540 4731 uxorem
3564 4683 3731 4748 frater

2133 4759 2242 4829 ejus
2265 4799 2281 4826 ,
2315 4769 2361 4814 et
2385 4762 2587 4815 suscitet
2612 4779 2776 4817 semen
2800 4803 2816 4829 ,
2846 4780 2950 4819 non
2979 4765 3117 4831 sibi,
3143 4767 3236 4821 sed
3267 4771 3415 4839 fratri
3439 4786 3550 4825 suo.
3581 4772 3730 4829 Dixit

2132 4850 2374 4907 Christus
2393 4895 2406 4919 ,
2436 4851 2532 4906 Dic
2553 4854 2794 4926 fratribus
2820 4855 2944 4910 meis
2972 4857 3184 4928 (Matth.
3210 4875 3374 4916 xxvm
3399 4901 3414 4925 ,
3443 4861 3554 4932 10).
3585 4864 3733 4920 Dixit

2133 4945 2187 5000 in
2214 4946 2418 5017 psalmo
2438 4987 2453 5012 ,
2489 4944 2727 5000 Narrabo
2760 4963 2939 5002 nomen
2969 4959 3108 5004 tuum
3133 4953 3373 5024 patribus
3397 4955 3522 5011 meis
3549 4955 3730 5024 (Psal.

2132 5053 2251 5102 xxi,
2281 5037 2399 5108 25).
2433 5037 2670 5093 Mortuus
2693 5047 2775 5094 est
2803 5041 3069 5110 Cbrlstus,
3097 5047 3412 5112 resurrexit,
3442 5049 3683 5105 ascendit
3713 5093 3731 5118 ,

2132 5130 2430 5186 absentavit
2471 5147 2529 5187 se
2553 5146 2779 5202 corpore
2808 5149 2824 5189 :
2852 5147 3202 5206 susceperunt
3230 5137 3422 5196 fratres
3446 5142 3562 5211 ejus
3588 5159 3728 5197 uxo-

2130 5240 2244 5279 rem
2283 5225 2434 5295 ejus,
2479 5227 2855 5297 praedicatione
2894 5229 3164 5301 Evangelii
3203 5234 3505 5302 generaturi
3545 5233 3682 5289 ﬁlios
3714 5279 3734 5303 ,

2130 5329 2236 5371 non
2281 5334 2374 5387 per
2412 5319 2652 5388 seipsos,
2692 5319 2788 5376 sed
2833 5335 2927 5390 per
2968 5321 3346 5394 Evangelium,
3378 5337 3595 5396 propter
3625 5343 3737 5384 no-

2131 5423 2252 5466 men
2292 5411 2488 5467 fratris.
2535 5411 2601 5466 In
2631 5413 2828 5470 Christo
2855 5416 2990 5472 enim
3015 5416 3170 5485 Jesu,
3198 5418 3400 5488 inquit,
3435 5439 3524 5492 per
3547 5421 3738 5477 Evan-

2132 5503 2315 5573 gelium
2341 5545 2354 5569 ,
2387 5519 2477 5576 ego
2497 5518 2583 5558 vos
2607 5506 2758 5576 genui
2781 5506 2824 5575 (Ι
2853 5505 2971 5562 Cor.
2999 5523 3055 5565 Iv
3073 5546 3089 5575 ,
3117 5507 3228 5580 l5).
3258 5508 3438 5580 Itaque
3457 5515 3738 5570 suscitan-

2134 5604 2212 5648 tes
2239 5609 2421 5650 semen
2453 5595 2602 5650 fratri
2632 5612 2763 5665 suo,
2797 5607 3054 5670 quotquot
3081 5613 3414 5670 genuerunt,
3446 5620 3552 5660 non
3581 5607 3735 5664 Pau-

2130 5687 2300 5743 lianos
2342 5697 2433 5742 aut
2469 5689 2781 5756 Petrianos,
2812 5691 2904 5747 sed
2931 5691 3261 5750 Christianos
3288 5696 3734 5756 nominaverunt.

2132 5779 2320 5836 Videte
2360 5781 2404 5835 si
2454 5797 2558 5835 non
2599 5782 2700 5838 iste
2742 5799 2931 5838 sensus
2974 5786 3156 5856 vigilat
3182 5799 3235 5842 et
3265 5790 3318 5843 in
3347 5790 3430 5844 bis
3460 5792 3737 5852 versibus.

2132 5874 2263 5932 Cum
2289 5877 2431 5932 enim
2457 5875 2692 5944 diceret,
2723 5894 2755 5933 a
2778 5876 3007 5934 domibus
3031 5882 3257 5937 eburneis
3273 5924 3290 5950 ,
3316 5882 3454 5940 dixit
3480 5884 3551 5942 de
3573 5901 3746 5960 rega-
