4042 6502
250 537 417 600 libus,
461 529 682 602 amplis,
718 525 990 602 pulchris,
1033 523 1270 589 lenibus,
1313 519 1487 592 qualia
1509 523 1643 574 sunt
1670 513 1832 572 corda

249 637 552 686 sanctorum
593 640 610 677 :
653 621 900 692 subjecit,
929 618 1012 674 Ea:
1035 616 1214 687 artibus
1243 624 1290 668 te
1316 611 1686 668 delectaverunt
1713 607 1835 676 ﬁlia

252 736 416 792 regum
436 758 452 783 ,
480 718 535 772 in
558 716 745 769 honore
766 722 872 767 tuo.
906 709 1058 764 Filia:
1081 707 1294 778 quidem
1320 720 1490 774 regum
1507 744 1522 768 ,
1547 701 1665 755 lilia;
1689 701 1833 792 App:

253 789 506 869 stolarum
533 816 744 862 tuorum
774 819 788 857 :
813 801 908 858 sed
929 842 944 866 ,
967 802 1019 854 in
1047 800 1234 853 honore
1259 807 1343 850 tuo
1363 836 1378 859 ,
1407 792 1527 865 quia
1555 805 1735 859 semen
1760 789 1833 844 illi

253 903 642 974 suscitaverunt
681 895 832 950 fratri
859 908 976 948 suo.
1010 890 1131 946 Ideo
1161 889 1304 960 ipsos
1329 901 1462 956 quos
1490 882 1837 937 suscitavcrat

256 994 396 1052 fratri
449 1008 550 1048 suo
596 989 827 1053 Paulus,
879 1002 998 1043 cum
1039 984 1243 1040 videret
1283 995 1498 1036 currere
1533 976 1599 1031 ad
1643 990 1836 1030 nomen

255 1102 426 1153 suum,
454 1081 774 1139 exclamavit
804 1098 817 1136 :
851 1077 1116 1149 Numquid
1149 1073 1344 1130 Paulus
1369 1071 1638 1139 cruciﬁxus
1658 1078 1729 1123 est
1747 1083 1838 1137 pro

254 1179 428 1235 vobis?
472 1177 611 1246 Quid
653 1177 793 1230 enim
838 1175 913 1228 ait
954 1172 1101 1228 Lex?
1141 1171 1205 1225 Et
1245 1169 1433 1224 habeat
1459 1173 1615 1220 natus
1644 1177 1838 1218 nomen

254 1272 481 1328 defuncti
515 1268 617 1342 (α).
649 1269 905 1324 Defuncto
935 1273 1181 1321 nascatur
1203 1305 1216 1326 .
1246 1260 1477 1320 defuncti
1505 1258 1718 1312 nomine
1741 1269 1834 1323 ap-

257 1366 490 1436 pelletur.
534 1364 725 1417 Servat
764 1360 867 1416 hoc
897 1359 1186 1430 legitimum
1214 1354 1406 1410 Paulus
1435 1369 1450 1407 :
1484 1350 1720 1405 volentes
1747 1362 1842 1416 ap-

258 1455 426 1526 pellari
455 1467 524 1508 ex
555 1455 774 1507 nomine
797 1465 925 1514 suo,
959 1455 1172 1503 revocat
1196 1461 1208 1499 :
1236 1442 1499 1515 Numquid
1528 1439 1722 1495 Paulus
1747 1453 1840 1508 pro

259 1545 378 1600 rubis
404 1544 686 1613 cruciﬁxus
714 1541 827 1597 est?
852 1540 931 1596 Ad
957 1539 1264 1595 defunctum
1287 1533 1508 1604 aspicite
1533 1574 1547 1596 ,
1577 1528 1840 1600 Numquid

261 1638 441 1691 Paulus
471 1653 567 1706 pro
597 1635 732 1691 vobis
754 1634 1026 1701 cruciﬁxus
1053 1629 1170 1685 est.’
1196 1627 1266 1684 Et
1293 1626 1415 1696 quid
1437 1624 1600 1696 ergo?
1619 1621 1840 1691 Quando

259 1731 362 1784 illos
388 1729 663 1799 generasti
687 1767 704 1794 ,
735 1726 862 1798 quid
891 1726 937 1782 si
967 1739 1160 1778 nomen
1189 1732 1334 1776 tuum
1368 1721 1475 1776 illis
1506 1716 1840 1788 imposuisti?

258 1823 379 1878 Non.
425 1821 516 1876 Ait
559 1821 703 1876 enim
751 1837 766 1872 :
812 1820 909 1872 Aut
948 1818 1000 1872 in
1037 1815 1238 1870 nomine
1268 1811 1424 1867 Pauli
1464 1809 1701 1880 baptizati
1724 1806 1841 1862 estis

262 1915 299 1989 (l
317 1916 426 1970 Cor.
475 1929 492 1968 ι
523 1953 540 1979 ,
575 1911 707 1986 15)7
734 1911 1010 1966 Delectavei
1024 1917 1111 1962 unt
1142 1917 1188 1962 te
1216 1906 1339 1976 [ilice
1360 1920 1534 1973 regum
1563 1903 1617 1956 in
1644 1902 1836 1955 honont

256 2017 348 2060 tuo.
386 2005 427 2060 Τ
430 2015 594 2060 enete
613 2045 628 2068 ,
674 2012 881 2059 servate
906 2043 922 2068 ,
961 2002 1016 2056 in
1045 2001 1232 2054 honore
1259 2009 1362 2052 tuo.
1398 1996 1509 2052 Hoc
1531 2003 1613 2050 est
1642 1993 1841 2048 habere

259 2110 444 2155 vestem
496 2097 793 2166 nuptialem
828 2135 844 2162 ,
891 2094 1034 2150 illius
1080 2093 1337 2147 honorem
1371 2131 1386 2155 ,
1433 2089 1574 2143 illius
1619 2085 1839 2155 gloriam

255 2205 508 2259 quaerere.
558 2188 836 2257 lntelligite
859 2187 1016 2241 etiam
1045 2185 1180 2239 filias
1208 2197 1389 2252 regum
1409 2221 1427 2248 ,
1457 2179 1695 2235 civitates
1723 2190 1842 2247 quia

255 2280 589 2336 crediderunt
630 2280 683 2334 in
708 2277 1010 2343 Christum,
1039 2285 1094 2332 et
1115 2290 1145 2328 a
1175 2273 1389 2344 regibus
1417 2270 1645 2327 conditae
1671 2277 1794 2324 sunt
1820 2283 1840 2327 :

255 2383 302 2429 et
341 2390 371 2426 a
414 2373 655 2427 domibus
697 2371 957 2435 eburneis,
1004 2367 1292 2434 divitibus,
1339 2364 1612 2435 superbis,
1661 2363 1837 2418 elatis.

256 2462 392 2518 Filia
431 2479 619 2534 regum
661 2462 1028 2516 delectaverunt
1064 2468 1112 2513 te
1137 2459 1188 2512 in
1217 2458 1404 2511 honore
1428 2465 1515 2510 tuo
1541 2470 1562 2510 :
1585 2455 1706 2525 quia
1732 2467 1838 2506 non

255 2557 570 2627 quaesierunt
593 2555 847 2610 honorem
876 2562 1085 2624 patrum
1113 2566 1333 2605 suorum
1357 2591 1372 2616 ,
1402 2548 1496 2604 sed
1516 2547 1842 2618 quaasierunt

257 2647 502 2702 honorem
553 2657 722 2702 tuum.
773 2643 1096 2700 Ostendatur
1140 2640 1268 2695 mihi
1313 2639 1494 2694 Romae
1537 2637 1590 2692 in
1638 2635 1841 2690 honore

258 2748 386 2795 tanto
415 2739 679 2818 templum
703 2737 948 2800 Romuli,
983 2736 1033 2789 in
1063 2743 1260 2805 quanto
1289 2731 1357 2786 ibi
1385 2729 1608 2786 ostendo
1637 2742 1838 2784 memo-

256 2832 372 2886 riam
412 2830 583 2886 Petri.
619 2829 675 2884 In
707 2829 864 2884 Petro
895 2826 1011 2897 quis
1043 2825 1334 2880 honoratur
1355 2865 1371 2890 ,
1403 2821 1504 2876 nisi
1533 2821 1621 2876 ille
1650 2818 1838 2874 delun-

256 2932 358 2978 ctus
396 2938 500 2994 pro
551 2921 744 2976 nobis?
791 2919 983 2974 Sumus
1029 2919 1170 2974 enim
1220 2912 1538 2979 Christiani,
1585 2925 1690 2966 non
1737 2909 1838 2965 Pe-

260 3015 417 3068 triani.
459 3012 580 3068 Etsi
625 3012 731 3066 nati
778 3027 870 3080 per
899 3010 1114 3063 fratrem
1141 3005 1375 3063 defuncti
1400 3046 1413 3068 ,
1443 3013 1617 3061 tamen
1645 3015 1840 3072 cogno-

258 3107 424 3173 minati
457 3104 682 3160 nomine
710 3102 966 3158 deluncti.
994 3101 1096 3156 Per
1125 3100 1273 3154 illum
1303 3097 1410 3152 nati
1435 3137 1450 3164 ,
1481 3094 1574 3150 sed
1603 3093 1678 3148 illi
1709 3091 1836 3148 nati.

259 3197 378 3252 Ecce
400 3197 572 3250 Roma
595 3239 610 3262 ,
638 3209 762 3250 ecce
787 3193 1071 3262 Carthago,
1099 3205 1225 3246 ecce
1248 3190 1366 3243 alia:
1391 3197 1443 3244 et
1463 3186 1839 3242 alize'civitatos

259 3288 363 3346 tiliae
405 3303 595 3358 regum
639 3295 798 3350 sunt;
845 3294 899 3338 et
939 3283 1338 3340 delectaverunt
1378 3293 1556 3349 regem
1596 3293 1749 3333 suum
1787 3277 1839 3331 in

257 3378 438 3434 honore
483 3379 654 3447 ipsius
674 3393 689 3439 ;
731 3385 786 3431 et
810 3393 871 3430 ex
894 3372 1221 3446 omnibuslit
1241 3387 1345 3427 una
1368 3369 1609 3441 quaadam
1635 3368 1836 3440 regina.

315 3476 398 3530 24.
441 3474 616 3542 Quale
642 3488 856 3528 carmen
889 3470 1163 3540 nuptiale?
1193 3470 1329 3526 Ecce
1356 3468 1497 3523 inter
1521 3466 1725 3522 cantica
1757 3465 1840 3520 hi-

258 3567 464 3622 inritatis
491 3568 650 3635 plena
671 3606 685 3628 ,
719 3564 958 3635 procedit
981 3573 1035 3620 et
1062 3563 1172 3632 ipsa
1195 3575 1411 3630 sponsa.
1439 3558 1677 3628 Sponsus
1698 3557 1840 3612 enim

258 3657 527 3734 veniebat,
562 3657 675 3726 ipse
699 3653 1108 3710 describebatur
1130 3695 1145 3720 ,
1173 3653 1227 3708 in
1259 3652 1406 3706 illum
1435 3659 1548 3706 erat
1568 3649 1740 3703 omnis
1763 3649 1842 3705 in-

261 3748 410 3816 tentio
440 3757 630 3802 nostra
662 3764 674 3799 :
706 3745 957 3816 procedat
983 3754 1034 3799 et
1061 3744 1180 3798 ista.
1203 3740 1371 3796 Astitit
1399 3741 1570 3812 regina
1593 3757 1626 3794 a
1654 3739 1843 3794 dextris

259 3842 360 3893 tuis.
385 3831 517 3906 Qua:
539 3854 570 3892 a
595 3838 820 3892 sinistris
839 3877 854 3906 ,
885 3851 988 3890 non
1011 3834 1214 3905 regina.
1238 3834 1409 3888 Stabit
1429 3833 1570 3887 enim
1593 3831 1832 3902 quasdam

260 3941 305 4002 et
344 3950 371 3984 a
414 3931 684 3995 sinistris,
731 3930 813 3984 cui
854 3929 1101 3982 dicetur:
1141 3924 1280 3980 Vade
1306 3926 1358 3979 in
1387 3925 1551 3996 ignem
1575 3934 1840 3978 internum.

259 4027 298 4077 A
319 4025 518 4080 dextris
544 4035 722 4077 autem
755 4023 946 4087 stabit,
976 4021 1058 4075 cui
1089 4019 1294 4074 dicetur
1325 4035 1338 4093 ξ
1377 4015 1573 4084 Venite,
1601 4015 1842 4071 benedicti

265 4113 419 4170 Patris
443 4116 545 4169 mei
565 4157 578 4180 ,
610 4114 846 4184 percipite
872 4129 1081 4184 regnum
1106 4111 1238 4181 quod
1264 4110 1398 4165 vobis
1429 4119 1663 4180 paratum
1687 4118 1758 4163 est
1783 4110 1846 4163 ab

260 4208 387 4262 initio
411 4209 591 4262 mundi
617 4206 829 4281 (Matth.
860 4221 992 4271 xxv,
1023 4205 1111 4268 54,
1137 4205 1252 4276 bl).
1281 4204 1449 4258 Astitit
1475 4204 1647 4275 regina
1669 4220 1699 4256 a
1725 4202 1847 4257 dea:-

262 4301 340 4354 tris
373 4302 506 4365 tuis,
545 4300 602 4354 in
635 4300 810 4354 vestitu
850 4299 1093 4351 deaurato
1114 4339 1130 4364 ,
1167 4296 1543 4350 circumamicta
1583 4295 1842 4350 varietate.

262 4395 487 4453 Vestitus
527 4396 728 4466 reginae
772 4394 928 4464 hujus
971 4393 1090 4463 quis
1116 4391 1234 4446 est?
1265 4391 1328 4445 Et
1354 4390 1618 4460 pretiosus
1645 4399 1761 4456 est,
1794 4399 1848 4446 et

259 4490 426 4544 varius
466 4497 554 4545 est
595 4506 608 4543 :
650 4494 979 4542 sacramenta
1013 4485 1268 4540 doctrina:
1299 4484 1350 4538 in
1382 4484 1574 4554 linguis
1601 4483 1846 4538 omnibus

260 4583 408 4644 variis
431 4583 449 4614 ¹
475 4621 488 4635 .
535 4582 654 4638 Alia
682 4581 856 4652 lingua
886 4580 995 4648 atra
1018 4620 1032 4642 ,
1062 4578 1165 4632 alia
1195 4593 1316 4650 syra
1340 4618 1356 4644 ,
1383 4577 1484 4631 alia
1513 4592 1681 4646 grzeca
1706 4618 1718 4642 ,
1745 4579 1846 4634 alia

261 4669 460 4729 hebraaa
485 4716 500 4740 ,
529 4673 630 4728 alia
657 4672 741 4726 illa
764 4682 815 4726 et
837 4671 922 4725 illa
948 4687 960 4722 :
986 4669 1307 4724 faciuntistze
1325 4668 1516 4738 lingua:
1537 4669 1847 4725 varietatem

260 4768 412 4820 vestis
460 4766 660 4838 regium
701 4764 876 4835 hujus.
912 4762 1190 4832 Quomodo
1217 4770 1395 4816 autem
1420 4763 1594 4817 omnis
1619 4765 1847 4819 varietas

260 4862 412 4916 vestis
458 4862 512 4915 in
554 4860 757 4915 unitate
798 4856 1119 4923 concordat,
1163 4856 1241 4910 sic
1267 4866 1320 4910 et
1347 4869 1532 4910 omnes
1563 4856 1752 4926 lingua:
1781 4857 1848 4913 ad

261 4967 406 5010 unam
454 4953 639 5007 ﬁdem.
683 4951 738 5006 In
781 4958 931 5006 veste
968 4949 1197 5003 varietas
1221 4947 1290 5001 sit
1314 4986 1329 5008 .
1359 4947 1586 5002 scissura
1618 4962 1725 5002 non
1757 4948 1844 5004 sit.

260 5032 390 5097 Ecce
430 5044 743 5098 varietatem
788 5041 1148 5096 intelleximus
1189 5037 1256 5093 de
1298 5037 1608 5113 diversitate
1643 5039 1848 5110 lingua-

259 5148 370 5188 rum
394 5145 445 5190 et
473 5117 681 5198 vestem
705 5132 1066 5188 intelleximus
1088 5119 1305 5201 propter
1329 5129 1584 5184 unitatem
1617 5148 1629 5182 :
1659 5130 1710 5185 in
1735 5134 1848 5200 ipsa

259 5235 428 5294 autem
451 5227 707 5290 varietate
735 5240 920 5282 aurum
948 5223 1090 5294 quod
1112 5223 1235 5278 est?
1256 5222 1371 5292 Ipsa
1397 5223 1674 5293 sapientia.
1694 5223 1851 5291 Quar-

261 5314 380 5372 hbet
399 5318 470 5384 sit
491 5318 723 5394 varietas
744 5316 1065 5386 linguarum,
1095 5330 1255 5369 unum
1283 5329 1469 5368 aurum
1495 5313 1843 5384 praedicatur:

261 5422 358 5464 non
383 5409 864 5464 diversum-aurum
889 5449 905 5475 ,
939 5407 1031 5461 sed
1065 5406 1294 5460 varietas
1318 5404 1384 5460 de
1405 5420 1554 5460 auro.
1581 5405 1835 5460 Eamdcm

257 5500 450 5571 quippe
486 5499 802 5571 sapientiam
827 5540 843 5566 ,
889 5497 1132 5554 eamdem
1177 5496 1470 5564 doctrinam
1520 5506 1571 5572 et
1609 5493 1847 5566 discipli-

257 5605 374 5648 nam
404 5608 588 5648 omnes
617 5592 810 5663 lingua:
833 5590 1144 5663 przedicant.
1173 5588 1414 5644 Varietas
1445 5589 1496 5644 in
1520 5589 1728 5660 linguis,
1752 5604 1848 5644 au-

256 5699 370 5741 rum
398 5687 451 5742 in
475 5686 780 5744 sententiis.

315 5857 333 5882 ι
365 5855 540 5899 Novem
559 5857 688 5907 Mss,
714 5849 920 5899 varians.

315 5910 392 5974 (α)
419 5915 511 5963 vtd.
539 5920 569 5962 II
589 5918 814 5975 Retractx,
837 5923 944 5974 cap.
967 5909 1040 5971 13,
1069 5915 1121 5961 et
1143 5908 1228 5960 lib.
1250 5916 1338 5970 QQ.
1362 5912 1413 5962 in
1435 5917 1719 5976 Deuter.,q.
1754 5908 1837 5962 46.

1343 398 1740 462 ENARRATIO
1777 396 1844 455 IN
1881 397 2207 462 PSALIIUI
2242 399 2428 458 XLIV.

3419 413 3523 482 3i!)

2014 515 2102 572 25.
2134 514 2285 589 [vers.
2314 515 2428 590 ll.)
2453 515 2752 589 Alloquitur
2778 519 3039 592 Propheta
3083 526 3317 597 reginam
3365 529 3520 588 istam
3611 523 3614 526 ’

1943 604 2192 678 (libenter
2215 608 2357 663 enim
2375 609 2452 664 illi
2465 611 2687 681 cantat),
2711 621 2764 668 et
2791 629 3218 687 unumquemque
3241 630 3476 676 nostrum
3503 641 3518 688 ;

1939 697 1983 754 si
2023 708 2198 756 tamen
2239 702 2542 758 noverimus
2589 703 2676 759 ubi
2721 719 2935 772 sumus,
2975 719 3028 762 et
3066 709 3131 764 ad
3173 712 3299 767 illud
3330 729 3522 785 corpus

1941 793 2207 861 pertinere
2231 809 2507 863 conemur,
2539 795 2719 853 stlide
2749 808 2802 853 et
2829 813 2924 867 Spe
2939 801 3296 871 pertineamus
3315 807 3443 862 uniti
3469 809 3522 864 in

1942 888 2194 943 membris
2218 887 2435 943 Christi.
2465 890 2572 946 Nos
2597 892 2736 946 en'un
2768 893 3053 964 alloquitur
3080 913 3093 948 :
3126 896 3286 963 Audi,
3315 900 3443 968 ﬁlia,
3476 911 3522 956 et

1942 978 2071 1033 vide.
2094 980 2388 1050 Alloquitur
2403 996 2520 1036 eam
2539 992 2584 1036 ta
2594 998 2784 1053 nquam
2810 979 2943 1038 un'us
2959 984 3026 1040 de
3046 988 3298 1055 patrihus,
3323 975 3441 1060 quia
3467 992 3522 1058 li-

1942 1071 2027 1126 lia:
2048 1087 2230 1143 regum
2251 1082 2408 1128 sunt:
2436 1076 2534 1130 etsi
2553 1076 2850 1146 alloquatur
2873 1079 3148 1148 propheta,
3172 1083 3269 1136 etsi
3288 1084 3522 1154 alloqua-

1944 1171 2029 1218 tur
2046 1167 2337 1234 apostolus,
2361 1176 2607 1238 tanquam
2631 1170 2788 1224 tiliam
2808 1172 2905 1242 (sic
2920 1173 3060 1226 enim
3078 1173 3324 1243 dicimus,
3345 1178 3527 1233 Patres

1945 1259 2108 1311 nostri
2133 1257 2432 1327 Prophetm.
2463 1271 2638 1342 patres
2658 1263 2823 1317 nostri
2843 1265 3081 1332 Apostoli
3103 1283 3115 1316 :
3135 1266 3176 1320 si
3205 1282 3302 1320 nos
3329 1269 3446 1324 illos
3474 1277 3527 1324 ut

1944 1348 2224 1419 patre-,illi
2249 1364 2342 1404 nos
2373 1359 2430 1405 ut
2449 1350 2630 1422 ﬁlios),
2657 1360 2715 1408 et
2741 1370 2840 1410 vox
2872 1371 2969 1410 una
3000 1368 3214 1426 paterna
3244 1360 3529 1428 alloquitur

1944 1440 2154 1496 unicam
2199 1441 2376 1496 tiliam.
2423 1443 2576 1507 Audi,
2599 1445 2708 1513 [ilia
2728 1487 2742 1509 ,
2773 1455 2817 1499 et
2843 1446 2971 1500 vide.
3003 1448 3154 1502 Prius
3178 1450 3321 1515 audi,
3345 1463 3527 1519 postea

1942 1531 2084 1586 vide.
2103 1530 2327 1588 Ventum
2352 1543 2434 1590 est
2458 1536 2597 1590 enim
2622 1536 2686 1592 ad
2716 1552 2813 1594 nos
2837 1553 2955 1592 cum
2987 1541 3293 1611 Evangelia,
3320 1552 3373 1595 et
3392 1559 3530 1611 prte-

1941 1621 2172 1678 dicatum
2212 1635 2292 1679 est
2312 1626 2464 1682 nobis
2484 1628 2622 1697 quod
2648 1630 2880 1685 nondum
2905 1631 3161 1693 videmus,
3187 1644 3239 1688 et
3264 1634 3530 1688 audiendo

1943 1718 2298 1785 credidimus,
2354 1720 2617 1776 credendo
2659 1723 3000 1789 videbimus;
3056 1725 3191 1780 sicut
3243 1725 3371 1780 dicit
3419 1730 3530 1797 ipse

1944 1825 2172 1880 sponsus
2199 1813 2334 1880 apud
2365 1812 2679 1882 Pmphetam
2711 1832 2724 1868 :
2758 1813 2992 1886 Populus
3015 1833 3159 1886 quem
3180 1834 3278 1870 non
3299 1818 3526 1886 cognovi.

1943 1906 2138 1960 servivit
2183 1906 2348 1971 mihi;
2391 1907 2444 1961 in
2487 1907 2731 1962 obauditu
2775 1910 2912 1963 auris
2949 1910 3159 1964 obedivit
3195 1913 3316 1964 mihi
3359 1911 3525 1982 (Psal.

1944 2012 2051 2051 xvn
2071 2039 2087 2063 ,
2132 1997 2248 2067 ιδ).
2289 1997 2424 2065 Quid
2459 2008 2569 2065 est,
2601 2000 2653 2053 in
2681 2001 2920 2055 obauditu
2946 2003 3129 2056 auris?
3152 2003 3282 2071 Quia
3310 2019 3413 2057 non
3448 2005 3527 2057 vi-

1943 2090 2040 2145 dit.
2072 2091 2329 2146 Viderunt
2366 2092 2532 2147 Judwi
2558 2133 2574 2159 ,
2615 2104 2667 2148 et
2697 2078 3075 2150 erucilixerunt
3107 2113 3119 2147 :
3154 2111 3256 2149 non
3284 2096 3530 2150 viderunt

1943 2184 2142 2240 Gentes
2165 2226 2179 2248 ,
2210 2195 2263 2240 et
2289 2185 2650 2241 crediderunt.
2689 2186 2876 2241 Veniat
2900 2188 3075 2257 regina
3099 2188 3166 2242 de
3189 2188 3444 2244 Gentibus
3476 2190 3528 2242 in

1943 2277 2138 2333 vestitu
2177 2276 2431 2332 deaurato
2459 2319 2473 2342 ,
2518 2276 2909 2333 circumamicta
2948 2279 3435 2334 varietate:veniat
3464 2295 3528 2332 ex

1943 2367 2234 2434 Gentibus,
2275 2368 2451 2423 veniat
2485 2369 2877 2424 circumamicta
2923 2371 3170 2424 omnibus
3204 2369 3424 2438 linguis.
3477 2370 3528 2423 in

1943 2463 2145 2518 unitate
2187 2462 2460 2530 sapientiae
2490 2476 2505 2526 ;
2547 2461 2754 2516 dicatur
2795 2463 2841 2516 ei
2863 2503 2876 2524 ,
2915 2461 3048 2516 Audi
3074 2461 3182 2530 ﬁlia
3203 2504 3218 2528 ,
3246 2471 3289 2516 et
3316 2462 3444 2514 vide.
3474 2461 3526 2515 Si

1942 2567 2050 2608 non
2093 2551 2355 2616 audieris,
2389 2567 2493 2607 non
2521 2551 2747 2607 videbis.
2779 2551 2913 2606 Audi
2941 2562 2995 2607 ut
3026 2553 3248 2608 mundes
3274 2567 3366 2607 cor
3390 2551 3526 2620 lide,

1943 2646 2080 2701 sicut
2124 2645 2411 2716 Apostolus
2452 2645 2526 2698 ait
2569 2646 2620 2698 in
2660 2644 2879 2700 Actibus
2922 2644 3295 2714 Apostolorum
3343 2661 3356 2696 :
3403 2642 3531 2698 Fide

1943 2737 2195 2792 inundans
2221 2737 2374 2791 corda
2401 2752 2573 2790 eorum
2598 2734 2734 2809 (Act.
2760 2752 2854 2802 xv,
2879 2737 2957 2807 9).
2982 2736 3063 2790 Ad
3083 2737 3182 2791 hoc
3210 2736 3350 2791 enim
3373 2737 3528 2790 audi-

1943 2846 2063 2886 mus
2100 2830 2242 2901 quod
2282 2830 2562 2885 credamus
2587 2870 2602 2893 ,
2646 2839 2929 2900 antequam
2967 2830 3238 2884 videamus
3261 2870 3276 2896 ,
3320 2839 3377 2884 ut
3414 2845 3529 2884 cre-

1941 2922 2118 2978 dendo
2160 2939 2254 2978 cor
2292 2923 2628 2988 mandemus,
2664 2922 2805 2977 unde
2838 2921 3018 2977 videre
3059 2921 3340 2991 possimus.
3368 2921 3527 2988 Audi,

1943 3025 2002 3072 ut
2041 3017 2228 3072 credas
2247 3057 2260 3078 ,
2300 3016 2496 3071 munda
2530 3031 2624 3071 cor
2653 3016 2772 3070 lide.
2803 3016 2868 3072 Et
2897 3031 3016 3070 cum
3041 3031 3135 3070 cor
3163 3015 3488 3090 mandavero
3511 3055 3527 3081 ,

1941 3110 2067 3182 quid
2093 3108 2320 3164 videbo?
2351 3108 2495 3163 Beati
2525 3107 2723 3163 mundo
2750 3107 2912 3162 corde
2935 3148 2951 3174 ,
2979 3109 3100 3177 quia
3133 3108 3231 3176 ipsi
3257 3108 3418 3160 [lcum
3454 3107 3529 3158 vi-

1940 3201 2143 3258 debunt
2181 3199 2392 3273 (Matth.
2439 3215 2473 3255 ν
2493 3241 2505 3264 ,
2541 3199 2620 3270 8).
2658 3198 2825 3266 Audi,
2849 3199 2990 3268 ﬁlia,
3019 3208 3062 3252 et
3088 3198 3236 3262 vide;
3263 3209 3308 3251 et
3343 3198 3530 3251 inclina

1944 3309 2118 3347 aurem
2143 3303 2299 3347 tuam.
2332 3292 2524 3347 Parum
2553 3303 2636 3347 est
2659 3291 2803 3354 audi,
2839 3290 3109 3346 humiliter
3135 3290 3254 3345 audi
3287 3308 3300 3345 :
3328 3289 3532 3343 lnclina

1943 3400 2118 3440 aurem
2154 3393 2314 3439 tuam.
2365 3382 2432 3438 Et
2473 3384 2760 3438 obliviscere
2801 3386 3042 3454 populum
3077 3392 3218 3436 tuum
3259 3391 3304 3435 et
3329 3382 3532 3434 domum

1945 3480 2107 3549 patris
2150 3477 2243 3530 tui.
2300 3477 2426 3532 Erat
2473 3476 2700 3546 populus
2743 3474 2957 3544 quidam
2983 3515 2998 3540 ,
3045 3482 3100 3527 et
3138 3474 3328 3528 dooms
3370 3473 3533 3540 patris
3571 3477 3574 3479 λ

1944 3569 2218 3641 quadam,
2242 3569 2295 3624 in
2319 3583 2420 3638 qua
2448 3575 2568 3622 nata
2599 3581 2657 3624 es
2681 3608 2696 3634 ,
2723 3566 2948 3635 populus
2973 3564 3296 3636 Babylonize,
3331 3563 3532 3616 habens

1946 3678 2125 3733 regem
2164 3661 2452 3716 diabolum.
2499 3658 2878 3728 Undecumque
2922 3665 3180 3720 venerunt
3219 3654 3415 3710 Gentes
3441 3695 3455 3717 ,
3501 3669 3532 3708 a

1947 3764 2096 3825 patre
2137 3753 2349 3808 diabolo
2393 3762 2650 3806 venerunt
2683 3768 2697 3804 :
2727 3750 2820 3805 sed
2853 3749 2987 3819 patri
3019 3746 3226 3802 diabolo
3257 3745 3532 3800 renuntia-

1948 3855 2157 3901 verunt.
2191 3844 2491 3899 Obliviscere
2521 3842 2762 3913 populum
2787 3851 2926 3895 tuum
2951 3851 2997 3894 et
3027 3839 3229 3893 domum
3259 3838 3416 3908 patris
3439 3836 3530 3892 tui.

1948 3937 2167 3995 Fmdam
2212 3946 2263 3992 te
2305 3935 2392 3991 ille
2437 3936 2652 4004 genuit,
2689 3947 2811 3988 cum
2843 3930 3188 4002 peccatricem
3221 3929 3341 3984 fecit
3374 3945 3387 3981 :
3418 3926 3532 3996 pul-

1947 4031 2130 4087 cbram
2173 4039 2224 4086 te
2251 4030 2350 4086 iste
2385 4037 2662 4100 regenerat
2691 4028 2780 4097 qui
2802 4025 3054 4098 justiticat
3083 4025 3317 4096 impiam.
3347 4019 3533 4076 Oblivi-

1949 4141 2087 4180 scere
2114 4124 2357 4195 populum
2384 4133 2525 4177 tuum
2548 4163 2563 4188 ,
2588 4131 2634 4176 et
2660 4121 2864 4175 domum
2896 4120 3054 4192 patris
3083 4121 3174 4173 tui.

2020 4216 2108 4272 26.
2141 4216 2289 4290 [vers.
2315 4216 2400 4280 l2,
2432 4214 2548 4288 15.]
2580 4216 2832 4280 Quoniam
2858 4213 3142 4284 concupivit
3180 4228 3271 4267 rex
3309 4211 3526 4280 speciem

1950 4316 2107 4363 tuam.
2139 4307 2306 4373 Quam
2334 4307 2569 4376 speciem
2594 4346 2608 4368 .
2642 4306 2742 4359 nisi
2772 4319 2929 4374 quam
2960 4304 3073 4373 ipse
3101 4301 3255 4356 fecit?
3277 4301 3532 4372 Concupi-

1949 4400 2017 4454 vit
2043 4399 2274 4469 speciem.
2306 4397 2471 4465 Cujus
2499 4395 2771 4465 Speciem?
2795 4393 3110 4448 Peccatricis
3131 4433 3145 4455 ,
3181 4391 3394 4461 iniqua',
3427 4392 3529 4446 im-

1951 4493 2087 4564 piae,
2115 4491 2286 4561 qualis
2329 4499 2445 4545 erat
2480 4488 2618 4556 apud
2665 4498 2870 4558 patrem
2921 4485 3190 4542 diabolum
3222 4525 3238 4550 ,
3286 4493 3340 4538 et
3393 4484 3532 4553 apud

1951 4584 2204 4656 populum
2238 4581 2434 4637 suum?
2475 4579 2610 4642 Non.
2645 4579 2738 4634 sed
2778 4579 2845 4634 de
2886 4593 2988 4650 qua
3033 4577 3227 4631 dicitur
3260 4574 3430 4643 κρίκε
3465 4585 3534 4628 est

1950 4678 2048 4733 ista
2074 4692 2186 4746 qua:
2200 4674 2426 4730 ascendit
2464 4673 2699 4728 dealbata
2722 4671 2895 4743 (Cant.
2921 4686 3010 4725 vni
3034 4709 3052 4736 ,
3083 4668 3180 4740 5)?
3208 4669 3376 4722 Antea
3408 4681 3536 4736 ergo

1951 4784 2058 4824 non
2098 4777 2212 4824 erat
2239 4766 2354 4820 alba
2376 4805 2392 4831 ,
2425 4774 2606 4835 postea
2649 4762 2915 4818 dealbata.
2960 4761 3094 4829 Quia
3120 4759 3164 4813 si
3190 4760 3382 4813 fuerint
3415 4772 3510 4826 pec

1951 4872 2066 4919 cata
2108 4869 2284 4917 vestra
2322 4859 2458 4914 sicut
2494 4857 2818 4928 phmnicium
2841 4897 2857 4924 ,
2881 4864 3134 4924 tanquam
3179 4853 3354 4908 nivem
3384 4849 3535 4904 deal-

1953 4954 2090 5012 babo
2123 4951 2276 5025 (Isai.
2303 4967 2340 5015 l,
2371 4951 2485 5020 18).
2510 4947 2806 5018 Concupivit
2835 4962 2927 5001 rea:
2959 4945 3174 5016 speciem
3219 4953 3376 4997 tuam.
3404 4939 3535 5008 Quis

1951 5048 2080 5104 rex?
2110 5046 2242 5113 Quia
2269 5045 2377 5116 ipse
2401 5053 2472 5098 est
2517 5040 2800 5096 Dominus‘
2833 5037 2968 5092 Deus
3018 5047 3152 5104 tuus.
3176 5035 3292 5091 Jam
3330 5032 3452 5089 vide
3490 5032 3534 5084 si

1953 5154 2062 5194 nou
2087 5137 2250 5193 debes
2275 5136 2544 5190 dimittere
2581 5140 2784 5201 patrem
2820 5139 2967 5186 tuum
2996 5129 3140 5183 illum
3161 5169 3175 5192 ,
3200 5140 3252 5181 et
3278 5123 3531 5194 populum

1955 5244 2103 5289 tuum
2130 5233 2296 5294 illum,
2327 5237 2382 5285 et
2409 5227 2596 5286 venire
2623 5225 2688 5280 ad
2716 5240 2896 5296 regem
2928 5226 3084 5278 istum
3108 5263 3123 5288 ,
3152 5221 3317 5274 Deum
3346 5224 3491 5270 tuum
3518 5233 3528 5267 :

1956 5325 2097 5380 Deus
2135 5333 2253 5378 tuus
2277 5329 2394 5383 est,
2427 5335 2520 5374 rex
2563 5327 2684 5374 tuus
2710 5327 2809 5371 est.
2857 5316 2970 5372 Rex
3013 5322 3168 5374 tuus,
3201 5318 3254 5363 et
3293 5309 3405 5377 ipse
3451 5317 3533 5358 est

1954 5430 2186 5486 sponsus
2215 5421 2354 5468 tuus.
2389 5411 2520 5482 Regi
2551 5411 2707 5465 nubis
2739 5410 2869 5476 Deo,
2902 5409 2969 5462 ab
2993 5407 3084 5460 illo
3113 5403 3290 5456 dotata
3312 5443 3325 5463 ,
3353 5399 3420 5451 ab
3444 5398 3534 5452 illo

1953 5505 2202 5562 decorata
2223 5547 2237 5570 ,
2267 5502 2332 5557 ab
2361 5503 2450 5557 illo
2482 5501 2753 5572 redempta
2779 5540 2794 5565 ,
2818 5499 2884 5551 ab
2913 5497 3002 5551 illo
3028 5501 3230 5548 sanata.
3263 5489 3530 5558 Quidquid

1954 5587 2123 5655 habes
2149 5598 2289 5653 unde
2321 5597 2394 5654 illi
2421 5597 2651 5666 placeas,
2683 5593 2751 5648 ab
2781 5591 2871 5648 illo
2901 5589 3086 5645 habes.

2021 5689 2111 5746 27.
2137 5683 2203 5745 Et
2218 5689 2496 5745 adorabunt
2521 5704 2634 5743 eum
2660 5687 2782 5758 ﬁlia!
2804 5683 2927 5756 Tyri
2945 5684 2998 5737 in
3019 5679 3327 5736 muneribus.
3357 5678 3532 5749 Ipsum

2015 5849 2031 5882 ί
2067 5846 2275 5917 Melioris
2307 5853 2435 5898 uota:
2467 5852 2597 5906 Mss,
2633 5841 2752 5906 Quia
2771 5838 2873 5906 ipse
2897 5843 2964 5891 est
2991 5845 3120 5889 Deus
3159 5841 3268 5888 tuus
3311 5847 3328 5888 :
3359 5836 3532 5888 omissa

1952 5923 2092 5971 voce,
2116 5919 2356 5960 Dominus.
