4042 6484
553 384 652 446 δη

551 520 729 574 regem
763 511 908 559 tuum
940 504 1107 559 Deum
1139 512 1283 558 tuum
1311 502 1591 559 adorabunt
1620 505 1743 575 ﬁlia:
1770 503 1894 577 Tyri
1935 507 1990 558 in
2016 520 2132 558 mu-

549 597 772 650 neribus.
802 594 958 651 Filia:
981 593 1125 667 Tyri,
1159 595 1277 650 ﬁlia:
1303 596 1552 652 Gentium
1584 613 1646 651 :a
1675 607 1822 668 parte
1843 603 1906 652 ad
1935 606 2127 652 totum.

549 689 722 760 Tyrus
749 690 918 744 vicina
947 690 1068 745 huic
1095 698 1254 743 terrm
1285 687 1369 741 ubi
1401 690 1674 758 pmphetia
1699 698 1832 756 erat,
1861 689 2131 759 signiﬁca-

548 782 639 836 bat
667 781 868 838 Gentes
906 782 1203 837 credituras
1241 780 1474 836 Christo.
1505 780 1632 837 lude
1660 790 1777 837 erat
1808 782 1895 837 illa
1923 781 2130 836 Chana-

549 891 683 941 ηεαδ,
714 892 834 948 quae
867 877 1038 945 primo
1064 877 1212 929 canis
1241 883 1324 930 est
1348 877 1630 945 appellata.
1661 874 1792 930 Nam
1824 885 1880 930 ut
1918 875 2132 930 noveri-

549 971 617 1024 tis
638 971 760 1038 quia
789 969 910 1024 inde
939 979 1074 1034 erat,
1107 968 1448 1036 Evangelium
1494 968 1571 1023 sic
1612 967 1882 1038 loquitur:
1913 966 2130 1022 Secessit

547 1063 598 1116 in
617 1072 786 1133 partes
812 1061 937 1134 Tyri
973 1071 1020 1116 et
1051 1062 1258 1117 Sidonis
1277 1103 1292 1128 ,
1313 1071 1360 1116 et
1385 1078 1496 1117 ecce
1533 1062 1714 1116 mulier
1751 1059 2040 1117 Chananaea
2065 1060 2134 1118 de

547 1158 733 1226 finibus
756 1158 859 1212 illis
888 1174 1086 1228 egressa
1126 1156 1401 1223 clamabat,
1429 1165 1484 1214 et
1523 1165 1713 1212 cratera
1755 1171 1873 1228 quae
1904 1155 1974 1210 ibi
2007 1170 2131 1209 nar-

548 1259 756 1304 rantur.
788 1249 917 1317 Qua:
945 1249 1116 1318 primo
1141 1249 1289 1304 canis
1310 1256 1425 1303 erat
1463 1247 1602 1318 apud
1637 1256 1842 1318 patrem
1873 1261 2029 1302 suum
2075 1254 2129 1302 et

545 1339 599 1394 in
621 1340 816 1412 populo
840 1355 957 1405 suo,
977 1340 1257 1396 clamando
1272 1347 1325 1396 et
1350 1340 1609 1394 veniendo
1629 1338 1695 1395 ad
1719 1340 1877 1394 istum
1903 1353 2084 1409 regem
2109 1378 2125 1405 ,

549 1433 744 1488 decora
786 1431 923 1486 facta
971 1431 1240 1487 credendo
1292 1432 1343 1486 in
1373 1431 1520 1486 illum
1545 1433 1586 1497 ι,
1628 1431 1755 1502 quid
1786 1430 1982 1487 meruit
2025 1444 2128 1484 au-

543 1522 699 1578 dire?
722 1522 766 1576 0
791 1524 990 1589 mulier,
1016 1540 1200 1595 magna
1221 1531 1292 1577 est
1317 1522 1442 1592 ﬁdes
1459 1532 1544 1576 tua
1565 1521 1775 1592 (Matth.
1797 1538 1885 1589 xv,
1905 1521 1967 1577 2|
1983 1521 2124 1592 38).

543 1615 837 1686 Concupivit
871 1632 961 1670 rea:
994 1615 1209 1685 speciem
1249 1623 1405 1668 tuam.
1442 1611 1508 1668 Et
1546 1613 1829 1668 adorabunt
1853 1629 1967 1668 eum
2003 1613 2128 1682 filia:

547 1708 669 1780 Tyri
696 1711 749 1764 in
778 1710 1086 1764 muneribus.
1115 1707 1316 1777 Quibus
1347 1707 1700 1762 muneribus?
1723 1707 1812 1762 Sic
1837 1706 1904 1762 ad
1929 1721 1986 1761 se
2014 1705 2128 1761 vult

457 1857 460 1862 _
543 1799 715 1855 veniri
755 1815 847 1855 rex
893 1800 993 1856 iste
1017 1841 1031 1864 ,
1057 1808 1112 1854 et
1141 1798 1420 1854 thesauros
1461 1813 1585 1853 suos
1631 1797 1839 1868 impleri
1885 1797 2039 1852 vult:
2072 1805 2126 1852 et

544 1892 658 1961 ipse
682 1892 901 1946 donavit
921 1890 1062 1946 unde
1084 1890 1421 1961 impleantur,
1441 1897 1496 1958 et
1520 1904 1550 1943 a
1567 1889 1718 1945 vobis
1741 1888 2121 1958 impleantur'.

541 1981 791 2045 Veniant,
819 1982 1008 2052 inquit,
1033 1981 1254 2036 adorent
1275 1995 1395 2035 eum
1419 1979 1470 2034 in
1494 1980 1824 2035 muneribus.
1857 1979 1991 2048 Quid
2017 1987 2119 2044 est,

537 2071 594 2128 in
621 2073 976 2128 muneribus?
1008 2071 1180 2127 Nolite
1202 2071 1340 2126 vobis
1365 2071 1578 2126 condere
1597 2071 1857 2125 thesauros
1885 2071 1938 2125 in
1962 2080 2120 2139 terra,

537 2165 622 2220 ubi
649 2166 782 2219 tinea
807 2174 852 2219 et
873 2165 1049 2234 rubigo
1090 2165 1422 2228 exterminat,
1450 2172 1497 2217 et
1519 2163 1603 2216 ubi
1633 2163 1768 2233 fures
1807 2162 2052 2231 e/fodiunt
2076 2171 2125 2217 et

538 2257 777 2327 furantur
799 2273 818 2311 :
846 2256 935 2311 sed
960 2255 1296 2310 thesaurizate
1323 2255 1457 2308 vobis
1487 2255 1744 2311 thesauros
1769 2256 1820 2309 in
1849 2256 1973 2310 caelo
1992 2298 2006 2321 ,
2039 2255 2122 2312 ubi

537 2365 694 2418 neque
722 2350 808 2419 fur
849 2363 1006 2417 neque
1030 2346 1163 2400 tinea
1198 2346 1491 2416 corrumpit.
1539 2345 1635 2401 Ubi
1656 2346 1792 2401 enim
1825 2347 1974 2414 fuerit
2014 2347 2125 2402 the-

533 2457 715 2495 saurus
741 2450 854 2494 tuus
875 2481 892 2506 ,
919 2439 1026 2493 illic
1054 2440 1146 2492 erit
1181 2448 1228 2492 et
1249 2455 1335 2493 cor
1359 2448 1500 2492 tuum
1531 2437 1644 2509 (Id.
1673 2454 1743 2502 Vt,
1773 2439 1983 2511 19-21).
2017 2424 2128 2496 Ve;

533 2535 645 2589 nite
681 2549 802 2589 cum
848 2533 1158 2588 muneribus
1203 2550 1217 2587 :
1263 2531 1392 2586 Date
1435 2532 1773 2604 eleemosynas
1797 2573 1813 2598 ,
1864 2543 1912 2588 et
1950 2535 2120 2589 omnia

533 2627 722 2680 munda
748 2636 863 2680 sunt
893 2626 1028 2680 vobis
1059 2624 1210 2695 (Luc.
1239 2641 1289 2678 xt
1318 2665 1332 2688 ,
1364 2623 1479 2694 41).
1504 2623 1694 2680 Venite
1727 2639 1850 2679 cum
1881 2626 2121 2682 muneri-

531 2718 630 2774 bus
658 2718 724 2774 ad
751 2733 872 2773 eum
901 2718 988 2787 qui
1011 2716 1138 2772 dicit
1162 2735 1175 2774 :
1209 2715 1614 2771 Misericordiam
1640 2717 1752 2771 volo
1773 2718 1936 2788 magis
1963 2735 2116 2788 quam

528 2811 834 2880 sacriﬁcium
878 2807 1031 2882 (Osee
1096 2825 1179 2877 vr,
1209 2809 1244 2865 6
1267 2852 1282 2876 ,
1310 2818 1357 2864 et
1386 2808 1570 2864 Matth.
1595 2825 1644 2863 ιι
1666 2850 1682 2876 ,
1710 2809 1822 2880 13).
1869 2810 1948 2865 Ad
1990 2811 2115 2866 illud

530 2905 788 2975 templum
835 2903 976 2975 quod
1008 2910 1125 2958 erat
1167 2911 1293 2958 ante
1331 2902 1518 2956 utnbra
1567 2902 1772 2969 futuri,
1804 2903 2116 2958 veniebatur

526 3012 647 3052 cum
701 2997 865 3051 tauris
895 3004 950 3050 et
988 2994 1281 3058 arietibus,
1311 3008 1434 3048 cum
1479 2993 1640 3048 hircis
1665 3033 1679 3057 ,
1711 3008 1834 3049 cum
1884 2994 2113 3051 diversis

524 3088 822 3158 quibusque
849 3085 1170 3140 animalibus
1196 3085 1334 3152 aptis
1364 3083 1429 3138 ad
1455 3085 1776 3139 sacrilicium
1803 3127 1818 3152 ,
1845 3095 1901 3139 ut
1927 3087 1978 3141 in
2012 3087 2109 3143 illo

525 3180 780 3248 sanguine
801 3177 944 3232 aliud
973 3177 1154 3238 ﬁeret,
1181 3175 1322 3230 aliud
1352 3175 1762 3247 signiﬁcaretur.
1806 3177 1960 3232 Modo
1997 3177 2108 3248 jam

523 3271 639 3341 ipse
665 3269 877 3340 sanguis
899 3309 914 3330 .
942 3282 1099 3338 quem
1127 3266 1421 3337 ﬁgurabant
1450 3267 1538 3321 illa
1565 3268 1765 3335 omnia,
1795 3268 1946 3324 venit
1971 3287 1985 3325 :
2012 3285 2107 3326 ve-

524 3366 602 3421 nit
647 3363 761 3419 Rex
808 3363 959 3433 ipse,
1005 3370 1059 3417 et
1099 3361 1212 3431 ipse
1249 3375 1474 3415 munera
1515 3360 1648 3415 vult.
1677 3360 1805 3429 Quae
1849 3363 2110 3418 munera?

521 3457 924 3529 Eleemosynas.
955 3453 1072 3525 Ipse
1099 3463 1179 3510 est
1199 3453 1341 3508 enim
1373 3452 1701 3522 iudicaturus
1720 3496 1734 3520 ,
1763 3464 1817 3510 et
1845 3456 1960 3526 ipse
1988 3473 2108 3512 mu-

519 3567 650 3609 nera
676 3549 954 3620 imputabit
993 3545 1309 3619 quibusdam
1335 3543 1379 3600 ³.
1416 3543 1616 3611 Venite,
1641 3545 1840 3617 inquit,
1864 3546 2108 3603 benedicti

520 3645 694 3704 Patris
715 3645 830 3710 mei,
859 3643 1106 3715 percipite
1124 3657 1332 3714 regnum
1361 3641 1496 3712 quod
1525 3639 1662 3696 vobis
1688 3651 1926 3712 paratum
1944 3650 2018 3697 est
2041 3643 2104 3697 ab

516 3743 660 3796 initio
690 3738 886 3794 mundi.
917 3737 1136 3806 Quare?
1167 3735 1387 3795 Esurivi,
1413 3743 1460 3788 et
1487 3735 1696 3789 dedistis
1732 3735 1858 3789 mihi
1887 3736 2106 3790 mandu-

515 3831 822 3896 care;sitivi
841 3871 856 3896 ,
878 3839 924 3884 et
949 3829 1156 3883 dedistis
1183 3827 1307 3880 mihi
1336 3828 1532 3891 bibere;
1563 3825 1729 3879 nudus
1758 3827 1855 3896 fui,
1887 3837 1932 3882 et
1952 3831 2103 3884 vesti.

516 3926 607 3980 stis
627 3940 740 3990 me;
779 3923 1066 4012 hosjfyet
1095 3917 1380 3972 adduxistis
1411 3933 1524 3981 me;
1548 3917 1781 3985 inﬁrmus
1828 3928 1874 3974 et
1907 3920 1960 3974 in
1988 3937 2102 3974 car.

518 4033 652 4082 cere,
709 4024 756 4070 et
795 4003 1034 4068 animus
1075 4026 1172 4064 me.
1224 4008 1348 4063 Haec
1397 4016 1521 4064 sunt
1558 4023 1774 4062 munera
1816 4009 1867 4064 in
1905 4011 2100 4080 quibus

516 4111 742 4166 adorant
770 4107 887 4162 ﬁlia:
913 4105 1038 4176 Tyri
1066 4117 1243 4174 regem
1269 4119 1282 4154 :
1310 4101 1433 4172 quia
1455 4116 1575 4156 cum
1597 4101 1857 4170 dicerent,
1882 4103 2098 4171 Quando

516 4215 564 4259 te
581 4202 798 4256 vidimus
817 4199 844 4254 7
875 4198 963 4254 ille
993 4197 1081 4268 qui
1109 4205 1165 4252 et
1205 4209 1414 4249 sursum
1452 4203 1534 4248 est
1572 4202 1626 4248 et
1651 4193 1900 4250 deorsum
1923 4238 1937 4260 ,
1969 4212 2094 4267 pro-

514 4303 634 4365 pter
655 4289 1006 4346 ascendentes
1025 4298 1076 4342 et
1104 4286 1507 4352 descendentes,
1532 4285 1653 4340 Cum
1680 4287 1789 4352 uni,
1809 4287 1976 4358 inquit
1999 4331 2013 4356 ,
2035 4307 2100 4345 ea;

514 4385 734 4441 minimis
757 4383 878 4437 meis
905 4381 1111 4452 fecistis,
1142 4378 1267 4432 mihi
1285 4378 1472 4444 fecistis
1499 4375 1706 4443 (Matth.
1733 4395 1856 4439 xxv,
1885 4380 2093 4448 54—40).

581 4477 653 4534 28
707 4476 998 4531 Adorabunt
1026 4490 1138 4527 eum
1170 4473 1288 4542 filitc
1311 4469 1436 4541 Tyri
1463 4471 1515 4524 in
1544 4471 1849 4526 muneribus.
1881 4471 1949 4527 Et
1975 4488 2096 4543 qua:

510 4580 637 4627 sunt
681 4569 798 4624 lilia:
825 4566 954 4636 Tyri
979 4607 993 4630 ,
1021 4573 1078 4620 et
1099 4563 1366 4634 quomodo
1405 4563 1698 4617 adorabunt
1741 4579 1862 4618 eum
1894 4565 1945 4618 in
1973 4581 2093 4620 mu-

512 4663 729 4719 ncribus
754 4701 768 4725 ,
803 4658 1010 4726 planius
1045 4657 1172 4710 illud
1220 4657 1382 4709 voluit
1422 4653 1603 4709 dicere
1635 4673 1649 4708 :
1704 4653 1910 4710 Vultum
1949 4667 2092 4713 tuum

513 4754 912 4824 deprecabuntur
941 4751 1116 4802 divites
1151 4747 1326 4817 plebis.
1373 4745 1464 4800 Hm
1496 4746 1615 4800 ﬁlim
1639 4747 1764 4818 Tyri
1811 4747 2094 4805 adorantes

512 4848 563 4903 in
597 4843 926 4907 muneribus,
953 4841 1144 4896 divites
1164 4847 1286 4892 sunt
1318 4837 1506 4908 plebis,
1536 4853 1671 4908 quos
1700 4839 1786 4892 ille
1809 4839 2094 4911 alloquitur

509 4943 712 4996 amicus
742 4936 923 5006 sponsi
956 4954 970 4991 :
1015 4933 1243 5003 Prteripe
1284 4932 1516 4986 divitibus
1557 4931 1708 5002 hujus
1751 4934 1960 5000 mundi,
1992 4952 2092 4990 non

509 5033 718 5104 superbe
743 5043 940 5098 sapere,
963 5041 1123 5094 neque
1147 5040 1351 5092 sperare
1373 5023 1425 5076 in
1443 5025 1630 5077 incerto
1653 5022 1946 5078 divitiarum
1959 5043 1979 5087 ;
2003 5025 2093 5080 sed

509 5129 561 5180 in
602 5124 704 5178 Deo
737 5122 877 5184 vivo,
910 5120 998 5190 qui
1036 5126 1238 5183 prtestat
1273 5116 1414 5171 nobis
1453 5117 1624 5170 omnia
1662 5115 1980 5172 abundanter
2021 5119 2090 5172 ad

510 5221 778 5292 fruendum
805 5233 823 5271 :
847 5216 1021 5270 divites
1039 5213 1137 5266 sint
1157 5213 1209 5266 in
1225 5211 1454 5282 operibus
1474 5209 1637 5279 bonis,
1671 5211 1819 5283 facile
1849 5210 2088 5280 tribuant,

507 5311 892 5368 communicent.
937 5306 1174 5363 Adnrent
1214 5308 1267 5360 in
1309 5305 1659 5370 muneribus;
1688 5303 1784 5360 sed
1826 5319 1929 5358 non
1962 5319 2089 5374 per-

572 5471 587 5500 ¹
625 5475 729 5518 Mss.
756 5464 889 5514 nullo
912 5462 1018 5513 fere
1052 5467 1276 5522 excepto,
1310 5459 1435 5523 Quia
1462 5459 1788 5523 primocanis
1816 5463 1921 5508 erat
1957 5459 2090 5523 apud

507 5537 694 5594 patrm
710 5541 871 5594 suum,
897 5525 980 5577 Sed
1005 5519 1261 5594 clamando
1271 5519 1560 5594 etpeniendo
1576 5520 1640 5594 ad
1665 5520 1808 5571 istum
1825 5519 2091 5584 regem'de-

507 5584 669 5644 comm
694 5589 959 5653 fat-ientmt.
981 5594 1025 5638 et
1050 5587 1292 5654 ﬂectendo
1316 5584 1658 5654 inillum,”etc.
1707 5650 1717 5654 _
1805 5643 1845 5654 Η
1900 5641 1911 5652 .

571 5657 591 5687 ι
627 5643 847 5716 t'lerique
874 5661 1001 5711 uss,
1024 5658 1069 5700 et
1091 5646 1220 5700 vobis
1238 5645 1511 5710 implentur.
1532 5653 1650 5704 Duo,
1673 5650 1719 5697 et
1738 5643 1870 5695 nobis
1891 5643 2092 5710 iinplen-

507 5723 601 5766 tur.

575 5780 596 5812 ³
628 5785 752 5839 Mss,
781 5781 837 5841 Et
859 5773 968 5841 ipsa
1000 5786 1200 5841 munera
1221 5769 1796 5841 imputabitquibusodam.
1839 5775 1979 5841 Etex
2005 5770 2091 5819 iis-

505 5839 624 5960 ἐξὲξ
637 5833 748 5959 his:
769 5839 864 5891 duo
882 5833 895 5888 Ξ
920 5835 1174 5907 imputabit
1196 5833 1366 5900 quibus
1389 5833 1524 5896 dicit,
1551 5833 1729 5898 Venite,
1754 5833 1924 5901 inquit,
1951 5833 2092 5886 bette-

557 5908 642 5969 τις,
665 5908 758 5959 etc.

1785 385 1842 446 S.
1873 379 2143 444 AUGUS’I
2153 378 2241 435 [Nl
2268 379 2568 440 EPlSCOPl

2242 501 2376 560 dunt
2404 523 2416 560 :
2447 509 2620 563 securi
2651 519 2849 578 ponant
2875 511 2962 568 ubi
3000 527 3212 585 semper
3252 516 3537 578 inveniant.
3578 521 3798 584 Thesau-

2238 595 2396 691 rizent
2418 597 2514 652 sibi
2538 600 2925 670 fundamentum
2951 606 3135 662 bomtm
3167 608 3220 662 in
3257 611 3483 681 futurum
3502 658 3516 682 ,
3542 626 3596 670 ut
3621 635 3802 691 appu-

2239 688 2462 745 hendattt
2499 709 2670 748 veram
2707 697 2858 752 vitam
2886 699 2928 773 (Ι
2961 699 3092 755 Tim.
3141 719 3192 758 νι
3217 745 3229 768 ,
3262 705 3476 778 17-19).
3526 688 3803 774 Adorando

2238 781 2290 835 in
2321 786 2648 851 muneribus,
2672 790 2863 844 vultum
2893 801 3030 846 tuum
3061 795 3480 865 deprecabuntur.
3521 803 3600 858 Ad
3623 804 3799 864 Eccle-

2236 874 2368 968 siam
2408 879 2550 934 enim
2599 895 2968 954 concurrunt,
2994 896 3048 944 et
3071 889 3141 945 ibi
3184 891 3552 968 eleemosynas
3589 898 3799 959 faciunt.

2235 963 2313 1021 Ne
2340 977 2488 1023 extra
2515 971 2662 1040 ﬁant,
2688 974 2737 1029 id
2767 988 2868 1044 est,
2894 994 2961 1034 ne
2984 991 3138 1036 extra
3168 985 3322 1053 positi
3350 963 3480 1044 ﬁant
3501 1030 3516 1056 ,
3551 991 3603 1046 in
3626 991 3802 1052 Eccleo

2235 1056 2311 1112 sia
2354 1059 2579 1155 ‘l‘aciant.
2633 1065 2821 1123 Vultus
2861 1071 3002 1126 enim
3053 1088 3266 1144 sponsas
3314 1077 3472 1150 hujus
3516 1093 3573 1138 et
3614 1087 3800 1155 reginis

2236 1150 2472 1220 proderit
2501 1153 2833 1216 facientibus.
2873 1161 3160 1236 Propterea
3194 1169 3264 1223 illi
3293 1173 3382 1241 qui
3417 1188 3505 1228 res
3527 1191 3650 1232 suas
3676 1150 3799 1232 ven-

2233 1241 2448 1311 debant,
2479 1249 2679 1305 vultum
2710 1254 2909 1325 regina:
2939 1255 3098 1326 hujus
3119 1259 3470 1332 deprecantes
3495 1267 3548 1322 in
3579 1271 3775 1325 muneri

2233 1334 2332 1432 bus
2355 1339 2672 1408 veniebant;
2705 1355 2759 1401 et
2786 1362 2847 1402 ea
2883 1363 3002 1419 quae
3028 1354 3336 1423 portabant,
3365 1357 3431 1412 ad
3474 1359 3637 1429 pedes
3665 1363 3798 1432 Apo-

2232 1428 2488 1485 stolorum
2519 1434 2789 1502 ponebant
2809 1437 2942 1512 (Act.
2967 1457 3040 1506 tv,
3067 1441 3180 1516 54).
3211 1428 3485 1503 Fervebat,
3513 1428 3726 1506 dilectio
3751 1453 3798 1506 in

2232 1519 2472 1580 Ecclesia
2494 1567 2509 1591 ,
2535 1529 2710 1585 vultus
2753 1541 2868 1588 erat
2908 1536 3105 1605 regina:
3157 1537 3392 1596 Ecclesia
3420 1583 3434 1608 ,
3481 1541 3660 1598 vultus
3695 1551 3798 1600 erat

2229 1615 2429 1684 regina:
2485 1619 2798 1692 obsequium
2847 1624 3076 1682 ﬁliarum
3139 1628 3283 1702 Tyri,
3337 1631 3390 1687 id
3447 1643 3550 1699 est,
3587 1635 3797 1692 divitum

2229 1706 2564 1766 adorantium
2587 1713 2638 1768 in
2666 1717 2997 1774 muneribus.
3035 1719 3242 1776 Vultum
3287 1735 3428 1780 tuum
3456 1727 3793 1799 deprecabun-

2230 1807 2313 1852 tur
2351 1801 2524 1856 divites
2571 1804 2745 1874 plebis.
2798 1808 2864 1864 Et
2905 1811 2994 1882 qui
3031 1812 3459 1883 deprecabuntur
3497 1821 3716 1888 vultum,
3749 1833 3797 1880 et

2229 1891 2380 1962 cujus
2440 1896 2641 1951 vultum
2708 1899 3177 1973 deprecabuntur,
3232 1922 3421 1965 omnes
3463 1927 3568 1967 una
3593 1927 3794 1984 sponsa,

2227 1997 2414 2041 omnes
2465 2003 2567 2043 una
2625 1992 2826 2061 regina,
2889 2005 3062 2052 mater
3094 2006 3148 2053 et
3175 1999 3269 2055 ﬁlii
3321 2001 3480 2058 simul
3523 2011 3691 2060 totum
3735 2006 3796 2062 ad

2225 2076 2495 2134 Christum
2531 2083 2821 2153 pertinens,
2843 2087 2908 2142 ad
2937 2098 3096 2160 caput
3117 2093 3409 2160 pertinens.

2294 2168 2385 2225 29.
2412 2169 2519 2227 Sed
2548 2175 2670 2245 quia
2689 2177 2820 2233 ﬁunt
2847 2180 2944 2234 ista
2975 2197 3138 2251 opera
3155 2194 3209 2239 et
3234 2185 3348 2242 ista:
3367 2188 3718 2264 eleemosyna:
3735 2195 3795 2251 ad

2219 2258 2531 2330 jactantiam
2562 2265 2858 2338 hominum,
2875 2273 2998 2329 inde
3024 2274 3152 2330 dicit
3179 2277 3289 2347 ipse
3311 2280 3570 2338 Dominus
3595 2258 3796 2342 {Cavete

2224 2355 2393 2425 facere
2411 2360 2658 2425 iustitiam
2684 2375 2896 2420 vestram
2917 2386 3088 2425 coram
3120 2375 3407 2431 hominibus
3437 2387 3491 2431 ut
3539 2381 3794 2438 videamini

2223 2450 2286 2504 ab
2309 2452 2378 2505 eis
2399 2451 2612 2522 (Matth.
2637 2472 2708 2523 vt,
2738 2458 2814 2528 l).
2844 2459 3126 2527 Quomodo
3159 2474 3338 2523 autem
3378 2478 3432 2524 et
3476 2471 3686 2540 publice
3709 2473 3795 2529 de-

2221 2541 2353 2599 bent
2379 2545 2492 2600 ﬁeri
2513 2558 2734 2618 propter
2760 2552 2964 2608 vultum
2989 2563 3225 2626 Sponsae,
3253 2560 3328 2614 ait
3357 2578 3372 2615 :
3401 2561 3631 2619 Luceant
3654 2581 3795 2635 opera

2221 2647 2384 2691 vestra
2398 2654 2569 2693 coram
2593 2641 2896 2712 hominibus,
2919 2657 2974 2701 ut
3011 2649 3212 2704 videant
3253 2651 3382 2707 bona
3425 2659 3569 2726 facta
3609 2667 3792 2726 vestra,

2220 2735 2267 2781 et
2281 2727 2563 2819 gloriﬁcent
2604 2730 2811 2788 Patrem
2849 2746 3065 2792 vestrum
3098 2742 3185 2811 qui
3203 2742 3257 2796 in
3303 2743 3442 2800 caelis
3481 2757 3560 2800 est
3607 2747 3712 2819 (Id.
3742 2765 3792 2817 ν,

2221 2818 2310 2912 l6)
2341 2838 2354 2874 :
2389 2835 2494 2876 non
2533 2831 2591 2879 ut
2637 2826 2857 2896 gloriam
2905 2839 3133 2886 vestram
3164 2836 3414 2904 quaeratis
3470 2837 3520 2892 in
3558 2818 3793 2912 operibus

2217 2911 2373 2967 bonis
2424 2929 2544 2984 quae
2593 2919 2801 2986 publice
2845 2919 3038 2987 facitis,
3085 2924 3177 2980 sed
3227 2935 3280 2980 ut
3309 2927 3534 2998 gloriam
3597 2911 3706 2987 Dei.
3736 2932 3795 2988 Et

2215 3005 2335 3074 quis
2380 3009 2560 3072 novit,
2597 3009 2808 3080 inquit,
2852 3023 3028 3069 utrum
3067 3015 3289 3086 gloriam
3337 3019 3429 3076 Dei
3471 3038 3687 3094 quaero,
3731 3038 3792 3082 an

2213 3094 2435 3164 gloriam
2457 3101 2665 3154 meam?
2690 3100 2822 3168 Quia
2845 3104 2914 3158 do
2943 3109 3159 3176 pauperi
3187 3150 3200 3172 ,
3235 3109 3420 3165 videor
3445 3129 3459 3165 :
3490 3129 3600 3183 quo
3625 3118 3792 3172 animo

2213 3186 2367 3254 dem,
2397 3191 2516 3260 quis
2565 3193 2743 3248 videt?
2781 3194 3023 3252 Sufﬁciat
3060 3200 3153 3255 tibi
3189 3203 3278 3272 qui
3314 3204 3494 3271 videt;
3527 3208 3622 3264 ille
3660 3209 3792 3266 videt

2212 3280 2301 3350 qui
2348 3281 2627 3338 retribuet.
2673 3284 2822 3340 Intus
2861 3293 3004 3344 amat
3049 3290 3141 3359 qui
3193 3293 3338 3348 intus
3392 3296 3539 3352 videt
3590 3317 3604 3354 :
3661 3301 3791 3357 intus

2210 3384 2390 3441 amat,
2422 3376 2564 3434 intus
2612 3389 2824 3436 ametur
2864 3383 2953 3454 qui
2987 3387 3297 3442 interiorem
3349 3388 3473 3445 facit
3519 3401 3581 3447 et
3632 3393 3790 3463 ipsam

2211 3469 2677 3541 pulchritudinem.
2721 3471 2842 3530 Noli
2887 3478 3036 3547 quasi
3079 3480 3249 3536 oculis
3303 3484 3662 3544 exterioribus
3706 3487 3789 3543 de-

2209 3562 2552 3638 lectari,quia
2566 3567 2780 3632 videris,
2812 3577 2866 3626 et
2879 3571 3000 3642 quia
3031 3572 3298 3642 laudaris;
3320 3578 3540 3633 attende
3569 3581 3688 3650 quid
3712 3579 3790 3637 hic

2208 3669 2461 3730 sequatur
2497 3679 2511 3716 :
2563 3660 2740 3717 Omnis
2783 3665 2946 3734 gloria
2973 3668 3086 3732 eius
3125 3668 3252 3736 ﬁlice
3295 3673 3429 3742 regis
3470 3673 3785 3731 intrinsecus.

2209 3751 2556 3808 Extrinsecus
2587 3771 2691 3810 non
2718 3757 2888 3812 solum
2915 3759 3081 3814 vestis
3099 3771 3180 3816 est
3206 3777 3367 3816 aurea
3398 3774 3452 3819 et
3479 3767 3630 3822 varia
3654 3810 3669 3835 ,
3700 3767 3786 3823 scd

2205 3843 2349 3899 intus
2381 3845 2654 3914 pulchram
2683 3849 2850 3916 novit,
2874 3850 2964 3918 qui
2992 3854 3224 3921 speciem
3255 3855 3371 3923 ejus
3398 3861 3626 3915 amavit.
3668 3861 3786 3928 Quae

2205 3945 2331 3990 sunt
2358 3939 2609 3992 interiora
2653 3941 3098 4009 pulchritudinis?
3124 3943 3502 4004 Conscientiae.
3549 3951 3626 4008 lbi
3656 3953 3787 4008 videt

2203 4027 2466 4095 Christus,
2495 4029 2564 4085 ibi
2595 4040 2738 4087 amat
2761 4031 3005 4088 Christus
3024 4075 3039 4099 ,
3078 4035 3150 4091 ibi
3195 4036 3484 4108 alloquitur
3507 4040 3747 4099 Christus
3769 4085 3782 4109 ,

2211 4121 2282 4177 ibi
2342 4124 2495 4192 punit
2546 4119 2811 4189 Christus,
2861 4125 2932 4178 ibi
2958 4137 3182 4182 coronat
3223 4127 3491 4187 Christus.
3543 4134 3628 4190 Sit
3667 4149 3785 4190 er-o

2201 4214 2538 4286 eleemosyua
2595 4224 2680 4269 tua
2724 4216 2774 4270 in
2817 4217 3052 4282 occulto;
3097 4220 3220 4288 quia
3265 4224 3427 4277 omnis
3471 4225 3644 4296 gloria
3685 4228 3785 4298 ejus

2201 4304 2325 4373 filim
2349 4308 2480 4376 regis
2506 4306 2819 4360 intrinsecus.
2853 4305 2919 4360 In
2958 4309 3171 4376 fimbriis
3195 4312 3382 4375 aureis,
3413 4315 3786 4372 circumamicta

2201 4398 2456 4451 varietate.
2486 4396 2826 4452 Pulchritudo
2873 4399 3189 4458 intrinsecus
3219 4422 3232 4456 :
3266 4406 3317 4459 in
3353 4404 3583 4464 ﬁmbriis
3609 4420 3780 4464 autem

2199 4491 2377 4544 aureis
2436 4489 2664 4543 varietas
2728 4490 3066 4560 linguarum,
3115 4494 3370 4551 doctrinae
3423 4497 3613 4558 decus.
3685 4501 3784 4559 Ista

2199 4583 2323 4652 quid
2371 4592 2622 4653 prosunt,
2650 4585 2694 4639 si
2721 4600 2824 4640 non
2855 4587 2924 4640 sit
2945 4586 3280 4656 pulchritudo
3310 4590 3400 4646 illa
3429 4590 3784 4652 intrinsecus?

2271 4677 2356 4733 30.
2381 4677 2667 4742 Alferentur
2709 4681 2812 4748 regi
2850 4681 3064 4749 virgines
3091 4691 3203 4750 post
3243 4697 3374 4738 eam.
3408 4683 3551 4741 Vere
3590 4686 3782 4743 factum

2199 4778 2300 4826 est.
2333 4768 2571 4824 Credidit
2618 4769 2856 4826 Ecclesia
2882 4811 2897 4836 ,
2926 4769 3065 4826 facta
3100 4783 3183 4827 est
3213 4773 3449 4830 Ecclesia
3476 4791 3575 4846 per
3600 4791 3782 4834 omnes

2197 4874 2402 4934 gentes.
2431 4861 2588 4916 Modo
2627 4859 3076 4932 quemadmodum
3120 4865 3502 4934 concupiscunt
3545 4869 3779 4939 virgines

2197 4955 2408 5023 placere
2444 4952 2516 5007 illi
2559 4953 2709 5023 regi?
2751 4951 2898 5007 Unde
2945 4953 3274 5009 incitantur?
3319 4956 3454 5022 Quia
3507 4960 3782 5029 preceSSit

2197 5044 2454 5100 Ecclesia.
2502 5042 2791 5111 Aﬂ'erentur
2815 5043 2921 5115 regi
2955 5045 3170 5114 virgines
3207 5055 3317 5114 post
3343 5062 3452 5100 eam
3476 5063 3496 5102 :
3537 5049 3783 5120 proxima

2196 5139 2306 5208 ejus
2337 5135 2612 5202 afferentur
2659 5136 2767 5188 tibi.
2800 5135 2914 5190 Non
2944 5136 3086 5190 enim
3114 5151 3234 5207 quae
3257 5136 3553 5195 all'eruntur
3595 5142 3783 5197 aliena

2196 5240 2339 5296 sunt,
2368 5230 2460 5284 sed
2485 5231 2736 5298 proxinnr
2763 5229 2878 5300 ejus
2897 5271 2912 5295 ,
2935 5227 3001 5283 ad
3031 5244 3149 5285 eam
3179 5232 3529 5300 pertinentes.
3562 5235 3634 5291 Et
3660 5234 3782 5306 quia

2196 5325 2364 5389 dixit,
2394 5324 2536 5394 regi;
2565 5322 2629 5378 ad
2676 5339 2797 5379 eum
2840 5337 3131 5379 conversus
3171 5322 3344 5394 dixit,
3374 5325 3505 5380 tibi:
3531 5329 3784 5398 proxima

2194 5418 2305 5488 ejus
2335 5415 2608 5484 afferentur
2635 5415 2742 5468 tibi.

2269 5514 2327 5567 51
2344 5551 2354 5562 .
2375 5509 2522 5583 [vers.
2558 5506 2668 5580 16.]
2689 5507 2976 5575 Alferentur
2990 5510 3042 5563 in
3059 5510 3235 5564 lwtitia
3251 5519 3296 5566 et
3316 5512 3674 5579 exsultatione,
3693 5516 3786 5568 ad-

2197 5605 2508 5660 ducenturin
2539 5603 2776 5673 templum
2803 5603 2952 5672 regis.
2985 5602 3262 5673 Templum
3292 5604 3431 5673 regis
3458 5605 3569 5673 ipsa
3597 5607 3783 5663 Eccle-

2197 5698 2298 5760 sia.
2327 5697 2484 5749 intrat
2508 5696 2559 5749 in
2589 5695 2840 5762 templum
2864 5696 2973 5764 ipsa
3000 5694 3254 5750 Ecclesia.
3285 5694 3435 5749 Unde
3453 5700 3788 5753 construitur

2198 5787 2482 5858 templum?
2495 5788 2568 5843 De
2582 5786 2881 5841 hominibus
2892 5787 2980 5858 qui
2995 5789 3189 5842 intrant
3204 5787 3256 5840 in
3270 5787 3540 5856 templum.
3557 5787 3786 5860 Lapich

2198 5881 2302 5942 vivi
2329 5882 2419 5958 qui
2438 5889 2582 5952 sunt.
2609 5880 2714 5943 nisi
2738 5879 2922 5940 ﬁdeles
2949 5879 3043 5941 Dei
3067 5879 3090 5938 ?
3111 5878 3439 5940 Adducentur
3456 5881 3510 5942 iu
3531 5880 3787 5960 templum
