4042 6472
245 461 340 528 διδ

245 585 383 658 regis.
409 579 539 638 Sunt
559 577 698 634 enim
726 573 956 647 virgines
983 583 1132 630 extra
1161 575 1416 645 templum
1438 574 1596 644 regis.
1626 573 1800 628 hzrre-

247 679 350 734 lica:
378 670 801 730 sanctimoniales
831 685 846 724 :
878 677 1003 724 sunt
1028 668 1240 740 quidem
1268 669 1524 739 virgines,
1553 665 1645 723 sed
1677 663 1799 736 quid

246 765 464 843 proderit
485 770 563 821 eis
595 764 694 819 nisi
721 762 1048 818 adducantur
1079 763 1130 816 in
1160 761 1412 831 templum
1444 759 1805 829 regis?Tem-

244 865 372 936 plum
421 859 558 932 regis
603 859 654 914 in
697 858 898 913 unitate
943 866 1067 912 est:
1098 855 1352 926 templum
1400 855 1539 924 regis
1587 869 1691 906 non
1723 859 1806 906 est

245 957 530 1015 ruinosum,
582 967 687 1005 non
732 949 1011 1004 discissum
1037 989 1051 1012 ,
1094 962 1198 1001 non
1243 945 1492 1000 divisum.
1552 943 1805 999 Junctura

246 1048 457 1120 lapidum
500 1044 790 1098 viventium
824 1041 1056 1098 charitas
1085 1049 1185 1096 est.
1223 1039 1548 1093 Adducentur
1593 1037 1647 1090 in
1677 1046 1803 1089 tem~

246 1143 368 1214 plum
391 1139 540 1211 regis.

305 1232 385 1287 52.
433 1229 583 1302 [σεῖε.
620 1225 732 1299 17.)
760 1225 860 1280 Pro
893 1224 1117 1298 patribus
1157 1223 1256 1278 tuis
1302 1221 1408 1275 nati
1437 1229 1553 1274 sunt
1583 1219 1672 1272 tibi
1688 1217 1802 1287 ﬁlii.

246 1321 368 1383 Nihil
393 1319 709 1376 evidentius.
753 1317 1153 1386 Attenditejam
1196 1316 1366 1385 ipsum
1417 1312 1668 1383 templum
1716 1325 1806 1365 re-

247 1417 331 1487 gis.
352 1414 467 1485 quia
501 1412 624 1466 inde
655 1411 883 1482 loquitur
914 1418 1127 1480 propter
1148 1408 1403 1462 unitatem
1427 1405 1667 1458 diffusam
1696 1411 1808 1458 toto

247 1505 359 1561 orbe
399 1515 660 1559 terrarum
693 1522 706 1556 :
737 1504 857 1573 quia
905 1503 1008 1556 illae
1053 1517 1172 1571 qua:
1214 1501 1444 1570 virgines
1481 1512 1600 1552 esse
1627 1497 1808 1550 volue-

247 1607 373 1664 runt,
405 1596 504 1651 nisi
533 1596 862 1650 adducantur
887 1594 939 1649 in
979 1594 1233 1663 templum
1271 1593 1433 1662 regis,
1462 1607 1659 1660 sponso
1693 1591 1807 1657 pla-

247 1710 353 1750 cere
383 1709 481 1748 non
509 1701 752 1761 possunt.
783 1689 889 1743 Pro
924 1689 1150 1758 patribus
1177 1689 1274 1741 tuis
1301 1688 1408 1742 nati
1438 1695 1556 1740 sunt
1581 1685 1668 1739 tibi
1689 1684 1804 1753 ﬁlii.

248 1785 537 1844 Geuuerunt
571 1794 621 1839 te
662 1782 901 1851 Apostoli
937 1799 951 1836 :
980 1782 1076 1851 ipsi
1121 1781 1266 1835 missi
1298 1789 1416 1834 sunt
1437 1821 1452 1845 ,
1485 1779 1584 1849 ipsi
1618 1777 1810 1848 praedi-

248 1885 499 1943 caverunt,
535 1875 634 1945 ipsi
663 1884 856 1944 patres.
887 1872 991 1929 Sed
1019 1872 1272 1942 uumquid
1299 1871 1575 1926 nobiscum
1608 1885 1807 1938 corpo-

251 1972 410 2028 raliter
447 1982 664 2036 semper
705 1980 823 2021 esse
869 1965 1192 2035 potuerunt?
1227 1964 1337 2018 Etsi
1393 1978 1526 2017 unus
1572 1963 1806 2031 ipsorum

250 2064 394 2118 dixit:
421 2059 588 2130 Cupio
613 2060 816 2113 dissolui
842 2099 856 2120 ,
882 2069 928 2112 et
955 2074 1060 2112 esse
1084 2073 1199 2112 cum
1211 2043 1435 2111 -Cltristo
1466 2056 1623 2109 multo
1649 2055 1809 2123 magis

250 2156 470 2223 Optimum
498 2162 576 2206 est
600 2169 618 2214 ,'
642 2167 840 2204 manere
864 2150 917 2203 in
942 2165 1094 2202 carne
1132 2147 1464 2202 necessarium
1492 2156 1696 2216 propter
1723 2161 1810 2198 vos

250 2245 488 2315 (Philipp.
520 2260 560 2303 t.
583 2242 673 2310 25,
705 2243 818 2312 24).
858 2242 994 2295 Dixit
1026 2241 1126 2294 hoc
1149 2240 1360 2310 quidem
1387 2280 1401 2304 ,
1434 2238 1528 2291 sed
1558 2237 1809 2308 quamdiu

249 2339 320 2393 hic
345 2353 564 2393 manere
590 2335 800 2406 putuit?
830 2333 1095 2404 Numquid
1127 2349 1291 2403 usque
1331 2332 1394 2386 ad
1433 2332 1534 2386 hoc
1563 2329 1810 2400 tempus?

248 2429 486 2500 numquid
518 2444 686 2497 usque
725 2427 774 2481 in
805 2425 1119 2496 posterum?
1148 2424 1286 2495 Ergo
1315 2424 1525 2478 illorum
1558 2423 1810 2477 abscessu

248 2524 431 2577 deserta
464 2530 550 2576 est
574 2518 847 2575 Ecclesia?
873 2519 1043 2573 Absit.
1075 2517 1182 2570 Pro
1203 2515 1426 2586 patribus
1447 2515 1543 2569 tuis
1565 2515 1671 2568 nati
1696 2524 1813 2566 sunt

250 2615 320 2669 tibi
339 2615 445 2683 ﬁlii.
483 2613 620 2681 Quid
649 2621 749 2676 est,
786 2610 891 2664 Pro
919 2609 1140 2682 patribus
1167 2609 1262 2663 tuis
1287 2609 1392 2662 nati
1411 2616 1526 2660 sunt
1555 2607 1642 2658 tibi
1669 2604 1764 2672 ﬁlii
1788 2605 1814 2660 .’

251 2709 412 2764 Patres
460 2707 612 2761 missi
643 2715 766 2760 sunt
800 2703 1036 2774 Apostoli
1065 2743 1079 2766 ,
1111 2718 1205 2770 pro
1256 2699 1526 2769 Apostolis
1572 2695 1662 2750 ﬁlii
1704 2694 1813 2750 nati

251 2809 355 2855 sunt
381 2799 513 2865 tibi,
537 2795 809 2853 constituti
850 2803 974 2850 sunt
1013 2791 1271 2863 episcopi.
1304 2790 1469 2845 Hodie
1513 2789 1658 2844 enim
1703 2787 1816 2856 epi-

252 2907 398 2962 scopi,
421 2892 517 2961 qui
546 2899 672 2944 sunt
708 2903 802 2958 per
823 2895 992 2941 totum
1021 2885 1274 2940 mundum
1303 2924 1318 2948 ,
1349 2882 1488 2936 unde
1515 2881 1623 2934 nati
1652 2878 1814 2933 sunt?

251 2983 348 3054 lpSa
373 2984 613 3040 Ecclesia
659 2991 839 3053 patres
865 2980 981 3035 illos
1007 2978 1238 3048 appellat
1261 3018 1276 3043 ,
1303 2976 1413 3045 ipsa
1447 2975 1564 3028 illos
1587 2973 1771 3043 genuit
1796 3011 1812 3037 ,

251 3087 295 3132 et
319 3077 417 3146 ipsa
437 3077 564 3131 illos
585 3073 857 3129 constituit
885 3073 936 3127 in
966 3070 1180 3127 sedibus
1209 3076 1436 3138 patrum.
1467 3066 1581 3121 Non
1607 3079 1734 3134 ergo
1763 3072 1817 3120 te

253 3180 384 3238 putes
417 3167 689 3223 desertam
712 3205 727 3231 ,
755 3165 877 3237 quia
927 3179 1031 3218 non
1062 3162 1211 3216 vides
1256 3161 1470 3215 Petrum
1493 3200 1507 3221 ,
1536 3160 1656 3230 quia
1710 3173 1814 3212 non

251 3259 380 3315 vides
401 3260 650 3319 Paulum,
678 3256 799 3327 quia
827 3270 934 3310 non
961 3253 1109 3309 vides
1139 3252 1260 3308 illos
1285 3268 1377 3322 per
1405 3266 1538 3321 quos
1566 3259 1685 3303 nata
1715 3264 1774 3304 es
1799 3266 1814 3303 :

251 3351 307 3406 de
333 3351 481 3421 prole
522 3360 608 3403 tua
641 3347 734 3402 tibi
770 3347 939 3402 erevit
969 3344 1278 3416 paternitas.
1319 3343 1424 3397 Pro
1467 3343 1693 3413 patribus
1719 3342 1816 3394 tuis

252 3445 340 3496 nati
363 3452 482 3498 sunt
506 3441 592 3495 tibi
619 3440 715 3509 ﬁlii
737 3455 757 3494 :
776 3440 1044 3494 constitues
1072 3454 1154 3491 eos
1176 3437 1426 3506 principes
1446 3452 1598 3505 super
1619 3450 1814 3488 onmem

253 3543 435 3587 terram.
470 3532 603 3588 Vide
629 3531 882 3600 templum
915 3530 1055 3600 regis
1082 3544 1237 3598 quam
1280 3528 1382 3581 late
1409 3526 1658 3582 diﬁ‘usum
1685 3535 1768 3580 cst
1799 3541 1811 3577 :

254 3633 300 3677 ut
324 3626 566 3680 noverint
593 3623 825 3692 virgines
848 3637 965 3692 quae
990 3636 1097 3676 non
1125 3619 1459 3674 adducuntur
1486 3619 1535 3671 in
1561 3619 1813 3688 templum

251 3719 392 3789 regis,
425 3733 533 3772 non
563 3731 622 3771 se
641 3716 706 3769 ad
737 3716 864 3768 istas
895 3715 1104 3784 nuptias
1141 3713 1423 3783 pertinere.
1457 3711 1558 3766 Pro
1588 3711 1814 3780 patribus

253 3810 336 3864 tuis
359 3811 466 3863 nati
504 3819 620 3862 sunt
663 3807 750 3862 tibi
792 3807 928 3877 ﬁlii:
959 3806 1229 3880 constitues
1265 3821 1347 3858 eos
1388 3804 1637 3874 principes
1662 3820 1816 3874 super

251 3917 429 3955 omnem
458 3910 666 3954 terram.
709 3899 833 3954 Haec
869 3905 950 3951 est
977 3896 1236 3952 catholica
1267 3895 1502 3950 Ecclesia
1537 3912 1550 3948 :
1582 3895 1672 3948 lilii
1699 3896 1816 3962 ejus

251 3996 508 4050 constituti
547 4002 674 4048 sunt
713 3990 980 4061 principes
1005 4005 1164 4059 super
1205 4004 1416 4044 omnem
1463 3997 1657 4043 terram
1682 4029 1695 4050 ,
1723 3986 1816 4042 ﬁlii

251 4088 352 4156 ejus
374 4087 643 4145 constituti
673 4093 796 4141 sunt
825 4098 923 4154 pro
950 4082 1206 4153 patribus.
1234 4084 1538 4152 Agnoscant
1563 4081 1651 4152 qui
1673 4097 1815 4148 prte-

252 4183 337 4237 cisi
380 4190 542 4247 sunt,
574 4179 790 4236 veniant
826 4176 892 4231 ad
923 4176 1179 4230 unitatem
1206 4217 1221 4240 ,
1245 4174 1577 4229 adducantur
1603 4174 1652 4227 in
1683 4182 1816 4228 tem-

254 4273 380 4343 plum
410 4273 571 4343 regis.
599 4271 876 4340 Templum
905 4283 1059 4323 suum
1092 4268 1230 4321 Deus
1259 4265 1453 4336 ubique
1483 4265 1764 4320 collocavit
1788 4307 1804 4332 ,

252 4364 575 4420 fundamenta
614 4361 999 4432 Prophetarum
1026 4368 1079 4414 et
1103 4358 1476 4428 Apostolorum
1506 4357 1700 4426 ubique
1727 4356 1816 4410 ﬁr-

252 4459 418 4513 mavit.
483 4457 648 4512 Filios
707 4455 889 4526 genuit
936 4452 1208 4516 Ecclesia,
1259 4449 1531 4505 constituit
1582 4463 1674 4503 eos
1721 4462 1816 4518 pro

251 4549 478 4619 patribus
498 4547 610 4608 suis
637 4547 903 4617 principes
932 4559 1091 4614 super
1117 4557 1327 4596 omnem
1359 4551 1574 4595 terram.

315 4641 398 4698 53.
440 4640 592 4715 (vers.
640 4636 752 4710 18.]
795 4636 1043 4690 Mentores
1084 4643 1228 4688 erunt
1258 4634 1473 4688 nominis
1499 4633 1570 4686 tui
1596 4631 1649 4686 in
1681 4631 1817 4686 omni

253 4733 558 4802 generatione
577 4739 622 4783 et
643 4729 976 4800 generatione.
1005 4725 1277 4792 Propterea
1302 4725 1474 4794 populi
1501 4723 1818 4792 conﬁtebun-

253 4830 326 4874 tur
349 4823 453 4876 tibi.
485 4820 621 4890 Quid
649 4835 774 4889 ergo
805 4818 1018 4888 prodest
1037 4817 1296 4882 conﬁteri,
1319 4824 1372 4871 et
1391 4825 1536 4869 extra
1561 4814 1814 4884 templum

249 4914 511 4969 conﬁteri?
541 4913 678 4982 Quid
702 4911 919 4982 prodest
945 4912 1170 4982 precari,
1197 4920 1249 4964 et
1279 4911 1330 4964 iu
1354 4919 1533 4964 monte
1561 4926 1664 4964 non
1692 4926 1816 4979 pre-

249 5007 386 5060 cari?
423 5005 552 5060 Voce
570 5022 702 5072 mea,
731 5005 917 5076 inquit,
949 5005 1017 5056 ad
1041 5002 1310 5057 Dominum
1333 5003 1563 5067 clamavi,
1587 5012 1633 5056 et
1659 5020 1817 5057 exau-

247 5098 360 5151 divit
409 5116 485 5154 me
525 5099 588 5152 de
631 5109 800 5152 monte
837 5106 1010 5151 sancto
1043 5113 1134 5150 suo
1165 5095 1332 5169 (Psal.
1367 5113 1442 5158 tu,
1471 5096 1551 5169 5).
1603 5097 1677 5151 De
1713 5113 1818 5167 quo

249 5191 453 5246 monte?
479 5193 552 5247 De
576 5206 684 5262 quo
703 5191 898 5245 dictum
920 5185 1000 5245 est
1021 5208 1034 5244 :
1061 5188 1179 5243 Non
1200 5199 1358 5261 potest
1381 5191 1553 5244 ciuitas
1579 5191 1818 5245 abscondi

247 5297 396 5350 supra
421 5294 635 5338 montem
654 5283 919 5337 constituta
939 5281 1147 5353 (Matth.
1172 5298 1222 5345 v,
1253 5282 1361 5353 14).
1386 5283 1459 5337 De
1479 5299 1582 5352 quo
1605 5283 1818 5337 monte?

247 5370 408 5437 Quem
439 5375 566 5428 vidit
605 5375 785 5428 Daniel
834 5389 898 5428 ex
942 5387 1104 5442 parvo
1129 5373 1301 5442 lapide
1328 5374 1581 5437 crevisse,
1624 5384 1675 5426 et
1705 5372 1814 5428 fre-

246 5462 381 5530 gisse
422 5466 591 5520 omnia
637 5479 793 5534 regna
840 5472 1122 5528 terrarum,
1171 5471 1224 5516 et
1261 5464 1559 5532 implevisse
1603 5478 1813 5518 onmem

248 5550 429 5608 faciem
459 5567 611 5612 terrm
653 5555 812 5616 (Dan.
844 5571 896 5619 ιι,
939 5553 1052 5622 55).
1106 5554 1177 5607 lbi
1209 5553 1392 5609 adoret
1422 5556 1509 5624 qui
1542 5555 1646 5607 vult
1674 5556 1812 5610 acci-

244 5659 389 5715 pere,
431 5648 494 5702 ibi
524 5657 670 5717 petat
695 5651 781 5718 qui
821 5648 930 5700 vult
959 5647 1218 5711 exaudiri,
1259 5648 1326 5701 ibi
1368 5651 1682 5702 conﬁteatur
1725 5649 1814 5717 qui

245 5739 354 5791 vult
378 5739 471 5794 sibi
499 5741 720 5812 ignosci.
755 5739 1028 5806 Propterea
1056 5741 1231 5809 populi
1263 5741 1631 5808 conﬁtebuntur
1654 5741 1741 5795 tibi
1761 5742 1812 5794 in

244 5838 502 5899 cternum,
549 5842 595 5887 et
651 5832 701 5885 in
752 5829 990 5884 saxulum
1029 5831 1223 5886 smculi.
1270 5831 1400 5898 Quia
1432 5840 1484 5885 et
1521 5833 1570 5886 in
1599 5833 1680 5886 illa
1709 5835 1812 5888 vita

243 5929 440 5978 eterna
457 5940 560 5982 non
577 5928 680 5982 erit
702 5939 809 5996 1am
833 5922 1042 5994 quidem
1073 5923 1298 5996 gemitus
1326 5931 1682 5995 peccatorum,
1715 5926 1806 5981 sed

1309 451 1702 516 ENABRATIO
1739 451 1806 512 ΙΝ
1841 446 2171 514 PSALMUM
2209 454 2369 513 XLV.

3384 464 3487 526 ΒΜ

1911 578 2086 627 tamen
2118 573 2167 626 in
2195 572 2385 627 divinis
2413 570 2652 626 laudibus
2681 587 2926 642 superum
2964 574 3101 632 illius
3133 593 3194 634 ac
3217 593 3487 650 pcrpetum

1910 661 2138 718 civitatis
2169 680 2271 717 non
2301 663 2469 718 dei-rit
2500 665 2818 734 sempitu-rna
2849 667 3114 724 confessio
3140 680 3298 726 tantm.
3323 673 3489 729 felici-

1911 754 2050 808 tatis.
2095 754 2195 822 Ipsi
2230 758 2369 810 enim
2427 757 2659 823 civitati,
2707 760 2788 813 cui
2831 760 2965 814 alius
3016 762 3246 830 psalmus
3283 773 3487 831 cantat,

1912 844 2143 900 Gloriosa
2163 847 2294 901 dicta
2319 859 2433 902 sunt
2459 848 2524 904 de
2547 859 2612 916 te,
2639 851 2812 906 civitas
2837 851 2928 904 Dei
2949 850 3117 918 (Psal.
3148 871 3368 923 ικιιιΊ,
3392 858 3450 927 5)
3472 875 3488 926 ;

1913 937 2012 1007 ipsi
2033 939 2589 1011 SponsmChristi,ipsi
2619 943 2815 1013 regina:
2864 944 2985 1000 ﬁlire
3015 948 3176 1018 regis,
3209 960 3260 1004 et
3277 951 3490 1021 conjugi

1911 1031 2079 1099 regis;
2105 1033 2222 1101 quia
2249 1033 2511 1102 principes
2536 1036 2650 1104 ejus
2677 1045 2800 1091 sunt
2833 1053 3096 1093 memores
3128 1042 3357 1097 nominis
3377 1043 3491 1109 ejus

1912 1119 1963 1175 in
1992 1123 2135 1176 onmi
2166 1127 2508 1192 generatione
2534 1136 2588 1181 et
2627 1129 2988 1194 generatione,
3026 1130 3075 1184 id
3105 1139 3207 1194 est,
3240 1133 3490 1202 quamdiu

1912 1220 2147 1268 transeat
2191 1215 2290 1271 hoc
2328 1218 2604 1283 stecnlnm,
2659 1219 2798 1286 quod
2846 1221 3025 1274 multis
3061 1224 3493 1292 generationibus

1910 1306 2102 1377 agitur,
2132 1317 2378 1378 gerentes
2405 1325 2500 1380 pro
2527 1311 2613 1364 illa
2649 1311 2924 1368 charitatis
2952 1329 3156 1382 curam,
3201 1327 3256 1370 ut
3287 1315 3354 1372 de
3387 1317 3494 1369 isto

1911 1399 2108 1454 steculo
2136 1399 2352 1455 liberata
2399 1402 2452 1456 in
2483 1413 2739 1457 aeternum
2771 1405 2880 1459 Deo
2913 1416 3231 1477 conreguet;
3279 1417 3494 1476 praptc-r

1913 1493 2014 1548 hoc
2059 1493 2230 1550 eidem
2283 1495 2377 1564 ipsi
2429 1496 2829 1553 conﬁtebuntur.
2869 1501 3042 1568 populi
3103 1505 3152 1554 in
3209 1509 3490 1560 mter-num,

1910 1586 2209 1654 conspicuis
2233 1598 2284 1641 et
2301 1587 2592 1644 manifestis
2609 1589 2712 1643 illic
2728 1591 2976 1646 cordibus
3000 1592 3232 1647 omnium
3263 1592 3490 1660 perfecta

1911 1677 2167 1733 charitate
2188 1679 2480 1746 luminosis,
2512 1691 2644 1737 utse
2672 1684 2970 1738 universam
3000 1685 3302 1752 plenissime
3327 1699 3415 1738 not
3434 1699 3465 1738 e

1911 1768 2002 1830 rit,
2029 1784 2146 1839 qua:
2186 1771 2270 1825 hic
2300 1771 2350 1825 in
2381 1773 2560 1827 multis
2599 1775 2708 1828 suis
2744 1775 2980 1844 partibus
3015 1774 3221 1829 occulta
3253 1774 3352 1829 sibi
3391 1784 3491 1828 est.

1914 1859 2066 1916 Unde
2107 1861 2453 1918 admonemur
2490 1864 2555 1920 ab
2585 1866 2840 1934 Apostolo
2871 1865 2996 1920 nihil
3029 1876 3150 1920 ante
3173 1876 3378 1935 tempus
3403 1866 3486 1935 ju-

1913 1951 2113 2019 dicare,
2152 1952 2322 2009 donec
2349 1955 2521 2010 veniat
2563 1956 2834 2022 Dominus,
2886 1967 2940 2011 et
2978 1957 3237 2012 illuminet
3266 1959 3460 2012 εὕει-011

1914 2043 2018 2099 dita
2055 2047 2411 2113 tenebrarum,
2443 2058 2496 2103 et
2525 2049 2826 2104 manifestet
2845 2051 3190 2120 cogitationes
3215 2051 3413 2116 cordis,
3443 2059 3494 2104 et

1913 2139 1982 2194 sit
2025 2139 2139 2195 laus
2189 2142 2466 2211 unicuique
2513 2159 2540 2196 a
2590 2143 2699 2197 Deo
2741 2144 2781 2216 (l
2816 2144 2931 2200 Cor.
2964 2160 3035 2211 tv,
3066 2145 3144 2215 5).
3192 2145 3303 2214 Ipsa
3352 2145 3495 2199 enim

1914 2241 2095 2286 sancta
2156 2233 2340 2288 civitas
2386 2235 2483 2289 sibi
2533 2235 2922 2306 quodammodo
2973 2237 3328 2302 conﬁtebitur,
3375 2251 3494 2290 cum

1915 2325 2093 2394 populi
2120 2325 2237 2393 ejus
2267 2326 2458 2396 quibus
2484 2336 2706 2390 constat,
2757 2327 2854 2395 ipsi
2884 2327 3078 2382 civitati
3107 2327 3498 2382 conﬁtebuntur

1916 2416 1970 2471 in
1994 2427 2286 2482 :eternum;
2324 2427 2378 2472 ut
2415 2433 2479 2472 ex
2507 2419 2646 2473 nulla
2687 2427 2834 2488 parte
2871 2434 2929 2474 se
2956 2421 3133 2485 lateat,
3178 2419 3320 2473 nullo
3354 2418 3406 2473 in
3441 2433 3499 2474 se

1917 2507 2178 2576 existente
2203 2508 2353 2580 cujus
2375 2509 2568 2580 aliquid
2598 2510 2777 2565 lateat.

2327 2707 2406 2768 IN
2447 2707 2832 2772 PSALMUM
2875 2711 3046 2772 XLV

2518 2831 2931 2889 ENARRATIO.

2437 2959 2611 3001 SERIO
2649 2964 2718 3003 AD
2755 2965 2981 3006 PLEBBI.

1992 3057 2046 3114 Ι.
2085 3056 2252 3132 [vers.'
2281 3058 2356 3133 l.]
2396 3059 2511 3116 Jam
2550 3061 2803 3120 Charitati
2832 3065 3036 3123 Vestrae
3073 3071 3316 3140 quasdam
3365 3071 3498 3127 sicut

1919 3153 2192 3208 notissima
2215 3155 2498 3225 loquimur,
2517 3157 2567 3211 in
2585 3159 2776 3228 quibus
2792 3159 3061 3216 immorari
3085 3179 3186 3218 non
3209 3165 3497 3221 debemus:

1918 3247 2041 3317 quia
2086 3262 2146 3302 ea
2184 3262 2304 3319 qua:
2341 3251 2522 3317 scitis,
2566 3251 2797 3308 breviter
2838 3237 3246 3312 commemorari
3283 3258 3498 3313 debent.

1920 3338 2084 3394 Filios
2105 3339 2244 3396 Core
2277 3355 2376 3396 nos
2410 3356 2530 3398 esse
2559 3343 2930 3415 intelligamus.
2959 3346 3329 3404 Commemoro
3357 3349 3500 3404 enim

1920 3445 2016 3485 vos
2036 3432 2282 3494 scientes,
2313 3432 2450 3487 Core
2485 3434 2817 3504 interpretari
2843 3436 3156 3504 Calvitium;
3188 3441 3501 3495 Dominum-

1921 3536 2024 3592 que
2071 3530 2334 3587 nostrum,
2391 3525 2640 3592 quoniam
2689 3526 2741 3580 in
2771 3525 3026 3582 Calvariaa
3070 3531 3186 3584 loco
3214 3532 3500 3587 cruciﬁxus

1920 3623 2003 3669 est
2026 3616 2064 3680 ι,
2111 3614 2392 3670 adduxisse
2420 3616 2516 3670 sibi
2547 3617 2760 3684 multos,
2809 3627 3054 3690 tanquam
3086 3622 3212 3677 illud
3250 3639 3495 3694 granum,

1919 3705 2059 3775 quod
2092 3706 2190 3760 nisi
2222 3707 2592 3763 mortiﬁcatum
2614 3719 2776 3773 esset,
2801 3712 2970 3765 solum
2993 3725 3295 3770 remaneret
3316 3713 3494 3788 (Joan.

1920 3815 2013 3864 xu,
2039 3798 2165 3871 26);
2221 3807 2276 3855 et
2319 3815 2413 3856 eos
2457 3799 2548 3871 qui
2594 3801 2804 3858 adducti
2846 3812 3001 3875 sunt,
3044 3807 3329 3876 appellatos
3363 3806 3500 3862 ﬁlios

1920 3892 2058 3948 Core
2086 3911 2098 3947 :
2144 3892 2245 3948 hoc
2269 3895 2319 3948 in
2348 3895 2618 3967 mysterio.
2651 3894 2910 3952 Caeterum
2957 3896 3169 3953 fuerunt
3203 3900 3381 3955 nescio
3411 3901 3498 3970 qui

1922 3985 2016 4041 ﬁlii
2035 3987 2169 4042 Core
2186 3987 2275 4042 illo
2295 3996 2552 4059 tempore,
2576 3988 2787 4060 quando
2816 3989 2913 4044 ista
2940 3993 3288 4048 cantabantur
3308 3993 3346 4066 (Ι
3371 3992 3497 4046 Par.

1923 4095 2075 4145 xxvi,
2107 4082 2159 4151 1)
2188 4097 2202 4134 :
2233 4082 2325 4136 sed
2370 4082 2585 4151 spiritus
2625 4097 2722 4138 nos
2751 4082 3017 4138 viviﬁcare
3053 4083 3231 4150 debet,
3274 4100 3376 4139 non
3413 4083 3499 4140 lit-

1921 4182 2035 4230 tera
2067 4173 2245 4229 velare
2270 4171 2348 4246 (a)
2375 4174 2442 4244 (ll
2470 4173 2587 4228 Cor.
2621 4190 2698 4238 tn,
2727 4174 2804 4244 6).
2833 4174 2940 4229 Nos
2967 4190 3095 4245 ergo
3122 4175 3206 4230 hic
3236 4177 3498 4246 intelliga-

1921 4280 2060 4329 mus,
2089 4273 2141 4319 et
2165 4264 2339 4319 videte
2359 4265 2404 4319 si
2426 4280 2486 4319 ea
2508 4281 2624 4335 qua:
2645 4273 2962 4335 sequuntur,
2989 4267 3038 4320 id
3065 4275 3166 4331 est,
3193 4283 3312 4336 qua?
3341 4268 3498 4322 habet

1921 4357 2107 4426 psalmi
2141 4356 2305 4426 ipsius
2329 4365 2630 4420 contextus,
2661 4367 2956 4426 congruunt
2988 4357 3141 4411 nobis
3173 4374 3187 4410 :
3216 4367 3267 4411 et
3297 4359 3498 4413 inveni-

1920 4463 2040 4502 mus
2066 4447 2151 4502 hic
2187 4461 2307 4511 nos,
2359 4448 2402 4502 si
2442 4455 2618 4502 tamen
2667 4448 3018 4502 inhaereamus
3065 4449 3316 4503 membris
3357 4449 3494 4518 ejus,

1919 4543 2072 4612 cujus
2122 4541 2362 4611 corporis
2403 4550 2562 4611 caput
2604 4542 2654 4595 in
2686 4541 2821 4596 etelo
2865 4550 2967 4604 est,
3014 4556 3078 4596 ex
3123 4542 3208 4596 illa
3253 4542 3498 4611 passione

1920 4634 2234 4700 ascendens,
2277 4644 2332 4689 ut
2361 4648 2454 4690 eos
2491 4635 2578 4705 qui
2605 4635 2655 4687 iu
2688 4634 2979 4688 humilitate
3010 4633 3275 4702 jacebaut,
3317 4651 3496 4690 secum

1922 4725 1974 4780 in
2003 4725 2239 4780 ubertate
2268 4724 2513 4791 adducat,
2565 4725 2786 4779 fructum
2829 4725 3057 4779 terentes
3101 4725 3150 4778 in
3198 4727 3496 4782 tolerantia.

1926 4820 2130 4874 Dictum
2161 4827 2242 4873 est
2271 4827 2446 4873 autem
2473 4835 2485 4870 :
2519 4816 2582 4870 In
2610 4819 2759 4885 ﬁnem
2785 4834 2875 4886 pro
2903 4818 3022 4886 ﬁliis
3046 4815 3192 4880 Core,
3217 4836 3309 4888 pro
3333 4819 3495 4874 ocra!-

1923 4911 2006 4972 tis,
2039 4909 2294 4965 Psalntus.
2333 4909 2606 4965 ()ccultttm
2644 4919 2726 4962 est
2751 4924 2907 4974 ergo;
2939 4910 3032 4964 sed
3069 4910 3156 4965 ille
3187 4910 3299 4980 ipsi:
3327 4913 3414 4982 qui
3450 4915 3499 4967 in

1923 5005 2180 5060 Calvarta:
2201 5005 2320 5059 loco
2342 5003 2626 5058 cruciﬁxus
2655 5011 2754 5067 est,
2797 5003 2966 5056 nostis
2992 5006 3110 5072 quia
3139 5005 3314 5058 velum
3339 5006 3500 5058 disci-

1923 5099 2019 5162 dit,
2053 5109 2106 5153 ut
2132 5098 2314 5165 templi
2356 5106 2556 5152 secreta
2591 5104 2920 5164 patescerent
2948 5097 3162 5165 (Matth.
3190 5113 3351 5162 xxvn,
3385 5096 3496 5167 bl).

1925 5180 2154 5246 Proinde
2194 5192 2314 5261 quia
2359 5207 2488 5244 crux
2540 5190 2745 5244 Domini
2789 5191 2954 5246 nostri
3005 5192 3168 5246 clavis
3216 5190 3331 5247 fuit.
3398 5207 3498 5258 qua

1923 5278 2100 5340 clausa
2127 5285 2496 5353 aperirentur;
2539 5283 2818 5337 credamus
2847 5284 3150 5338 adfuturum
3174 5299 3293 5336 eum
3324 5283 3495 5341 nobis,

1923 5386 1981 5430 ut
2008 5377 2104 5429 ista
2131 5375 2338 5429 oet-ulta
2368 5375 2687 5428 reveleutur.
2722 5374 2783 5427 In
2814 5376 2966 5443 ﬁnem
2986 5375 3124 5444 quod
3156 5373 3330 5433 habet.
3360 5387 3498 5425 sem.

1924 5483 2018 5537 per
2042 5461 2308 5521 Christum
2360 5467 2651 5535 intelligere
2693 5467 2966 5522 debemus.
3021 5465 3165 5520 Finis
3198 5465 3326 5518 enim
3354 5464 3499 5533 Lenis

1922 5559 2168 5623 Christus,
2201 5557 2268 5609 ad
2280 5557 2531 5625 justitiam
2555 5557 2692 5609 omni
2711 5557 2930 5609 credenti
2951 5555 3126 5623 (Rom.
3148 5571 3200 5618 χ,
3228 5555 3262 5609 4
3291 5556 3326 5624 ).
3356 5552 3500 5607 Finis

1921 5660 2099 5705 autem
2128 5650 2336 5712 dicitur,
2383 5667 2487 5705 non
2518 5651 2636 5721 quia
2673 5648 2955 5706 coiisumit.
3004 5647 3096 5702 sed
3123 5647 3244 5716 quia
3271 5647 3494 5716 perﬁcit.

1984 5788 1999 5818 ί
2038 5793 2102 5837 tta
2121 5793 2226 5837 Mss.
2249 5793 2309 5849 _At
2331 5787 2460 5847 Edd.,
2490 5784 2840 5849 Hominumque
2854 5789 3068 5849 nostrum
3089 5779 3384 5848 sigriﬁcare,
3415 5795 3498 5849 qut

1918 5848 1969 5900 in
1985 5849 2218 5900 (alvaria
2241 5846 2343 5898 loco
2363 5845 2627 5912 cruciﬁxus
2647 5845 2856 5897 adduxit
2874 5845 3060 5899 multos.

1987 5932 2061 6000 (a)
2084 5938 2242 5994 Forte,
2264 5943 2456 5985 necare.
