4042 6466
506 549 638 606 Nam
663 553 718 603 et
751 543 956 600 finitum
981 542 1160 598 cibum
1199 539 1428 598 dicimus
1449 541 1538 611 qui
1571 539 2006 605 manducabatur,
2037 549 2093 596 et

508 643 728 708 finitam
759 625 990 694 tunicam
1029 650 1148 706 qua:
1194 634 1516 690 texebatur:
1563 634 1694 689 illud
1737 635 1802 689 ad
1841 650 2094 689 consum-

505 733 768 806 ptionem,
805 729 907 783 hoc
945 727 1011 782 ad
1043 725 1443 798 perfectionem.
1494 725 1629 793 Quia
1668 742 1795 797 ergo
1825 727 1957 780 ultra
1985 742 2092 797 quo

511 827 786 900 tendamus
825 838 930 892 non
958 823 1233 887 habemus,
1279 837 1400 876 cum
1443 820 1509 876 ad
1536 820 1806 875 Christum
1835 835 2094 890 pervene-

509 922 695 985 rimus,
729 920 843 988 ipse
867 933 1055 974 cursus
1085 917 1250 972 nostri
1273 917 1392 971 finis
1416 915 1630 971 dicitur.
1654 913 1765 970 Nec
1790 925 1975 986 putare
1995 914 2091 970 de-

511 1029 718 1080 bemus,
741 1013 860 1084 quia
882 1028 1002 1068 cum
1024 1011 1089 1067 ad
1111 1011 1259 1068 illum
1293 1011 1708 1081 pervenerimus,
1740 1009 1937 1080 aliquid
1973 1023 2091 1062 am-

510 1106 648 1177 plius
673 1105 927 1160 debemus
953 1105 1044 1158 niti
1077 1111 1209 1159 utet
1232 1102 1296 1158 ad
1326 1102 1535 1157 Patrem
1558 1101 1948 1172 perveniamus.
1979 1099 2092 1156 Hoc

511 1199 652 1254 enim
701 1197 901 1267 putavit
943 1205 998 1249 ct
1044 1195 1338 1264 Philippus,
1389 1208 1508 1248 cum
1547 1193 1594 1247 ei
1626 1193 1800 1246 dixit:
1855 1190 2088 1255 Domine,

511 1289 713 1362 ostende
741 1288 881 1344 nobis
911 1287 1136 1352 Patrem,
1164 1296 1208 1340 et
1235 1287 1411 1356 sufﬁcit
1439 1285 1598 1340 nobis.
1628 1285 1756 1339 Cum
1785 1284 1950 1349 dicit,
1981 1286 2094 1355 suf-

512 1385 615 1452 ﬁcit
641 1385 803 1448 nobis,
835 1384 990 1436 tinem
1018 1383 1207 1452 quaerit
1234 1380 1493 1434 satietatis
1521 1390 1576 1434 et
1621 1377 1978 1450 perfectionis.
2028 1378 2094 1432 Et

511 1475 618 1535 ille,
648 1485 804 1538 tanta,
833 1474 1022 1542 inquit.
1051 1482 1272 1543 tempore
1293 1471 1542 1525 uobiscum
1563 1486 1697 1534 sunt,
1717 1477 1761 1520 et
1783 1484 1882 1521 non
1907 1483 2092 1537 cogno-

510 1569 647 1622 uisti;
663 1567 786 1621 me?
807 1565 1064 1637 Philippe,
1089 1564 1320 1634 quiuidet
1342 1581 1437 1627 me,
1463 1563 1592 1618 uidet
1613 1571 1658 1616 et
1678 1561 1886 1616 Patrem
1909 1559 2089 1631 (loan.

513 1677 624 1726 xiv,
653 1661 706 1726 8,
729 1660 809 1730 9).
839 1659 898 1715 ln
929 1659 1018 1714 illo
1045 1675 1174 1729 ergo
1199 1659 1454 1714 habemus
1479 1658 1714 1722 Patrem,
1745 1656 1867 1726 quia
1900 1656 2012 1723 ipse
2039 1655 2089 1709 in

511 1751 686 1818 Patre,
731 1761 784 1805 et
811 1751 966 1806 Pater
992 1751 1044 1804 in
1073 1751 1209 1820 ipso,
1255 1759 1310 1806 et
1344 1751 1458 1820 ipse
1499 1757 1556 1805 et
1583 1748 1740 1804 Pater
1768 1763 1930 1802 unum
1969 1755 2093 1801 sunt

513 1841 618 1912 ua.
644 1860 692 1907 χ,
725 1841 835 1913 se).

580 1934 634 1988 2.
673 1933 826 2007 [verm
855 1933 936 2008 2.]
985 1935 1121 2003 Quid
1155 1936 1315 2008 igitur
1355 1934 1442 1990 hic
1471 1934 1723 1990 admonet
1766 1933 1856 2004 qui
1888 1940 2088 1996 cantat,

511 2027 598 2083 ubi
651 2043 834 2084 vocem
887 2039 1122 2083 nostram
1177 2043 1467 2100 agnoscere
1503 2027 1784 2092 debemus,
1837 2026 1883 2082 si
1916 2035 2092 2080 tamen

513 2120 671 2188 hujus
703 2120 846 2175 vocis
876 2120 1121 2178 affectum
1162 2120 1459 2175 habemus?
1489 2119 1626 2175 Deus
1652 2128 1821 2174 noster
1841 2118 2093 2190 refugium

512 2221 555 2264 et
577 2212 749 2265 uirtus.
777 2210 910 2266 Sunt
932 2211 1172 2280 quaedam
1194 2213 1396 2282 refugia
1424 2212 1510 2267 ubi
1538 2228 1642 2267 non
1669 2220 1753 2268 est
1771 2212 1958 2276 virtus,
1987 2226 2094 2280 quo

512 2303 736 2372 quisque
761 2318 880 2357 cum
911 2302 1122 2372 fugerit,
1162 2304 1331 2372 magis
1362 2300 1662 2358 infirmatur
1701 2318 1857 2374 quam
1898 2303 2095 2359 contir-

513 2402 704 2448 metur.
735 2392 1006 2462 Confugis,
1041 2393 1189 2450 verbi
1223 2394 1412 2464 gratia.
1457 2393 1522 2448 ad
1550 2393 1778 2463 aliquem
1815 2393 1866 2448 in
1895 2393 2094 2449 διεοωο

514 2500 781 2553 magnum,
812 2495 867 2538 ut
897 2484 1060 2540 facias
1091 2485 1182 2538 tibi
1223 2493 1495 2556 potentem
1528 2486 1790 2550 amicum;
1833 2484 2092 2556 refugium

515 2579 606 2631 tibi
637 2578 860 2632 videtur.
901 2577 1068 2633 Tanta
1099 2585 1277 2634 tamen
1319 2577 1475 2648 hujus
1501 2577 1681 2633 saaculi
1713 2579 1909 2633 incerta
1947 2586 2091 2646 sunt,

513 2678 566 2722 et
606 2669 673 2722 ita
723 2679 994 2739 potentum
1051 2670 1216 2732 ruina:
1266 2671 1587 2748 quotidianae
1617 2672 1983 2749 crebrescunt,
2038 2679 2096 2727 ut

513 2775 632 2814 cum
689 2760 754 2813 ad
798 2761 902 2816 tale
955 2761 1212 2832 refugium
1249 2764 1576 2832 perveneris,
1619 2763 1739 2833 plus
1783 2764 1851 2819 ibi
1907 2764 2095 2820 timere

514 2852 750 2921 incipias.
778 2852 942 2908 Antea
970 2855 1111 2909 enim
1139 2844 1314 2910 causa:
1337 2863 1442 2909 tua}
1461 2864 1664 2910 tantum
1688 2857 1940 2922 timebas;
1971 2874 2092 2912 cum

513 2959 642 3000 vero
669 2944 737 2998 ad
760 2945 918 3000 talem
948 2947 1226 3017 refugeris,
1265 2955 1319 3003 et
1345 2947 1413 3003 de
1440 2947 1532 3004 illo
1562 2949 1652 3003 tibi
1687 2949 1916 3004 timebis.
1948 2950 2092 3005 Multi

513 3039 652 3091 enim
684 3054 802 3094 cum
853 3039 920 3095 ad
955 3041 1077 3096 talia
1123 3041 1322 3111 refugia
1360 3041 1743 3112 confugissent,
1782 3042 2094 3099 cadentibus

517 3131 617 3184 illis
655 3131 718 3184 ad
765 3147 896 3199 quos
925 3132 1294 3202 confugerant,
1326 3145 1379 3190 et
1409 3135 1508 3204 ipsi
1534 3137 1738 3206 qutesiti
1768 3145 1930 3192 sunt:
1958 3150 2094 3207 quos

517 3237 672 3274 nemo
693 3231 979 3290 qumrerct,
1009 3223 1050 3289 si
1080 3239 1181 3278 non
1213 3225 1277 3278 ad
1309 3225 1431 3280 talia
1458 3225 1839 3297 confugissent.
1869 3226 1982 3282 Non
2012 3237 2095 3284 est

515 3311 774 3385 refugiunt
812 3322 1052 3371 nostrum
1087 3314 1206 3380 tale,
1233 3314 1328 3375 sed
1354 3315 1614 3390 refugium
1647 3328 1884 3376 nostrum
1925 3318 2095 3379 virtus

509 3417 617 3466 est.
650 3408 778 3470 Cum
813 3410 935 3476 illuc
961 3409 1375 3480 Confugerimus,
1410 3412 1544 3466 ﬁrmi
1573 3413 1796 3468 erimus.

586 3499 640 3555 3.
668 3498 947 3570 Adjutorin
967 3500 1369 3556 tribulationibus
1387 3503 1905 3572 quaineeneruntnos
1923 3505 2092 3560 nimis.

517 3593 690 3650 Multa:
723 3605 848 3648 sunt
874 3593 1272 3660 tribulationes,
1314 3603 1368 3650 et
1405 3595 1462 3650 in
1497 3596 1639 3648 omni
1666 3596 2005 3651 tribulatione
2026 3597 2096 3652 ad

518 3684 678 3738 Deum
706 3684 1110 3754 confugiendum
1132 3696 1211 3740 eSt
1232 3703 1246 3740 :
1271 3685 1382 3740 sive
1410 3685 1480 3740 sit
1504 3685 1772 3741 tribulatio
1788 3686 1841 3740 in
1860 3702 1919 3742 re
1945 3686 2098 3741 fami-

518 3777 581 3830 lia
590 3778 652 3836 ri.
672 3778 780 3834 sive
793 3778 861 3830 sit
873 3779 921 3831 in
944 3778 1112 3834 Salute
1131 3779 1392 3848 corporis,
1411 3778 1529 3834 sive
1543 3779 1610 3834 de
1630 3779 1866 3849 periculo
1881 3780 2098 3834 carissi-

517 3887 562 3926 ιη
573 3885 743 3933 orum,
780 3871 892 3925 sive
915 3869 983 3924 de
1006 3871 1180 3939 aliqua
1203 3887 1260 3926 re
1274 3870 1341 3926 ad
1363 3871 1520 3940 hujus
1537 3871 1658 3926 vitae
1677 3861 2095 3927 sustentaculum

517 3961 836 4026 necessaria,
858 3962 1074 4016 omnino
1090 3961 1234 4022 aliud
1263 3962 1522 4032 refugium
1552 3977 1657 4018 non
1682 3963 1975 4020 debetesse
1992 3963 2096 4019 bo-

519 4054 644 4108 niini
666 4056 955 4112 christiano
974 4068 1128 4123 quam
1153 4052 1397 4109 Salvator
1423 4054 1558 4124 ejus,
1599 4070 1760 4125 quam
1792 4056 1931 4111 Deus
1958 4056 2094 4126 ejus,

423 4189 442 4202 η
515 4161 621 4216 quo
643 4161 763 4200 cum
777 4146 1083 4216 confugerit,
1095 4144 1254 4200 fortis
1266 4146 1350 4200 sit.
1369 4145 1487 4204 Non
1505 4146 1646 4203 enim
1668 4148 1779 4216 ipse
1801 4149 1852 4202 in
1871 4163 1927 4203 se
1945 4147 2098 4204 fortis

515 4240 634 4301 erit.
651 4237 850 4304 autsibi
869 4239 981 4308 ipse
994 4236 1250 4294 fortitudo
1265 4239 1384 4303 erit;
1404 4239 1496 4294 sed
1515 4239 1604 4294 ille
1624 4240 1694 4293 illi
1713 4240 2095 4308 fortitudoerit,

515 4333 604 4401 qui
631 4331 893 4402 refugium
913 4329 1029 4400 ejus
1053 4331 1220 4386 factus
1247 4343 1347 4386 est.
1375 4330 1774 4399 Verumtamen,
1810 4334 2093 4401 carissimi,

514 4425 652 4480 inter
694 4439 878 4479 omnes
921 4423 1288 4478 tribulationes
1316 4423 1563 4480 humanae
1597 4425 1810 4492 animas,
1847 4426 1986 4479 nulla
2014 4435 2098 4480 est

513 4517 684 4587 major
712 4517 978 4572 tribulatio
1007 4532 1166 4586 quam
1191 4516 1517 4574 conscientia
1547 4517 1882 4574 delictorum.
1929 4517 2096 4574 Nam-

513 4625 616 4680 que
641 4609 684 4665 si
712 4608 781 4672 ibi
805 4608 993 4661 vulnus
1015 4623 1118 4662 non
1149 4609 1240 4674 sit,
1271 4623 1565 4680 sanumque
1597 4611 1670 4664 sit
1693 4612 1841 4674 intus
1861 4609 2096 4667 hominis

514 4701 652 4770 quod
701 4700 1027 4754 conscientia
1071 4711 1320 4765 vocatur;
1377 4701 1694 4772 ubicumque
1741 4705 1863 4758 alibi
1909 4720 2096 4774 passus

514 4794 672 4848 fuerit
713 4793 1096 4860 tribulationes,
1147 4794 1270 4849 illuc
1314 4797 1600 4865 confugiet,
1651 4807 1706 4852 et
1745 4799 1813 4852 ibi
1863 4800 2096 4856 inveniet

515 4887 698 4939 Deum.
741 4884 801 4952 Si
846 4895 1024 4939 autem
1070 4886 1140 4941 ibi
1171 4887 1382 4957 requies
1423 4903 1527 4943 non
1558 4897 1638 4942 est
1683 4901 1896 4958 propter
1924 4893 2094 4948 abun-

514 4977 743 5030 dantkun
790 4975 1104 5045 iniquitatis,
1161 4979 1410 5047 quoniam
1458 4986 1513 5034 et
1551 4979 1621 5033 ibi
1661 4980 1800 5036 Deus
1841 4998 1946 5036 non
1975 4993 2089 5049 est;

513 5065 632 5135 quid
653 5063 894 5132 facturos
916 5075 998 5122 est
1024 5066 1217 5132 homo?
1251 5084 1357 5138 quo
1394 5067 1682 5140 confugiet,
1710 5085 1832 5125 cum
1871 5075 2094 5142 creperit

511 5156 617 5226 pati
657 5155 1061 5224 tribulationes?
1112 5157 1298 5228 Fugiet
1341 5161 1407 5215 ab
1455 5175 1583 5231 agro
1627 5161 1693 5217 ad
1729 5163 2014 5230 civitatem,
2061 5181 2094 5221 a

512 5249 719 5319 publico
747 5249 815 5304 ad
841 5249 1079 5315 duplum,
1110 5264 1138 5304 a
1164 5250 1324 5306 domo
1347 5252 1397 5306 in
1425 5252 1749 5322 cubiculum,
1776 5265 1832 5310 et
1853 5258 2096 5326 sequitur

512 5343 796 5398 tribulatio.
835 5345 878 5398 A
904 5344 1147 5402 cubiculo
1167 5344 1275 5415 jam
1304 5361 1410 5416 quo
1437 5345 1606 5416 fugiat
1628 5363 1735 5403 non
1761 5348 1941 5416 habet,
1990 5351 2091 5406 nisi

509 5433 563 5487 in
590 5432 814 5490 interius
862 5435 1038 5492 cubile
1085 5452 1263 5492 suum.
1309 5437 1477 5494 Porro
1505 5441 1550 5495 si
1597 5439 1671 5494 ibi
1705 5441 1958 5497 tumultus
1985 5452 2089 5509 cst,

507 5527 552 5581 si
591 5525 765 5582 fumus
807 5528 1118 5598 iniquitatis,
1168 5531 1211 5586 si
1251 5530 1462 5585 ﬂanima
1511 5533 1750 5599 sceleris,
1822 5549 1926 5589 non
1966 5535 2092 5592 illuc

509 5629 684 5690 potest
725 5622 1012 5692 confugere
1042 5643 1054 5677 :
1110 5625 1322 5694 pellitur
1345 5625 1505 5692 inde;
1553 5638 1606 5682 et
1635 5643 1755 5682 cum
1789 5629 1910 5684 inde
1940 5633 2089 5700 pelli-

511 5725 613 5780 tur,
635 5730 671 5798 a
701 5717 877 5798 seipse
905 5717 1134 5798 pellitur.
1184 5719 1246 5772 Et
1277 5733 1406 5798 ecce
1447 5719 1652 5776 hostem
1688 5737 1841 5776 suum
1868 5725 2097 5793 invenit,

507 5819 613 5875 quo
649 5793 1010 5878 confugerat:
1057 5795 1291 5882 se'ipsum
1329 5827 1435 5882 quo
1479 5813 1740 5885 fugiturus
1780 5816 1906 5872 est?
1937 5818 2092 5884 .Quo-

509 5912 734 5969 cumque
782 5900 992 5974 fugerit,
1042 5920 1100 5960 se
1145 5903 1306 5960 trahit
1344 5917 1466 5980 post
1515 5926 1601 5967 se:
1655 5923 1706 5967 et
1753 5926 2090 5984 quocumque

1749 421 1808 481 S.
1846 419 2210 482 AUGUSTINI
2249 417 2546 483 EPlSCOPl

2205 545 2362 599 talem
2395 543 2614 600 traxerit
2647 559 2728 613 se,
2783 544 2985 601 cruciat
3011 559 3070 600 se
3097 544 3165 602 de
3188 560 3266 601 se.
3314 545 3448 617 Ipsae
3467 556 3590 604 sunt
3616 549 3796 605 tribu-

2198 637 2457 705 lationes?
2497 654 2616 708 quae
2641 637 2918 694 inveniunt
2944 639 3216 694 hominem
3239 638 3436 695 nimis:
3478 642 3794 700 acerbiores

2197 730 2337 784 enim
2379 746 2484 784 non
2518 738 2687 785 sunt:
2739 741 2886 787 tanto
2914 747 3020 788 non
3046 740 3173 787 sunt
3211 733 3540 802 acerbiores,
3584 745 3794 806 quanto

2198 834 2304 882 non
2331 831 2455 876 sunt
2480 822 2778 880 interiores.
2811 822 3020 890 Videte,
3048 824 3334 890 carissimi,
3376 840 3499 884 cum
3521 827 3662 898 ligna
3688 815 3792 886 de?-

2192 913 2449 984 jiciuntur
2473 915 2492 944 ²
2525 922 2579 969 et
2611 913 2900 984 probantur
2926 930 2955 968 a
2982 914 3179 980 fabris;
3201 915 3486 996 aliquando
3513 918 3565 973 in
3594 934 3794 991 super-

2197 1004 2316 1061 ficie
2369 1005 2616 1062 videntur
2667 1006 2818 1076 quasi
2863 1006 2988 1064 laesa
3032 1016 3087 1063 et
3131 1008 3306 1078 putria
3343 1026 3358 1062 :
3404 1008 3555 1065 faber
3606 1020 3794 1067 autem

2196 1097 2410 1168 inspicit
2459 1108 2708 1170 tanquam
2756 1098 3041 1154 medullam
3099 1100 3407 1156 interiorem
3452 1102 3596 1172 ligni,
3646 1111 3702 1157 et
3746 1103 3794 1158 si

2196 1205 2323 1244 sana
2360 1191 2582 1245 interius
2624 1190 2762 1260 ligna
2787 1191 3120 1261 cognoverit,
3153 1193 3414 1262 promittit
3441 1208 3503 1247 ea
3529 1173 3584 1248 in
3613 1193 3793 1247 :editi-

2197 1280 2282 1336 cio
2309 1280 2598 1347 duratura;
2633 1295 2732 1336 nec
2763 1281 2916 1337 valde
2939 1282 3042 1336 erit
3072 1281 3138 1340 de
3173 1284 3452 1353 superficie
3482 1283 3608 1338 laesa
3634 1285 3792 1340 solli-

2195 1373 2350 1441 citus,
2394 1374 2606 1444 quando
2634 1374 2684 1429 id
2715 1374 2855 1445 quod
2903 1375 3126 1431 interius
3155 1386 3239 1431 est
3276 1391 3463 1432 sanum
3493 1379 3786 1432 renuntiat.

2195 1465 2364 1522 Porro
2417 1465 2615 1521 homini
2669 1465 2892 1520 interius
2952 1467 3278 1522 conscientia
3319 1482 3425 1522 non
3469 1468 3788 1528 invenitur:

2195 1557 2318 1626 quid
2348 1557 2504 1627 igitur
2529 1556 2768 1627 prodest,
2811 1558 2854 1612 si
2893 1558 3034 1626 quod
3065 1567 3149 1614 est
3185 1560 3422 1614 exterius
3452 1575 3638 1614 sanum
3680 1569 3789 1628 est,

2195 1659 2249 1706 et
2279 1649 2568 1720 putrefacta
2609 1660 2693 1712 est
2727 1650 2955 1705 medulla
3007 1652 3394 1706 conscientiae?
3435 1653 3607 1708 Arche
3647 1653 3789 1721 istm,

2195 1750 2250 1798 et
2297 1742 2640 1798 vehementes
2688 1744 2928 1809 omnino,
2986 1754 3040 1799 et
3069 1745 3205 1799 sicut
3243 1745 3480 1814 psalmus
3528 1746 3644 1815 ipse
3689 1746 3787 1812 ait,

2195 1837 2373 1892 nimiae
2427 1839 2791 1894 tribulationes
2838 1849 3004 1896 sunt:
3054 1850 3232 1897 tamen
3276 1851 3330 1898 et
3374 1843 3426 1897 in
3468 1843 3550 1912 his
3575 1843 3792 1914 adjutor

2193 1929 2365 1988 factus
2411 1940 2495 1986 est
2544 1932 2798 1988 Dominus
2846 1931 3162 1988 dimittendo
3199 1944 3432 2004 peccata.
3481 1934 3789 2005 lniquorum

2195 2025 2337 2082 enim
2364 2025 2718 2081 conscientias
2744 2041 2848 2080 non
2875 2035 3029 2082 sanat
3053 2026 3152 2080 nisi
3182 2027 3528 2097 indulgentia.
3557 2026 3614 2083 Si
3644 2027 3788 2082 enim

2195 2132 2413 2188 magnas
2437 2117 2802 2174 tribulationes
2831 2118 3028 2174 habere
3047 2133 3106 2174 se
3125 2118 3253 2174 dicit
3280 2118 3487 2180 debitor
3517 2119 3626 2175 tisci
3655 2134 3792 2175 con-

2194 2209 2424 2278 fessus',
2460 2221 2514 2268 et
2542 2213 2752 2268 intuens
2787 2212 3058 2282 angustias
3087 2213 3162 2267 rei
3199 2211 3474 2266 familiaris
3503 2227 3634 2277 Suae,
3663 2227 3790 2268 cum

2195 2317 2257 2358 se
2275 2302 2418 2358 videt
2437 2318 2540 2358 non
2563 2317 2720 2372 posse
2746 2319 2865 2359 esse
2887 2303 3180 2369 solvendo;
3208 2315 3425 2374 propter
3447 2305 3791 2360 imminentes

2196 2393 2341 2449 omni
2372 2408 2512 2449 anno
2539 2395 2923 2464 compulsores,
2954 2395 3323 2450 tribulationes
3346 2411 3564 2466 magnas
3592 2412 3651 2450 se
3683 2397 3792 2466 pati

2196 2485 2344 2550 dicit,
2397 2501 2496 2542 nec
2526 2502 2744 2556 usquam
2791 2488 3020 2557 respirat
3055 2488 3152 2541 nisi
3199 2489 3251 2542 in
3299 2503 3396 2557 spe
3441 2489 3792 2558 indulgentiae

2197 2590 2376 2632 rerum
2407 2586 2736 2632 terrenarum
2754 2576 2776 2608 ⁸
2803 2595 2814 2630 :
2858 2586 3054 2647 quanto
3089 2579 3256 2649 magis
3280 2578 3490 2633 debitor
3514 2595 3791 2648 pinnarum

2197 2665 2266 2721 de
2301 2665 2620 2722 abundantia
2653 2668 2990 2732 delictorum,
3027 2669 3238 2738 quando
3293 2669 3478 2726 reddet
3507 2671 3648 2740 quod
3693 2672 3791 2727 de-

2193 2755 2290 2811 bet
2325 2756 2390 2811 de
2423 2758 2560 2812 mala
2590 2758 2932 2820 conscientia,
2984 2757 3197 2829 quando
3247 2760 3291 2813 si
3340 2759 3629 2816 reddiderit
3676 2763 3794 2832 ipse

2193 2848 2373 2919 perit?
2402 2850 2512 2904 lloc
2552 2851 2693 2905 enim
2737 2851 2973 2906 debitum
3003 2851 3247 2920 reddere,
3291 2868 3474 2922 punias
3507 2854 3654 2910 luere
3685 2866 3789 2911 est.

2198 2939 2386 2996 Restat
2414 2957 2541 3012 ergo
2571 2951 2627 2996 ut
2664 2941 2732 2997 de
2762 2942 2928 3012 ipsius
2954 2942 3273 3014 indulgentia
3313 2945 3486 3002 securi
3516 2960 3636 3000 esse
3664 2961 3794 3017 pos-

2197 3034 2363 3089 simus
2395 3051 2409 3087 :
2456 3035 2498 3088 si
2549 3043 2723 3090 tamen
2749 3047 2964 3105 accepta
3014 3035 3338 3108 indulgentia
3376 3052 3480 3093 non
3509 3053 3696 3094 rursus
3723 3037 3793 3094 ad

2197 3125 2376 3181 debita
2399 3127 2760 3183 contrahenda
2789 3127 3087 3183 redeamus.

2269 3219 2322 3273 4.
2363 3218 2451 3274 isti
2481 3235 2608 3290 ergo
2640 3219 2731 3273 filii
2757 3218 2896 3275 Core
2917 3219 3142 3277 fortasse
3161 3220 3529 3292 intelliguntur
3549 3235 3668 3277 esse
3689 3220 3788 3291 illi,

2198 3311 2391 3386 quibus
2430 3311 2632 3371 locutus
2678 3323 2759 3372 εει
2801 3312 2991 3367 Petrus
3029 3314 3082 3367 in
3123 3315 3342 3369 Actibus
3387 3315 3788 3388 Apostolorum,

2198 3423 2320 3462 cum
2357 3408 2544 3463 intenti
2572 3407 2694 3463 facti
2734 3417 2915 3464 essent
2937 3409 3004 3464 ad
3035 3409 3297 3464 mirabilia
3325 3411 3584 3465 adventus
3609 3411 3790 3483 Spiri-

2201 3509 2285 3555 tus
2309 3501 2497 3567 sancti,
2538 3516 2660 3557 cum
2689 3517 2876 3556 omnes
2907 3503 2957 3556 in
2985 3517 3118 3572 quos
3154 3513 3371 3557 venerat
3398 3503 3588 3574 linguis
3607 3504 3788 3559 omni-

2197 3591 2300 3647 bus
2352 3594 2713 3664 loquerentur.
2764 3596 3111 3650 Anuuntiavit
3155 3597 3296 3651 enim
3340 3597 3442 3650 illis
3489 3594 3784 3664 Christum,

2200 3698 2319 3738 eum
2340 3685 2431 3754 qui
2455 3694 2596 3739 tanta
2617 3685 3138 3754 potuissetmittendo
3153 3685 3405 3757 Spiritum
3423 3701 3690 3744 sanctum.
3711 3689 3790 3744 Illi

2201 3791 2357 3843 quem
2385 3777 2482 3844 ipsi
2512 3778 2882 3833 crucifixerant
2906 3780 3146 3833 manibus
3170 3781 3300 3845 suis,
3317 3782 3609 3851 cogitantes
3624 3797 3788 3852 quam

2199 3869 2612 3936 contemptibilis
2625 3877 2785 3933 esset,
2802 3884 2922 3923 cum
2935 3870 3003 3924 ab
3017 3871 3094 3925 eis
3109 3871 3457 3939 occideretur,
3476 3889 3633 3943 quam
3647 3875 3788 3930 altus

2177 3988 2180 3991 -
2201 3968 2256 4014 et
2283 3960 2672 4029 exeelsusapud
2691 3961 2852 4014 Deum
2871 3960 3043 4018 factus
3063 3972 3224 4029 esset,
3247 3964 3336 4034 qui
3352 3965 3548 4034 Spiritu
3565 3968 3790 4022 sancto'

2201 4051 2391 4106 idiotas
2420 4050 2682 4120 impleret,
2710 4060 2761 4106 et
2790 4052 2993 4120 linguas
3022 4052 3296 4108 infantium
3315 4055 3513 4110 faceret
3533 4055 3788 4125 disertas,

2201 4143 2504 4213 compuncti
2524 4143 2703 4211 corde,
2727 4144 3000 4201 dixerunt:
3030 4145 3165 4210 Quid
3185 4147 3464 4214 facientia?
3491 4146 3610 4202 Istae
3635 4159 3792 4204 erant

2199 4235 2379 4308 nimiae
2409 4234 2792 4302 tribulationes,
2830 4251 2948 4304 quae
2977 4235 3096 4290 illos
3124 4237 3458 4292 invenerant.
3493 4237 3609 4302 Non
3642 4240 3787 4296 enim

2199 4326 2300 4396 ipsi
2331 4326 2645 4382 invenerunt
2679 4321 2890 4396 peccata
2922 4342 3037 4390 sua,
3081 4327 3174 4382 sed
3211 4328 3423 4383 inventa
3463 4328 3517 4383 in
3543 4330 3621 4385 eis
3667 4342 3791 4386 sunt

2201 4417 2706 4472 commemoratione
2736 4417 3133 4487 Apostolorum.
3159 4417 3285 4474 Ideo
3311 4419 3626 4475 invenerunt
3669 4422 3792 4478 illos

2204 4509 2589 4576 tribulationes,
2623 4526 2724 4564 non
2759 4511 2856 4579 ipsi
2887 4511 3203 4566 invenerunt
3222 4512 3609 4586 tribulationes.
3654 4515 3790 4571 Nam

2173 4609 2176 4612 ’
2201 4601 2412 4671 quando
2439 4602 2556 4656 sine
2581 4601 2804 4671 alicujus
2830 4601 3191 4658 admonitione
3215 4604 3328 4674 ipse
3355 4605 3514 4659 homo
3544 4593 3792 4662 conside-

2202 4703 2283 4748 rat
2309 4693 2505 4748 factum
2529 4709 2703 4755 suum,
2735 4701 2789 4748 et
2810 4705 2956 4764 rogat
2979 4695 3166 4761 Deum,
3189 4695 3312 4765 quid
3339 4697 3508 4754 dicit?
3549 4696 3788 4754 Tribulu-

2202 4786 2386 4838 tionem
2430 4795 2476 4838 et
2510 4785 2733 4839 dolorem
2764 4786 2948 4853 inreni,
3004 4797 3049 4840 et
3088 4805 3266 4842 nomen
3309 4788 3518 4844 Domini
3559 4792 3791 4848 invocavi

2202 4875 2371 4950 (Paul.
2397 4893 2537 4941 cxw,
2565 4879 2618 4942 5,
2642 4878 2719 4946 4).
2751 4879 2864 4932 Alia
2890 4889 2970 4932 est
2997 4895 3124 4950 ergo
3154 4881 3420 4936 tribulatio
3443 4899 3606 4952 quam
3631 4896 3684 4937 tu
3714 4886 3791 4939 in-

2200 4971 2370 5034 venis,
2392 4970 2493 5023 alia
2519 4984 2638 5038 qum
2666 4978 2716 5024 te
2738 4970 2955 5025 invenit.
2989 4971 3042 5025 In
3075 4983 3298 5042 utraque
3321 4984 3494 5036 tamen
3524 4976 3637 5030 sive
3669 4993 3790 5046 qum.

2202 5069 2253 5115 te
2283 5062 2499 5125 invenit,
2527 5061 2637 5117 sive
2661 5077 2815 5132 quam
2849 5071 2902 5118 tu
2927 5064 3154 5128 invenis,
3205 5075 3256 5118 ut
3291 5074 3570 5136 utramque
3596 5066 3788 5137 depel-

2201 5153 2293 5218 lat,
2346 5155 2431 5208 ille
2469 5154 2733 5224 rogandus
2767 5164 2851 5210 est
2874 5157 2962 5225 qui
3003 5165 3086 5211 est
3111 5156 3322 5226 adjutor
3347 5161 3398 5211 in
3429 5157 3788 5214 tribulationi-

2201 5245 2317 5300 bus.
2347 5245 2479 5301 Nam
2510 5255 2562 5302 et
2590 5247 2676 5301 ille
2702 5261 2822 5306 cum
2853 5246 3133 5314 inveniret,
3168 5247 3269 5304 huc
3295 5248 3447 5316 dixit,
3498 5249 3564 5306 Et
3606 5268 3788 5308 nomen

2263 5426 2387 5492 *__Sic
2411 5426 2458 5475 in
2496 5431 2602 5475 Mss.
2649 5433 2703 5476 At
2740 5425 2790 5475 in
2822 5425 2956 5487 Edd.,
2997 5434 3294 5492 Quocumque
3323 5427 3500 5492 fugerit
3536 5429 3792 5492 aetatem

2199 5486 2344 5538 trahit
2367 5493 2467 5552 post
2491 5501 2539 5536 se
2566 5500 2582 5535 :
2605 5492 2649 5536 et
2673 5486 2966 5552 quocumque
2988 5486 3132 5539 talem
3155 5486 3360 5541 traxerit
3377 5486 3467 5551 'se,
3493 5486 3679 5541 cruriut
3717 5506 3786 5544 se.

2198 5552 2288 5599 sed
2313 5565 2342 5598 α
2365 5549 2518 5612 seipse
2535 5556 2638 5597 sunt
2657 5549 2998 5609 tribulationes,
3023 5559 3118 5601 etc.

2265 5616 2284 5643 ³
2319 5613 2390 5660 sic
2425 5611 2533 5660 Mss.
2557 5620 2610 5659 Αι
2634 5611 2766 5670 t1dtl.,
2788 5612 3111 5662 demetantur.

2265 5675 2285 5739 if
2318 5673 2606 5739 Quimleeint
2627 5679 2752 5739 Mss,
2774 5674 3032 5739 confossus.
3069 5683 3185 5734 Duo,
3211 5676 3448 5739 confusus.
3484 5685 3621 5738 Tres,
3655 5691 3790 5729 com-

2197 5733 2391 5804 pulsus.
2409 5737 2676 5784 I’aucissimi
2708 5733 2827 5787 vero
2857 5733 3039 5787 habent
3067 5745 3124 5786 ut
3154 5733 3203 5786 in
3227 5733 3359 5800 Md,
3385 5733 3670 5804 confessus:
3697 5745 3792 5794 nec

2199 5799 2360 5846 minus
2381 5798 2530 5846 bene.

2263 5857 2285 5925 ξ
2318 5857 2569 5907 'rretlecim
2600 5867 2722 5921 Mss,
2760 5872 2928 5925 regum
2951 5865 3269 5914 terrenorum.

2261 5921 2283 5954 ³
2317 5927 2444 5982 his,
2467 5933 2566 5972 suo.
