4042 6494
816 335 903 354 "'fi‘.

555 395 664 456 519

552 507 688 570 illud
713 506 1086 583 confugerant.
1110 488 1359 578 Denique
1401 503 1672 576 apostolus
1707 503 1902 560 Paulus
1930 503 2141 577 volebat

553 604 755 662 intrare
796 605 850 661 in
890 603 1177 665 theatrum,
1206 610 1262 656 et
1305 615 1335 654 a
1375 597 1648 669 discipulis
1691 608 1971 653 revocatus
2016 604 2134 663 est,

550 699 675 768 quia
729 695 1089 754 necessarium
1132 702 1249 750 erat
1290 692 1462 747 adhuc
1505 700 1561 744 nt
1601 690 1652 744 iu
1696 704 1857 745 carne
1897 695 2140 744 maneret

551 802 771 864 propter
794 791 959 860 ipsos.
1010 787 1117 845 Sed
1160 794 1339 859 tamen
1367 784 1659 841 Sonuerunt
1696 791 1742 836 et
1780 783 1994 837 turbata:
2020 790 2138 863 sunt

549 901 698 956 aqua!
726 884 836 955 ejus
859 898 879 937 :
905 880 1189 938 conturbati
1227 887 1344 935 sunt
1382 886 1574 933 montes
1601 876 1653 931 in
1685 875 1981 945 fortitudine
2005 874 2134 945 ejus.

551 976 760 1046 Cujus?
801 974 1191 1044 Numquidnam
1221 972 1404 1038 maris,
1436 986 1501 1024 an
1549 970 1724 1040 potius
1769 968 1881 1035 Dei,
1922 966 1993 1023 de
2028 980 2136 1038 quo

549 1069 749 1126 dictum
779 1078 863 1124 est
891 1086 904 1124 :
958 1066 1224 1139 Refugium
1250 1075 1297 1121 et
1327 1064 1508 1130 virtus,
1535 1061 1743 1132 adiutor
1761 1062 1814 1115 in
1851 1059 2137 1113 tribulatio-

551 1161 697 1217 nibus
722 1176 838 1232 qua!
866 1160 1159 1215 invenerunt
1200 1172 1291 1211 nos
1331 1153 1525 1210 nimis?
1563 1152 1783 1208 Turbati
1826 1152 1966 1207 enim
2010 1158 2137 1206 sunt

550 1262 783 1318 montes,
803 1251 853 1307 id
877 1260 963 1306 est
988 1256 1279 1320 potestates
1308 1246 1465 1316 hujus
1489 1243 1693 1301 saeculi.
1716 1242 1816 1297 Alii
1844 1250 1968 1297 sunt
1987 1240 2131 1296 enim

548 1352 760 1402 montes
790 1342 903 1410 Dei,
934 1343 1023 1398 alii
1051 1350 1174 1397 sunt
1198 1346 1408 1395 montes
1438 1336 1618 1392 saeculi
1644 1354 1657 1390 :
1686 1344 1895 1390 montes
1929 1331 2131 1399 smculi,

549 1437 741 1509 quibus
783 1443 941 1505 caput
983 1433 1265 1499 diabolus;
1311 1439 1520 1485 montes
1581 1429 1696 1495 Dei,
1738 1427 1930 1497 quibus
1975 1432 2134 1495 caput

547 1527 809 1587 Christus.
834 1526 941 1585 Sed
968 1542 1063 1598 per
1085 1526 1216 1582 istos
1243 1532 1452 1579 montes
1480 1521 1675 1578 turbati
1718 1528 1841 1575 sunt
1871 1518 1942 1573 illi
1975 1533 2129 1571 mon-

548 1630 649 1679 tes.
666 1621 816 1678 Tunc
833 1620 1096 1677 dederunt
1121 1618 1311 1674 voces‘
1338 1624 1522 1672 contra
1550 1613 1899 1673 Christianos.
1920 1609 2131 1679 quando

546 1713 741 1770 turbati
769 1719 895 1768 sunt
918 1719 1128 1767 montes
1167 1707 1482 1764 sonantibus
1510 1704 1796 1761 ﬂuctibus:
1829 1710 1885 1759 et
1921 1708 2130 1756 montes

545 1814 671 1863 sunt
708 1805 922 1870 turbati,
954 1812 1010 1859 et
1050 1802 1220 1858 factus
1247 1809 1331 1857 est
1359 1813 1583 1870 magnus
1618 1808 1774 1852 terra:
1803 1803 1979 1850 motus
2006 1807 2126 1848 cum

544 1904 692 1952 motu
721 1911 894 1966 aquae.
921 1893 1025 1952 Sed
1053 1893 1138 1949 cui
1165 1892 1317 1948 lucc?
1340 1889 1555 1947 Civitati
1604 1888 1677 1944 illi
1711 1885 1940 1942 fundatae
1969 1897 2131 1954 super

544 1995 773 2059 petram.
821 1989 1025 2043 Sonant
1070 1999 1257 2056 aqum,
1305 1984 1585 2038 turbantur
1631 1987 1867 2044 montes,
1916 1990 2127 2032 annun—

543 2079 674 2135 tiato
702 2078 1014 2150 Evangelia.
1042 2075 1177 2146 Quid
1221 2085 1277 2131 tu
1304 2075 1492 2131 civitas
1535 2072 1668 2128 Dei?
1708 2070 1847 2127 Audi
1873 2067 2015 2141 quod
2043 2080 2132 2123 se-

541 2170 741 2241 quitur.

612 2261 665 2318 8.
709 2260 867 2334 [vers.
896 2257 977 2334 5.]
1015 2256 1271 2314 Fluminis
1312 2257 1530 2329 impetus
1572 2254 1834 2327 twtiﬁcant
1877 2253 2128 2309 civitatem

540 2351 657 2408 Dei.
685 2351 817 2407 Cum
846 2352 1161 2407 turbantur’
1201 2356 1433 2416 montes,
1459 2361 1582 2404 cum
1628 2345 1780 2401 saevit
1817 2359 1987 2412 mare,
2019 2356 2125 2398 non

538 2443 741 2500 deserit
776 2443 919 2500 Deus
952 2442 1222 2497 civitatem
1258 2454 1410 2496 suam
1458 2453 1556 2509 per
1598 2437 1829 2507 impetus
1870 2432 2123 2490 ﬂuminis.

537 2538 638 2607 Qui
665 2546 791 2595 sunt
817 2536 902 2591 isti
931 2535 1160 2605 impetus
1185 2530 1453 2589 ﬂuminis?
1483 2528 1761 2585 lnundatio
1786 2528 1874 2583 illa
1892 2526 2124 2598 Spiritus

536 2630 730 2695 sancti,
758 2627 826 2685 de
861 2642 965 2699 qua
996 2626 1250 2681 Dominus
1274 2622 1485 2678 dicebat
1517 2639 1531 2676 :
1564 2620 1627 2677 Si
1649 2621 1762 2691 quis
1803 2620 1928 2686 sitit,
1958 2619 2123 2673 veniat

535 2732 583 2778 et
612 2723 788 2778 bibat:
814 2722 899 2790 qui
932 2718 1088 2774 credit
1110 2718 1165 2772 in
1189 2732 1287 2783 me,
1311 2715 1526 2787 ﬂumina
1559 2729 1706 2784 aqua:
1727 2712 1850 2767 victe
1876 2714 2034 2784 ﬂuent
2058 2711 2122 2766 de

535 2823 704 2871 uentre
743 2815 872 2886 ejus.
918 2812 1061 2881 Ergo
1111 2810 1227 2866 hac
1275 2808 1493 2864 ﬂumina
1540 2806 1778 2862 ﬂuebant
1819 2804 1890 2861 de
1936 2813 2121 2861 ventre

532 2908 704 2971 Pauli,
735 2907 898 2970 Petri,
933 2905 1174 2970 Joannis,
1203 2903 1430 2959 aliorum
1459 2900 1858 2971 Apostolorum,
1891 2899 2118 2953 aliorum

532 3001 989 3074 Evangelistarum
1021 2998 1276 3054 ﬁdelium.
1318 2994 1445 3052 Haec
1483 2994 1700 3050 ﬂumina
1740 3006 1861 3049 cum
1893 2992 2122 3048 ﬂuerent

522 3095 600 3165 ab
635 3109 741 3150 uno
777 3091 1018 3157 ﬂumine,
1046 3089 1198 3146 multi
1244 3088 1462 3156 impetus
1501 3084 1727 3157 ﬂuminis
1757 3083 2017 3152 lwtiﬁcant
2046 3081 2120 3136 ci-

531 3187 733 3241 uitatem
776 3183 894 3238 Dei.
922 3182 1056 3237 Nam
1085 3190 1143 3237 ut
1178 3178 1435 3235 noveritis
1472 3177 1573 3232 hoc
1594 3180 1662 3231 de
1688 3175 1888 3244 Spiritu
1930 3182 2117 3230 sancto

529 3278 751 3342 dictum,
773 3276 827 3331 in
857 3274 1045 3331 eodem
1075 3271 1360 3342 Evangelio
1385 3249 1785 3356 consequente;
1792 3267 1921 3325 dicit
1943 3268 2118 3324 Evan-

528 3371 715 3442 gelista
746 3386 758 3422 :
793 3366 907 3423 Hoc
930 3374 1100 3421 autem
1126 3362 1319 3420 dicebat
1342 3362 1408 3417 de
1442 3360 1661 3433 Spiritu,
1687 3376 1835 3432 quem
1862 3361 2118 3431 accepturi

528 3469 671 3517 erant
713 3461 766 3514 hi
805 3459 893 3532 qui
935 3458 990 3513 in
1027 3473 1142 3512 eum
1184 3463 1326 3511 erant
1368 3453 1630 3508 credituri.
1679 3452 1905 3523 Spiritus
1946 3461 2114 3508 autem

528 3552 755 3607 nondum
779 3560 887 3606 erat
915 3549 1086 3611 datus,
1112 3547 1232 3620 quia
1255 3544 1407 3602 Iesus
1439 3544 1668 3600 nondum
1707 3552 1814 3600 erat
1855 3542 2116 3616 gloriﬁca-

527 3654 608 3700 tus
635 3643 814 3716 (Joan.
846 3658 941 3707 vn,
969 3638 1184 3711 57-59).
1216 3638 1525 3695 Gloriticato
1553 3635 1680 3692 Jesu
1721 3643 1843 3706 post
1872 3650 2112 3691 resurre-

526 3738 783 3804 ctionem,
828 3732 1122 3806 gloriﬁcato
1170 3740 1293 3801 post
1335 3725 1730 3795 ascensionem,
1777 3725 1863 3781 die
1914 3724 2110 3781 Pente-

525 3839 702 3885 costes
752 3826 901 3882 venit
945 3824 1175 3896 Spiritus
1221 3828 1469 3885 sanctus,
1521 3817 1760 3888 implevit
1806 3816 2108 3884 credentes,

527 3920 689 3977 locuti
731 3926 856 3974 sunt
902 3913 1095 3986 linguis
1136 3912 1272 3986 (Act.
1312 3926 1370 3977 tt,
1409 3911 1488 3981 4).
1529 3909 1825 3981 Ρηόὶοεινθ
1870 3909 2112 3981 Evange-
2152 3964 2174 3984 ,

527 4014 653 4069 lium
678 4016 958 4081 coeperunt
981 4004 1262 4061 Gentibus.
1301 4002 1435 4058 Hinc
1463 4001 1649 4057 civitas
1680 4000 1777 4057 Dei
1805 3998 2111 4057 lmtil‘tcaba-

449 4172 453 4176 ἢ
525 4115 630 4172 tur,
661 4103 787 4161 dum
827 4115 976 4157 mare
1018 4098 1323 4153 turbaretur
1356 4097 1535 4151 sonitu
1570 4108 1828 4165 aquarum
1865 4109 2104 4164 suarum,

522 4199 649 4256 dum
679 4205 887 4252 montes
914 4191 1362 4249 conturbarentur
1385 4194 1688 4258 quaerentes
1706 4186 1834 4256 quid
1864 4194 2103 4257 agerent,

521 4290 790 4365 quomodo
814 4301 1005 4344 novam
1031 4283 1327 4340 doctrinam
1356 4281 1636 4352 pellerent,
1657 4279 1929 4351 quomodo
1950 4279 2109 4335 Chri-

520 4388 814 4442 stianorum
846 4394 1016 4451 genus
1044 4376 1113 4433 de
1138 4385 1276 4432 terra
1306 4374 1661 4431 eradicarent.
1681 4371 1878 4428 Contra
1905 4372 2105 4442 quem?

518 4476 714 4534 Contra
758 4472 993 4531 ﬂuminis
1040 4470 1270 4541 impetus
1310 4464 1643 4522 ltetillcantes
1670 4465 1938 4521 civitatem
1986 4464 2101 4520 Dei.

522 4570 654 4625 Hinc
692 4566 854 4622 etiam
897 4560 1132 4618 ostendit
1181 4559 1250 4616 de
1290 4573 1398 4630 quo
1444 4558 1660 4614 ﬂumine
1703 4557 1935 4623 diceret,
1979 4559 2103 4628 quia

517 4660 761 4734 spiritum
790 4664 1032 4713 sanctum
1076 4651 1428 4723 signiﬁcabat,
1454 4650 1705 4706 Fluminis
1731 4651 1947 4721 impetus
1971 4650 2103 4706 laeti-

514 4751 674 4825 ficaut
701 4749 951 4803 ciuitatem
998 4743 1112 4799 Dei.
1145 4742 1214 4798 Et
1238 4741 1367 4813 quid
1420 4742 1699 4807 sequitur?
1750 4740 2101 4809 Sancti/ienuit

512 4841 895 4901 tabernaculum
922 4853 1071 4891 suum
1108 4835 1418 4891 Altissimus.
1451 4834 1504 4890 Si
1545 4849 1671 4906 ergo
1710 4832 1950 4904 sequitur
1977 4849 2099 4889 san-

516 4932 855 4994 ctificationis
901 4945 1127 4995 nomen,
1174 4927 1510 4982 manifestum
1561 4934 1645 4980 est
1692 4924 1926 5003 ﬂuminis
1977 4926 2098 4982 illos

512 5030 747 5097 impetus
772 5024 841 5080 de
864 5023 1065 5094 Spiritu
1106 5031 1292 5076 sancto
1334 5017 1725 5088 intelligendos,
1757 5033 1865 5088 quo
1900 5020 2100 5075 sancti-

512 5120 702 5176 ﬂcatur
724 5117 898 5173 omnis
928 5117 1011 5185 pia
1054 5117 1231 5169 anima
1268 5111 1494 5167 credens
1521 5109 1574 5165 in
1600 5108 1894 5179 Christum,
1920 5119 1979 5166 ut
2007 5112 2097 5167 liat

510 5214 645 5272 civis
681 5212 911 5270 civitatis
940 5210 1054 5266 Dei.

579 5308 633 5366 9.
675 5304 834 5381 fuere.
864 5304 945 5377 6.1
989 5303 1124 5358 Deus
1160 5300 1216 5355 in
1258 5297 1422 5353 medio
1462 5298 1593 5370 ejus,
1624 5309 1673 5353 et
1698 5298 1719 5332 ³
1746 5315 1847 5354 non
1872 5316 2094 5355 commo-

507 5402 716 5461 vebitur.
749 5398 947 5457 Sawiat
975 5410 1142 5462 mare,
1170 5392 1561 5450 conturbeutur
1596 5402 1805 5450 montes
1833 5409 1846 5449 :
1874 5393 2013 5451 Deus
2037 5396 2092 5450 in

570 5564 589 5630 ξ
612 5567 808 5630 Septem
828 5564 955 5630 Msa:
980 5554 1123 5630 ιερεε·

569 5625 590 5656 ⁸
611 5617 688 5673 sic
703 5629 809 5671 Mss.
828 5617 1086 5683 quibusin
1128 5617 1288 5683 hocce
1301 5618 1350 5682 ᾗ.
1387 5618 1436 5677 5,
1459 5618 1702 5683 consentit
1730 5623 1889 5683 Graeca
1934 5620 2089 5683 inter:-

503 5685 714 5751 pretatio
736 5679 864 5731 Lxxi
890 5689 947 5731 At
975 5682 1108 5744 prius
1128 5680 1239 5729 Edd.
1265 5679 1445 5743 ferunt,
1483 5679 1697 5746 (tati/ica!
1719 5680 1955 5732 civitutan
1980 5679 2085 5734 Dei.

501 5746 869 5804 i‘onturbantur,
897 5751 990 5797 etc.
1044 5808 1049 5809 ί
1118 5802 1131 5809 _
1339 5806 1353 5809 _
1470 5808 1473 5809 ν

568 5814 588 5844 ³
613 5810 723 5857 mu.
745 5802 912 5873 carent
935 5802 1165 5870 particula
1183 5811 1247 5857 et.
1273 5806 1588 5859 Habent'ttss.
1605 5817 1662 5857 ac
1682 5812 1792 5859 Lxx
1816 5808 1864 5856 in
1902 5805 2087 5873 aliquot

1937 6028 1948 6043 ‘
1998 6038 2064 6059 λε·

1761 386 1819 446 s.
1860 385 2227 447 AUGUSTIN!
2268 347 2582 449 suscepi

2252 507 2415 562 medio
2459 509 2587 581 ejus,
2629 516 2675 562 et
2705 524 2803 563 non
2848 510 3252 567 commovebitur.
3283 513 3418 583 Quid
3447 523 3546 581 est,
3579 516 3633 573 in
3667 520 3843 577 medie

2247 599 2399 669 ejus?
2426 599 2700 672 Tanquam
2731 602 2869 659 Deus
2900 604 2952 658 in
2982 621 3089 659 uno
3117 606 3236 662 loco
3261 617 3383 671 stet,
3416 620 3467 664 et
3498 612 3836 673 circumdent

2245 706 2366 749 eum
2394 694 2484 765 qni
2521 694 2744 751 credunt
2787 698 2838 751 in
2875 712 3019 753 eum.
3061 698 3204 772 Ergo
3232 704 3464 757 ambitur
3502 704 3622 761 loco
3666 707 3831 778 Deus,

2244 793 2300 840 et
2334 785 2436 839 lata
2478 796 2601 841 sunt
2624 802 2743 857 qum
2779 788 3133 854 circumdant,
3165 792 3216 845 in
3246 803 3472 862 angusto
3496 804 3577 850 est
3606 798 3695 866 qui
3725 798 3839 852 cirr

2243 876 2563 931 cumdatur?
2611 878 2778 935 Absit.
2824 879 2961 935 Nihil
3022 882 3126 937 tale
3172 886 3413 954 cogitetis
3455 886 3522 939 de
3564 889 3695 947 Deo.
3740 889 3824 958 (ια

2243 968 2391 1023 nullo
2426 970 2632 1040 capitur
2666 971 2802 1035 loco,
2833 972 2916 1026 cui
2943 972 3100 1028 sedes
3124 982 3208 1029 est
3238 977 3559 1032 Conscientia
3585 978 3828 1049 piorum:

2241 1067 2298 1115 et
2322 1060 2390 1113 ita
2418 1061 2576 1116 sedes
2597 1059 2689 1117 Dei
2719 1062 2871 1117 estin
2899 1062 3151 1119 cordibus
3189 1064 3481 1128 hominum,
3513 1078 3568 1122 ut
3590 1070 3633 1122 si
3666 1069 3833 1125 homo

2241 1150 2495 1207 ceciderit
2519 1169 2549 1208 a
2580 1153 2707 1218 Deo,
2737 1159 2874 1209 licus
2903 1155 2956 1209 in
2994 1173 3047 1203 ςρ
3088 1167 3317 1220 maneat.
3341 1174 3442 1212 non
3473 1160 3623 1228 quasi
3648 1160 3831 1223 cadat,

2243 1258 2351 1298 non
2382 1245 2704 1301 inveniendo
2732 1248 2819 1301 ubi
2846 1247 2934 1302 sit.
2952 1247 3115 1317 Magis
3144 1250 3284 1304 enim
3315 1259 3367 1305 te
3391 1250 3653 1317 sublevat,
3689 1262 3751 1308 ut
3778 1252 3833 1307 in

2241 1335 2335 1391 illo
2376 1337 2471 1399 sis,
2498 1354 2667 1407 quam.
2709 1339 2761 1393 in
2812 1347 2863 1394 te
2912 1340 3187 1399 incumbit,
3220 1353 3277 1395 ut
3307 1343 3349 1396 si
3381 1352 3433 1397 te
3481 1342 3833 1410 subduxeris,

2237 1428 2414 1483 cadat.
2458 1429 2550 1484 Ille
2579 1429 2625 1484 si
2666 1445 2724 1486 se
2758 1430 3090 1498 subduxerit,
3118 1432 3276 1488 cades
3303 1442 3394 1488 tu:
3429 1441 3481 1489 tn
3515 1445 3565 1488 te
3607 1434 3653 1491 si
3694 1434 3833 1490 sub-

2238 1518 2474 1582 duxeris,
2509 1537 2613 1576 non
2640 1522 2795 1577 cadet
2824 1524 2927 1578 ille.
2954 1522 3090 1591 Quid
3116 1539 3245 1594 ergo
3271 1534 3374 1587 est,
3406 1523 3542 1580 Deus
3578 1525 3632 1580 in
3660 1525 3833 1580 medio

2235 1612 2387 1683 ejus?
2437 1611 2548 1667 Hoc
2585 1614 2850 1683 signiticat
2885 1615 3024 1683 quod
3055 1630 3237 1684 mquus
3276 1625 3358 1671 est
3384 1617 3629 1672 omnibus
3661 1617 3831 1684 Deus,

2235 1711 2291 1759 et
2332 1717 2584 1773 personas
2617 1720 2722 1760 non
2765 1706 2975 1775 accipit.
3015 1706 3296 1773 Quomodo
3337 1708 3479 1764 enim
3510 1707 3830 1780 illudlquod

2236 1796 2290 1851 in
2322 1796 2497 1853 medio
2530 1806 2630 1861 est,
2660 1798 2804 1869 paria
2849 1800 3008 1853 habet
3032 1802 3197 1869 spatia
3226 1800 3292 1855 ad
3319 1817 3507 1857 omnes
3540 1801 3710 1871 ﬂues;
3734 1803 3831 1860 ita

2239 1888 2381 1945 Deus
2422 1889 2629 1945 medius
2680 1904 2799 1947 esse
2837 1890 3048 1956 dit-itur,
3092 1893 3364 1963 mqualiter
3402 1893 3650 1949 omnibus
3690 1908 3832 1951 con-

2236 1980 2436 2036 sulens.
2460 1979 2599 2036 Deus
2619 1981 2670 2035 in
2698 1983 2863 2037 medio
2887 1982 3019 2054 ejus.
3042 1994 3087 2038 et
3114 2001 3215 2038 non
3237 1985 3643 2041 commovebitur.
3668 1983 3830 2043 Unde

2234 2089 2340 2130 non
2360 2075 2820 2131 commovebitur?
2847 2076 2978 2144 Quia
3010 2077 3061 2132 in
3102 2076 3279 2133 medio
3304 2077 3419 2148 ejus
3451 2077 3608 2135 Deus.
3649 2078 3829 2150 Adju-

2230 2167 2366 2223 oabit
2392 2183 2504 2222 eam
2547 2167 2685 2223 Deus
2706 2169 2847 2224 uultu
2882 2186 2994 2224 suo.
3036 2169 3128 2225 llle
3154 2179 3256 2234 est,
3277 2170 3484 2241 adjutor
3504 2170 3559 2225 in
3595 2169 3829 2226 tribula-

2233 2258 2470 2326 tionibus,
2497 2275 2610 2330 qute
2628 2260 2925 2317 inuenerunt
2942 2277 3033 2316 nos
3056 2261 3225 2316 nimis.
3254 2261 3526 2332 Adjuoabit
3546 2277 3657 2316 eam
3678 2260 3829 2319 Deus

2231 2350 2372 2406 uultu
2414 2368 2526 2407 suo.
2564 2351 2701 2419 Quid
2727 2362 2832 2419 est,
2862 2353 3001 2407 uultu
3031 2352 3165 2409 suo?
3209 2352 3671 2409 Demonstratione
3698 2366 3825 2408 sua.

2229 2442 2510 2511 Quomodo
2536 2458 2596 2501 se
2622 2444 2954 2501 demonstrat
2983 2446 3146 2505 Dens.
3173 2454 3229 2501 et
3252 2446 3454 2501 vultum
3485 2446 3599 2518 ejus
3633 2446 3828 2503 videa-

2230 2534 2388 2589 mus?
2414 2533 2532 2590 Jam
2560 2549 2942 2603 commemoro,
2970 2534 3231 2592 didicistis
3251 2593 3254 2596 ,
3276 2545 3593 2608 praesentem
3622 2535 3825 2605 Deum,

2229 2624 2511 2683 didicimus
2539 2641 2636 2699 per
2660 2643 2844 2699 opera.
2870 2628 3094 2697 Quando
3117 2628 3185 2684 ab
3226 2628 3320 2683 illo
3346 2627 3539 2700 aliquid
3565 2627 3825 2698 adjutorii

2228 2721 2539 2790 accipimus,
2570 2721 2641 2776 ita
2681 2732 2739 2777 ut
2779 2720 2998 2776 omnino
3040 2735 3146 2776 non
3184 2719 3490 2777 dubitemus
3515 2735 3546 2775 a
3582 2718 3826 2777 Domino

2227 2814 2383 2871 nobis
2407 2828 2527 2871 esse
2554 2827 2891 2882 concessum,
2921 2814 3094 2870 vultus
3121 2813 3217 2869 Dei
3245 2813 3523 2871 nobiscum
3558 2822 3664 2868 est.
3705 2813 3826 2869 Ad-

2215 2904 2416 2976 juvabit
2442 2922 2554 2961 eam
2579 2904 2720 2961 Deus
2746 2906 2887 2961 vultu
2908 2920 3020 2961 suo.

2298 2995 2385 3053 l0.
2426 2995 2573 3070 [vers
2601 2996 2678 3071 7.]
2718 2996 3039 3080 Conturbatte
3076 3005 3193 3053 sunt
3226 3003 3414 3071 gentes.
3443 2994 3513 3053 Et
3538 2997 3823 3069 quomodo

2222 3088 2583 3144 contttrbatze?
2623 3089 2805 3160 utquid
2848 3089 3215 3146 conturbatus?
3253 3089 3320 3147 Ut
3354 3084 3646 3159 dejicerent
3684 3092 3824 3147 civi-

2224 3185 2385 3233 tatem
2416 3177 2531 3246 Dei,
2561 3178 2614 3234 in
2644 3179 2795 3249 cujus
2818 3179 2996 3236 medio
3020 3179 3201 3235 Deus?
3225 3187 3283 3235 ut
3305 3187 3607 3236 everterent
3633 3178 3821 3236 taber-

2218 3272 2468 3351 naculum
2498 3271 2906 3341 sanctiﬁcatum,
2928 3271 3068 3344 quod
3096 3271 3311 3349 adjuvat
3336 3273 3475 3328 Deus
3494 3271 3644 3327 vultu
3669 3273 3819 3328 suo?

2218 3362 2357 3420 Non.
2404 3364 2509 3421 Sed
2553 3364 2663 3435 jam
2715 3365 3003 3421 salubriter
3036 3364 3364 3420 conturbata:
3405 3372 3614 3436 gentes.
3666 3364 3818 3433 Quid

2218 3458 2361 3514 enim
2387 3458 2661 3529 sequitur?
2690 3455 2757 3512 Et
2776 3457 3021 3513 inclinata
3047 3450 3166 3512 sunt
3200 3473 3376 3529 regna.
3410 3454 3693 3524 Inclinato,
3726 3458 3817 3513 in-

2216 3552 2352 3622 quit,
2380 3560 2495 3606 sunt
2531 3567 2685 3624 regna
2713 3567 2732 3606 :
2752 3552 2861 3622 jam
2899 3566 3005 3606 non
3040 3559 3239 3615 erecta,
3268 3558 3327 3605 ut
3362 3550 3682 3614 saevirent‘;
3717 3550 3816 3607 sed

2217 3642 2486 3709 inclinata,
2517 3652 2575 3698 ut
2605 3643 2910 3699 adorarent.
2935 3642 3422 3710 Qnandoinclinata
3450 3650 3577 3697 sunt
3599 3644 3817 3715 regna?

2215 3732 2439 3803 Quando
2453 3733 2645 3790 factum
2657 3743 2741 3790 est
2760 3733 2899 3805 quod
2925 3733 3231 3805 praedictum
3258 3735 3411 3790 estin
3434 3734 3539 3788 alio
3566 3737 3812 3804 psalmo:

2224 3825 2518 3880 Adorabunt
2556 3843 2667 3880 eum
2707 3843 2880 3882 omnes
2907 3843 3049 3897 reges
3086 3835 3251 3893 teme,
3293 3842 3464 3881 omnes
3498 3837 3675 3898 gentes
3701 3845 3816 3885 sen-

2215 3918 2347 3973 uient
2374 3919 2420 3973 ei
2453 3917 2622 3990 (Psal.
2658 3934 2805 3982 Lm,
2836 3914 2946 3990 ll).
2977 3917 3106 3987 Quae
3132 3933 3218 3974 res
3243 3917 3371 3974 fecit
3399 3927 3457 3974 ut
3482 3918 3816 3976 inclinarem

2215 4019 2301 4066 tur
2324 4012 2526 4083 regna?
2555 4011 2683 4078 Qua!
2720 4026 2826 4072 res,
2854 4010 2974 4066 audi
3002 4029 3017 4066 :
3048 4009 3197 4065 Dedit
3230 4027 3400 4066 uocem
3423 4028 3568 4065 suam
3604 4012 3817 4068 Altissi-

2212 4122 2347 4175 mus,
2381 4114 2429 4160 et
2468 4114 2605 4158 mota
2629 4113 2701 4159 est
2726 4115 2878 4158 terra.
2923 4104 3196 4173 Arreptltii
3241 4103 3502 4159 idolorum
3544 4112 3813 4175 tanquam

2212 4211 2356 4251 ranae
2384 4195 2451 4251 de
2485 4195 2764 4266 paludibus
2796 4197 3171 4263 personabant,
3205 4204 3352 4249 tanto
3394 4196 3807 4263 tumultuosius,

2210 4299 2409 4360 quanto
2435 4287 2704 4344 sordidius
2732 4288 2800 4344 de
2829 4289 2940 4342 luto
2981 4296 3037 4343 et
3075 4301 3251 4344 cteno.
3288 4286 3353 4342 Et
3376 4286 3505 4357 quid
3543 4288 3810 4357 strepitus

2209 4395 2458 4436 ranarum
2489 4379 2553 4434 ad
2585 4381 2814 4434 tonitrua
2858 4380 3114 4434 nubium?
3141 4379 3268 4435 Inde
3293 4378 3435 4434 enim
3468 4378 3611 4435 dedit
3631 4395 3808 4437 uocem

2208 4489 2354 4528 suam
2395 4473 2701 4536 Altissimus,
2731 4483 2777 4527 et
2804 4480 2939 4527 mota
2963 4481 3035 4526 est
3063 4481 3197 4525 terra
3226 4486 3245 4526 :
3270 4471 3437 4527 tonuit
3468 4471 3540 4526 de
3569 4474 3805 4530 nubibus

2207 4566 2338 4621 suis.
2369 4564 2499 4635 Quae
2526 4574 2650 4620 sunt
2671 4564 2838 4620 nubes
2862 4563 3012 4634 ejus?
3037 4563 3277 4634 Apostoli
3305 4563 3444 4634 ejus,
3475 4565 3805 4633 praedicato-

2207 4674 2296 4716 res
2339 4662 2476 4728 ejus,
2519 4656 2587 4713 de
2612 4657 2806 4728 quibus
2836 4655 3110 4711 intonahat
3137 4655 3436 4726 prmceptis.
3477 4659 3806 4714 coruscabat

2202 4753 2494 4810 miraculis.
2524 4752 2627 4822 Ipsi
2656 4751 2823 4807 nubes
2851 4750 2938 4821 qui
2978 4760 3031 4805 et
3057 4761 3263 4805 montes
3289 4764 3304 4803 :
3332 4757 3547 4811 montes
3582 4761 3809 4819 propter
3862 4810 3879 4827 _

2204 4845 2535 4901 altitudinem
2566 4855 2621 4901 et
2652 4844 2977 4908 ﬁrmitatem,
3017 4842 3185 4899 nubes
3229 4851 3446 4914 propter
3474 4843 3718 4912 pluviam
3756 4857 3806 4900 et
3898 4850 3913 4869 λ

2204 4940 2524 4994 ubertatem.
2555 4936 2912 5008 lrrigaverunt
2937 4935 3079 4989 enim
3108 4945 3303 4990 terram
3346 4933 3515 4988 nubes
3561 4935 3700 5001 istae,
3742 4936 3812 4991 de

2203 5028 2393 5099 quibus
2420 5027 2618 5083 dictum
2662 5035 2763 5090 est,
2808 5024 2959 5081 Dedit
2997 5042 3165 5081 vocem
3206 5040 3350 5080 suam
3390 5024 3709 5088 Altissimus.
3761 5038 3808 5081 et

2203 5127 2340 5173 mota
2369 5126 2442 5174 est
2468 5127 2620 5173 terra.
2665 5117 2741 5173 De
2772 5117 2852 5171 bis
2882 5116 3022 5171 enim
3052 5117 3279 5171 nubibus
3318 5115 3557 5171 minatur
3581 5118 3804 5175 cuidam

2198 5208 2368 5265 vincte
2397 5207 2584 5273 Sterili,
2619 5207 2758 5262 unde
2795 5207 3031 5262 translati
3071 5216 3190 5261 sunt
3222 5217 3430 5259 montes
3465 5206 3521 5259 in
3549 5222 3648 5263 eor
3676 5222 3797 5262 rna—

2197 5299 2309 5356 ris:
2341 5297 2620 5359 Mandabo,
2666 5298 2858 5368 inquit,
2906 5295 3117 5352 nubibus
3156 5297 3279 5352 meis
3322 5312 3386 5351 ne
3409 5300 3600 5368 pluunt
3642 5314 3808 5372 super

2196 5408 2305 5448 eam
2334 5391 2540 5446 imbrem
2569 5388 2718 5462 (Im.
2739 5406 2793 5457 ν,
2820 5390 2898 5462 6).
2939 5390 3051 5446 Hoc
3068 5390 3338 5459 impletum
3360 5397 3444 5445 est
3468 5389 3524 5445 in
3554 5406 3623 5447 eo
3650 5392 3803 5463 quod

2193 5482 2752 5548 commemoravimus,
2784 5482 2995 5553 quando
3037 5482 3274 5538 translati
3320 5490 3444 5537 sunt
3471 5492 3696 5540 montes
3743 5485 3803 5541 in

2193 5591 2287 5631 cur
2317 5575 2511 5629 maris:
2535 5574 2747 5646 quando
2771 5574 2971 5630 dictum
3011 5584 3113 5641 est,
3145 5574 3227 5628 Ad
3263 5590 3347 5629 vos
3377 5574 3523 5628 missi
3558 5556 3798 5644 esurias,

2190 5666 2282 5722 sed
2293 5666 2413 5738 quia
2432 5667 2692 5736 respuistis
2716 5666 2918 5722 verbum
2941 5665 3055 5734 Dei,
3078 5667 3207 5721 imus
3225 5669 3292 5720 ad
3306 5677 3479 5738 gentes
3495 5666 3638 5738 (Act.
3664 5685 3799 5738 xm,

2189 5757 2286 5831 ιϐ)
2307 5774 2322 5812 :
2347 5756 2624 5828 impletum
2662 5767 2768 5827 est,
2797 5757 3056 5813 Maudabo
3084 5757 3296 5814 nubibus
3325 5757 3469 5822 meis,
3499 5774 3568 5814 ne
3604 5758 3802 5830 pluunt

2260 5875 2726 5937 ‘Sicuss.Atedd.,
2745 5869 3062 5940 sup'erbirmt.
3435 5889 3496 5913 μς.
3572 5897 3579 5909 -
3633 5904 3649 5915 .

3678 6027 3751 6043 *Λα

3758 5900 3771 5910 ’
3821 5933 3846 6015 i
