4042 6488
282 496 429 550 σιιρη*
454 495 568 534 eant
592 479 822 534 imbrem.
845 475 1084 548 Denique
1103 477 1216 547 ipsa
1241 490 1374 546 gens
1395 475 1580 532 Judaaa
1608 474 1766 530 modo
1785 474 1862 530 sic

283 572 557 637 remansit,
605 579 856 641 tanquam
885 569 1056 625 vellus
1091 569 1293 623 siccum
1337 568 1390 621 in
1441 582 1587 622 area.
1637 564 1768 620 Nam
1810 575 1866 621 et

283 665 379 720 ltoc
405 664 574 719 nostis
603 663 888 732 contigisse
916 663 967 716 in
987 661 1220 732 quodam
1248 660 1527 714 miraculo.
1557 660 1694 714 Area
1724 644 1863 714 sicca

281 765 410 822 erat,
449 757 623 812 vellus
666 759 841 811 solum
883 755 1174 819 madebat:
1207 754 1302 810 sed
1344 753 1526 824 pluvia
1565 755 1622 808 in
1664 753 1865 808 vellere

283 867 385 906 non
425 849 720 919 apparebat
745 847 936 918 (Judic.
970 864 1042 912 vn,
1077 848 1165 910 37,
1197 846 1310 917 58).
1340 845 1430 900 Sic
1467 855 1521 900 et
1557 860 1863 899 sacrantes.

282 959 388 998 tum
416 942 546 998 Novi
577 937 903 997 Testamenti
937 957 1041 996 non
1067 939 1357 1012 apparebat
1383 939 1436 993 in
1461 948 1620 1008 gente
1646 939 1864 994 Juda-o-

281 1052 414 1091 runt.
441 1035 596 1099 Quod
618 1035 728 1090 illic
749 1035 940 1098 velitis,
967 1034 1053 1088 bic
1073 1034 1249 1088 velum
1275 1049 1288 1085 :
1317 1032 1547 1086 velatum
1576 1032 1720 1086 enim
1749 1039 1866 1086 erat

280 1136 672 1184 sacramentum
714 1129 768 1182 in
799 1127 1014 1182 vellere.
1066 1127 1120 1181 in
1167 1141 1292 1180 area
1321 1140 1470 1190 vero,
1513 1125 1569 1178 in
1616 1124 1865 1178 omnibus

279 1220 538 1277 Gentibus
558 1229 710 1292 patet
738 1220 1083 1290 Evangelium
1111 1217 1306 1274 Christi
1333 1235 1348 1273 :
1381 1217 1552 1286 piuvia
1583 1215 1880 1278 manifesta

279 1323 380 1381 est,
412 1313 552 1368 nuda
573 1322 662 1368 est
685 1313 851 1383 gratia
883 1311 1080 1366 Christi
1101 1310 1155 1372 ις
1193 1324 1298 1364 non
1319 1307 1462 1363 enim
1493 1307 1690 1376 tegitur
1715 1306 1862 1361 vela-

279 1417 476 1462 mento.
508 1405 579 1462 Ut
620 1416 796 1460 autem
837 1405 1010 1460 exiret
1039 1403 1162 1458 inde
1204 1402 1398 1470 pluvia,
1430 1415 1740 1471 expressum
1781 1409 1865 1454 est

279 1499 466 1554 vellus.
517 1499 616 1553 Per
637 1511 942 1568 presserant
975 1495 1117 1550 enim
1149 1510 1180 1548 a
1227 1509 1287 1548 se
1328 1493 1670 1548 excluserunt
1705 1487 1862 1545 Cltri-

278 1601 440 1658 stum,
485 1599 542 1646 et
582 1591 836 1644 Dominus
878 1588 989 1658 jam
1040 1587 1108 1642 de
1159 1586 1389 1640 nubibus
1441 1585 1552 1639 suis
1606 1583 1864 1653 compluit

277 1697 478 1748 aream,
501 1681 670 1736 vellus
690 1681 888 1735 siccum
919 1678 1193 1733 remansit.
1228 1675 1354 1732 Inde
1375 1691 1503 1746 ergo
1528 1675 1667 1729 dedit
1694 1690 1862 1728 uocem

279 1789 420 1828 suam
449 1773 757 1834 Altissimus,
800 1770 868 1825 de
906 1771 1022 1825 istis
1049 1768 1298 1833 nubibus,
1332 1782 1428 1837 per
1467 1781 1628 1837 quam
1674 1765 1858 1820 vacent

277 1878 433 1934 regna
466 1864 869 1926 inciinarentnr,
909 1870 966 1916 et
989 1860 1294 1914 adorarent.

343 1959 433 2012 Η.
476 1955 626 2029 [verm
668 1953 746 2026 8.]
787 1953 1032 2007 Dominus
1082 1952 1322 2006 virtutum
1373 1947 1652 2010 nobiscum,
1691 1963 1861 2002 susce-

277 2055 392 2120 ptor
430 2055 600 2101 noster
637 2045 776 2100 Dens
801 2044 983 2099 Jacob.
1017 2043 1132 2098 Non
1177 2041 1498 2112 quicumque
1528 2040 1709 2104 homo,
1749 2055 1856 2093 non

276 2147 510 2208 potestas
543 2137 814 2208 qualibet,
863 2150 970 2190 non
998 2135 1229 2204 denique
1261 2132 1504 2202 angelus,
1547 2147 1650 2186 non
1681 2131 1856 2200 aliqua

271 2238 538 2296 creatura,
583 2228 697 2283 sive
741 2237 981 2293 terrena,
1027 2225 1140 2280 sive
1174 2223 1438 2293 caelestis,
1487 2221 1580 2276 sed
1614 2219 1858 2274 Dominus

268 2320 510 2372 virtutum
541 2319 826 2381 nobiscum,
871 2324 1132 2386 susceptor
1160 2323 1328 2368 noster
1367 2308 1502 2366 Deus
1533 2309 1714 2365 Iacob.
1755 2310 1856 2378 Qui

271 2410 416 2465 misit
451 2410 704 2480 Angelus,
745 2409 890 2462 venit
917 2417 1036 2477 [utsi
1061 2407 1312 2476 Angelos,
1337 2406 1484 2461 venit
1527 2415 1583 2458 ut
1611 2405 1660 2458 ei
1691 2405 1860 2458 servi-

270 2511 392 2557 rent
424 2501 634 2571 Angeli,
661 2500 808 2553 venit
837 2508 893 2553 ut
920 2498 1167 2553 homines
1193 2498 1391 2551 iaceret
1415 2494 1650 2566 aequales
1679 2494 1854 2564 Auge-

270 2593 354 2648 lis.
383 2593 567 2663 Magna
593 2592 783 2661 gratia.
811 2590 867 2644 Si
893 2589 1029 2644 Deus
1055 2602 1152 2659 pro
1176 2588 1348 2651 nobis,
1371 2587 1490 2656 quis
1507 2596 1696 2641 contra
1725 2585 1856 2639 nos?

274 2682 523 2738 Dominus
565 2682 804 2736 uirtutum
850 2681 1126 2734 nobiscum.
1173 2677 1304 2744 Quis
1341 2676 1591 2730 Dominus
1617 2678 1853 2731 uirtutum

272 2775 546 2830 uobiscum.
601 2773 661 2828 Si
693 2774 833 2828 Deus
878 2787 974 2842 pro
1016 2771 1189 2834 nobis,
1235 2771 1470 2840 inquam,
1507 2769 1630 2838 quis
1669 2777 1854 2824 contra

273 2868 407 2922 nos?
430 2867 530 2934 Qui
560 2865 696 2920 Filio
719 2880 819 2920 suo
846 2864 1064 2933 proprio
1092 2878 1196 2917 non
1227 2860 1487 2932 pepercit,
1514 2859 1610 2916 sed
1645 2875 1742 2930 pro
1767 2877 1856 2914 tto-

271 2957 346 3014 bis
377 2958 626 3012 omnibus
653 2957 868 3011 tradidit
896 2957 1064 3022 illum,
1095 2953 1361 3025 quomodo
1389 2967 1495 3008 non
1523 2961 1578 3008 et
1603 2967 1724 3006 cum
1761 2952 1855 3006 illo

269 3053 443 3106 omnia
472 3050 624 3105 nobis
651 3049 867 3104 donavit
895 3049 1066 3120 (Rom.
1098 3063 1212 3111 vni,
1237 3048 1326 3111 ‘51,
1347 3045 1476 3116 32)?
1509 3045 1650 3116 Ergo
1676 3045 1853 3100 securi

270 3142 452 3205 simus,
480 3142 531 3196 in
562 3139 946 3209 minquillitate
970 3137 1148 3192 cordis
1173 3136 1472 3190 nutriamus
1501 3135 1696 3188 bonam
1722 3147 1854 3188 cou-

268 3235 538 3290 scientiam
587 3235 656 3287 de
703 3245 838 3302 pane
891 3229 1120 3283 Domini.
1183 3226 1434 3280 Domi-nus
1477 3227 1716 3280 uirtutum
1753 3243 1852 3281 no-

271 3326 478 3390 biscum,
521 3333 782 3393 susceptor
820 3330 985 3375 noster
1031 3319 1169 3373 Deus
1204 3317 1386 3372 Iacob.
1414 3316 1854 3386 Quantacun-tque

268 3419 336 3473 sit
371 3416 657 3472 infirmitas
703 3424 814 3476 tua,
865 3412 984 3466 vide
1027 3411 1148 3481 quis
1190 3420 1241 3466 te
1286 3410 1562 3478 suscipiat.
1608 3408 1854 3478 Egrotat

272 3511 448 3565 nescio
473 3509 614 3579 quis,
641 3506 925 3561 adhibetur
950 3504 1188 3558 medicus
1212 3519 1228 3566 ;
1248 3511 1557 3570 susceptum
1587 3515 1742 3554 suum
1768 3507 1852 3555 ut-

271 3601 337 3656 cit
359 3601 601 3656 medicus
627 3607 908 3667 aegrotum.
935 3596 1066 3663 Quis
1084 3610 1203 3648 eum
1232 3593 1504 3662 suscepit?
1523 3590 1638 3648 Ille.
1665 3591 1850 3661 Magna

267 3709 387 3764 spes
409 3692 618 3755 salutis,
649 3703 868 3758 magnus
899 3687 1136 3741 medicus
1156 3699 1275 3739 eum
1304 3684 1557 3753 suscepit.
1584 3683 1715 3752 Quis
1740 3700 1851 3737 me-

269 3787 412 3841 dicus
428 3785 454 3839 ?
483 3781 671 3839 Omnis
691 3778 929 3836 medicus
949 3788 1142 3848 printer
1168 3778 1318 3831 illum
1345 3776 1506 3831 homo
1531 3785 1613 3831 est
1639 3793 1654 3830 :
1675 3778 1852 3832 omnis

269 3879 504 3934 medicus
542 3875 633 3946 qui
679 3873 823 3927 venit
863 3872 928 3926 ad
974 3872 1263 3933 inllrmum,
1313 3869 1414 3922 alia
1453 3868 1543 3924 die
1591 3868 1849 3923 infirmari

273 3981 460 4041 potest,
505 3977 700 4038 przeter
743 3967 916 4021 illum.
965 3961 1243 4034 Susceptor
1291 3970 1459 4017 noster
1487 3960 1628 4016 Deus
1667 3961 1847 4016 Iacob.

271 4061 372 4118 Fac
397 4072 448 4116 te
480 4060 733 4114 infantem
759 4056 1036 4127 parvulum
1079 4055 1319 4118 omnino,
1347 4053 1532 4121 quales
1557 4067 1587 4106 a
1616 4054 1851 4122 parenti-

269 4152 363 4208 bus
389 4151 774 4221 suscipiuntur.
816 4148 918 4215 Qui
949 4147 1090 4201 enim
1136 4161 1241 4198 non
1269 4144 1650 4213 suscipiuntur,
1682 4159 1850 4213 expoo

274 4256 466 4301 nuntur
494 4262 508 4297 :
537 4245 628 4315 qui
657 4241 1043 4311 suscipiuntur,
1072 4238 1398 4293 nutriuntur.
1437 4238 1666 4293 Putasne
1692 4239 1771 4292 sic
1800 4251 1853 4293 te

267 4341 502 4409 suscepit
529 4339 689 4402 Deus,
719 4333 989 4406 quomodo
1025 4333 1276 4386 infantem
1323 4340 1374 4385 te
1403 4331 1638 4401 suscepit
1681 4340 1852 4386 mater

275 4432 394 4485 tua?
419 4431 534 4486 Non
562 4430 660 4493 sic,
701 4427 794 4482 sed
827 4429 880 4480 in
914 4435 1194 4480 aeternum.
1229 4421 1341 4476 Tua
1380 4423 1524 4476 enim
1558 4435 1658 4475 vox
1689 4431 1769 4474 est
1797 4422 1850 4476 iit

272 4524 359 4578 illo
387 4524 594 4594 psalmo
617 4539 632 4575 :
665 4520 915 4585 Quoniam
944 4526 1089 4588 pater
1116 4532 1254 4570 mens
1281 4525 1327 4568 et
1347 4523 1506 4567 mater
1531 4529 1641 4568 mea
1666 4513 1849 4568 dereli-

271 4624 478 4687 querunt
503 4631 602 4678 me,
635 4610 884 4666 Dominus
910 4619 1076 4662 autem
1113 4607 1382 4678 assumpsit
1411 4623 1490 4660 me
1511 4605 1685 4676 (Psal.
1704 4623 1848 4674 xxvi,

277 4707 381 4775 £0).
413 4707 692 4776 Susceptor
719 4712 886 4757 noster
906 4700 1046 4754 Deus
1067 4698 1245 4753 Iacob.

343 4798 429 4854 12.
467 4796 622 4873 [item
651 4793 732 4868 9.]
782 4793 970 4855 Venite,
1011 4800 1059 4846 ιι
1101 4791 1264 4846 uidete
1289 4805 1447 4860 opera
1482 4787 1848 4847 DominiJam

269 4891 337 4945 de
361 4891 462 4948 liae
485 4889 830 4958 suseeplicne
846 4884 971 4956 quid
998 4882 1122 4938 fecit
1153 4883 1449 4940 Dominus?
1468 4881 1853 4938 Animadverte

271 4982 454 5037 urbem
483 4991 769 5044 terrarum,
807 4977 950 5043 veni,
998 4986 1052 5031 et
1079 4975 1220 5028 vide.
1264 4974 1318 5031 Si
1365 4975 1512 5029 enim
1541 4987 1647 5028 non
1676 4975 1849 5038 venis,

273 5087 379 5127 non
408 5070 588 5136 vides;
617 5069 663 5124 si
689 5085 795 5124 non
839 5067 1014 5132 vides,
1041 5080 1150 5122 non
1181 5065 1393 5129 credis;
1435 5065 1482 5120 si
1520 5079 1625 5120 non
1653 5064 1849 5131 credis,

275 5162 427 5233 longe
468 5172 621 5217 stas:
654 5161 697 5215 si
727 5159 926 5222 credis,
966 5157 1151 5219 venis;
1196 5157 1241 5211 si
1281 5154 1477 5217 credis,
1508 5156 1677 5214 vides.
1717 5157 1854 5226 Quo-

274 5255 435 5311 modo
463 5257 604 5309 enim
633 5252 840 5320 venitur
861 5251 930 5306 ad
963 5258 1198 5322 montem
1239 5247 1436 5303 istum?
1465 5246 1727 5318 Numquid
1754 5262 1852 5318 pe-

273 5345 463 5399 dibus?
492 5343 750 5414 numquid
782 5341 1038 5396 navibus?
1065 5339 1319 5408 nttmquid
1347 5336 1572 5408 pennis?
1599 5338 1853 5409 numquid

271 5437 466 5507 «tuis?
488 5436 754 5502 Quantum
785 5434 975 5489 attinet
1010 5429 1078 5486 ad
1107 5431 1347 5486 locorum
1376 5429 1566 5500 spatia,
1597 5445 1665 5484 ne
1709 5440 1853 5485 sata-

340 5633 356 5699 _'
386 5638 453 5682 tta
473 5633 520 5682 in
543 5639 649 5681 uss.
677 5637 732 5679 At
764 5631 815 5680 ia
847 5628 982 5699 edd.,
1004 5641 1061 5697 eo
1081 5625 1207 5699 quod
1230 5624 1332 5699 illis
1354 5623 1502 5678 vellus
1533 5631 1656 5685 erat,
1767 5624 1856 5699 hoc

277 5692 482 5744 aetatum
500 5699 604 5743 erat
627 5697 982 5742 sacramentum
1002 5689 1053 5739 in
1073 5689 1265 5740 neuere.
1296 5697 1349 5738 nt
1377 5701 1494 5738 area
1523 5701 1652 5746 vero,
1689 5689 1744 5740 id
1765 5696 1852 5749 est,

276 5751 332 5804 in
581 5752 816 5822 gadium,
842 5751 927 5822 ubi
959 5758 1090 5822 patet
1127 5750 1428 5822 aumatium
1463 5749 1658 5814 Christi,
1693 5751 1856 5814 platea

272 5816 516 5880 laniata
535 5812 624 5874 es},
649 5814 782 5865 nuda
801 5821 871 5865 est
893 5812 1012 5864 area
1033 5812 1227 5865 Christi.

552 5902 780 5963 δηιοτ.
815 5901 1099 5994 Αυιςςετ.
1147 5895 1253 5958 ιν.

1355 356 1749 418 autumno
1779 359 1842 414 IN
1881 318 2200 418 assensu
2238 361 2396 418 xu.

3445 369 3557 446 ω,

1974 489 2090 545 gas,
2135 491 2202 531 ne
2248 477 2604 544 conturbesis,
2654 480 2768 550 ipse
2809 482 2877 538 ad
2917 493 2969 539 te
3014 484 3176 540 venit.
3232 484 3444 542 Etenim
3486 502 3556 545 es

1968 565 2144 637 lapide
2170 583 2339 638 parvo
2369 571 2556 638 crevit,
2585 582 2639 626 et
2660 571 2828 628 factus
2848 584 3105 631 estmons
3133 593 3372 647 magnus,
3399 579 3471 634 ita
3498 589 3556 635 ut

1969 657 2215 729 impleret
2256 662 2560 717 universam
2601 662 2792 720 facient
2837 675 3014 722 terrae.
3055 669 3192 740 Quid
3225 672 3305 726 vis
3326 685 3458 745 ergo
3485 673 3554 740 ad

1967 763 2090 806 eum
2117 766 2211 820 per
2230 760 2403 808 terras
2429 755 2632 820 venire,
2658 755 2748 825 qui
2779 766 2950 812 terras
2975 758 3252 830 implevit?
3281 761 3418 819 Ecce
3441 762 3553 834 jam

1969 843 2154 909 venit;
2199 845 2387 916 evigila
2423 846 2760 902 :crescendo
2787 859 2841 904 et
2866 849 3198 908 dormientes
3239 855 3478 923 pulsat‘;
3507 857 3553 912 si

1967 941 2145 1000 tamen
2177 953 2284 993 non
2311 946 2489 993 tantus
2527 939 2580 994 in
2619 938 2706 996 eis
2732 956 2952 998 somnus
2977 952 3080 1010 est,
3110 961 3199 1015 qnt
3227 947 3390 1001 etiam
3419 964 3554 1005 con-

1970 1035 2050 1080 tra
2087 1037 2320 1082 montem
2361 1031 2664 1088 venientem
2715 1030 3098 1104 obdurescunt,
3144 1037 3239 1094 sed
3285 1041 3504 1096 audiant
3533 1059 3552 1095 :

1971 1115 2138 1186 Surge
2156 1118 2246 1188 qui
2266 1118 2487 1186 dormis,
2515 1130 2564 1176 et
2590 1137 2804 1194 exurge
2842 1141 2875 1178 α
2910 1127 3142 1192 mortuis,
3171 1139 3218 1182 et
3244 1128 3556 1186 illuminalm

1969 1215 2017 1260 te
2040 1205 2266 1263 Christus
2291 1209 2504 1282 (Ephes.
2533 1228 2588 1279 v,
2621 1213 2732 1284 14).
2773 1213 2991 1271 Multum
3027 1219 3167 1272 enim
3207 1229 3325 1274 erat
3348 1221 3554 1279 Judteis

1968 1296 2152 1379 videre
2179 1299 2426 1369 lapidem.
2465 1302 2623 1372 Lapis
2655 1305 2796 1359 enim
2826 1304 2915 1361 ille
2943 1308 3118 1363 adhuc
3148 1325 3341 1379 parvus
3391 1322 3546 1368 erat:

1969 1373 2162 1443 meriio
2198 1402 2257 1444 et
2295 1407 2513 1458 parvum
2543 1407 3000 1466 contempserunt,
3028 1404 3421 1460 contemnendo
3458 1405 3547 1460 of-

1967 1475 2268 1546 fenderunt,
2300 1493 2354 1538 et
2397 1483 2716 1541 oil‘cndendo
2741 1490 2975 1557 quassati
3013 1501 3170 1556 sunt;
3212 1503 3376 1549 restat
3403 1506 3460 1550 ut
3494 1506 3544 1554 et

1966 1580 2333 1628 conterantur.
2365 1574 2476 1630 Hoc
2496 1577 2637 1630 enim
2665 1579 2732 1632 de
2758 1581 2932 1649 lapide
2959 1581 3051 1638 illo
3079 1583 3279 1640 dictum
3303 1595 3419 1641 est:
3446 1587 3548 1656 Qui

1964 1659 2231 1728 oﬂettderit
2265 1665 2318 1718 in
2353 1664 2574 1736 lapidem
2616 1668 2784 1736 illum,
2827 1675 3175 1741 conquassabit
3213 1692 3360 1741 eum;
3395 1694 3549 1751 super

1963 1769 2109 1822 quem
2152 1756 2358 1823 uenerit,
2405 1768 2620 1812 conteret
2659 1778 2772 1814 eum
2817 1762 2965 1832 (Luc.
2998 1781 3095 1832 xx,
3130 1768 3238 1838 18).
3273 1769 3429 1824 Aliud
3463 1781 3549 1828 est

1961 1847 2326 1914 conquassari,
2376 1849 2520 1904 aliud
2561 1854 2776 1908 .contet'i
2807 1872 2822 1908 :
2848 1860 3195 1926 conquassari
3245 1861 3421 1915 minus
3462 1872 3546 1918 est

1961 1950 2122 2004 quam
2162 1940 2402 1994 conteri:
2436 1942 2530 1996 sed
2577 1945 2846 2010 neminem
2888 1951 3117 2004 conterit
3166 1954 3410 2008 excelsus
3449 1970 3549 2010 ve-

1962 2028 2156 2094 niens,
2213 2030 2317 2084 nisi
2361 2047 2527 2100 quem
2579 2039 3019 2105 conquassaverit
3072 2039 3288 2096 bumilis
3335 2043 3544 2113 iacens.

1958 2117 2118 2174 Modo
2145 2122 2287 2175 enim
2312 2132 2598 2194 antequam
2620 2128 2796 2182 veniat
2817 2129 3070 2185 Dominus
3099 2142 3298 2198 uoster,
3333 2137 3547 2191 humili-

1958 2218 2044 2265 ter
2067 2210 2234 2280 jaeuit
2276 2213 2496 2281 Judazis,
2547 2226 2604 2271 et
2634 2217 2973 2282 otl'cnderunt
2999 2222 3055 2276 in
3095 2223 3265 2290 illum,
3315 2237 3366 2282 et
3411 2243 3543 2286 cutt—

1960 2308 2194 2372 qnassati
2239 2317 2405 2362 sunt:
2439 2309 2618 2365 veniet
2645 2321 2829 2379 postea
2883 2313 2935 2368 itt
2970 2314 3175 2384 judicio
3217 2333 3317 2372 suo
3366 2320 3546 2377 clarus

1959 2403 2122 2464 atque
2145 2395 2306 2461 altus,
2335 2413 2559 2468 magnus
2587 2412 2638 2455 ct
2673 2411 2892 2468 potens;
2921 2419 3027 2458 nou
3058 2405 3300 2462 inﬁrmus
3325 2409 3546 2479 ntjndi-

1959 2494 2133 2553 cetur,
2170 2487 2264 2541 sed
2304 2489 2458 2544 [ortis
2484 2502 2541 2544 ut
2569 2491 2791 2560 iudicet,
2821 2503 2875 2549 et
2913 2506 3155 2552 conterat
3179 2514 3274 2554 eos
3299 2501 3389 2570 qui
3417 2517 3546 2558 cnu-

1958 2581 2194 2647 quas~ati
2235 2591 2364 2638 sunt
2404 2583 2604 2638 ineunt
2633 2585 2975 2642 oll'endendo.
3022 2589 3180 2659 Lapis
3208 2593 3350 2648 enini
3378 2593 3547 2650 oti'ett-

1957 2668 2126 2723 sionis
2173 2681 2225 2724 et
2273 2681 2419 2740 petra
2475 2675 2714 2729 seandali
2762 2691 2867 2730 non
2921 2679 3261 2735 credentibus
3307 2682 3420 2752 ipse
3460 2695 3544 2741 est

1958 2758 2002 2822 (Ι
2031 2757 2172 2813 Par.
2204 2777 2262 2824 tt,
2290 2765 2368 2832 8).
2403 2763 2563 2833 Ergo,
2593 2767 2874 2832 carissimi,
2914 2785 3018 2824 non
3048 2782 3130 2826 est
3151 2772 3343 2827 mirum
3369 2776 3413 2829 si
3442 2775 3541 2831 Ju-

1955 2849 2057 2905 daei
2093 2868 2198 2906 non
2239 2865 2568 2923 agnoverunt
2603 2873 2761 2926 quem
2801 2868 3048 2930 tanquam
3093 2865 3374 2932 parvulum
3403 2867 3541 2938 lapi-

1955 2948 2076 2998 dem
2114 2955 2239 3000 ante
2279 2945 2442 3015 pedes
2482 2963 2609 3004 suus
2642 2951 2910 3020 jacentem
2955 2965 3432 3027 cctttemp-erunt:
3465 2962 3541 3018 illi

1957 3034 2184 3088 mirandi
2214 3045 2339 3090 sunt.
2364 3038 2453 3108 qui
2479 3039 2652 3094 adhuc
2679 3050 2782 3102 tant
2810 3059 3059 3112 magnum
3091 3057 3325 3102 montem
3356 3052 3545 3108 nolunt
3574 3063 3577 3065 ’

1949 3141 2269 3195 agnoscere.
2315 3128 2485 3184 Judaei
2526 3131 2577 3185 in
2625 3131 2852 3203 lapidem
2901 3151 3120 3203 parvum
3165 3155 3272 3193 non
3314 3141 3544 3198 videndo

1956 3217 2316 3285 ollenderunt,
2341 3221 2576 3276 itan-elici
2594 3222 2647 3277 itt
2673 3233 2911 3280 montem
2933 3226 3230 3283 nll'endunt.
3256 3229 3373 3286 Jatn
3395 3235 3542 3289 enim

1955 3307 2126 3361 crevit
2155 3309 2245 3364 ille
2275 3309 2437 3379 lapis;
2462 3311 2571 3379 jam
2610 3312 2838 3368 dicimus
2874 3316 3000 3383 illis,
3031 3318 3168 3374 Ecce
3202 3320 3417 3391 impleta
3455 3334 3544 3379 est

1954 3399 2235 3468 prophetia
2273 3399 2528 3464 Daniclis,
2568 3399 2727 3471 Lapis
2774 3404 2862 3458 ille
2897 3406 2988 3474 qui
3031 3418 3149 3462 erat
3185 3425 3403 3478 parvus,
3450 3416 3542 3484 fa-

1955 3503 2064 3543 ctus
2105 3501 2177 3544 est
2212 3507 2354 3544 mons
2399 3508 2630 3563 magnus,
2677 3503 2724 3547 et
2765 3495 2988 3564 impleuit
3029 3499 3314 3554 uniuersam
3352 3511 3540 3558 terram

1960 3580 2118 3654 (Dan.
2151 3599 2208 3647 tt,
2232 3582 2350 3655 55).
2386 3586 2562 3651 Quare
2583 3585 2640 3640 iit
2671 3587 2817 3642 illum
2854 3588 3142 3659 alienditis,
3175 3602 3228 3647 et
3254 3609 3360 3650 non
3389 3595 3442 3650 in
3470 3597 3539 3652 ii-

1957 3675 2065 3730 lum
2095 3675 2428 3732 ascenditis?
2456 3677 2586 3745 Quis
2619 3688 2724 3734 tam
2766 3696 2942 3735 caicus
2979 3691 3065 3738 est
3102 3696 3158 3738 ut
3205 3685 3443 3742 oﬂ'endat
3477 3691 3534 3746 itt

1955 3769 2232 3823 tuentem?
2253 3769 2412 3837 Quasi
2444 3769 2566 3826 ideo
2586 3771 2652 3826 ad
2685 3782 2737 3826 te
2757 3775 2966 3828 venerit
2995 3785 3050 3830 ut
3073 3774 3279 3833 habeas
3299 3779 3354 3834 iu
3377 3795 3536 3849 quem

1955 3861 2213 3928 oil‘cndas,
2259 3873 2316 3919 et
2356 3879 2462 3919 non
2508 3865 2705 3920 habeas
2747 3866 2800 3920 in
2844 3882 3004 3936 quem
3026 3869 3305 3925 ascendas.
3346 3869 3538 3936 Venite,

1953 3952 2287 4007 ascendamus
2313 3953 2380 4008 ad
2404 3965 2623 4010 montem
2649 3954 2853 4011 Domini
2881 3955 3034 4027 (Issi.
3059 3974 3118 4022 tt.
3146 3961 3221 4030 3).
3253 3960 3417 4018 lunias
3440 3962 3544 4020 hoc

1955 4045 2085 4102 dicit
2108 4063 2123 4100 ε
2163 4045 2357 4114 Venite,
2379 4047 2733 4106 ascendam.
2765 4048 2904 4118 Quid
2930 4058 3034 4114 est,
3076 4050 3268 4117 Venite,
3295 4057 3546 4111 ascenda-

1958 4139 2119 4194 mus.’
2157 4137 2351 4206 Venite,
2392 4151 2476 4196 est
2514 4141 2755 4206 credite;
2796 4144 3148 4211 mendum,
3178 4146 3540 4216 proﬁciamus-

1955 4229 2047 4286 lsti
2094 4233 2272 4286 autem
2314 4246 2414 4287 nec
2451 4233 2636 4288 venire
2680 4232 2888 4297 volunt,
2941 4249 3044 4290 nec
3085 4236 3398 4304 ascendere,
3437 4253 3542 4294 nec

1953 4322 2198 4386 credere,
2228 4338 2328 4378 nec
2353 4319 2630 4392 proﬁcere.
2663 4325 2882 4381 Latratu
2916 4336 3102 4381 contra
3131 4339 3388 4384 montem.
3417 4331 3537 4388 iam

1955 4413 2009 4468 in
2049 4412 2198 4467 illum
2243 4415 2402 4468 toties
2443 4413 2765 4470 oll'endendo
2791 4417 3026 4485 quassati
3073 4427 3218 4482 sunt,
3259 4426 3315 4473 et
3351 4421 3543 4478 nolunt

1954 4502 2269 4568 ascendere,
2297 4517 2512 4573 semper
2529 4492 2788 4573 eligentes
2819 4504 3111 4568 oﬂ'endere.
3146 4507 3393 4565 Dicamus
3414 4509 3540 4576 illis,

1969 4593 2158 4660 Venite,
2185 4604 2232 4650 et
2253 4595 2412 4658 uidete
2439 4611 2595 4666 opera
2617 4595 2846 4660 Domini,
2866 4613 2982 4668 qua
2999 4599 3166 4669 posuit
3193 4602 3432 4673 prodigia
3453 4620 3537 4660 su-

1953 4696 2274 4758 perterrent.
2312 4687 2562 4758 Prodigia
2588 4688 2860 4754 dicuntur,
2892 4692 3034 4760 quod
3082 4693 3281 4764 aliquid
3317 4705 3541 4766 porten-

1956 4781 2108 4848 dant,
2136 4782 2289 4854 signa
2320 4782 2408 4839 illa
2450 4785 2828 4840 miraculorum
2855 4800 2976 4856 qua:
3013 4785 3152 4843 facta
3175 4799 3303 4846 sunt
3327 4792 3543 4862 quando

1957 4872 2188 4929 mundus
2224 4873 2472 4931 credidit.
2515 4874 2586 4930 Et
2611 4874 2740 4946 quid
2782 4876 2909 4932 inde
2955 4875 3151 4935 factum
3191 4889 3296 4947 est,
3335 4891 3391 4939 et
3414 4882 3543 4955 quid

1959 4965 2348 5036 portendebant
2359 4971 2385 5020 ἲ

2029 5059 2116 5115 15.
2141 5058 2291 5133 [νει-ε.
2319 5057 2433 5133 10.]
2459 5058 2706 5132 Auferen
2721 5060 2851 5116 bella
2865 5078 3021 5135 usque
3033 5065 3240 5134 adﬁnes
3251 5075 3416 5122 terra.
3430 5066 3545 5124 Hoc

1957 5149 2195 5206 nondum
2224 5150 2463 5206 videmus
2489 5165 2609 5207 esse
2639 5153 2996 5224 completum:
3023 5168 3148 5211 sunt
3171 5156 3349 5212 adhuc
3383 5143 3538 5222 bella,

1959 5251 2084 5296 sunt
2097 5242 2235 5296 inter
2249 5250 2434 5311 gentes
2453 5257 2549 5310 pro
2566 5257 2735 5313 regno
2753 5261 2768 5308 ;
2790 5244 2926 5300 inter
2941 5255 3134 5312 sectas,
3155 5247 3538 5314 interiudteos,

1961 5332 2222 5402 Paganns,
2261 5331 2614 5397 Christianos,
2643 5333 2944 5403 haereticos,
2983 5346 3113 5392 sunt
3135 5337 3295 5403 bella,
3323 5337 3543 5394 crebre-

1957 5433 2111 5480 scunt
2125 5424 2260 5480 bella
2281 5439 2296 5491 ;
2313 5424 2432 5479 aliis
2447 5441 2542 5494 pro
2555 5429 2795 5514 veritate,
2811 5429 2928 5484 aliis
2945 5444 3042 5498 pro
3057 5428 3285 5490 falsitate
3295 5435 3544 5490 certanti-

2027 5627 2043 5660 ι
2385 5623 3122 5690 credendo,putsat.
3135 5631 3242 5676 uss.
3262 5640 3382 5678 vero
3393 5630 3543 5680 unde-

1960 5689 2071 5752 cim,
2097 5685 2677 5752 etdqrmientesputsat:
2699 5685 2849 5752 atque
2877 5686 3025 5736 iidem
3047 5700 3158 5752 cum
3179 5696 3375 5752 caeteris
3397 5700 3537 5752 vetu-

1959 5750 2052 5815 stis
2069 5749 2179 5798 edd.
2204 5747 2329 5815 loco,
2348 5747 2609 5815 credendo,
2635 5747 2852 5815 babeitt,_
2871 5748 3132 5815 crescatdo
3159 5761 3178 5798 :
3200 5750 3328 5815 quod
3351 5750 3541 5806 scilicet

1963 5811 2178 5862 refertur
2200 5811 2260 5861 ad
2281 5806 2532 5875 superisa
2554 5806 2722 5874 verba,
2749 5806 2997 5872 ex'tapide
3020 5823 3170 5872 parvo
3185 5806 3350 5863 cierit.

2847 5891 3253 5972 (οἰκ-σφι.)
