4042 6478
476 479 596 534 bus.
615 473 858 532 Nondum
875 485 1002 543 ergo
1016 467 1339 538 completum
1354 472 1456 528 est,
1477 461 1724 535 Auferens
1748 459 1880 514 bella
1895 473 2050 528 usque

470 570 545 623 ad
571 570 697 638 fines
719 575 898 621 terrae:
915 561 1008 618 sed
1036 560 1261 616 fortasse
1298 554 1670 626 complebltur.
1699 553 1780 607 An
1807 559 1863 606 et
1897 549 2056 604 modo

475 660 801 730 completum
845 653 964 711 est?
1013 653 1069 708 ln
1113 650 1424 723 quibusdam
1479 646 1799 716 completum
1849 652 1970 698 est:
2000 643 2053 695 in

469 753 655 808 ‘tritico
674 749 994 820 completum
1021 753 1124 811 est,
1154 743 1209 799 in
1234 741 1450 797 zizaniis
1476 739 1707 794 nondum
1732 734 2053 804 completum

477 851 582 898 est.
610 839 748 908 Quid
775 845 856 894 es:
894 836 1000 893 hoc
1024 849 1172 904 ergo,
1214 833 1458 903 Auferens
1487 827 1619 883 bella
1655 841 1812 896 usque
1837 824 1904 877 ad
1929 823 2056 892 ﬁnes

481 933 662 988 terra?
691 929 838 986 Bella
876 925 1024 993 dicit,
1063 925 1254 996 quibus
1301 922 1526 977 bellator
1557 918 1816 972 adversus
1851 913 2057 968 Deum?

479 1025 611 1094 Quis
649 1023 793 1078 enim
822 1020 985 1076 milat
1015 1018 1271 1073 adversus
1296 1012 1499 1069 Deum?
1527 1011 1795 1080 impietas.
1841 1008 1907 1062 Et
1930 1005 2056 1076 quid

480 1125 658 1188 potest
686 1114 860 1170 facere
904 1113 1013 1167 Deo
1059 1106 1346 1180 impietas?
1380 1103 1541 1160 Nihil.
1567 1101 1706 1170 Quid
1743 1099 1871 1154 facit
1896 1097 2056 1152 ﬁctile

479 1224 577 1263 vas
601 1207 788 1262 elisum
815 1204 880 1259 ad
906 1208 1130 1275 petram,
1160 1197 1399 1269 quamvis
1426 1196 1770 1251 vehementer
1793 1189 2057 1246 elidatur?

475 1292 655 1356 Tanto
689 1299 890 1367 majore
916 1296 1054 1350 malo
1083 1309 1180 1348 suo
1205 1291 1365 1356 venit,
1397 1297 1599 1360 quanto
1621 1285 1823 1356 majore
1857 1284 2058 1352 impetu

483 1391 711 1448 venerit.
747 1389 872 1444 Haec
897 1387 1036 1442 bella
1074 1397 1262 1455 magna
1286 1387 1458 1447 erant,
1504 1378 1691 1434 crebra
1720 1385 1891 1431 erant.
1919 1375 2059 1428 Con-

482 1493 566 1539 tra
592 1483 757 1538 Deum
785 1479 1028 1549 impietas
1053 1474 1358 1537 dimicabat,
1388 1480 1441 1527 et
1459 1483 1586 1524 vasa
1613 1469 1792 1523 ﬁctilia
1821 1475 2061 1520 contere-

483 1573 712 1630 bantur:
740 1567 1116 1644 przcsumendo
1143 1566 1212 1621 de
1251 1579 1312 1619 se
1353 1562 1615 1627 homines,
1645 1559 1712 1614 de
1741 1558 1935 1614 virtute
1963 1568 2056 1611 sna

483 1668 708 1726 multum
764 1661 1120 1737 pragvalendo.
1171 1657 1334 1727 Cujus
1374 1655 1451 1710 rei
1501 1661 1706 1710 scutum
1755 1651 1912 1706 etiam
1960 1649 2060 1704 Job

485 1761 620 1816 dixit
661 1757 730 1814 de
768 1755 996 1827 quodam
1037 1750 1243 1821 impio:
1275 1747 1508 1802 Cucurrit
1533 1745 1771 1798 adversus
1801 1739 1962 1794 Deum
2006 1741 2060 1793 in

484 1869 656 1909 crassa
697 1850 883 1904 cervice
926 1844 1055 1900 scuti
1103 1843 1184 1897 sui
1234 1839 1356 1909 (Job
1401 1834 1627 1908 xv,26).
1670 1833 1806 1903 Quid
1853 1843 1954 1896 est,
2006 1834 2059 1886 in

484 1958 657 1999 crassa
679 1939 866 1996 ceruice
888 1938 1013 1992 scuti
1046 1933 1166 1989 sui?
1190 1931 1420 1986 Nimium
1448 1925 1818 2000 praesumendo
1837 1924 1904 1980 de
1931 1938 2058 1993 pro»

484 2035 716 2091 tectione
745 2045 859 2085 sua.
902 2023 1293 2097 Numquidnam
1333 2022 1419 2075 isti
1448 2019 1580 2074 tales
1624 2025 1776 2072 erant
1798 2016 1886 2084 qui
1911 2015 2060 2069 dice-

483 2127 648 2183 bant:
679 2124 817 2177 Deus
845 2128 1014 2175 noster
1034 2115 1286 2189 refugium
1318 2122 1364 2167 et
1389 2113 1564 2176 virtus,
1587 2109 1793 2179 adjutor
1818 2108 1871 2160 in
1900 2107 2059 2160 tribu-

486 2217 755 2273 lationibus
799 2227 912 2282 qua:
963 2211 1261 2265 invenerunt
1319 2221 1412 2260 nos
1463 2203 1649 2258 nimis?
1704 2209 1796 2256 aut
1845 2200 1898 2254 in
1957 2199 2062 2253 alio

482 2309 731 2381 psalmo:
762 2303 883 2359 Non
917 2303 1047 2356 enim
1083 2301 1140 2354 in
1179 2313 1304 2351 arcu
1339 2311 1450 2350 meo
1473 2294 1705 2364 sperabo,
1733 2303 1779 2347 et
1804 2291 2062 2345 brachium

483 2413 652 2454 meum
681 2411 781 2450 non
804 2393 1013 2448 salvabit
1053 2406 1132 2444 me
1169 2387 1338 2461 (Psal.
1363 2401 1509 2452 XLIII,
1541 2383 1640 2454 7)?
1663 2382 1886 2451 Quando
1913 2382 2061 2452 quis-

485 2505 588 2562 que
627 2485 899 2559 cognoscit
925 2485 1046 2554 quia
1085 2483 1137 2536 in
1166 2479 1341 2548 seipse
1371 2475 1503 2531 nihil
1532 2484 1634 2542 est,
1665 2483 1718 2530 et
1743 2473 2061 2543 adjutorium

467 2580 552 2636 "de
572 2594 630 2633 se
660 2577 861 2631 nullum
889 2573 1067 2638 habet,
1097 2584 1244 2624 arma
1271 2569 1322 2622 in
1349 2567 1442 2621 illo
1460 2564 1728 2621 confracta
1758 2572 1900 2629 sunt,
1925 2562 2062 2618 bella

485 2672 667 2727 sedata
710 2678 854 2722 sunt.
895 2665 1043 2720 Talia
1087 2676 1215 2731 ergo
1243 2659 1378 2715 bella
1416 2658 1613 2713 delevit
1636 2671 1740 2712 vox
1771 2656 1854 2710 illa
1901 2657 2065 2710 Altis-

484 2761 603 2816 simi
631 2759 698 2814 de
725 2757 952 2812 nubibus
987 2755 1205 2816 sanctis,
1248 2764 1350 2820 qua
1386 2758 1526 2803 terra
1571 2754 1833 2801 commota
1878 2754 1978 2812 est,
2007 2754 2063 2800 et

469 2851 736 2907 inclinata
760 2855 882 2902 sunt
913 2855 1070 2914 regna
1103 2859 1118 2896 :
1144 2839 1362 2895 abstulit
1387 2837 1502 2893 lucc
1542 2837 1676 2893 bella
1700 2852 1868 2907 usque
1891 2836 1955 2890 ad
1995 2836 2059 2890 ﬁ-

469 2955 581 2998 ‘tles
605 2950 778 2996 terrae.
807 2937 993 2990 Arcum
1019 2939 1258 2997 conteret,
1285 2938 1332 2984 et
1347 2929 1629 3001 confringet
1651 2943 1816 2993 arma,
1845 2937 1893 2980 et
1919 2937 2061 2980 scuta

481 3031 738 3088 comburet
774 3029 900 3099 igni.
933 3030 1119 3088 Arcus,
1167 3037 1336 3085 arma,
1367 3031 1538 3086 scuta,
1565 3019 1724 3090 ignis.
1756 3019 1926 3074 Arcus
1953 3027 2057 3084 est,

465 3125 724 3189 'insidim;
777 3132 944 3184 arma,
992 3115 1198 3187 publica
1242 3111 1596 3183 oppugnatio;
1645 3119 1876 3175 scutum,
1925 3123 2059 3163 vana

467 3212 916 3288 9pmumptionis
942 3208 1258 3282 protectio‘.
1287 3205 1425 3276 Ignis
1465 3219 1570 3276 quo
1603 3205 1700 3258 ista
1740 3204 2060 3258 comburun-

482 3319 590 3372 tur,
618 3314 702 3363 est
740 3304 807 3360 de
847 3317 954 3374 quo
991 3299 1246 3355 Dominus
1276 3297 1348 3352 ait
1374 3314 1388 3351 :
1412 3295 1592 3368 Ignem
1630 3297 1742 3350 veni
1775 3297 1970 3350 mittere
2007 3297 2061 3351 in

484 3411 670 3455 terram
699 3395 850 3470 (an.
880 3410 973 3459 xu,
1001 3391 1113 3465 49).
1139 3391 1214 3446 De
1251 3403 1355 3460 quo
1389 3388 1510 3459 igne
1529 3387 1656 3442 dicit
1684 3387 1918 3458 psalmus
1947 3405 1960 3442 :
1995 3387 2062 3442 Et

469 3509 586 3549 'non
621 3501 693 3548 est
721 3491 808 3563 qui
831 3505 884 3545 sc
905 3485 1178 3542 abscondat
1204 3500 1235 3536 ιι
1272 3484 1442 3539 calore
1464 3483 1572 3553 ejus
1592 3481 1764 3554 (Psal.
1797 3499 1948 3550 xvnt,
1977 3481 2052 3556 7).

482 3585 746 3640 Fervente
789 3581 910 3650 igne
950 3579 1070 3643 isto,
1119 3575 1262 3631 nulla
1305 3574 1356 3628 in
1400 3573 1553 3627 nobis
1594 3573 1877 3642 impietatis
1910 3589 2054 3628 arma

471 3674 852 3736 remanebunt,
904 3681 1123 3724 necesse
1174 3674 1258 3722 est
1303 3674 1361 3719 ut
1407 3663 1585 3718 omnia
1627 3663 2050 3733 confringantur,

465 3774 850 3828 *conter‘antur,
901 3760 1300 3816 comburantur.
1353 3755 1650 3811 Remaneas
1691 3755 1908 3810 inermis
1953 3773 2056 3811 non

485 3858 688 3913 habens
716 3855 882 3910 ullum
903 3850 1224 3921 adjutorium
1254 3858 1398 3903 tuum
1428 3863 1442 3902 ε
1470 3858 1524 3901 ct
1553 3855 1750 3915 quanto
1779 3849 1943 3918 magis
1973 3849 2057 3902 in-

373 3969 378 3976 ”
481 3947 670 4004 firmus
689 3959 770 4012 es,
800 3942 945 3998 nulla
967 3950 1053 3994 tua
1079 3954 1226 3994 arma
1256 3935 1477 4002 habens,
1498 3945 1646 3992 tanto
1669 3938 1832 4008 magis
1860 3947 1908 3992 to
1939 3954 2073 3994 sus-

373 4013 377 4035 ἶ
474 4037 630 4110 cipit,
659 4033 729 4093 de
777 4049 884 4107 quo
907 4034 1107 4088 dictum
1133 4039 1216 4086 est
1242 4047 1258 4084 :
1289 4029 1571 4099 Susceptor
1595 4038 1764 4084 noster
1789 4027 1930 4084 Deus
1955 4030 2055 4084 Ja-

483 4131 594 4186 cob.
624 4126 848 4184 Valebas
882 4125 1024 4180 enim
1062 4123 1213 4194 quasi
1251 4135 1346 4192 per
1392 4131 1465 4187 te,
1511 4122 1844 4176 conturbaris
1885 4121 1940 4177 in
1979 4133 2052 4179 te.

458 4220 654 4277 'Perde
694 4232 838 4274 arma
867 4214 1060 4286 quibus
1087 4211 1444 4284 praesumebas
1477 4228 1492 4266 :
1522 4211 1644 4265 audi
1671 4211 1950 4266 Dominum
1975 4213 2058 4268 di-

469 4322 715 4379 centem,
741 4307 938 4380 Suﬁicit
958 4305 1044 4360 tibi
1073 4304 1240 4377 gratia
1262 4317 1391 4357 utea.
1421 4301 1518 4369 Dic
1535 4309 1592 4358 et
1620 4311 1696 4368 tu,
1739 4302 1954 4367 Quando
1979 4305 2060 4358 in-

484 4406 680 4474 ﬁrmor,
709 4409 826 4456 tunc
850 4399 998 4470 fortis
1018 4411 1150 4450 sum.
1178 4393 1414 4465 Apostoli
1432 4407 1541 4447 vox
1568 4400 1669 4447 est.
1698 4391 1884 4448 Omnia
1909 4409 2055 4449 arma

459 4511 576 4553 "sua
604 4491 912 4567 perdiderat
951 4494 1202 4557 tanquam
1239 4485 1566 4540 fortitudinis
1603 4497 1736 4549 sum,
1781 4487 1868 4555 qui
1913 4486 2056 4543 dice-

467 4588 593 4650 ‘bat,
640 4583 754 4657 Ego
792 4592 958 4636 autem
993 4595 1095 4634 non
1131 4577 1406 4649 gloriabor,
1451 4577 1549 4632 nisi
1591 4577 1646 4631 in
1683 4577 2056 4646 inﬁrmitatibus

457 4681 607 4735 “meis
637 4677 702 4751 (ll
726 4677 844 4733 Cor.
869 4691 963 4743 xu,
986 4673 1042 4738 9,
1075 4671 1166 4744 i0)
1199 4687 1213 4725 :
1243 4671 1388 4726 velut
1424 4671 1468 4725 si
1505 4669 1725 4738 diceret,
1757 4670 1872 4726 Non
1897 4687 2056 4728 curro

454 4783 460 4790 '
483 4773 737 4828 adversus
763 4770 928 4824 Deum
953 4767 1008 4822 in
1029 4777 1208 4821 crassa
1235 4764 1444 4819 cervice
1467 4763 1600 4818 scuti
1640 4763 1767 4827 mei,
1806 4765 1894 4834 qui
1921 4765 2060 4831 prius

479 4866 564 4937 ’τιιὶ
589 4863 928 4934 blasphemus,
968 4865 1018 4913 et
1053 4865 1361 4928 persecutor,
1405 4865 1452 4909 et
1483 4856 1796 4926 injuriosus;
1830 4855 1921 4911 sed
1945 4858 2057 4911 ideo

484 4955 882 5012 misericordiam
897 4960 1190 5008 consecutus
1209 4967 1343 5016 sum,
1365 4959 1420 5004 ut
1443 4950 1496 5004 in
1520 4949 1600 5004 me
1611 4948 1893 5006 ostenderet
1917 4950 2060 5006 Chri-

451 5031 592 5114 ....w'”
615 5045 768 5102 δαν,
802 5057 1000 5098 omnem
1037 5041 1460 5113 longanimitate":
1494 5035 1549 5095 in
1593 5055 1678 5095 eos
1702 5041 1788 5112 qui
1823 5041 2061 5097 credituri

487 5148 602 5196 sunt
626 5137 706 5194 illi
727 5137 782 5193 in
810 5135 967 5191 vitam
993 5142 1229 5189 (sternam
1253 5133 1295 5203 (Ι
1326 5133 1458 5188 Tim.
1481 5147 1524 5200 ι,
1548 5134 1637 5200 15,
1669 5132 1782 5205 l6).
1813 5135 2056 5206 Auferens

481 5231 619 5286 bella
654 5243 810 5300 usque
831 5228 902 5282 ad
928 5227 1054 5298 fines
1088 5234 1252 5281 terrai.
1278 5224 1506 5292 Quando
1531 5232 1708 5280 autem
1749 5240 1848 5281 nos
1883 5225 2064 5280 Domi-

488 5322 666 5379 minus
712 5317 953 5391 suscipit,
1001 5315 1257 5387 numquid
1308 5316 1539 5372 inermes
1579 5313 1835 5370 dimittit?
1874 5316 2064 5370 Armat

487 5427 610 5475 nos,
641 5409 735 5466 sed
764 5410 881 5464 aliis
910 5408 1096 5474 armis,
1126 5405 1466 5477 evangelicis,
1493 5405 1756 5468 veritatls,
1784 5407 2062 5460 continen-

487 5504 596 5568 tiae,
621 5501 825 5565 salutis,
849 5499 984 5571 spei,
1013 5496 1158 5565 ﬁdei,
1198 5496 1490 5552 charitatis.
1525 5495 1647 5548 llmc
1675 5510 1820 5549 arma
1849 5495 2066 5550 habebi-

485 5609 627 5665 mus,
656 5593 750 5652 sed
770 5602 878 5649 nun
915 5606 944 5645 a
971 5588 1145 5644 nobis.
1179 5589 1338 5642 Arma
1381 5594 1558 5641 autem
1591 5599 1710 5655 quae
1736 5601 1767 5640 ιι
1794 5585 1948 5641 nobis
1973 5585 2067 5638 ha-

515 5731 665 5840 *ἑξῆς
699 5737 800 5777 vss.
839 5733 893 5776 At
931 5724 1071 5784 edd,
1097 5728 1251 5778 scuta,
1288 5733 1409 5770 uana
1441 5727 1750 5784 praesumptio
1787 5732 1890 5771 sua!
1913 5725 2066 5782 prote-

582 5805 671 5840 ius.

489 5805 671 5840 ructus.

1631 374 1668 380 -~
1709 341 1764 400 8.
1804 339 2162 401 AUGUSTI?"
2202 337 2503 399 EPISCODI

2161 455 2393 522 huimus,
2433 465 2679 512 arserunt
2709 474 2724 511 :
2751 456 2795 512 sl
2821 465 2998 512 tamen
3032 454 3154 527 igne
3189 455 3284 512 illo
3307 453 3539 526 Spiritus
3564 455 3738 510 sancti

2158 547 2374 601 accensi
2415 562 2622 613 sumus,
2662 547 2732 602 de
2772 563 2880 615 quo
2925 547 3142 611 dicitur,
3185 546 3250 600 Et
3295 556 3439 601 scuta
3466 546 3742 608 ,contburet

2159 635 2284 706 igni.
2309 635 2410 702 Qui
2440 638 2660 706 potens‘
2693 638 2746 691 in
2769 646 2821 692 te
2847 651 2967 692 esse
2989 636 3262 706 cupiebas,
3290 636 3559 692 inﬁrmum
3588 647 3640 690 te
3669 636 3743 690 fe.

2158 729 2232 782 cit
2257 728 2416 795 Deus,
2447 738 2506 782 ut
2529 728 2719 784 fortem
2741 739 2794 786 te
2815 729 3012 786 faceret
3035 730 3102 785 de
3123 745 3206 795 se,
3232 730 3355 800 quia
3382 727 3742 784 inﬁrmsbaris

2159 818 2228 874 de
2253 828 2323 873 te.

2232 911 2319 964 14.
2375 909 2543 982 [sers.
2577 911 2689 984 11.]
2727 911 2861 980 Quid
2900 927 3028 982 ergo
3070 912 3348 982 sequitur?
3403 910 3608 966 Vacate.
3653 907 3739 966 Al

2159 1017 2318 1070 quam
2343 1003 2499 1057 rem?
2528 1003 2592 1057 Et
2617 1004 2774 1058 videte
2798 1005 3035 1072 quoniam
3059 1021 3150 1074 ego
3173 1021 3286 1062 sunt
3314 1006 3470 1058 Deus.
3495 1002 3610 1060 Hoc
3633 1012 3738 1071 est,

2156 1092 2276 1148 Non
2307 1111 2419 1158 vos,
2448 1096 2542 1150 sed
2564 1113 2663 1166 ego
2687 1113 2806 1151 sum
2832 1098 2969 1152 Deus
2993 1115 3006 1150 :
3037 1113 3139 1166 ego
3159 1097 3360 1162 ereavi,
3387 1111 3487 1166 ego
3510 1112 3697 1150 recreo
3721 1110 3741 1159 ;

2159 1199 2262 1254 ego
2291 1185 2512 1240 formavi
2531 1229 2544 1249 ,
2572 1203 2674 1256 ego
2711 1188 2983 1251 reformo;
3019 1203 3121 1258 ego
3145 1188 3240 1244 feci
3263 1227 3280 1254 ,
3319 1202 3423 1256 ego
3450 1187 3654 1242 reﬁcio.
3681 1185 3743 1241 Si

2161 1292 2266 1332 non
2299 1280 2516 1347 potuisti
2561 1279 2734 1334 facere
2765 1289 2816 1334 te
2838 1320 2852 1344 ,
2901 1279 3168 1349 quomodo
3211 1288 3364 1348 potes
3403 1279 3622 1333 reﬁcere
3650 1277 3744 1332 te?

2163 1368 2277 1422 Hoc
2301 1384 2410 1423 non
2434 1369 2578 1423 videt
2601 1371 2856 1424 tumuitus
2879 1371 3246 1425 contentiosus
3280 1369 3440 1422 animi
3471 1368 3692 1422 humani
3724 1383 3741 1422 :

2162 1461 2246 1515 cui
2279 1462 2525 1516 tumultui
2553 1464 2888 1517 contentiosa
2913 1463 3106 1517 dicitur
3129 1501 3145 1526 ,
3186 1460 3389 1524 Vacate,
3430 1461 3484 1514 id
3519 1469 3623 1522 est,
3656 1477 3744 1514 '8?

2163 1553 2375 1622 primitc
2420 1555 2628 1608 animos
2674 1565 2881 1609 vestros
2919 1571 2948 1608 a
2993 1554 3522 1612 contradictionibus.
3564 1552 3748 1610 Nolite

2161 1647 2519 1716 argumentari
2553 1656 2609 1702 et
2635 1657 2881 1716 tanquam
2923 1648 3116 1702 armari
3157 1657 3338 1702 contra
3373 1647 3536 1700 Deum
3566 1663 3580 1698 :
3611 1645 3747 1699 alio-

2161 1740 2288 1808 quin
2321 1739 2500 1792 vivunt
2523 1754 2667 1792 arma
2696 1738 2930 1793 nondum
2961 1739 3052 1792 illo
3079 1738 3202 1806 igne
3225 1738 3521 1792 combusta.
3555 1737 3611 1790 Si
3642 1751 3745 1790 au-

2166 1837 2272 1882 tem
2299 1829 2572 1882 combusta
2609 1838 2770 1894 sunt,
2813 1827 3032 1891 Vaeate;
3072 1829 3191 1896 quia
3231 1843 3334 1882 non
3368 1828 3574 1882 habetis
3603 1829 3748 1882 unde

2165 1919 2429 1988 pugnctis.
2461 1919 2516 1974 Si
2548 1930 2725 1975 atttem
2759 1920 3074 1974 vacaveritis
3105 1920 3155 1973 in
3186 1919 3360 1983 vobis,
3391 1927 3447 1972 et
3479 1934 3508 1972 a
3539 1933 3625 1972 me
3651 1933 3746 1988 pe-

2171 2011 2360 2066 tieritis
2386 2013 2562 2066 omnia
2583 2051 2601 2076 ,
2635 2013 2724 2081 qui
2750 2014 2771 2044 ¹
2803 2015 2978 2082 primo
3018 2012 3087 2067 dc
3122 2013 3273 2073 vobis
3302 2011 3748 2080 prmsutnebatis.

2173 2099 2378 2165 Vacate,
2402 2112 2447 2155 et
2477 2101 2720 2157 videbitis
2747 2104 2982 2168 quoniam
3008 2119 3100 2173 ego
3127 2119 3240 2158 sunt
3270 2101 3428 2156 Deus.

2239 2191 2328 2245 15.
2373 2192 2534 2264 [vera
2570 2191 2688 2271 12.1
2712 2191 2990 2246 Exaltabor
3015 2194 3068 2246 in
3095 2192 3324 2262 gentibus
3347 2233 3363 2257 ,
3392 2200 3438 2244 et
3476 2189 3748 2245 exaltabor

2163 2285 2218 2339 in
2247 2294 2400 2338 terra.
2427 2285 2591 2338 Paulo
2617 2295 2742 2341 ante
2767 2285 3005 2339 dixeram
3032 2293 3186 2340 terra:
3210 2285 3425 2338 nomine
3449 2283 3749 2354 signiﬁcari

2163 2384 2384 2445 gentem,
2420 2374 2747 2439 Iudaeorum,
2790 2375 2954 2430 maris
2999 2376 3215 2430 nomine
3265 2383 3486 2429 czctcras
3533 2383 3749 2444 gentes.

2166 2467 2429 2521 Translati
2454 2475 2578 2520 sunt
2603 2476 2814 2522 montes
2839 2469 2890 2520 in
2919 2482 3012 2521 cor
3038 2465 3199 2520 maris
3230 2481 3245 2520 :
3272 2465 3602 2520 conturbata:
3622 2473 3750 2519 sunt

2164 2565 2349 2626 gentes
2369 2597 2386 2623 ,
2418 2557 2668 2613 inclinata
2695 2567 2819 2613 sunt
2849 2572 3009 2628 regna
3033 2597 3049 2622 ,
3079 2555 3227 2611 dedit
3255 2571 3439 2610 vocem
3470 2570 3619 2609 suam
3648 2555 3752 2608 AI-

2165 2648 2433 2712 tissimus,
2464 2657 2519 2702 et
2544 2656 2686 2702 mota
2712 2657 2794 2702 est
2819 2657 2980 2703 terra.
3026 2646 3276 2702 Dominus
3305 2647 3544 2700 uirtutum
3571 2645 3750 2700 nobio—

2165 2756 2297 2806 cum,
2324 2750 2584 2811 susceptor
2611 2748 2779 2794 noster
2798 2738 2935 2794 Deus
2958 2738 3137 2792 Iacob.
3168 2737 3326 2792 Facta
3349 2746 3472 2792 sunt
3491 2737 3752 2791 miracula

2167 2830 2218 2884 in
2263 2831 2530 2901 gentibus,
2578 2831 2826 2900 impletur
2868 2829 3001 2884 ﬁdes
3040 2830 3276 2899 gentium
3300 2869 3316 2894 ,
3363 2829 3550 2884 ardent
3591 2844 3750 2890 arma

2166 2922 2596 2991 prtesumptionis
2642 2921 2890 2976 humanae
2933 2939 2946 2974 :
2989 2929 3203 2975 vacatur
3253 2921 3305 2974 in
3361 2918 3751 2990 tranquillitate

2165 3015 2340 3070 cordis
2364 3055 2382 3081 ,
2424 3023 2483 3069 ut
2509 3023 2858 3084 cognoscatur
2893 3022 3079 3068 auctor
3110 3012 3246 3066 Deus
3274 3011 3510 3064 omnium
3552 3025 3750 3064 munu-

2157 3121 2282 3161 ~rum
2308 3120 2548 3160 suorum.
2579 3107 2646 3160 Et
2670 3113 2792 3175 post
2816 3107 2968 3159 istam
2990 3104 3453 3166 clariﬁcationem,
3484 3102 3750 3172 numquid

2158 3196 2364 3252 deserit
2381 3206 2435 3252 et
2465 3196 2671 3266 plebem
2689 3195 3015 3262 Judteorum,
3040 3195 3110 3251 de
3129 3212 3227 3264 qua
3255 3195 3385 3249 dicit
3412 3193 3697 3264 Apustolus
3726 3208 3750 3248 :

2167 3287 2294 3343 Dico
2316 3289 2446 3342 enim
2467 3288 2622 3350 vobis,
2648 3296 2703 3342 ut
2731 3303 2833 3340 non
2855 3287 2964 3342 sitis
2987 3286 3124 3340 vobis
3146 3287 3423 3355 sapientes,
3449 3285 3566 3353 quia
3591 3284 3750 3336 cerci-

2162 3389 2241 3434 tas
2267 3395 2330 3434 ea:
2365 3389 2508 3452 parte
2529 3377 2696 3433 Israel
2721 3379 2857 3448 facta
2880 3386 2986 3446 est,
3015 3379 3171 3432 donec
3205 3378 3464 3448 plenitudo
3508 3376 3750 3430 Gentium

2163 3473 2372 3526 intraret
2391 3471 2417 3525 7
2436 3469 2492 3525 ld
2511 3478 2614 3537 est,
2633 3470 2803 3526 donec
2821 3480 3032 3524 montes
3050 3470 3151 3524 huc
3175 3466 3612 3533 transferrentur,
3640 3481 3750 3519 nu-

2155 3563 2259 3618 bes
2279 3563 2365 3618 hic
2392 3563 2656 3634 picerent,
2684 3561 2770 3618 hic
2795 3563 3050 3618 Dominus
3081 3562 3312 3616 tonitruo
3335 3576 3434 3616 suo
3461 3575 3620 3630 regna
3651 3562 3747 3612 in-

2157 3655 2404 3720 clinaret,
2447 3655 2604 3709 donec
2648 3653 2908 3724 plenitudo
2955 3652 3191 3708 Gentium
3235 3655 3465 3708 intraret.
3505 3653 3573 3709 Et
3612 3655 3752 3723 quid

2163 3755 2344 3815 postea
2365 3747 2388 3799 ?
2409 3745 2477 3800 Et
2501 3746 2574 3800 sic
2602 3747 2764 3800 omnis
2790 3744 2956 3799 Israel
2979 3745 3147 3799 salvus
3168 3746 3310 3814 ﬁeret
3341 3744 3514 3815 (Rom.
3545 3761 3618 3810 st,
3643 3745 3750 3811 ΞΒ,

2160 3837 2279 3904 26).
2313 3837 2434 3891 Ideo
2459 3845 2517 3892 et
2545 3837 2632 3891 hic
2657 3837 2826 3906 ipsum
2864 3837 3105 3891 ordinem
3133 3851 3376 3902 servans,
3416 3835 3698 3890 Exaltabor
3723 3878 3747 3900 ,

2164 3928 2351 3999 inquit,
2376 3929 2430 3981 in
2454 3927 2699 3998 gentibus,
2743 3940 2789 3980 et
2832 3927 3090 3983 exaltabor
3127 3929 3182 3981 in
3210 3939 3348 3982 terra
3367 3945 3390 3983 ε
3418 3929 3466 3981 id
3497 3937 3576 3980 cst
3602 3937 3655 3984 et
3686 3928 3752 3980 in

2163 4020 2294 4073 mari
2323 4027 2377 4073 et
2402 4019 2452 4072 in
2487 4028 2655 4080 terra;
2705 4027 2763 4071 ut
2784 4017 2898 4086 jam
2925 4018 2946 4048 ³
2975 4033 3162 4074 omnes
3186 4020 3364 4072 dicant
3390 4018 3528 4088 quod
3556 4020 3750 4088 sequi-

2161 4120 2274 4173 tur,
2306 4109 2552 4163 Dominus
2571 4109 2810 4162 uirtutum
2833 4108 3108 4176 nobiscum,
3131 4120 3391 4179 susceptor
3415 4119 3580 4163 noster
3601 4108 3756 4163 Dm

2151 4201 2340 4256 Jacob.

2593 4427 2674 4492 IN
2715 4429 3094 4494 PSALMUM
3135 4429 3334 4496 XLVI

2745 4551 3160 4608 ENARRATIO.

2693 4674 2861 4716 881110
2879 4677 2947 4716 AD
2973 4677 3194 4718 Ριωεὶι.

2237 4773 2288 4828 1.
2322 4772 2578 4827 Dominus
2604 4773 2748 4828 Deus
2785 4783 2968 4829 noster
2993 4774 3151 4830 ﬁdem
3181 4776 3232 4830 in
3271 4791 3375 4845 qua
3405 4779 3661 4844 vivimus,
3689 4789 3760 4839 et

2165 4877 2231 4920 ex
2262 4878 2363 4935 qua
2394 4863 2640 4929 vivimus,
2672 4880 2770 4934 per
2794 4864 2985 4918 Libros
3021 4875 3258 4931 sanctos,
3291 4868 3588 4938 Scripturas
3613 4885 3760 4926 sats-

2165 4967 2279 5011 clas
2299 4957 2670 5028 multipliciter
2695 4958 2848 5012 nobis
2875 4959 3124 5029 varieque
3149 4960 3387 5026 diﬁ‘udit:
3413 4976 3760 5021 sacramenta

2145 5047 2378 5118 quidem
2419 5047 2702 5102 verborum
2733 5050 2947 5104 varians
2967 5090 2985 5116 ,
3014 5049 3171 5106 ﬁdem
3203 5061 3379 5107 tamen
3404 5070 3564 5110 unam
3599 5072 3766 5112 com-

2169 5139 2446 5195 mendans.
2481 5141 2590 5194 Una
2618 5145 2758 5195 enim
2785 5141 3081 5212 eademque
3109 5159 3196 5197 res
3219 5143 3340 5199 ideo
3368 5147 3546 5202 multis
3569 5149 3765 5207 modis

2167 5232 2378 5297 dicitur,
2409 5239 2466 5284 ut
2493 5231 2652 5286 modo
2681 5233 2798 5302 ipso
2829 5232 2851 5264 δ
2879 5233 3091 5289 dicendi
3115 5245 3334 5306 propter
3359 5237 3624 5294 fastidium
3655 5255 3763 5296 va-

2169 5412 2340 5536 pieibg:
2361 5409 2576 5471 quinque
2600 5415 2703 5457 Mss.
2729 5407 2841 5458 edd.
2864 5419 3002 5469 vero,
3018 5409 3139 5470 Ouid
3157 5419 3317 5475 postea
3332 5412 3358 5463 ?
3376 5423 3428 5464 In
3459 5420 3506 5464 te
3549 5429 3650 5466 esse
3670 5430 3766 5467 cu.

2233 5533 2252 5562 ²
2272 5531 2451 5592 Catian.
2473 5539 2615 5579 vetus
2636 5530 2810 5590 codex,
2836 5544 2962 5592 qum.

2233 5593 2348 5662 fsic
2367 5590 2550 5662 aliquot
2572 5599 2678 5662 Mss.
2693 5599 2752 5642 At
2775 5590 2903 5662 edd.,
2920 5595 3113 5662 utinam
3127 5607 3290 5662 omnes
3315 5596 3498 5662 dicunt,
3524 5608 3618 5648 etc.

2216 5654 2252 5722 ﬁ
2274 5654 2348 5702 sic
2503 5660 2559 5702 At
2587 5652 2721 5722 edd,
2745 5661 2796 5703 ut
2818 5654 2986 5706 modus
3025 5657 3126 5718 ipse
3149 5657 3356 5722 dicendi
3395 5652 3591 5722 propter
3617 5663 3770 5722 [αριιὲ

2170 5716 2305 5824 (‘ttrn
2343 5716 2552 5765 varistur
2569 5747 2585 5773 ,
2615 5716 2698 5765 sed
2724 5723 2916 5778 propter
2949 5716 3256 5770 concordiam
3297 5716 3406 5770 tosti
3435 5716 3562 5784 Iulos

2201 5793 2226 5824 κ
2260 5810 2272 5822 .

2201 5789 2272 5824 ΜΓ.
