4042 6484
325 358 446 422 ω-

332 477 522 548 rietur,
548 481 648 538 sed
671 491 892 554 propter
914 481 1252 538 concordiam
1285 497 1386 535 una
1413 490 1674 535 teneatur.
1709 477 1888 546 Itaque

1426 363 1756 422 ‘iARRATIO
1791 361 1858 418 ΙΝ
1894 361 2212 422 »δειωιυιι
2250 364 2428 425 XLVI.

2001 478 2141 531 cavit
2175 479 2240 534 nd
2269 496 2328 534 se
2357 496 2581 550 pueros,
2629 494 2682 542 et
2723 501 2843 542 cum
2881 491 3288 558 prohiberentur
3321 499 3390 556 ab
3425 503 3520 558 illo
3541 544 3558 566 .

303 614 310 619 -
333 579 382 632 iu
408 577 510 632 hoc
535 579 742 646 psalmo
784 591 945 645 quem
969 585 1240 630 cantatum
1267 574 1564 628 audivimus
1585 613 1602 635 ,
1641 571 1726 626 cui
1765 586 1896 624 cau-
1997 567 2132 622 dixit
2159 586 2173 622 :
2206 570 2371 626 Sinite
2388 588 2470 628 eos
2493 576 2660 633 uenire
2682 577 2750 630 ad
2775 594 2872 646 nte,
2895 583 3072 642 talium
3099 597 3171 641 est
3197 592 3329 644 enim
3354 610 3563 664 regnum

333 668 486 721 tando
514 668 909 732 respondimus,
941 681 1004 721 ea
1033 680 1214 721 sumus
1237 664 1426 719 dicturi
1455 679 1572 732 quae
1600 660 1766 715 nostis
1797 677 1810 713 :
1840 667 1896 714 et
1997 661 2236 718 calorum
2279 661 2490 731 (Hann.
2533 682 2682 733 xvtu,
2730 668 2786 734 2,
2835 682 2882 726 et
2909 689 3019 733 sua.
3067 677 3176 747 14),
3225 660 3561 752 hominum

330 767 502 814 tamen
521 759 1020 829 fortassisaliquam,
1035 757 1316 826 adjuvante
1331 764 1385 810 et
1403 755 1631 809 donante
1649 753 1890 816 Domino,

325 849 640 903 suavitatem
662 848 871 902 allaturi
901 861 1086 902 stnnus
1112 846 1281 912 vobis,
1302 842 1512 915 quando
1537 859 1600 899 ea
1632 860 1750 913 quae
1768 843 1892 898 alibi

331 950 384 994 et
405 939 529 994 alibi
570 940 857 1004 noveratis,
894 940 1055 994 etiam
1093 937 1399 992 commoniti
1429 937 1726 992 ruminatis.
1761 934 1891 988 Nam

327 1037 385 1084 et
409 1030 522 1098 ipsa
549 1027 936 1093 ruminatione,
979 1029 1030 1083 in
1072 1042 1175 1098 qua
1217 1027 1476 1096 signiﬁcat
1523 1027 1662 1080 Deus
1697 1024 1891 1079 munda

331 1120 594 1186 animalia,
617 1119 904 1178 hoe-voluit
929 1120 1214 1184 insinuare,
1236 1119 1357 1188 quia
1377 1118 1550 1173 omnis
1568 1117 1728 1174 homo
1750 1116 1890 1186 quod

330 1213 471 1267 audit
494 1214 572 1266 sic
596 1213 754 1272 debet
780 1213 831 1266 in
860 1227 953 1267 cor
971 1212 1198 1273 mittere,
1232 1221 1289 1266 ut
1317 1225 1421 1266 non
1450 1211 1595 1280 piger
1616 1210 1685 1264 sit
1711 1218 1889 1277 postea

330 1303 447 1360 inde
491 1304 724 1373 cogitare
753 1321 766 1357 :
791 1312 850 1357 ut
885 1302 1095 1373 quando
1130 1301 1295 1366 audit,
1336 1302 1406 1356 sit
1442 1302 1630 1356 similis
1672 1299 1890 1354 mandu-

329 1394 499 1458 canti;
527 1409 648 1448 cum
689 1402 865 1448 autem
891 1393 1067 1452 audita
1098 1393 1150 1446 iu
1187 1392 1494 1446 memoriam
1540 1398 1789 1454 revocat,
1835 1399 1890 1444 et

325 1483 644 1553 Cogitatione
669 1482 974 1540 dulcissima
1001 1483 1217 1548 recolit,
1249 1481 1340 1540 ﬁat
1365 1481 1556 1538 similis
1583 1481 1885 1536 ruminauti.

327 1575 444 1630 Alio
467 1589 598 1644 ergo
617 1575 778 1631 modo
803 1574 986 1630 eadem
1014 1574 1283 1640 dicuntur,
1309 1583 1367 1630 et
1387 1575 1583 1629 faciunt
1607 1588 1704 1628 nos
1723 1573 1888 1630 dulci-

327 1675 404 1726 ter
445 1665 680 1734 cogitare
723 1679 840 1734 qua:
881 1664 1163 1729 novimus,
1200 1673 1253 1719 et
1293 1663 1478 1720 eadem
1523 1664 1634 1734 ipsa
1664 1663 1888 1718 libenter

324 1754 502 1808 audire
524 1770 542 1820 ;
567 1755 689 1824 quia
726 1754 914 1810 modus
950 1755 1158 1812 dicendi
1191 1755 1421 1810 variatur
1442 1794 1458 1821 ,
1483 1764 1536 1811 et
1559 1769 1648 1812 res
1672 1756 1886 1826 antiqua

323 1844 435 1914 ipso
461 1846 621 1900 modo
643 1844 850 1902 dicendi
881 1857 1181 1900 renovatur.

389 1933 443 1988 Ξ.
473 1932 628 2007 [υεη.
660 1933 736 2008 1.]
765 1935 969 1990 Titulus
1004 1932 1206 1991 Psalmi'
1234 1936 1312 1991 sic
1351 1951 1409 1990 se
1454 1935 1614 1991 habet
1652 1953 1666 1988 :
1707 1935 1776 1990 In
1815 1937 1884 2006 [i-

321 2042 429 2082 neat
468 2044 562 2096 pro
589 2027 710 2096 ﬁliis
749 2027 876 2082 Core
895 2066 912 2094 ,
953 2025 1191 2084 Psalmus
1224 2029 1322 2097 ipsi
1350 2026 1532 2082 David.
1565 2027 1724 2083 Filios
1754 2029 1884 2084 istos

322 2119 451 2174 Core
481 2119 678 2174 habent
704 2119 841 2174 tituli
876 2120 1207 2174 Psalmorum
1235 2120 1394 2175 etiam
1422 2120 1508 2174 alii
1534 2121 1793 2186 uormulli,
1830 2128 1885 2176 et

321 2209 550 2264 indicant
577 2210 729 2270 dulce
758 2210 1102 2280 mysterium,
1139 2209 1404 2264 insinuant
1429 2225 1674 2279 maguum
1700 2225 1882 2265 sacra-

299 2310 556 2358 mentum
586 2320 600 2356 :
630 2302 717 2356 ubi
739 2311 797 2356 et
823 2316 919 2355 nos
958 2302 1101 2370 ipsos
1145 2300 1369 2355 libenter
1412 2301 1802 2370 intelligamus,
1829 2307 1884 2356 et

319 2408 664 2462 agnoscamus
687 2392 741 2445 in
766 2391 918 2446 titulo
951 2408 1048 2446 nos
1073 2391 1162 2460 qui
1185 2390 1431 2444 audimus
1456 2400 1511 2445 et
1539 2391 1760 2460 legimus
1779 2431 1794 2455 ,
1827 2400 1879 2445 et

317 2491 562 2552 tanquam
587 2467 1099 2551 speculo'proposito
1119 2481 1206 2550 qui
1229 2495 1414 2535 sumus
1446 2481 1732 2535 intuemur.
1761 2480 1879 2534 Filii

319 2571 448 2626 Core
464 2571 556 2639 qui
570 2570 729 2624 sunt?
752 2569 873 2625 Fuit
890 2572 1046 2624 homo
1061 2569 1271 2640 quidam
1293 2568 1430 2624 Core
1457 2570 1668 2624 nomine
1695 2568 1878 2641 (Num.

318 2675 420 2725 xvi,
441 2659 516 2732 l),
537 2663 616 2715 sic
635 2662 774 2716 enim
797 2660 1079 2716 vocabatur
1097 2661 1284 2730 aliquis
1307 2660 1462 2715 homo
1485 2679 1498 2714 :
1517 2671 1877 2718 verumtamen

317 2770 431 2810 cum
467 2754 713 2824 leguntur
739 2769 857 2824 quze
884 2755 1078 2822 scripta
1105 2764 1255 2820 sunt,
1294 2762 1350 2808 et
1392 2753 1655 2808 invenitur
1701 2768 1878 2808 sermo

317 2847 521 2902 divinus
533 2847 677 2915 loqui
703 2846 769 2901 ad
795 2847 1076 2917 quosdam,
1098 2847 1185 2915 qui
1209 2861 1312 2900 non
1339 2845 1492 2900 valde
1517 2846 1880 2916 intelliguntur

315 2939 401 3002 ﬁlii
429 2953 553 2995 esse
580 2939 721 2992 illius
752 2940 904 2994 unius
923 2938 1152 2994 hominis
1175 2941 1265 3008 qui
1287 2939 1572 2994 vocabatur
1593 2939 1766 3004 Core;
1790 2954 1878 2994 re-

315 3031 472 3083 currit
495 3030 708 3088 animus
730 3029 794 3083 ad
819 3031 1149 3099 mysterium,
1173 3039 1229 3084 ut
1251 3037 1452 3097 qumrat
1472 3029 1596 3099 quid
1617 3029 1878 3098 signiﬁcet

316 3118 462 3176 Core.
489 3120 622 3189 Quia
649 3122 788 3175 enim
819 3121 1036 3174 verbum
1065 3119 1332 3175 bebrmum
1356 3130 1458 3182 est,
1481 3119 1671 3174 dicitur
1697 3121 1876 3189 utique

315 3221 365 3264 et
389 3212 765 3278 interpretatur
786 3211 838 3264 in
863 3225 1088 3280 grrecam
1117 3211 1344 3278 linguam
1372 3218 1426 3264 et
1455 3211 1505 3264 in
1534 3211 1750 3266 latinam
1777 3212 1878 3266 liu-

316 3317 481 3372 guam.
516 3303 582 3356 Et
619 3299 816 3356 factum
846 3309 928 3356 cst
947 3301 1088 3369 jam;
1119 3303 1279 3356 multa
1305 3301 1521 3358 nomina
1554 3302 1759 3356 bebraea
1790 3302 1873 3357 iu-

317 3404 593 3465 terpretata
617 3404 740 3449 sunt
784 3395 936 3448 nobis
966 3411 979 3447 :
1008 3403 1063 3448 et
1087 3394 1394 3462 inspicimus
1419 3435 1436 3460 ,
1482 3402 1536 3448 et
1579 3394 1872 3450 invenimus

315 3485 441 3542 Core
479 3486 813 3556 interpretari
854 3483 1095 3540 Calvum.
1127 3485 1287 3539 Multo
1335 3485 1502 3554 magis
1548 3484 1868 3540 attendistis.

316 3578 600 3634 Obscurum
629 3585 744 3631 erat
771 3591 889 3630 cum
911 3575 1211 3631 dicerentur
1238 3575 1326 3628 lilii
1369 3575 1536 3643 Core,
1568 3591 1746 3630 nonne
1771 3576 1870 3630 ob.-

313 3671 508 3725 scurins
535 3678 619 3724 est
641 3683 761 3722 cum
798 3666 1044 3720 dicuntur
1075 3666 1165 3719 lilii
1189 3666 1364 3720 calvi?
1390 3666 1490 3731 Qui
1515 3677 1637 3720 sunt
1663 3664 1750 3722 isti
1782 3667 1873 3724 lilii

315 3763 474 3816 calvi?
502 3762 584 3818 An
627 3760 766 3815 forte
805 3758 896 3813 lilii
938 3757 1162 3828 spoosi?
1206 3757 1338 3824 Quia
1381 3773 1609 3827 sponsus
1659 3760 1712 3814 in
1756 3759 1874 3817 loco

317 3853 562 3921 Calvarize
598 3849 880 3905 cruciﬁxus
925 3858 1024 3904 est.
1070 3848 1307 3902 Recolite
1359 3849 1737 3919 Evangelium,
1785 3853 1872 3906 ubi

319 3945 594 4000 Dimittunt
617 3940 1008 4004 cruciﬁxerunt,
1030 3946 1084 3993 et
1107 3938 1382 3993 invenietis
1402 3955 1520 3993 cum
1544 3942 1595 3994 in
1623 3941 1740 3996 loco
1756 3939 1873 3996 Cal-

317 4037 466 4089 varia:
512 4032 823 4088 cruciﬁxum
870 4030 1082 4098 (Matth.
1129 4045 1301 4092 xxvu',
1349 4031 1458 4100 53).
1506 4031 1734 4087 Proinde
1780 4033 1869 4104 qui

315 4141 518 4179 crucem
548 4123 665 4191 ejus
691 4120 930 4182 irrident,
957 4135 988 4173 a
1015 4120 1344 4178 desinentibus
1368 4130 1612 4190 tanquam
1634 4139 1664 4175 a
1687 4123 1873 4180 besdis

315 4217 646 4268 devci-antur.
688 4210 817 4264 Nam
864 4209 1178 4278 significavit
1218 4219 1272 4264 et
1307 4210 1408 4265 hoc
1445 4213 1684 4281 quaedam
1725 4214 1872 4270 Scri-

317 4318 479 4374 ptura.
507 4304 639 4359 Cum
664 4300 975 4357 ascenderet
1005 4301 1260 4370 propheta
1286 4303 1375 4356 Dei
1407 4303 1647 4371 Eliszeus,
1675 4306 1870 4362 clama-

317 4399 431 4450 bant
460 4404 579 4466 post
597 4409 718 4448 eum
743 4394 885 4461 pueri
915 4393 1212 4459 irridentes,
1237 4394 1458 4447 Ascende
1483 4395 1638 4462 calve,
1664 4399 1874 4452 ascende

315 4490 444 4540 calve
470 4506 483 4540 :
514 4487 602 4540 ille
627 4494 944 4560 autemnon
977 4491 1083 4538 tam
1115 4484 1399 4538 crudeliter
1423 4501 1579 4554 quam
1609 4488 1830 4558 mystice
1853 4529 1870 4553 ,

287 4578 430 4640 ,l’ccit
471 4577 591 4632 illos
618 4589 809 4644 pueros
845 4575 912 4627 ab
951 4573 1087 4637 ursis
1121 4575 1436 4629 exeuntibus
1479 4575 1724 4630 devorari
1767 4577 1862 4642 (IV

316 4671 434 4741 Reg.
456 4685 514 4732 tt,
539 4667 631 4730 2'5,
656 4666 772 4721 ΞΜ.
803 4665 858 4719 Si
887 4681 990 4719 non
1018 4665 1399 4720 devorarentur
1425 4665 1495 4720 illi
1521 4667 1688 4734 pueri,
1720 4683 1874 4723 num-

314 4761 432 4828 quid
463 4771 627 4829 usque
663 4757 834 4810 adhuc
859 4755 1135 4811 viverent?
1163 4764 1253 4808 aut
1291 4771 1395 4810 non
1427 4766 1640 4824 possent
1668 4769 1868 4813 morta-

312 4853 386 4906 les
412 4853 519 4906 nati
555 4852 712 4905 etiam
739 4847 887 4904 febre
927 4847 1545 4918 intercipiIMysterium
1591 4850 1644 4903 in
1686 4852 1763 4905 eis
1791 4863 1871 4908 ta-

314 4958 428 5012 men
457 4958 561 4995 non
583 4927 975 5000 ostenderetur,
1002 4938 1089 4993 ubi
1117 4940 1311 5007 posteri
1337 4948 1679 4994 terrerentur.
1702 4941 1870 5000 Nemo

311 5048 434 5104 ergo
459 5031 675 5086 irrideat
700 5045 910 5085 crucem
943 5030 1149 5084 Domini
1180 5047 1193 5082 :
1225 5029 1393 5084 Judaei
1428 5041 1552 5085 sunt
1583 5035 1812 5101 possessi
1837 5051 1868 5089 a

311 5119 638 5174 daemonibus
663 5128 715 5174 et
738 5119 993 5173 devorati.
1025 5117 1156 5172 Nam
1186 5119 1236 5173 in
1262 5119 1518 5176 Calvarise
1549 5122 1667 5178 loco
1692 5126 1867 5182 cruci-

313 5211 530 5280 ﬁgentes
555 5211 845 5278 Christum,
877 5219 930 5264 et
954 5210 1184 5264 levantes
1205 5212 1262 5265 in
1287 5227 1462 5280 cruce,
1495 5222 1740 5284 tanquam
1773 5217 1871 5287 ipsi

309 5299 552 5357 dicebant
579 5317 737 5358 sensu
771 5302 989 5370 puerili,
1019 5317 1122 5356 non
1150 5302 1507 5374 intelligentcs
1529 5305 1652 5374 quid
1681 5307 1868 5376 loque-

263 5457 272 5462 __
311 5401 514 5455 rentur,
542 5391 766 5446 Ascende
789 5395 943 5446 calve.
975 5390 1110 5458 Quid
1139 5401 1220 5447 est
1243 5395 1386 5448 enim
1405 5434 1422 5458 ,
1455 5394 1677 5450 Ascende
1695 5398 1721 5450 .9
1743 5395 1872 5452 Cru-

309 5482 474 5551 ci/ige,
495 5484 730 5554 cruci/ige
751 5482 899 5556 (Luc.
924 5483 1070 5548 nui,
1098 5483 1210 5556 21).
1240 5485 1554 5554 Proponitur
1576 5489 1716 5542 enim
1745 5505 1872 5560 pue-

308 5573 427 5625 ritia
451 5572 515 5627 ad
545 5569 855 5634 imitandum
893 5575 1237 5631 humilitatem
1258 5618 1272 5642 ,
1314 5586 1369 5632 et
1406 5578 1529 5634 item
1558 5583 1867 5650 proponitur

311 5664 531 5730 pueritia
568 5664 632 5717 ad
661 5666 951 5720 cavendum
987 5666 1305 5722 fatuitatem.
1336 5669 1608 5739 Proposita
1640 5676 1866 5742 pueritia

287 5751 377 5807 ad
403 5753 709 5810 imitandum
739 5755 1082 5813 humilitatem
1113 5774 1142 5814 a
1167 5759 1390 5818 Domino
1415 5771 1516 5830 est,
1539 5763 1750 5828 quando
1773 5781 1870 5822 vo-

1993 753 2570 849 citemplum_pueritia>
2595 759 2660 817 ad
2687 762 2974 820 cavendam
3005 765 3296 832 fatuitatem
3320 775 3388 832 ab
3414 781 3562 849 Apo.

1997 840 2107 894 tolo
2135 853 2216 897 est
2242 861 2255 895 :
2283 842 2508 910 Fratres,
2531 848 2684 904 nolite
2702 851 2846 919 pueri
2869 868 2972 908 esse
2995 858 3234 916 sensibus.
3262 863 3332 924 Et
3351 840 3559 926 ruis-um

1996 934 2245 1001 "proponit
2279 935 2346 989 ad
2376 936 2686 993 imitandum
2721 958 2736 994 :
2767 940 2874 996 Sed
2901 946 3095 1000 malitia
3119 948 3340 1020 infantes
3367 967 3520 1013 estote
3540 996 3559 1020 .

1995 1030 2052 1115 ut
2078 1024 2321 1115 mentibus
2351 1029 2554 1096 perfecti
2591 1029 2704 1088 sitis
2735 1030 2777 1102 (Ι
2817 1031 2938 1089 Cor.
2976 1051 3098 1104 xw,
3129 1038 3246 1110 20).
3295 1042 3397 1098 Pro
3440 1050 3560 1115 ﬁliis

1997 1109 2144 1168 Core.
2190 1113 2430 1174 Psalmus
2456 1121 2663 1176 canitur
2691 1140 2704 1176 :
2736 1139 2864 1195 ergo
2897 1109 3338 1196 proChristiartis
3379 1109 3562 1198 canta-

1996 1211 2078 1258 tns
2118 1213 2218 1258 est.
2247 1207 2539 1266 Audiamus
2574 1227 2695 1268 eum
2744 1223 2992 1287 tanquam
3037 1220 3129 1276 lilii
3169 1228 3351 1293 sponsi
3380 1228 3558 1296 illius.

1995 1307 2151 1360 quem
2181 1298 2328 1364 pueri
2357 1299 2610 1357 insensati
2641 1304 2691 1361 in
2719 1304 2972 1366 Calvaria:
3019 1311 3138 1368 loco
3163 1305 3558 1379 oruciﬁserunt.

1992 1380 2068 1435 Illi
2097 1385 2238 1440 enim
2269 1401 2578 1450 meruerunt
2613 1408 2642 1448 a
2671 1394 2855 1453 bestiis
2881 1399 3162 1470 devorari,
3203 1421 3300 1464 nos
3339 1412 3410 1466 ab
3450 1418 3560 1469 Anc

1987 1473 2121 1541 gelis
2145 1478 2406 1536 coronari.
2437 1483 2787 1552 Agnoscimus
2805 1490 2950 1548 enim
2973 1494 3319 1554 humilitatem
3349 1503 3558 1564 Domini

1989 1565 2175 1653 uestri,
2203 1576 2258 1620 ct
2288 1583 2392 1622 non
2429 1570 2496 1626 de
2519 1573 2606 1628 illa
2634 1576 3015 1640 erubescimus.
3041 1584 3156 1642 Non
3195 1569 3559 1653 erubescimus

1985 1651 2056 1705 de
2084 1652 2466 1745 illoiappellato
2490 1665 2712 1734 mystice
2741 1668 2913 1738 calvo,
2958 1685 3175 1745 propter
3194 1678 3450 1740 Calvariat

1985 1755 2128 1796 cum.
2174 1744 2290 1843 Ipsa
2326 1750 2476 1843 enim
2517 1768 2676 1816 cruce
2712 1757 2767 1813 in
2812 1775 2916 1830 qua
2967 1744 3392 1830 illiinsultatum
3429 1788 3554 1843 est,

1987 1847 2094 1888 non
2113 1841 2363 1935 permisit
2385 1845 2588 1901 calvam
2613 1863 2731 1906 esse
2751 1852 2982 1914 frontem
3005 1867 3262 1930 nostram,
3295 1869 3416 1935 quia
3433 1841 3554 1930 eam

1985 1943 2084 2028 suo
2113 1932 2302 2028 ligno}
2326 1936 2574 2007 signavit.
2603 1942 2841 2014 Denique
2867 1957 2925 2003 ut
2948 1954 3218 2021 noveritis,
3243 1932 3365 2028 quia
3396 1964 3552 2020 nobis

1981 2019 2234 2080 dicuntur
2258 2023 2392 2092 haec,
2426 2029 2600 2085 videte
2619 2034 2750 2102 quid
2776 2036 2986 2096 dicitur.

2055 2110 2110 2168 5.
2147 2109 2296 2184 [vers.
2321 2115 2400 2188 2.]
2417 2115 2600 2176 Omnes
2627 2133 2814 2192 gentes,
2845 2129 3068 2198 plaudite
3104 2138 3352 2194 manibus.
3389 2142 3555 2199 Num-

1989 2201 2112 2292 quid
2131 2205 2354 2271 papulas
2369 2207 2670 2268 Judzeorum
2697 2230 2881 2274 omnes
2903 2231 3086 2288 gentes
3108 2229 3296 2284 erant?
3319 2231 3422 2288 Sed
3448 2251 3554 2292 tae-

1984 2291 2116 2348 citas
2140 2309 2202 2348 ex
2231 2305 2379 2364 parte
2403 2298 2562 2355 Israel
2585 2300 2721 2359 facta
2747 2315 2830 2361 est
2853 2349 2867 2372 ,
2901 2319 2955 2364 ut
2985 2316 3132 2380 pueri
3169 2317 3554 2380 insonsatiela-

1986 2395 2210 2482 marem,
2234 2386 2400 2482 Oetae,
2417 2392 2585 2458 calve;
2610 2404 2768 2465 atque
2787 2398 2858 2452 ita
2891 2401 3141 2462 Dominus
3160 2412 3556 2482 cruciﬁgeretur

1986 2473 2038 2527 in
2067 2474 2322 2571 Oalvarize
2352 2479 2490 2547 loco,
2523 2492 2579 2536 ιιι
2605 2487 2860 2556 sanguine
2887 2489 3002 2547 fuso
3024 2506 3210 2564 gentes
3234 2473 3550 2571 redime-ret,

1981 2570 2038 2662 et
2081 2564 2383 2662 impleretur
2421 2573 2558 2638 quod
2597 2576 2670 2628 ait
2708 2577 3032 2646 Apostolus:
3065 2584 3275 2644 Caecitas
3313 2608 3377 2646 ea:
3415 2564 3556 2662 parte

1979 2650 2149 2754 Israel
2169 2656 2304 2754 facta
2325 2668 2432 2726 est,
2465 2671 2516 2714 ut
2553 2664 2810 2732 plenitudo
2849 2667 3082 2728 Gentium
3119 2677 3326 2734 intraret
3357 2650 3549 2754 (item.

1981 2759 2051 2808 ιι,
2169 2745 2207 2815 ).
2239 2746 2493 2841 Insultcut
2516 2768 2644 2822 ergo
2675 2759 2790 2810 vani
2818 2770 2872 2813 et
2896 2761 3147 2833 hebetes,
3183 2777 3237 2822 et
3275 2743 3550 2841 inserimus“.

1980 2847 2033 2890 ct
2058 2837 2256 2906 dicant,
2277 2839 2446 2907 Calve,
2474 2845 2612 2898 calve
2641 2862 2660 2900 :
2686 2864 2778 2902 vos
2797 2861 2971 2908 autem
2989 2859 3240 2926 sanguine
3268 2862 3406 2919 illius
3431 2837 3551 2921 red;

1971 2929 2174 3027 empti,
2215 2931 2304 2999 qui
2337 2931 2484 3027 {usus
2508 2945 2589 2990 est
2619 2937 2668 2990 in
2693 2939 2944 2999 Calvariau
2981 2945 3119 3012 loco,
3151 2948 3336 3008 Omnes
3379 2968 3549 3027 gentes

1979 3016 2205 3085 plaudite
2223 3022 2468 3082 manibus,
2485 3028 2790 3094 pervenisse
2809 3031 2872 3086 ad
2894 3049 2988 3090 vos
3001 3039 3228 3105 gratiam
3249 3041 3338 3098 Dei
3350 3086 3362 3098 .
3379 3016 3548 3100 'I’laué

1978 3108 2080 3161 dite
2103 3109 2510 3204 manibusQuid
2540 3125 2640 3183 est,
2671 3119 2932 3186 plaudite?
2971 3124 3226 3184 Gaudete.
3253 3131 3356 3188 Sed
3384 3150 3548 3204 quare

1975 3199 2242 3255 inanibus?
2277 3203 2405 3270 Quia
2449 3204 2600 3260 bouis
2628 3211 2895 3277 operibus.
2923 3213 3001 3270 Ne
3024 3217 3295 3286 gaudeatis
3320 3199 3416 3278 ore
3431 3263 3446 3289 ,
3491 3238 3548 3282 et

1977 3293 2194 3346 cessctis
2223 3294 2480 3352 manibus.
2513 3297 2565 3354 Si
2595 3301 2866 3369 gaudetis,
2896 3305 3120 3373 plaudite
3145 3315 3392 3370 manibus.
3432 3317 3549 3372 Ila.

1979 3397 2078 3473 nus
2100 3384 2334 3473 gentium
2363 3387 2532 3442 videat
2556 3430 2571 3455 ,
2608 3391 2696 3460 qui
2733 3395 2917 3460 gaudia
2947 3397 3145 3456 donare
3171 3403 3414 3473 dignatus
3441 3419 3543 3464 est.

1978 3469 2112 3537 Quid
2153 3481 2233 3526 est
2255 3513 2269 3537 ,
2305 3488 2490 3530 manus
2525 3481 2798 3546 gentium?
2835 3482 2992 3540 Facta
3020 3487 3162 3546 bene
3187 3469 3542 3563 operantium.

1980 3562 2163 3618 Omnes
2181 3575 2370 3636 gentes,
2411 3568 2636 3638 plaudite
2669 3574 2899 3628 manibus
2926 3593 2945 3630 :
2964 3579 3182 3649 jubilate
3220 3562 3327 3638 Deo
3353 3586 3406 3640 in
3429 3603 3544 3644 voce

1975 3655 2340 3711 “saltationis.
2369 3657 2438 3712 Et
2467 3675 2616 3727 voce,
2648 3671 2701 3716 et
2741 3665 3002 3722 manibus.
3042 3669 3096 3726 Si
3137 3683 3336 3730 tantum
3380 3693 3541 3745 voce,

1976 3761 2080 3802 non
2109 3747 2272 3813 bene;
2313 3749 2435 3819 quia
2466 3752 2625 3822 pigra:
2653 3763 2777 3808 sum
2810 3771 2996 3812 inimus
3027 3776 3042 3814 :
3069 3759 3116 3816 si
3143 3772 3341 3822 tantum
3371 3769 3542 3822 mani.

1977 3837 2095 3904 bus,
2126 3853 2226 3896 nec
2249 3838 2348 3894 hoc
2369 3841 2533 3909 bene;
2565 3845 2686 3914 quia
2713 3857 2854 3902 mula
2882 3859 2966 3904 est
2987 3851 3162 3922 lingua
3188 3858 3542 3916 :concordent

1967 3944 2165 3990 manus
2187 3938 2240 3984 et
2261 3931 2466 4001 lingua;
2496 3933 2580 3988 illa
2615 3935 2947 4005 confiteatur,
2979 3941 3082 3998 illa:
3108 3957 3415 4014 cpercnuir.
3439 3948 3540 4004 Ju-

1975 4018 2122 4074 bilate
2144 4020 2248 4076 Deo
2267 4024 2318 4076 in
2339 4039 2453 4080 voce
2476 4026 2840 4084 exsnltationis.

2049 4111 2100 4168 4.
2133 4108 2282 4182 [πη.
2312 4110 2392 4184 5.]
2438 4111 2691 4183 Quoniam
2735 4117 2978 4174 Dominus
3021 4125 3246 4179 excelsus
3290 4129 3541 4185 terribilis.

1975 4199 2232 4255 Excelsus
2275 4202 2383 4280 ille,
2423 4205 2574 4274 quasi
2621 4206 2880 4262 irrisibilis
2923 4209 3311 4282 descendendo,
3358 4235 3543 4276 ascen-

1975 4289 2147 4346 dendo
2171 4290 2222 4348 iu
2247 4292 2440 4348 celum
2471 4293 2638 4348 factus
2665 4305 2747 4349 est
2774 4297 3038 4354 terribilis.
3082 4301 3192 4356 Rea:
3213 4321 3424 4376 magnus
3457 4327 3545 4364 su-

1977 4398 2064 4451 per
2090 4398 2284 4438 onmem
2321 4393 2523 4438 terram.
2562 4384 2677 4440 Non
2720 4396 2921 4446 tantum
2951 4405 3110 4459 super
3141 4392 3351 4450 Judrcos
3376 4415 3390 4451 :
3420 4414 3540 4455 nam

1977 4481 2029 4526 et
2057 4485 2215 4540 super
2242 4473 2359 4526 illos
2382 4489 2494 4528 rex.
2530 4474 2655 4530 Inde
2675 4476 2816 4532 enim
2837 4486 2889 4532 et
2917 4480 3155 4575 ιιι)οὲιοιὶ
3181 4485 3538 4553 crediderunt,

1977 4561 2098 4617 inde
2127 4573 2178 4617 ct
2204 4563 2366 4618 multa
2398 4565 2558 4618 millia
2589 4565 2862 4624 hominum
2894 4585 2978 4624 res
3003 4561 3128 4627 s'uas
3154 4576 3540 4645 vendiderunt,

1975 4662 2028 4731 et
2067 4655 2229 4723 pretia
2273 4653 2339 4708 ad
2377 4654 2539 4726 pedes
2566 4657 2935 4728 Apostolorum
2966 4673 3254 4730 posuerunt
3285 4667 3307 4736 (
3326 4667 3436 4722 Act.
3467 4686 3547 4740 tv,

1957 4746 2066 4815 ,54)
2097 4763 2110 4798 :
2140 4753 2193 4800 et
2221 4745 2489 4814 impletum
2518 4757 2599 4800 cst
2625 4748 2678 4801 in
2705 4748 2834 4814 illis,
2861 4750 2997 4820 quod
3025 4761 3139 4807 erat
3166 4754 3218 4808 in
3251 4758 3400 4814 titulo
3420 4776 3541 4815 cru-

1977 4838 2055 4892 cis
2078 4838 2455 4906 conscriptutn,
2483 4839 2593 4893 Res:
2613 4838 2906 4895 Jndworum
2935 4842 3156 4911 (Matth.
3187 4864 3377 4919 xxvnt,
3407 4854 3473 4907 57
3496 4853 3539 4924 ).

1977 4927 2090 4983 Rex
2113 4938 2192 4981 est
2211 4929 2350 4982 enim
2375 4939 2428 4982 et
2445 4928 2765 4984 Juduzorum.
2798 4931 2899 4986 Sed
2915 4949 3104 5005 parum
3121 4937 3541 4998 estJudaeorum.

1982 5019 2163 5074 Omnes
2177 5031 2342 5090 gentes
2357 5021 2584 5090 plaudite
2600 5022 2825 5080 manibus
2839 5040 2856 5077 .'
2868 5028 3104 5094 quoniam
3122 5046 3211 5085 rex
3221 5034 3382 5088 omnis
3399 5045 3543 5090 terra:

1977 5110 2136 5166 Deus.
2163 5112 2276 5168 Non
2307 5112 2447 5165 enim
2474 5113 2544 5166 illi
2573 5111 2764 5168 sufﬁcit
2793 5131 2948 5171 unam
2977 5129 3186 5189 gentem
3224 5124 3421 5182 habere
3445 5129 3540 5182 sub

1977 5218 2035 5256 se
2064 5220 2079 5255 :
2109 5201 2226 5257 ideo
2264 5211 2463 5256 tantum
2497 5203 2722 5272 pretium
2762 5221 2827 5260 ex
2869 5207 3036 5264 latere
3069 5210 3228 5277 dedit,
3261 5225 3316 5267 ut
3343 5229 3545 5278 emeret

1976 5291 2160 5350 orbem
2189 5277 2465 5346 terrarum.
2495 5291 2607 5352 Rea:
2635 5311 2846 5366 magnus
2875 5314 3026 5369 super
3042 5287 3240 5355 omnem
3264 5312 3467 5357 terram.

2045 5382 2097 5437 5.
2126 5381 2275 5464 [νοτε.
2302 5379 2381 5455 4.]
2407 5381 2628 5452 Subjccit
2659 5385 2822 5454 plebes
2847 5389 3006 5454 nobis,
3026 5400 3071 5442 et
3093 5402 3262 5460 gentes
3287 5394 3378 5447 sub
3401 5391 3544 5464 pedi-

1977 5475 2066 5530 bus
2093 5475 2294 5529 nostris.
2337 5475 2476 5543 Quas
2518 5477 2777 5544 subjecit,
2805 5489 2858 5534 et
2887 5480 3112 5550 quibus?
3149 5482 3248 5550 Qui
3291 5495 3415 5540 sunt
3453 5489 3543 5560 qui

1975 5564 2289 5635 loquuntur?
2324 5563 2482 5620 Forte
2521 5566 2724 5621 Judaei?
2750 5567 2910 5622 Planc
2942 5569 2986 5622 si
3027 5572 3284 5641 Apostoli,
3312 5575 3465 5643 plane
3496 5587 3542 5633 st

1974 5657 2161 5711 sancti.
2205 5658 2294 5711 llis
2329 5658 2470 5712 enim
2510 5658 2903 5729 Deus'subjecit
2941 5659 3122 5730 plebes
3163 5670 3217 5716 ct
3249 5673 3456 5736 gentes,
3487 5675 3544 5729 ut

2038 5776 2055 5808 ι
2081 5781 2199 5822 Tres
2217 5777 2344 5834 Mss,
2365 5771 2515 5834 signo.
