4042 6476
441 362 553 422 5η

443 479 603 537 hodie
631 477 956 534 bonoreutur
987 471 1042 527 in
1071 466 1319 542 gentibus
1337 505 1351 530 ,
1383 463 1471 534 qui
1497 477 1526 516 a
1553 461 1668 517 suis
1695 460 1899 515 civibus
1927 471 2020 510 oc-

440 570 546 626 cidi
573 575 877 624 meruerunt
899 581 914 618 :
941 557 1208 633 quomodo
1231 555 1484 611 Dominus
1502 561 1687 607 eorum
1708 550 1915 604 occisus
1938 557 2020 601 est

441 677 472 718 θ
498 660 725 727 civibus,
748 667 800 714 et
827 656 1122 710 honoratur
1145 665 1174 704 a
1205 647 1470 720 gentibus,
1495 643 1780 701 crucifixus
1812 657 1842 694 a
1868 641 1980 695 suis
2003 680 2020 706 ,

441 753 698 808 adorator
719 749 788 804 ab
812 747 1020 812 alienis,
1043 741 1137 798 sed
1164 740 1333 812 pretio
1350 740 1368 771 ⁸
1397 736 1549 792 lactis
1575 734 1707 789 suis.
1735 732 1858 788 Ideo
1881 731 2022 786 enim

446 841 577 897 emit
617 855 750 906 nos,
793 843 855 890 ut
889 833 1048 890 alieni
1075 831 1142 886 ab
1169 844 1236 886 eo
1261 843 1368 882 non
1395 838 1652 880 essemus.
1698 822 1860 876 Putas
1896 833 2025 889 ergo

447 948 604 989 voces
631 945 752 986 esse
775 927 1173 999 Apostolorum,
1201 919 1429 990 Subjeeit
1456 916 1620 988 plebes
1637 915 1802 980 nobis,
1832 923 1878 968 et
1902 928 2023 983 gen-

444 1036 519 1080 tes
545 1025 636 1079 sub
662 1020 869 1094 pedibus
890 1016 1114 1073 nostris?
1137 1012 1346 1069 Nescio.
1379 1009 1564 1064 Mirum
1587 1009 1631 1062 si
1652 1005 1893 1076 Apostoli
1917 1014 2022 1094 tam

446 1092 680 1185 superbe
716 1111 1058 1182 loquerentur
1076 1147 1090 1171 ,
1119 1113 1178 1158 ut
1204 1101 1496 1172 gauderent
1521 1105 1706 1168 gentes
1736 1109 1855 1150 esse
1883 1092 2027 1185 posi-

447 1183 533 1259 tas
565 1203 664 1258 sub
704 1200 925 1272 pedibus
954 1195 1099 1259 suis,
1138 1192 1189 1248 id
1219 1199 1302 1246 est
1327 1188 1655 1246 Christianos
1682 1186 1783 1242 sub
1807 1183 2027 1254 pedibus

447 1292 842 1363 Apostolorum.
892 1285 1101 1343 Etenim
1137 1283 1366 1354 gaudent
1409 1293 1506 1334 nos
1547 1291 1729 1334 secum
1767 1290 1886 1330 esse
1927 1274 2028 1330 sub

446 1384 678 1456 pedibus
715 1382 853 1438 illius
899 1379 989 1451 qui
1033 1385 1276 1432 mortuus
1314 1381 1396 1428 est
1427 1386 1522 1442 pro
1549 1371 1722 1426 nobis.
1759 1369 1890 1424 Nam
1926 1367 2027 1422 sub

449 1477 612 1548 pedes
640 1474 787 1531 Pauli
813 1472 1119 1531 currebant,
1141 1467 1230 1538 qui
1252 1465 1499 1520 volebant
1522 1477 1640 1518 esse
1666 1461 1812 1522 Pauli
1837 1475 1853 1524 ;
1875 1466 1929 1513 et
1947 1457 2028 1512 di-

445 1569 602 1626 cehat
639 1565 756 1622 eis:
788 1561 1053 1632 Numquid
1094 1558 1292 1614 Paulus
1337 1572 1428 1626 pro
1466 1555 1602 1609 vobis
1642 1551 1917 1620 cruciﬁxus
1956 1556 2030 1601 est

450 1659 494 1732 (Ι
523 1657 640 1716 Cor.
669 1673 707 1724 t,
731 1655 864 1725 15)?
901 1651 1040 1721 Quid
1065 1665 1192 1719 ergo
1215 1648 1340 1702 hic?
1365 1646 1490 1716 quid
1513 1643 1779 1713 accepturi
1805 1637 2030 1732 sumus?

445 1730 488 1807 8
494 1749 673 1818 abiecit
695 1747 858 1819 plebes
878 1743 1038 1808 nobis,
1058 1749 1102 1796 et
1117 1749 1284 1812 gentes
1296 1737 1387 1792 sub
1398 1735 1606 1805 pedibus
1615 1750 1680 1787 no
1687 1732 1819 1787 stris.
1833 1730 2031 1785 Omnes

444 1842 770 1912 pertinentes
789 1837 854 1891 ad
872 1834 1234 1890 hereditatem
1247 1829 1442 1886 Christi
1458 1829 1509 1883 in
1523 1827 1770 1882 omnibus
1783 1821 2026 1912 gentibus

444 1911 587 2000 sunt,
610 1938 666 1986 et
691 1943 878 1985 omnes
906 1940 1011 1981 non
1041 1923 1366 1994 pertinentes
1388 1918 1455 1974 ad
1485 1915 1848 1972 hatreditatem
1873 1911 2028 1966 Chri-

444 2022 510 2076 sti
531 2023 583 2075 in
612 2019 857 2074 onmibus
883 2014 1128 2087 gentibus
1158 2021 1281 2068 sunt
1308 2018 1395 2066 :ct
1415 2007 1605 2063 videtis
1631 2007 1707 2061 sic
1727 2002 1946 2058 exaltari
1978 2001 2029 2054 in

444 2111 660 2168 nomine
686 2109 883 2166 Christi
913 2105 1200 2162 Ecclesiam
1228 2101 1422 2158 Christi
1445 2142 1460 2165 ,
1501 2109 1560 2154 ut
1587 2111 1772 2152 omnes
1799 2093 2029 2150 nondum

442 2204 732 2260 credentes
758 2203 810 2256 in
837 2200 1070 2264 Christo,
1099 2197 1199 2251 sub
1226 2193 1447 2266 pedibus
1470 2191 1682 2262 iaceant
1703 2185 2025 2242 Christiano-

444 2311 589 2349 rum.
615 2293 808 2361 Quanti
823 2290 966 2346 enim
987 2287 1147 2344 modo
1165 2283 1470 2342 curruut‘bd
1489 2280 1778 2337 Ecclesiam
1798 2275 2030 2331 nondum

375 2436 377 2438 .
446 2383 761 2446 christiani,
801 2388 988 2451 rogant
1024 2377 1278 2432 auxilium
1317 2371 1605 2435 Ecclesiae;
1635 2366 1903 2426 subveniri
1930 2366 2030 2422 sibi

449 2475 814 2545 temporaliter
858 2472 1060 2535 volunt,
1101 2467 1309 2525 etiamsi
1352 2467 1403 2521 in
1451 2474 1709 2520 internum
1755 2460 2029 2516 nobiscum

447 2581 672 2635 regnare
715 2563 890 2620 adhuc
935 2563 1142 2617 nolunt.
1183 2559 1317 2613 Cum
1363 2570 1554 2611 otnnes
1595 2562 1837 2625 quaerunt
1874 2549 2031 2605 auxi-

429 2659 578 2713 =linm
611 2657 882 2719 Ecclesize,
911 2665 964 2708 et
990 2653 1079 2723 qui
1111 2651 1344 2707 nondum
1372 2655 1496 2704 sunt
1530 2648 1581 2702 in
1609 2645 1864 2712 Ecclesia,
1899 2659 2033 2698 non-

445 2765 515 2802 ne
543 2747 750 2817 subjecit
776 2746 939 2814 plebes
959 2754 1004 2799 et
1024 2753 1192 2815 gentes
1219 2740 1310 2795 sub
1339 2738 1546 2811 pedibus
1568 2736 1794 2792 nostris?

518 2839 574 2895 6.
602 2838 751 2912 [ποτε.
781 2836 861 2911 5.]
893 2837 1060 2908 Elegit
1088 2834 1230 2889 nobis
1260 2832 1598 2887 btereditatem
1619 2845 1783 2892 suam,
1816 2826 2031 2897 speciem

447 2931 608 2988 Iacob
634 2947 784 3004 quam
807 2928 1002 2984 dilexit.
1054 2925 1504 2982 Pulchritudinem
1545 2921 1826 2992 quamdam
1865 2917 2031 2974 Jacob

448 3024 610 3092 elegit
653 3022 807 3076 nobis
849 3018 1210 3074 hmreditatem
1259 3031 1407 3070 suam
1457 3013 1643 3069 Jacob.
1693 3012 1805 3065 Duo
1843 3009 2031 3063 fratres

450 3126 604 3170 erant
643 3115 783 3169 Esau
812 3122 867 3167 et
898 3111 1092 3177 Jacob;
1122 3110 1174 3164 in
1203 3119 1352 3163 utero
1388 3107 1573 3162 matris
1597 3105 1753 3160 ambo
1777 3101 2032 3173 conﬂige-

452 3207 598 3270 bant,
631 3213 685 3260 et
717 3204 786 3258 de
827 3202 1077 3258 conﬂictu
1105 3201 1308 3254 viscera
1347 3207 1584 3252 materna
1611 3195 1986 3266 quatiebantnr
2015 3213 2029 3248 :

451 3311 505 3355 et
531 3301 600 3355 ibi
630 3314 750 3353 cum
801 3297 907 3352 duo
937 3303 1117 3351 essent
1137 3335 1152 3358 ,
1180 3292 1491 3348 elcctusest
1517 3289 1711 3351 minor,
1743 3297 1797 3342 et
1829 3303 2034 3357 ιιι-περο-

451 3393 586 3446 situs
613 3400 695 3444 est
721 3387 930 3458 majori,
958 3396 1014 3442 et
1040 3385 1238 3440 dictum
1282 3391 1363 3439 est
1389 3424 1402 3445 ,
1440 3381 1557 3435 Duo
1604 3379 1781 3450 populi
1827 3387 1941 3431 sunt
1979 3385 2034 3430 tn

451 3495 594 3535 utero
617 3490 725 3551 tuo,
753 3472 801 3534 et
826 3480 988 3549 major
1006 3477 1182 3532 serviet
1207 3473 1390 3528 minori
1415 3470 1434 3546 (
1457 3470 1583 3526 Gen.
1618 3486 1739 3532 xxv,
1771 3469 1901 3540 23).
1932 3467 2035 3523 Per

447 3588 639 3628 omnes
673 3581 862 3637 gentes
897 3567 1089 3640 major,
1121 3583 1218 3638 per
1241 3579 1429 3621 omnes
1469 3572 1654 3635 gentes
1698 3561 1910 3616 minor:
1940 3558 2032 3614 sed

453 3664 628 3718 minor
671 3659 724 3716 iu
771 3659 926 3716 bouis
971 3656 1313 3718 christianis,
1349 3655 1564 3716 electis,
1597 3650 1732 3723 piis,
1759 3647 2031 3714 fidelibus;

361 3813 367 3818 ,
455 3753 626 3823 major
653 3750 704 3806 in
735 3749 998 3820 superbis,
1021 3747 1271 3818 indignis,
1291 3743 1680 3816 peccatoribus,
1706 3741 2034 3796 contumaci-

454 3843 574 3907 bus,
599 3855 693 3894 sua
723 3846 938 3908 peccata
964 3834 1371 3893 defendentibus
1393 3833 1561 3903 magis
1591 3847 1747 3901 quant
1776 3829 2034 3886 conﬁten-

358 3945 364 3956 '
457 3935 628 3996 tibus;
653 3931 826 4003 qualis
849 3931 1009 3985 etiam
1033 3930 1146 3999 ipse
1173 3927 1397 3998 populus
1418 3925 1718 3980 ludmorum
1749 3922 1862 3987 fuit,
1887 3923 2037 3992 igno-

457 4041 581 4080 rans
611 4023 707 4079 Dei
731 4021 1012 4092 justitiam,
1043 4028 1098 4075 et
1119 4033 1267 4074 suam
1295 4016 1480 4070 volens
1504 4015 1824 4071 constituere
1854 4011 2032 4082 (Rom.

455 4133 511 4178 x.
545 4117 622 4186 '5).
653 4112 758 4170 Sed
789 4112 911 4183 quia
938 4111 1135 4165 dictum
1162 4117 1264 4174 est,
1293 4107 1464 4178 Major
1487 4104 1662 4160 sentiet
1687 4103 1889 4168 minori,
1919 4118 2033 4156 ma-

456 4207 705 4265 nifestum
733 4213 816 4261 est
839 4204 960 4276 quia
996 4203 1094 4274 piis
1131 4201 1423 4256 subdentur
1457 4198 1636 4268 impii,
1667 4206 1722 4252 et
1749 4195 2037 4250 humilibus

457 4294 754 4356 subdentur
775 4295 1011 4369 superbi.
1051 4295 1203 4351 Prior
1224 4302 1376 4349 natus
1401 4300 1484 4345 est
1507 4290 1668 4353 Esait,
1697 4299 1750 4344 et
1775 4287 2038 4357 posterior

454 4404 614 4450 nauis
637 4402 720 4449 est
744 4389 907 4448 Jaoub
939 4408 954 4445 :
983 4387 1076 4444 sed
1102 4387 1191 4459 qui
1217 4383 1484 4457 posterius
1509 4391 1662 4437 natus
1687 4388 1803 4446 est,
1843 4377 2037 4450 pratia-

458 4495 650 4544 tus-cst
674 4485 843 4557 primo
875 4492 1018 4548 nato,
1048 4479 1135 4552 qui
1172 4494 1269 4552 per
1304 4475 1482 4549 gulam
1515 4471 1743 4544 perdidit
1769 4472 2036 4542 primoge-

459 4571 568 4632 uita
597 4591 709 4630 sua.
741 4575 828 4631 Sic
856 4573 1019 4627 habes
1046 4570 1302 4640 scriptum
1337 4585 1352 4622 :
1385 4564 1700 4621 Desideravit
1727 4562 2036 4626 lenticulam,

445 4681 507 4723 'et
535 4669 606 4722 alt
636 4666 714 4720 illi
738 4665 896 4737 frater
923 4664 1051 4735 ejus,
1075 4661 1136 4718 Si
1163 4662 1236 4716 vis
1264 4669 1319 4716 tu
1341 4657 1454 4713 dent
1476 4657 1582 4724 tibi,
1605 4657 1673 4709 da
1701 4655 1825 4709 mihi
1850 4655 2042 4737 primo-

460 4759 630 4834 genita
660 4736 767 4810 tua.
793 4755 890 4811 llle
912 4753 1031 4825 plus
1053 4753 1248 4807 amavit
1275 4749 1416 4822 quod
1443 4748 1728 4804 carnaliter
1753 4736 2040 4815 concupie-

459 4860 566 4918 rat,
584 4863 741 4921 quam
762 4846 900 4918 quod
921 4844 1263 4917 spiritualiter
1284 4842 1430 4914 prius
1449 4841 1719 4898 nascendo
1735 4848 2000 4894 meruerat
2025 4856 2038 4893 :

446 4953 518 4999 ‘ct
543 4939 792 5010 “deposuit
830 4937 1177 5010 primogenita
1215 4950 1335 5003 sua,
1362 4943 1421 4990 ut
1445 4932 1789 4990 manducaret
1814 4930 2042 4984 lenticu-

397 5035 400 5037 λ
463 5035 567 5089 lam
597 5031 748 5102 (Gen.
776 5045 902 5095 xxv,
926 5028 1138 5099 30-34).
1181 5023 1514 5082 Lenticulam
1541 5031 1716 5078 autem
1743 5019 2043 5074 invenimus

460 5124 639 5181 cibum
657 5135 776 5177 esse
795 5118 1190 5192 Egyptiorum;
1216 5132 1336 5172 nam
1362 5115 1433 5171 ibi
1459 5111 1690 5170 abundat
1715 5112 1766 5166 in
1788 5107 2041 5181 Egypto.

451 5213 620 5274 Unde
667 5211 1034 5284 magniﬁcatur
1076 5207 1329 5266 lenticula
1377 5203 1753 5268 alexandrina,
1799 5210 1854 5256 et
1900 5201 2046 5256 venit

464 5321 634 5378 usque
672 5304 738 5360 ad
775 5314 943 5359 terras
972 5311 1202 5366 nostras,
1231 5298 1380 5370 quasi
1406 5297 1494 5352 hic
1524 5311 1627 5350 non
1659 5302 1905 5349 nascatur
1928 5293 2045 5348 len-

465 5396 649 5452 ticula.
678 5394 834 5466 "Ergo
869 5391 1223 5449 desiderando
1250 5388 1426 5444 cibum
1464 5387 1748 5458 aegyptium
1769 5427 1784 5452 ,
1819 5385 2047 5455 perdidit

467 5488 774 5558 primatum.
805 5484 894 5540 Sic
921 5493 977 5539 et
1004 5481 1226 5552 populus
1253 5477 1582 5544 Judzeorum,
1613 5477 1681 5532 de
1714 5493 1818 5547 quo
1843 5477 2044 5533 dictmn

467 5575 831 5640 est,‘Convcrsi
867 5583 982 5629 sunt
1019 5571 1169 5627 corde
1199 5571 1253 5624 in
1283 5569 1571 5640 Egyptum
1602 5570 1619 5640 (
1647 5569 1757 5622 Act.
1791 5583 1882 5631 vn,
1911 5568 2042 5639 59),

533 5692 552 5722 ⁸
576 5690 648 5738 sic
671 5687 788 5739 edit.
813 5693 887 5736 Dr.
912 5684 989 5737 cui
1022 5684 1334 5733 masen‘tiuat
1377 5679 1544 5742 plures
1581 5687 1687 5731 Mss.
1731 5688 1784 5732 Αι
1806 5686 1937 5738 lnv.,
1961 5682 2047 5742 sed

461 5750 622 5814 pretio
653 5747 897 5814 sanguinis
919 5746 1012 5798 sui.
1049 5753 1148 5794 Duo
1174 5753 1277 5795 Mss.
1299 5777 1313 5803 ,
1346 5741 1430 5792 sed
1459 5743 1612 5807 pretio
1638 5742 1886 5807 sanguinis
1907 5741 2047 5804 factis

461 5825 587 5863 «ωε.

1584 385 1588 390 ~
1651 348 1712 404 S.
1744 341 2110 403 AUGUSTlNl
2149 341 2451 400 EPISCOPI

3604 352 3716 410 ηε

2131 457 2436 512 lenticulam
2477 457 2868 528 quodammodo
2912 459 3368 528 desideraverunt,
3406 474 3462 519 et
3507 467 3713 535 prima-

2132 556 2240 602 tum
2265 548 2630 618 perdiderunt.
2671 547 2836 621 Elegit
2862 551 3002 605 nobis
3041 553 3375 609 hereditatem
3403 575 3569 621 suam,
3596 577 3717 630 spe-

2131 641 2256 694 ciem
2279 640 2441 696 Jacob
2469 658 2618 713 quam
2637 642 2834 696 dilexit.

2203 733 2258 788 7.
2285 732 2434 805 [verm
2467 733 2544 806 6.]
2575 736 2808 789 Ascendit
2843 733 2978 789 Deus
3013 736 3066 790 in
3093 735 3414 807 jubilationc.
3463 737 3581 810 Ipse
3623 741 3717 796 ille

2134 827 2272 882 Deus
2298 838 2479 881 noster
2510 828 2762 882 Dominus
2790 828 3028 882 Christus
3059 831 3282 885 ascendit
3309 832 3361 885 in
3381 831 3713 902 jubilationc.

2133 916 2380 973 Dominus
2395 920 2447 972 in
2467 935 2586 973 voce
2609 918 2757 973 tuba.
2785 919 3020 974 Ascendit
3038 935 3057 975 :
3075 935 3200 991 quo,
3225 923 3326 976 nisi
3349 939 3455 993 quo
3475 925 3680 980 scimus
3693 926 3720 979 ?

2130 1009 2248 1074 Quo
2275 1023 2394 1063 cum
2423 1008 2590 1064 Judari
2619 1025 2723 1064 non
2753 1019 2875 1064 sunt
2898 1013 3086 1076 secuti,
3119 1027 3218 1067 nec
3241 1014 3430 1068 oculis.
3463 1014 3522 1069 ltt
3551 1031 3716 1072 cruce

2131 1102 2273 1155 enim
2319 1101 2607 1156 exaltatum
2659 1102 2966 1169 irrisernnt,
3004 1104 3055 1157 in
3097 1104 3291 1158 caelum
3329 1107 3716 1164 ascendentem

2132 1208 2237 1246 non
2263 1193 2524 1249 viderunt.
2557 1194 2792 1248 Ascendit
2822 1194 2960 1249 Deus
2996 1197 3050 1249 in
3081 1197 3407 1266 jubilatione.
3449 1201 3586 1267 Quid
3631 1212 3718 1257 est

2126 1284 2390 1355 jubilatio,
2421 1286 2520 1339 nisi
2543 1285 2822 1340 admiratio
2849 1285 3048 1356 gaudii,
3068 1303 3190 1356 quae
3210 1289 3386 1344 verbis
3410 1307 3514 1346 non
3540 1301 3719 1361 potest

2131 1377 2425 1446 explicari?
2471 1377 2748 1443 Quomodo
2789 1378 3033 1432 admirati
3074 1388 3198 1433 sunt
3227 1380 3518 1450 gaudentes
3545 1383 3714 1437 disci-

2133 1468 2259 1537 puli,
2280 1467 2517 1523 videntes
2541 1469 2684 1523 irein
2705 1468 2897 1525 omium
2921 1467 3057 1541 (Act.
3071 1483 3117 1534 1,
3141 1471 3196 1540 9)
3212 1485 3368 1540 quem
3394 1473 3718 1540 planxerunt

2133 1568 2399 1614 mortuum
2425 1577 2440 1614 :
2465 1573 2646 1614 revera
2677 1559 2868 1631 gaudio
2890 1561 3010 1614 huic
3038 1561 3198 1616 verba
3224 1576 3328 1616 non
3351 1561 3712 1625 sufﬁciebant,

2135 1650 2367 1706 restabat
2388 1650 2616 1720 jubilare
2661 1651 2802 1721 quod
2849 1665 3007 1705 nemo
3052 1661 3262 1720 poterat
3304 1653 3592 1723 explicare.
3637 1653 3717 1711 lbi

2132 1754 2246 1799 erat
2275 1752 2329 1799 et
2354 1759 2459 1797 vox
2499 1743 2670 1807 tuba,
2711 1758 2818 1798 vox
2865 1743 2950 1798 illa
3001 1744 3341 1814 Angelorum.
3393 1745 3598 1800 Dictum
3629 1756 3717 1802 est

2132 1839 2274 1889 enim
2295 1877 2310 1899 ,
2339 1835 2482 1890 Sicut
2520 1834 2636 1888 tuba
2668 1838 2836 1890 exalto
2862 1851 3030 1889 uocem
3064 1845 3198 1888 tuam
3233 1837 3402 1907 (lsai.
3434 1853 3580 1904 LVIII,
3615 1839 3639 1892 1

2135 1926 2562 1981 Pnedicaverunt
2588 1927 2771 1997 Angeli
2799 1928 3165 1982 ascensionem
3191 1929 3402 1984 Domini
3430 1949 3443 1985 :
3468 1931 3718 1987 viderunt

2133 2018 2262 2072 disci
2271 2018 2420 2088 pulos
2437 2019 2756 2074 ascendente
2780 2019 3002 2074 Domino
3019 2019 3039 2051 ¹
3060 2019 3345 2088 horrentes,
3364 2022 3714 2087 admirantes,

2133 2117 2427 2177 stupentes,
2453 2111 2580 2163 nihil
2601 2110 2860 2174 dicentes,
2885 2111 2978 2165 sed
3006 2112 3169 2167 corde
3183 2113 3472 2182 jnbilantes
3497 2131 3512 2168 :
3535 2123 3591 2170 et
3607 2131 3710 2169 vox

2130 2200 2238 2268 jam
2265 2199 2404 2254 tuba:
2431 2201 2483 2254 in
2512 2202 2654 2255 clara
2677 2217 2808 2256 voce
2829 2203 3174 2272 Angelorum,
3218 2204 3325 2258 Viri
3345 2204 3566 2271 Galiltei,
3588 2207 3718 2277 quid

2134 2292 2318 2345 statis?
2352 2291 2448 2346 llic
2475 2303 2548 2346 est
2585 2292 2756 2348 Jesus.
2796 2295 2956 2360 Quasi
2987 2296 3065 2350 illi
3092 2311 3195 2350 non
3228 2298 3424 2352 scirent
3447 2299 3567 2368 quia
3600 2300 3719 2370 ipse

2133 2386 2276 2430 esset
2302 2375 2478 2430 Jesus.
2527 2381 2664 2430 Ante
2701 2393 2761 2431 se
2809 2379 2962 2448 paulo
3004 2388 3127 2433 ante
3155 2395 3274 2434 cum
3306 2397 3412 2435 non
3434 2383 3720 2438 viderant?

2132 2480 2314 2520 secum
2345 2467 2644 2537 loquentem
2673 2484 2776 2523 non
2803 2469 3117 2525 audierant?
3156 2470 3357 2542 Nempe
3395 2487 3499 2527 non
3537 2474 3721 2529 solum

2133 2559 2364 2629 speciem
2393 2560 2640 2614 viderunt
2679 2563 2955 2631 praesentis
2975 2603 2989 2624 ,
3035 2563 3127 2616 sed
3155 2571 3208 2618 et
3236 2564 3473 2618 metubra
3501 2573 3721 2620 contre-

2131 2658 2407 2705 ctaverunt
2433 2649 2595 2722 (Luc.
2627 2668 2768 2717 xxiv,
2799 2651 2867 2708 39
2886 2652 2928 2723 ).
2957 2652 3060 2724 Ipsi
3087 2669 3214 2724 ergo
3242 2655 3550 2709 nesciebant
3572 2657 3719 2726 quod

2125 2743 2222 2798 ille
2261 2752 2401 2798 esset
2440 2743 2628 2798 Jesus?
2669 2744 2774 2799 Sed
2821 2744 3170 2800 admiratione
3212 2745 3324 2815 ipsa
3370 2761 3479 2814 pra:
3520 2746 3721 2816 gaudio

2128 2835 2472 2904 jubilationis,
2503 2844 2748 2904 tauquam
2779 2846 2957 2890 mente
2989 2836 3270 2902 alienatis,
3293 2837 3577 2907 loquuntur
3601 2838 3720 2892 An-

2134 2930 2257 2997 geli,
2290 2929 2410 2999 Ipse
2429 2939 2501 2984 est
2518 2929 2690 2985 Iesus.
2720 2931 2902 2998 Quasi.
2933 2931 2989 2986 Si
3018 2932 3234 2987 creditis
3260 2933 3356 2998 illi,
3386 2934 3478 2988 ille
3502 2943 3584 2988 est
3607 2948 3721 3004 quo

2133 3024 2386 3077 crucitixo
2402 3032 2720 3078 notaverunt
2739 3024 2888 3078 vobis
2908 3024 3092 3094 pedes,
3114 3041 3220 3095 quo
3239 3026 3414 3080 occiso
3433 3035 3484 3081 et
3506 3025 3722 3095 sepulto

2135 3128 2281 3183 spem
2305 3116 2454 3169 vobis
2484 3115 2778 3184 perdidisse
2807 3115 3084 3185 putabitis;
3129 3131 3254 3170 ecce
3290 3117 3403 3186 ipse
3428 3125 3508 3170 est
3532 3115 3716 3171 Jesus.

2135 3207 2383 3260 Ascendit
2409 3217 2529 3260 ante
2554 3223 2676 3270 vos;
2705 3207 2778 3261 sic
2810 3208 2967 3260 veniet
2993 3205 3411 3276 quemadmodum
3434 3223 3547 3260 eum
3578 3207 3720 3261 vide-

2135 3301 2198 3354 tis
2225 3311 2421 3354 euntem
2443 3301 2494 3353 in
2522 3300 2699 3353 caelum
2731 3298 2866 3371 (Act.
2899 3316 2936 3366 I,
2967 3299 3054 3369 ll)
3083 3319 3098 3354 :
3131 3299 3330 3354 tollitur
3353 3300 3561 3370 quidem
3587 3316 3716 3354 cor-

2135 3409 2236 3464 pus
2265 3393 2330 3447 ab
2353 3394 2522 3448 oculis
2551 3395 2741 3449 vestris
2765 3435 2781 3460 ,
2808 3393 2900 3448 sed
2929 3410 3033 3449 non
3059 3405 3335 3464 separatur
3364 3395 3505 3451 Deus
3533 3411 3560 3448 a
3590 3411 3720 3451 cor-

2136 3484 2293 3539 dibus
2313 3485 2502 3539 vestris
2534 3502 2547 3538 :
2579 3485 2754 3539 videte
2778 3485 3171 3550 ascendentem,
3202 3486 3404 3542 credite
3433 3488 3483 3540 in
3515 3486 3718 3541 absen-

2139 3584 2244 3631 tem
2264 3586 2494 3646 ,sperate
2516 3575 2811 3630 venientem
2832 3593 2846 3640 ;
2877 3576 2967 3630 sed
2987 3585 3161 3630 tamen
3187 3593 3279 3645 per
3297 3576 3722 3631 misericordiam

2137 3667 2398 3724 oecultam
2446 3667 2607 3722 etiam
2655 3667 2847 3722 sentite
2899 3677 3233 3736 przcsentetn.
3297 3667 3390 3722 ille
3441 3667 3580 3721 enim
3625 3668 3719 3736 qui

2138 3759 2376 3814 ascendit
2422 3760 2471 3812 in
2513 3759 2726 3822 coclum,
2774 3770 2830 3812 ut
2883 3759 3162 3814 tolleretur
3198 3760 3265 3831 ab
3307 3761 3474 3815 oculis
3501 3761 3722 3827 vestris,

2141 3849 2383 3920 promisit
2409 3849 2555 3904 vobis
2582 3843 2764 3904 dicens
2795 3867 2808 3902 :
2840 3847 2974 3904 Ecce
3005 3868 3095 3920 ego
3134 3851 3382 3904 vobiscum
3415 3868 3527 3904 sum
3561 3868 3726 3921 usque

2129 3941 2191 3994 in
2217 3941 2693 3994 consummationem
2716 3940 2890 3993 sa'culi
2923 3940 3131 4011 (Matth.
3165 3955 3348 4002 xxvtn,
3378 3942 3493 4012 ‘20).
3528 3941 3725 3997 Merito

2139 4041 2193 4086 et
2213 4031 2494 4100 Apostolus
2521 4031 2597 4084 sic
2625 4046 2719 4084 nos
2748 4032 3116 4097 alloqui-batur
3142 4049 3155 4086 :
3183 4031 3435 4087 Dominus
3461 4035 3511 4086 in
3537 4036 3724 4102 proxi-

2140 4137 2220 4174 mo
2242 4129 2333 4185 est,
2367 4121 2496 4174 nihil
2520 4121 2725 4174 solliciti
2749 4122 2954 4192 fueritis’
2973 4121 3229 4192 (Philipp.
3262 4139 3332 4187 ιν,
3362 4124 3415 4187 5,
3444 4104 3521 4195 (ε).
3554 4124 3726 4179 Sedet

2139 4229 2301 4283 super
2323 4215 2487 4268 cmlos
2515 4211 2788 4277 Christus,
2821 4222 2874 4268 et
2903 4214 3058 4284 longe
3082 4224 3204 4268 sunt
3231 4216 3376 4282 caeli,
3403 4226 3457 4271 et
3487 4216 3600 4285 ipse
3627 4218 3727 4284 qui

2141 4306 2212 4360 ibi
2247 4306 2395 4362 sedet
2429 4321 2591 4377 prope
2629 4315 2729 4360 est.
2763 4305 3005 4359 Dominus
3031 4307 3083 4360 in
3112 4324 3228 4361 voce
3262 4308 3410 4363 tuba.
3459 4308 3598 4379 Ergo
3623 4325 3730 4368 vos

2142 4395 2234 4451 lilii
2274 4397 2432 4463 Core,
2461 4397 2569 4466 jam
2612 4397 2656 4450 si
2705 4397 3040 4452 intellexistis
3069 4412 3164 4452 vos
3188 4440 3204 4463 ,
3251 4408 3306 4452 et
3351 4399 3608 4470 inspicitis
3636 4399 3731 4456 hic

2141 4502 2257 4549 vos,
2287 4496 2342 4540 et
2369 4501 2463 4539 vus
2488 4483 2748 4556 gaudetis‘,
2775 4486 2893 4556 quia
2924 4485 3114 4542 videtis
3140 4487 3226 4542 hic
3250 4505 3364 4543 vos.

2213 4579 2267 4633 8.
2297 4575 2445 4650 [vers
2480 4577 2510 4630 7
2537 4575 2558 4650 ]
2588 4575 2798 4630 Psallite
2829 4575 2931 4631 Deo
2953 4589 3142 4645 nostro,
3164 4579 3380 4650 psallite.
3411 4579 3578 4649 Quem
3602 4589 3731 4634 tan-

2144 4685 2301 4742 quam
2332 4668 2600 4723 hominem
2637 4667 2913 4722 irriserunt
2961 4670 3050 4739 qui
3087 4685 3127 4724 -a
3177 4672 3283 4726 llco
3321 4671 3534 4726 alienati
3574 4683 3732 4739 stitit,

2147 4762 2346 4833 psallite
2387 4759 2494 4814 Deo
2538 4770 2729 4816 nostro.
2771 4759 2886 4814 Non
2926 4761 3066 4816 enim
3097 4761 3258 4817 homo
3283 4743 3514 4829 tantum:
3538 4764 3631 4818 sed
3671 4775 3739 4820 es

2148 4853 2304 4908 Deus.
2341 4851 2509 4907 thno
2537 4867 2603 4907 ex
2631 4851 2834 4906 semine
2865 4851 3027 4907 David
3059 4852 3232 4926 (Rom.
3263 4870 3310 4922 ι,
3334 4852 3411 4926 3),
3448 4855 3583 4909 Deus
3615 4855 3738 4911 Do-

2148 4944 2324 4998 minus
2354 4941 2537 5008 David,
2556 4957 2620 4996 ex
2642 4941 2842 4998 ludatis
2867 4957 3082 4997 carnem
3113 4942 3315 4999 habens
3343 4963 3357 4999 :
3384 4961 3597 5015 quorum
3625 4963 3732 5014 pa-

2149 5045 2268 5102 tres,
2290 5035 2362 5088 ait
2387 5017 2690 5104 Apostolus,
2717 5043 2766 5088 ct
2787 5049 2850 5089 ex
2866 5033 3044 5103 quibus
3065 5033 3293 5090 Christus
3319 5036 3586 5090 secundum
3612 5054 3742 5090 car-

2149 5141 2280 5180 nem.
2311 5123 2386 5178 Ex
2407 5123 2606 5179 Judteis
2630 5139 2757 5194 ergo
2778 5124 3042 5193 Christus,
3061 5124 3155 5180 sed
3178 5125 3464 5181 secundum
3485 5141 3739 5183 carnem.

2149 5215 2279 5283 Quis
2299 5225 2474 5269 autem
2498 5215 2598 5270 iste
2617 5213 2880 5278 Christus,
2903 5216 2992 5285 qui
3012 5226 3096 5270 est
3118 5232 3181 5272 ex
3207 5215 3408 5272 inducis
3433 5219 3745 5277 secundum

2149 5307 2400 5363 carnem?
2427 5305 2525 5374 Qui
2544 5318 2614 5360 est
2643 5322 2795 5376 super
2813 5308 2982 5360 omnia
3012 5307 3145 5362 Deus
3165 5309 3448 5363 benedictus
3473 5311 3522 5362 in
3543 5311 3746 5366 stccula

2155 5398 2282 5468 (Id.
2313 5415 2383 5461 ιι,
2409 5397 2502 5467 5).
2547 5396 2685 5450 Deus
2710 5406 2834 5452 ante
2859 5413 3093 5459 carnem,
3125 5397 3262 5454 Deus
3292 5400 3343 5454 in
3378 5415 3559 5463 carne,
3592 5401 3750 5457 Dens

2150 5509 2270 5547 cum
2300 5507 2480 5546 carne.
2524 5490 2632 5544 Nec
2675 5491 2846 5544 solum
2879 5501 3002 5546 ante
3038 5506 3253 5546 carnem
3283 5491 3441 5557 Deus,
3475 5493 3565 5548 sed
3606 5507 3750 5553 ante

2153 5596 2346 5640 terram
2378 5583 2512 5636 Deus
2535 5622 2551 5647 ,
2593 5581 2732 5636 unde
2767 5581 2902 5636 facta
2945 5593 3027 5636 est
3065 5597 3222 5647 caro;
3254 5598 3350 5638 nec
3379 5593 3579 5638 tantum
3609 5572 3756 5644 ante

2155 5743 2438 5850 intrat-cut
2474 5745 2614 5800 uss,
2655 5739 2876 5790 viderunt
2917 5739 3142 5801 discipuli
3179 5737 3514 5790 mandantem
3565 5749 3720 5792 rem

2201 5817 2232 5850 ll
2272 5835 2284 5848 .

2201 5817 2284 5850 (ill.
