4042 6498
274 413 382 472 ω

274 542 468 588 terram
497 529 659 593 Deus,
691 524 831 582 unde
857 539 982 581 caro
1004 524 1135 579 facta
1164 533 1265 588 est,
1293 524 1386 580 sed
1407 524 1566 579 etiam
1591 534 1713 579 ante
1740 537 1851 579 cte-

278 621 383 678 lum
408 621 573 685 Deus,
604 617 745 689 quod
774 617 915 687 prius
936 615 1126 671 factum
1153 624 1264 681 est;
1288 626 1408 670 ante
1433 615 1571 669 diem
1602 616 1739 670 Deus
1761 614 1851 685 qui

280 715 478 784 primus
518 710 689 765 lactus
723 718 833 773 est;
879 719 1002 762 ante
1046 722 1235 762 omnes
1280 707 1510 777 Angelos
1551 707 1706 770 Deus,
1737 706 1851 774 ipse

276 804 517 859 Christus
558 801 696 856 Deus
727 816 739 851 :
770 799 1017 869 quoniam
1060 797 1113 851 in
1157 798 1413 867 principio
1440 806 1554 851 erat
1584 799 1811 853 Verbum
1830 842 1847 867 ,

277 906 329 953 et
355 894 587 950 \‘erbutn
626 900 741 947 erat
774 890 913 959 apud
957 891 1140 953 Deum,
1168 900 1222 944 et
1265 891 1400 944 Deus
1430 900 1546 944 erat
1572 890 1800 946 Verbum
1831 906 1846 945 :

280 989 450 1044 omnia
482 1003 576 1056 per
601 986 773 1056 ipsum
808 983 945 1038 facta
972 992 1115 1047 sunt,
1141 991 1195 1036 et
1231 983 1346 1036 sine
1379 982 1496 1051 ipso
1534 981 1726 1037 laetum
1766 992 1849 1037 est

275 1079 401 1135 nihil
433 1074 629 1148 (loan.
658 1092 697 1139 ι,
734 1075 830 1130 1-5
850 1070 891 1145 ).
939 1074 1031 1129 Ille
1070 1081 1152 1128 est
1177 1081 1299 1127 ante
1326 1074 1499 1126 onnda
1519 1112 1535 1138 ,
1561 1088 1659 1143 per
1690 1090 1846 1141 quem

276 1171 408 1225 facta
457 1178 582 1224 sunt
622 1166 824 1221 omnia.
872 1162 1084 1219 Psallite
1127 1180 1253 1233 ergo
1308 1163 1415 1217 Deo
1459 1176 1627 1217 nostra
1651 1205 1666 1230 ,
1706 1165 1843 1234 psal-

280 1262 357 1318 lite
377 1258 476 1330 (a).

341 1351 395 1408 9.
599 1347 681 1422 8.]
711 1348 962 1416 Quoniam
1002 1365 1094 1403 rex
1127 1351 1288 1403 omnis
1328 1358 1474 1403 teme
1517 1347 1673 1403 Deus.
1710 1348 1845 1417 Quid

272 1442 412 1496 enim
428 1440 454 1494 ἲ
483 1439 552 1495 Et
578 1450 722 1505 ante,
748 1456 852 1494 non
877 1440 1051 1493 omnis
1071 1446 1228 1493 terra:
1248 1439 1422 1493 Deus?
1448 1439 1634 1495 Nonne
1652 1450 1707 1494 et
1726 1442 1846 1496 οωιί

271 1542 496 1589 etterrae
513 1532 671 1595 Deus,
695 1547 816 1586 cum
839 1532 1018 1602 utique
1039 1546 1132 1601 per
1154 1530 1300 1585 illum
1330 1531 1463 1585 facta
1489 1540 1611 1585 sunt
1631 1534 1805 1585 omnia
1821 1533 1847 1585 ?

273 1627 398 1694 Quis
441 1635 622 1694 posset
655 1624 833 1680 dicere
876 1640 981 1679 non
1025 1638 1143 1678 esse
1186 1624 1350 1679 Deum
1394 1626 1581 1679 suum?
1609 1624 1710 1679 Sed
1742 1642 1845 1679 non

272 1734 455 1773 omnes
483 1718 725 1773 homines
745 1727 1070 1788 agnoverunt
1091 1719 1254 1773 Deum
1277 1734 1464 1779 suum;
1494 1728 1547 1773 et
1574 1719 1664 1773 ubi
1691 1736 1847 1791 agno-

273 1810 534 1873 scebatur,
562 1809 713 1879 quasi
741 1810 809 1863 ibi
836 1818 1038 1862 tantum
1062 1808 1204 1863 Deus
1226 1818 1361 1863 erat.
1388 1808 1554 1863 Notus
1584 1810 1634 1863 in
1663 1810 1843 1865 Judzua

278 1902 411 1955 Deus
434 1899 609 1970 (Psal.
639 1916 797 1966 Lxxv,
824 1900 883 1969 2)
912 1916 925 1951 :
959 1900 1190 1953 nondum
1223 1900 1343 1954 liliis
1370 1900 1506 1955 Core
1534 1900 1842 1969 dicebatur,

277 1991 457 2045 Omnes
494 1999 684 2061 gentes,
723 1990 948 2060 plaudite
965 1992 1211 2045 manibus.
1241 1990 1334 2046 Ille
1357 1991 1497 2045 enim
1524 1992 1660 2046 Deus
1690 2002 1846 2046 notus

274 2082 323 2133 in
352 2079 555 2139 Judzea.
579 2097 673 2135 rex
701 2080 876 2135 omnis
904 2090 1058 2135 terrae
1089 2081 1227 2135 Deus
1243 2090 1347 2136 est.
1376 2081 1492 2137 iam
1520 2082 1587 2136 ab
1602 2084 1845 2137 omnibus

272 2171 592 2239 agnoscitur,
621 2171 745 2241 quia
775 2171 1045 2240 impletum
1068 2182 1151 2226 est
1178 2172 1317 2241 quod
1352 2172 1479 2228 dicit
1505 2172 1664 2227 lsaias
1682 2214 1699 2239 ,
1726 2171 1847 2243 Ipse

273 2259 407 2315 Dens
436 2271 552 2315 tuus
582 2261 669 2331 qui
696 2263 821 2315 eruit
851 2272 924 2325 te,
965 2259 1205 2316 uniuersa
1237 2270 1382 2316 terra:
1423 2260 1559 2317 Deus
1593 2263 1847 2316 vocabitur

270 2354 421 2423 (lsai.
447 2370 553 2419 uv,
581 2354 662 2427 5).
698 2354 945 2419 Quoniam
974 2371 1063 2409 res
1088 2355 1249 2409 omnis
1273 2365 1417 2409 teme
1446 2355 1582 2409 Deus
1608 2371 1627 2410 :
1648 2356 1848 2425 psallite

268 2450 619 2519 ituelligenler.
659 2448 823 2502 Docet
860 2462 959 2501 nos
990 2456 1045 2503 et
1072 2448 1322 2501 admonet
1352 2462 1449 2502 nos
1479 2457 1535 2501 ut
1561 2448 1846 2516 psallamus

269 2539 662 2609 intelligenter:
692 2553 796 2593 non
824 2552 1123 2607 qumramus
1146 2552 1334 2591 sonum
1361 2538 1525 2601 auris,
1552 2537 1642 2592 sed
1665 2538 1844 2592 lumen

270 2629 462 2685 cordis.
500 2626 737 2693 Psallite,
763 2629 948 2696 inquit,
976 2628 1322 2698 intelligenter.
1350 2626 1569 2692 Gentes,
1592 2628 1732 2683 unde
1749 2645 1846 2683 vo-

269 2719 373 2773 cati
398 2718 527 2774 estis
554 2730 609 2773 ut
641 2719 915 2773 christiani
941 2718 1149 2783 essetis,
1180 2718 1472 2773 adorabant
1514 2718 1644 2774 deos
1684 2735 1847 2775 manu

272 2812 457 2877 factos,
487 2820 543 2866 et
584 2809 880 2880 psallebant
925 2810 1063 2875 illis;
1109 2810 1201 2863 sed
1231 2825 1335 2863 non
1368 2809 1743 2879 iutelligenter.
1786 2812 1844 2867 Si

273 2901 624 2973 intelligenter
642 2908 935 2964 cantarent,
952 2899 1155 2969 lapides
1174 2917 1276 2954 non
1295 2899 1456 2954 adora
1466 2909 1598 2956 rent.
1624 2900 1846 2970 Quando

273 2994 430 3049 homo
478 3002 725 3048 sensatus
763 2991 1009 3047 cantabat
1052 2991 1209 3062 lapidi
1254 2992 1542 3058 insensatn,
1591 2994 1843 3065 numquid

270 3087 623 3158 intelligenter
650 3086 938 3140 cantabat?
966 3084 1121 3139 Modo
1150 3094 1347 3152 autem,
1374 3087 1595 3151 fratres,
1627 3101 1733 3141 non
1760 3085 1843 3141 vi-

272 3180 454 3234 demus
497 3178 667 3233 ocnlis
703 3192 861 3247 quem
900 3176 1207 3241 adoramus,
1257 3186 1312 3231 et
1356 3187 1531 3232 tamen
1569 3178 1795 3233 correcti
1822 3178 1841 3211 ί

273 3271 566 3325 adoramus.
614 3269 775 3323 Multo
818 3269 986 3337 inagis
1026 3269 1177 3323 nobis
1207 3269 1345 3323 Deus
1372 3270 1779 3327 commendatur
1798 3273 1840 3338 ³,

274 3366 385 3435 quia
415 3380 537 3419 eum
567 3363 737 3418 oculis
767 3377 871 3415 non
904 3362 1160 3416 videmus.
1193 3362 1247 3415 Si
1276 3378 1396 3415 eum
1434 3363 1603 3416 oculis
1627 3362 1841 3418 videre-

274 3471 414 3515 mus.
444 3454 583 3509 forte
606 3462 1093 3508 contemneremus.
1136 3450 1265 3505 Nam
1298 3461 1353 3505 et
1378 3451 1646 3507 Christum
1672 3452 1842 3507 Judaei

274 3548 436 3599 risum
459 3552 912 3613 contempserunt,
929 3558 1032 3596 non
1055 3543 1223 3595 visum
1245 3541 1445 3597 Gentes
1463 3543 1838 3599 adoraverunt.

275 3638 376 3692 illis
395 3639 538 3694 enim
561 3638 760 3692 dictum
778 3645 880 3698 est,
906 3633 1120 3689 Psallite
1143 3633 1493 3704 intelligenter.
1522 3634 1696 3689 Nolite
1723 3651 1843 3691 esse

270 3732 402 3783 sicut
438 3741 609 3797 equus
644 3737 699 3781 et
737 3726 929 3789 mulus,
961 3726 1013 3779 in
1050 3725 1242 3795 quibus
1282 3742 1387 3779 nam
1427 3734 1509 3779 est.
1547 3725 1843 3781 intellectus

276 3818 437 3891 (Psal.
470 3832 616 3881 xui,
647 3815 723 3888 9).

342 3906 422 3967 id.
456 3910 607 3985 (vers.
630 3908 709 3980 9.]
741 3908 984 3979 Regnabit
1002 3907 1254 3963 Dominus
1291 3924 1441 3977 super
1464 3924 1633 3962 omnes
1651 3918 1839 3979 gentes.

272 4004 365 4075 Qui
407 4000 662 4071 regnabat
700 4016 860 4071 super
897 4016 1051 4053 unam
1086 4009 1328 4069 gentem,
1359 4000 1619 4069 regnabit,
1654 4002 1840 4071 inquit,

271 4112 413 4163 super
455 4109 625 4147 omnes
670 4104 857 4162 gentes.
902 4090 1124 4185 Quando
1169 4090 1479 4145 dicebantur
1517 4091 1648 4156 ista,
1684 4108 1845 4163 super

273 4200 421 4239 ninam
460 4194 674 4255 gentem
716 4181 964 4251 regnabat
994 4180 1132 4235 De'ns
1160 4198 1172 4233 :
1204 4180 1476 4248 prophetia
1520 4191 1667 4247 erat,
1709 4199 1843 4237 non-

270 4278 389 4329 dum
430 4290 518 4331 res
558 4271 1039 4328 demonstrabatur.
1076 4271 1183 4325 Deo
1209 4271 1435 4339 gratias,
1458 4270 1567 4339 jam
1605 4272 1843 4327 videmus

273 4367 469 4434 impleri
494 4364 636 4435 quod
661 4372 784 4416 ante
806 4360 1238 4431 prophetabatnr.
1260 4360 1680 4430 Chirugrapbum
1706 4363 1844 4419 Deus

272 4468 385 4511 ante
412 4468 619 4526 tempus
648 4455 861 4523 scripsit
888 4452 1072 4515 nobis.
1101 4452 1316 4521 impleto
1347 4461 1583 4519 tempore
1617 4453 1845 4508 reddidit

273 4552 439 4606 nobis.
470 4543 893 4620 Ilegnabit'Dens
934 4561 1085 4615 super
1123 4560 1294 4597 omnes
1331 4552 1532 4613 gmtes,
1564 4545 1844 4612 promissio

275 4652 368 4696 est.
404 4642 535 4697 Deus
563 4644 699 4695 sedet
727 4654 877 4709 super
899 4641 1066 4692 sedem
1092 4646 1316 4691 sanctam
1343 4653 1509 4690 suam.
1540 4636 1689 4704 Quod
1720 4648 1845 4693 tunc

275 4732 505 4797 futurum
534 4728 965 4800 promittebatur,
996 4741 1139 4781 nunc
1166 4727 1438 4794 impletum
1465 4728 1766 4795 agnoscitur
1789 4737 1846 4784 et

276 4833 496 4879 tenetur.
525 4821 665 4876 Deus
689 4820 825 4874 sedet
850 4835 1000 4889 super
1034 4817 1203 4872 sedem
1222 4829 1463 4879 sanctam
1504 4836 1668 4873 suam.
1714 4820 1844 4887 Qua:

275 4915 422 4969 sedes
440 4914 555 4983 ejus
580 4912 798 4966 saneta?
826 4908 1066 4964 Forsitan
1091 4908 1248 4973 cteli;
1276 4918 1332 4963 et
1356 4909 1491 4963 bene
1514 4910 1840 4981 intelligitur.

276 5007 518 5060 Ascendit
546 5004 687 5058 enim
713 5000 986 5064 Christus,
1014 4999 1150 5054 sicut
1176 5002 1446 5063 novimus,
1474 5016 1594 5055 cum
1621 5017 1844 5070 corpore

276 5096 327 5148 in
365 5111 467 5165 quo
509 5093 795 5149 cruciﬁxus
840 5101 954 5155 est,
998 5100 1051 5145 et
1089 5090 1240 5144 sedet
1280 5090 1345 5143 ad
1372 5091 1642 5145 dexteram
1674 5094 1845 5149 Patris

277 5189 407 5254 (Aet.
435 5202 486 5253 ι,
511 5186 574 5256 2)
603 5202 618 5238 :
649 5184 770 5237 inde
798 5198 918 5238 eum
954 5191 1231 5236 venturum
1267 5192 1637 5251 exspectamus
1665 5185 1729 5239 ad
1754 5185 1844 5255 ju-

276 5278 522 5334 dicandos
550 5279 701 5331 vivos
738 5286 793 5330 et
828 5283 1064 5328 mortuos
1104 5273 1175 5347 (ll
1207 5272 1341 5327 Tim.
1375 5273 1473 5345 tv).
1508 5276 1658 5329 Sedet
1696 5293 1847 5343 super

276 5371 433 5426 sedem
458 5379 685 5427 sanctam
708 5384 871 5421 suam.
895 5366 1028 5421 ϐωιὶ
1054 5374 1176 5419 sunt
1200 5365 1354 5419 sedes
1379 5374 1557 5419 saneta
1576 5366 1730 5433 ejus?
1754 5367 1845 5422 Vis

275 5474 329 5519 et
353 5474 403 5519 tu
426 5478 547 5519 esse
576 5460 733 5517 sedes
758 5460 910 5529 ejus?
936 5457 1050 5512 Noli
1080 5467 1263 5529 putare
1293 5466 1343 5510 te
1367 5472 1486 5511 esse
1517 5471 1619 5510 non
1652 5472 1840 5526 posse:

341 5599 358 5629 ι
381 5599 523 5646 t'atic.
550 5602 654 5649 διε..
675 5592 822 5642 corde
846 5590 983 5642 recti.

336 5660 358 5688 ‘
379 5662 456 5708 uie
478 5660 528 5708 in
553 5655 664 5703 Edd.
684 5654 889 5711 additur,
909 5650 1141 5713 potentior
1165 5661 1183 5699 :
1207 5652 1253 5713 in
1278 5649 1459 5713 aliquot
1481 5658 1607 5710 uss,
1641 5662 1796 5706 mmor
1824 5662 1843 5699 :

277 5728 495 5769 neutrum
522 5728 643 5766 vero
664 5724 743 5764 est
760 5716 806 5763 iu
829 5712 1043 5763 melioris
1065 5721 1191 5762 nota:
1213 5712 1361 5760 libris.

280 5780 406 5889 mg)
425 5780 670 5830 οωειιὶιιπ
688 5777 842 5826 altera
879 5788 989 5841 pm
1008 5775 1057 5836 ι.
1082 5776 1110 5824 7
1130 5786 1145 5835 ς
1170 5772 1363 5824 psallite
1396 5772 1500 5838 regi
1518 5780 1695 5834 nostro,
1718 5772 1844 5836 ρατι-

1343 407 1739 466 εΝΑιιιιΑτιο
1774 404 1843 465 nt
1882 407 2201 471 rsswuu
2240 416 2418 493 xm.

1963 541 2087 596 para
2110 529 2181 584 illi
2203 530 2375 587 locum
2406 533 2456 587 in
2482 532 2643 590 corde
2664 543 2786 602 tuo;
2817 540 2993 606 venit,
3023 552 3078 597 et
3107 541 3333 599 libenter
3360 544 3537 599 sedete

1958 616 2075 687 Ipse
2111 630 2257 677 certe
2296 631 2379 677 est
2412 623 2708 680 Dei‘Virtus
2744 638 2796 682 et
2834 629 2923 685 Dei
2952 632 3220 702 Sapientia
3265 633 3312 704 (l
3338 622 3457 690 Cor.
3484 651 3535 697 ι.

1951 707 2066 779 24).
2097 710 2162 765 Et
2184 712 2310 782 quid
2336 713 2464 769 dicit
2488 713 2758 786 Scriptura
2785 717 2854 773 de
2877 718 2990 790 ipsa
3014 719 3318 791 Sapientia?
3343 724 3532 778 Anima

1949 797 2106 868 justi,
2131 801 2285 858 sedes
2319 803 2592 875 sapientia:
2639 807 2792 879 (Sap.
2815 810 2933 879 vn).
2964 810 3022 866 Si
3050 827 3176 881 ergo
3203 814 3377 867 anima
3402 814 3532 884 justi

1953 890 2107 945 sedes
2146 902 2229 948 est
2263 895 2568 967 sapientiai;
2596 898 2666 952 sit
2689 900 2864 954 anima
2896 908 2981 954 tua
3008 900 3182 970 justa,
3211 913 3265 958 et
3301 906 3407 960 eris
3447 921 3532 960 re-

1952 980 2085 1050 galis
2107 984 2235 1038 sella
2262 986 2555 1052 sapientiae.
2586 988 2654 1043 Et
2680 1005 2884 1055 revera,
2911 990 3123 1057 fratres,
3150 1008 3336 1049 omnes
3360 995 3531 1050 homi-

1953 1086 2048 1126 nes
2071 1075 2158 1143 qui
2188 1074 2323 1131 bene
2349 1077 2549 1142 vivunt,
2575 1080 2666 1150 qui
2692 1081 2827 1136 bene
2854 1092 3047 1160 agunt,
3078 1084 3367 1140 secundum
3396 1086 3527 1141 cha-

1950 1162 2161 1219 ritatem
2188 1167 2328 1236 piam
2357 1169 2373 1200 ¹
2405 1183 2819 1237 conversantur,
2853 1189 3030 1230 nonne
3057 1175 3199 1231 Deus
3228 1176 3279 1230 in
3310 1176 3411 1232 illis
3436 1191 3524 1232 se-

1946 1253 2072 1321 det,
2103 1264 2157 1311 et
2186 1258 2297 1326 ipse
2328 1259 2520 1328 jubet?
2557 1260 2899 1333 Obtemperat
2926 1265 3101 1321 anima
3136 1267 3339 1321 sedenti
3380 1268 3430 1322 in
3466 1281 3527 1323 se

1952 1346 2096 1422 Deo,
2124 1357 2178 1404 et
2221 1350 2333 1419 ipsa
2374 1351 2525 1422 jubet
2568 1356 2838 1411 membris.
2872 1358 3060 1413 Anima
3090 1360 3230 1414 enim
3263 1369 3349 1415 tua
3378 1360 3529 1431 jubet

1950 1441 2192 1495 membro
2223 1450 2342 1510 tuo,
2387 1460 2492 1515 quo
2532 1459 2807 1503 moveatur
2844 1465 2966 1520 pes,
3015 1466 3121 1521 quo
3160 1468 3380 1517 manus,
3421 1470 3528 1523 quo

1947 1532 2152 1592 oculus.
2181 1526 2288 1603 quo
2314 1537 2476 1602 auris,
2509 1546 2564 1592 et
2584 1538 2733 1607 jubet
2758 1540 2868 1608 ipsa
2898 1542 3148 1596 membris
3174 1553 3422 1609 tanquam
3451 1543 3526 1597 fa-

1950 1622 2106 1675 mulis
2142 1624 2252 1677 suis
2286 1642 2299 1678 :
2337 1625 2430 1680 sed
2467 1638 2522 1682 et
2550 1629 2661 1697 ipsa
2688 1631 2854 1685 servit
2884 1633 3109 1687 interius
3136 1632 3379 1687 insidenti
3402 1634 3531 1688 sibi

1950 1711 2174 1765 Domino
2206 1730 2324 1768 suo.
2373 1716 2487 1772 Non
2525 1728 2697 1788 potest
2724 1720 2957 1775 inferiori
2989 1737 3047 1777 se
3071 1722 3207 1776 bene
3237 1724 3522 1793 imperare,

1948 1804 2049 1857 nisi
2091 1808 2351 1875 superiori
2397 1824 2455 1864 se
2500 1824 2603 1865 non
2650 1810 2804 1867 fuerit
2833 1812 3110 1885 dedignata
3135 1815 3355 1870 servire.
3386 1814 3524 1869 Deus

1946 1898 2082 1949 sedet
2110 1912 2261 1967 super
2283 1900 2450 1953 sedem
2478 1911 2699 1955 sanctam
2728 1919 2891 1957 suam.

2020 1986 2107 2041 il.
2158 1986 2307 2059 [rem
2346 1988 2457 2063 i0.]
2503 1989 2792 2062 ,Principes
2840 1994 3141 2065 populorum
3192 2004 3525 2049 convenerunt

1946 2092 2062 2129 eum
2090 2077 2194 2132 Deo
2224 2080 2496 2134 Abraham.
2529 2082 2669 2137 Deus
2713 2084 2977 2139 Abraham
3021 2095 3076 2141 et
3117 2086 3259 2141 Deus
3297 2082 3442 2141 Isaac
3471 2092 3535 2140 et

1950 2166 2089 2221 Deus
2107 2166 2269 2223 Jacob
2299 2169 2488 2239 (Exod.
2517 2187 2602 2238 nt,
2630 2172 2707 2241 6).
2734 2171 2929 2228 Verum
2954 2184 3056 2239 est,
3083 2174 3215 2229 dixit
3243 2175 3343 2229 hoe
3364 2177 3524 2237 Dens,

1948 2265 2003 2311 et
2038 2259 2411 2327 superbierunt
2456 2261 2576 2316 inde
2602 2262 2816 2331 Judaei,
2857 2272 2913 2319 et
2955 2265 3208 2321 dixerunt
3239 2285 3253 2321 :
3287 2266 3398 2321 Nos
3431 2268 3527 2336 ﬁlii

1949 2348 2165 2403 Abrahte
2187 2366 2377 2405 sumus.
2405 2352 2780 2421 Superbientes
2805 2353 2872 2408 de
2897 2356 3111 2411 nomine
3146 2364 3369 2425 paterno
3386 2397 3400 2418 .
3431 2371 3523 2425 ge.

1948 2449 2129 2495 rentes
2155 2440 2270 2511 ejus
2295 2458 2530 2510 carnem,
2562 2459 2666 2499 non
2697 2453 2937 2501 tenentes
2961 2450 3078 2513 ejus
3104 2445 3293 2513 tidem;
3318 2448 3521 2501 semine

1948 2529 2302 2598 adhaerentes,
2330 2534 2564 2588 moribus
2588 2534 2988 2604 degenerantes.
3013 2538 3247 2607 Denique
3266 2538 3521 2593 Dominus
3630 2608 3637 2613 ν

1948 2619 2072 2689 quid
2102 2621 2175 2673 ait
2201 2622 2280 2675 eis
2322 2623 2393 2675 ita
2432 2624 2900 2692 superbientibus?
2930 2626 2992 2679 Si
3016 2627 3113 2694 ﬁlii
3147 2628 3361 2682 Abrahae
3386 2632 3523 2693 estis,

1948 2714 2084 2783 facta
2120 2712 2338 2765 Abraha:
2380 2714 2530 2784 facite
2574 2714 2750 2784 (Joan.
2774 2733 2902 2781 vui,
2930 2718 3032 2785 53,
3062 2719 3175 2789 39).
3225 2720 3351 2774 ltem
3398 2723 3531 2790 quid

1948 2801 2081 2855 dixit
2122 2802 2224 2855 illis
2265 2802 2496 2859 Joannes
2538 2805 2871 2862 venientibus
2907 2817 2962 2863 et
2995 2811 3524 2867 contremiscentibus

1947 2894 2259 2965 quibusdam
2290 2897 2544 2967 ipsorum,
2573 2899 2662 2969 qui
2692 2913 2750 2954 se
2780 2900 3084 2969 paenitendo
3118 2902 3387 2974 corrigere
3426 2920 3522 2956 vn-

1950 2986 2196 3041 luerunt?
2213 2986 2486 3057 Progenies
2500 2990 2803 3060 viperarum.
2824 2992 2987 3046 Erant
3004 2994 3145 3047 enim
3166 2993 3349 3063 iniqui,
3371 3005 3524 3049 erant

1948 3077 2172 3145 perditi,
2202 3087 2355 3132 erant
2385 3088 2721 3148 peccatores,
2752 3090 2905 3137 erant
2940 3082 3085 3152 impii
3122 3104 3134 3136 :
3170 3096 3428 3140 venerunt
3454 3086 3523 3143 ad

1948 3168 2263 3237 baptismum
2292 3169 2510 3225 Joannis
2547 3189 2562 3226 :
2604 3182 2656 3227 et
2684 3171 2810 3243 quid
2849 3175 2929 3229 eis
2952 3175 3117 3230 dicit?
3145 3174 3417 3249 Progenies
3444 3180 3523 3233 vi-

1948 3277 2199 3332 perurunt.
2232 3260 2308 3316 llli
2347 3279 2405 3317 se
2440 3263 2687 3319 dicebant
2725 3265 2861 3321 filios
2888 3266 3144 3333 Abrahae,
3171 3279 3225 3323 et
3264 3270 3376 3339 ipse
3404 3271 3524 3327 illos

1946 3351 2155 3405 dicebat
2198 3353 2333 3408 lilios
2381 3354 2703 3423 viperarum.
2736 3356 2996 3426 Numquid
3038 3361 3301 3415 Abraham
3345 3363 3520 3432 vipera

1947 3444 2096 3496 erat?
2125 3442 2227 3497 Sed
2259 3445 2379 3513 quia
2412 3447 2547 3499 male
2576 3446 2801 3501 vivendo
2829 3448 3099 3504 daemones
3130 3453 3315 3506 imitati
3346 3464 3517 3519 erant,

1945 3540 1999 3587 et
2023 3548 2204 3587 eorum
2238 3534 2328 3588 lilii
2372 3534 2492 3588 lacti
2537 3547 2688 3590 erant
2708 3578 2721 3601 ,
2750 3553 2885 3605 quos
2924 3538 3179 3595 imitando
3208 3542 3344 3596 male
3372 3544 3521 3599 vive~

1947 3622 2072 3677 bant
2101 3641 2113 3677 :
2142 3622 2437 3694 Progenies,
2466 3624 2651 3695 inquit,
2681 3627 2983 3697 viperarum,
3011 3630 3120 3696 quis
3145 3630 3279 3685 vobis
3308 3634 3523 3686 ostendit

1947 3720 2119 3789 fugere
2142 3719 2202 3772 ab
2228 3720 2303 3772 ira
2332 3730 2535 3773 ventura
2556 3720 2582 3773 Ρ
2615 3718 2786 3776 Facite
2803 3737 2920 3793 ergo
2947 3723 3165 3791 fructum
3189 3724 3394 3795 dignum
3416 3739 3522 3795 pte-

1945 3809 2167 3863 nitentite
2194 3824 2212 3863 :
2241 3819 2285 3863 et
2306 3810 2460 3863 nolite
2480 3810 2643 3863 dicere
2661 3810 2799 3881 apud
2819 3814 3137 3882 vosmetipsos
3158 3856 3171 3877 ,
3202 3812 3406 3869 Patrem
3431 3816 3524 3868 Ita-

1945 3896 2114 3952 bemus
2130 3898 2403 3965 Abraham,
2422 3909 2476 3953 et
2496 3900 2645 3969 quasi
2667 3902 2939 3971 superbire
2958 3902 3025 3957 de
3046 3919 3240 3972 genere
3262 3904 3521 3972 Abrahm;

1946 3998 2121 4058 potens
2159 3998 2233 4043 est
2272 3990 2402 4043 enim
2431 3988 2568 4043 Deus
2606 3990 2670 4044 de
2704 3991 2956 4061 lapidibus
2984 3994 3093 4047 istis
3122 3996 3364 4051 suscitare
3388 3997 3523 4065 ﬁlios

1945 4079 2162 4134 Abrahte
2190 4080 2399 4151 (Matth.
2430 4098 2521 4147 ιιι,
2549 4082 2713 4153 7-9).
2745 4082 2859 4138 Non
2891 4085 3031 4138 enim
3073 4101 3412 4142 remansurus
3441 4101 3524 4143 est

1946 4172 2212 4226 Abraham
2241 4175 2357 4228 sine
2399 4174 2548 4237 liliis,
2577 4175 2622 4229 si
2651 4190 2746 4229 vos
2772 4175 3099 4231 damnaverit
3126 4177 3264 4234 Dens
3293 4197 3307 4233 :
3334 4191 3523 4252 potens

1945 4271 2028 4317 est
2056 4263 2195 4317 enim
2236 4272 2289 4315 et
2326 4263 2580 4317 damnare
2608 4279 2741 4332 quos
2766 4265 2904 4328 odit,
2935 4275 2989 4321 et
3024 4266 3097 4319 illi
3137 4268 3357 4322 reddere
3386 4286 3521 4340 quos

1948 4352 2209 4420 promisit.
2241 4352 2309 4407 Et
2339 4344 2478 4406 unde
2508 4352 2581 4407 illi
2609 4354 2912 4408 redditurus
2938 4364 3021 4409 est
3048 4356 3201 4417 illius,
3231 4357 3274 4410 si
3305 4358 3522 4415 damnat

1947 4442 2200 4498 llebrteos
2226 4444 2292 4498 de
2315 4458 2474 4498 carne
2503 4443 2617 4513 ejus
2645 4444 2985 4513 progenitos?
3009 4444 3089 4499 De
3114 4447 3362 4516 lapidibus
3390 4449 3519 4505 istis.

1946 4533 2270 4588 OStendebat
2301 4534 2403 4588 illis
2433 4534 2633 4602 lapides
2663 4534 2715 4588 in
2745 4549 2948 4589 eremo.
2989 4536 3089 4602 Qui
3116 4548 3268 4592 erant
3297 4538 3519 4610 lapides,

1948 4624 2047 4677 nisi
2073 4622 2271 4679 Gentes
2288 4664 2302 4688 ,
2335 4639 2453 4693 qua:
2489 4624 2689 4692 lapides
2716 4623 3043 4680 adorabant?
3070 4627 3295 4699 Lapides
3320 4635 3529 4701 quaret

1948 4714 2233 4771 Adorando
2260 4714 2488 4784 lapides,
2517 4715 2642 4769 dicti
2679 4724 2832 4770 erant
2871 4716 3071 4786 lapides
3099 4735 3112 4771 :
3140 4719 3263 4790 quia
3290 4722 3527 4790 psalmus

1948 4805 2294 4876 prtedixerat,
2321 4804 2526 4861 Similes
2552 4806 2655 4861 illis
2683 4807 2807 4875 ﬁant
2834 4808 2919 4878 qui
2946 4809 3138 4879 faciunt
3162 4826 3251 4877 ea,
3278 4820 3334 4865 et-
3353 4829 3523 4866 omnes

1948 4898 2035 4967 qui
2058 4896 2318 4965 conﬁdunt
2340 4896 2394 4949 in
2417 4897 2489 4950 eis
2517 4894 2682 4968 (Psal.
2706 4911 2851 4962 cxnt,
2873 4897 2951 4965 8).
2976 4897 3176 4954 Tamen
3200 4898 3267 4954 de
3293 4900 3420 4970 ipsis
3447 4902 3523 4960 la-

1949 4987 2158 5056 pidibus
2185 4986 2410 5041 reddidit
2437 4986 2573 5041 lilios
2592 4986 2820 5040 Abrahae
2846 5004 2859 5039 :
2891 4988 3048 5042 modo
3071 5004 3257 5044 omnes
3280 4991 3369 5060 qui
3396 4992 3524 5061 lapi-

1948 5078 2045 5132 des
2069 5076 2452 5140 adorabamus,
2484 5077 2727 5130 conversi
2766 5077 2832 5131 ad
2863 5078 3143 5134 hominum
3174 5079 3263 5134 lilii
3292 5082 3524 5135 Miratur:

1950 5167 2069 5220 lacti
2096 5180 2313 5229 sumus;
2344 5181 2449 5219 non
2478 5165 2722 5220 ducendo
2761 5167 2831 5221 ab
2874 5167 2967 5223 illo
3001 5185 3212 5224 cantem
3233 5211 3247 5237 ,
3279 5170 3524 5225 sedsimi-

1952 5256 2110 5312 tando
2128 5256 2304 5310 lldem.
2323 5255 2586 5325 Principes
2600 5272 2730 5327 ergo
2743 5261 3041 5329 populorum
3061 5270 3391 5314 convenerunt
3408 5278 3522 5314 cum

1948 5348 2059 5403 Deo
2088 5348 2358 5403 Abraham.
2402 5347 2667 5417 Principes
2705 5350 3007 5421 populorum
3034 5366 3054 5405 :
3085 5350 3331 5407 Gentium
3373 5353 3520 5421 prin-

1948 5441 2116 5511 cipes,
2146 5455 2249 5495 non
2278 5439 2437 5493 unius
2463 5440 2641 5509 populi
2682 5442 2949 5511 principes
2967 5482 2983 5507 ,
3011 5442 3104 5495 sed
3134 5441 3399 5510 principes
3425 5458 3520 5511 po-

1949 5532 2190 5603 pulorum
2216 5532 2449 5586 omnium
2468 5573 2482 5598 ,
2511 5541 2843 5587 enumerant
2869 5547 2982 5585 eum
3008 5530 3119 5585 Deo
3145 5532 3415 5586 Abraham.

2023 5623 2108 5678 12.
2144 5622 2219 5676 Es
2252 5623 2380 5691 ipsis
2410 5623 2734 5693 principibus
2769 5632 2884 5678 erat
2922 5631 2977 5677 et
3012 5623 3112 5678 iste
3137 5620 3426 5685 Centurio.
3454 5625 3519 5684 de

1950 5731 2054 5786 quo
2084 5714 2241 5770 modo
2277 5714 2618 5786 Evangelium
2665 5729 2783 5770 cum
2830 5715 3092 5785 legeretur
3116 5715 3357 5771 audistis.
3391 5717 3518 5775 Erat

2019 5831 2032 5861 '
2059 5833 2237 5884 Catian.
2262 5837 2365 5893 διε..
2389 5830 2652 5882 seetmdum
2671 5831 2953 5885 clamitatum
2975 5831 3051 5894 pic
3074 5838 3432 5888 contemnitur.
3526 5878 3529 5881 γ
