4042 6466
492 488 619 559 ,131

515 600 673 657 enim
686 597 936 654 Centurio
980 597 1182 653 habens
1219 593 1475 652 honorem
1512 601 1565 649 et
1602 597 1917 661 potestatem
1949 585 2086 638 inter

431 753 435 756 ,
516 689 783 752 homines,
805 688 1052 757 princeps
1073 694 1187 741 erat
1208 684 1277 740 de
1293 680 1619 754 principibus
1640 678 1968 748 populorum.
1987 672 2088 729 Ve-

508 778 685 839 nienti
710 777 779 834 ad
803 793 863 834 se
886 776 1100 833 Christo
1126 775 1336 831 obviam
1377 773 1522 829 misit
1555 770 1756 825 amicos
1793 781 1954 829 suos,
1981 765 2088 819 imo

518 883 645 925 vere
681 868 965 923 transiture
991 865 1205 921 Christo
1240 864 1383 921 misit
1419 862 1652 926 amicos;
1697 868 1755 915 et
1794 856 1998 926 rogavit
2032 862 2087 908 ut

517 966 731 1012 curaret
768 971 987 1028 puerum
1015 956 1132 1026 ejus
1158 955 1247 1024 qui
1274 952 1571 1025 periculose
1604 948 1967 1006 iuﬁrmabatur
1991 962 2006 999 :
2034 952 2090 999 et

519 1064 641 1103 cum
665 1048 826 1103 vellet
848 1047 962 1119 ipse
985 1048 1234 1102 Dominus
1255 1045 1454 1110 venire,
1473 1043 1572 1100 hoc
1591 1042 1643 1100 ei
1661 1040 1947 1103 mandavit,
1969 1035 2089 1092 Non

518 1154 632 1197 sum
658 1138 841 1208 dignus
866 1147 921 1192 ut
945 1138 1038 1197 sub
1061 1148 1246 1193 tectum
1271 1150 1435 1191 meum
1462 1136 1635 1197 intres,
1673 1133 1764 1189 sed
1790 1141 1984 1187 tantum
2008 1130 2091 1187 dic

519 1226 667 1301 verba
683 1269 699 1295 ,
731 1237 777 1283 et
802 1228 1059 1285 sanabitur
1084 1243 1207 1297 puer
1232 1243 1392 1283 meus.
1435 1224 1574 1279 Nam
1609 1234 1657 1280 et
1682 1240 1775 1295 ego
1801 1223 1949 1277 homo
1976 1235 2091 1274 sum

512 1319 611 1374 sub
639 1329 879 1390 potestate
904 1319 1217 1381 constitutus,
1241 1318 1427 1372 habens
1452 1315 1544 1371 sub
1567 1331 1647 1372 me
1672 1313 1870 1369 milites.
1906 1311 2091 1367 Videte

506 1410 964 1481 quemadmodum
987 1412 1155 1467 tenuit
1177 1408 1419 1481 ordinem
1447 1426 1462 1463 :
1490 1408 1633 1477 prius
1656 1402 2092 1461 commemoravit

519 1484 661 1568 Quod
685 1501 785 1556 sub
809 1500 917 1556 alio
935 1510 1098 1567 esset,
1119 1510 1173 1557 et
1194 1508 1376 1569 postea
1396 1498 1536 1568 quod
1555 1499 1645 1553 alii
1666 1497 1764 1553 sub
1783 1496 1870 1550 illo
1889 1501 2088 1551 essent.

509 1590 633 1649 :Sub
660 1599 917 1662 potestate
942 1606 1082 1657 sum,
1103 1600 1157 1646 et
1183 1591 1239 1645 in
1253 1597 1517 1662 potestate
1537 1602 1686 1652 sum;
1712 1597 1766 1640 et
1791 1585 1891 1640 sub
1914 1585 2091 1653 aliquo

521 1698 661 1749 sum,
691 1693 747 1741 et
764 1698 927 1754 super
951 1682 1158 1754 aliquos
1180 1697 1319 1737 sum.
1345 1680 1413 1737 Et
1442 1680 1554 1735 dico
1580 1679 1717 1744 huic,
1746 1675 1904 1741 Vade,
1934 1685 1979 1729 et
2005 1689 2090 1729 oa-

522 1775 632 1837 dit;
659 1786 708 1829 ct
734 1775 857 1838 alii,
894 1772 1051 1839 Veni,
1082 1783 1127 1828 et
1155 1773 1285 1827 venit
1301 1790 1321 1838 ;
1348 1781 1394 1826 et
1424 1786 1564 1846 servo
1591 1784 1727 1834 meo,
1758 1765 1866 1821 Fac
1894 1767 2016 1827 hoc.
2046 1774 2093 1821 et

524 1865 664 1932 facit.
692 1863 962 1933 Tanquam
990 1864 1211 1935 diceret,
1236 1862 1293 1919 Si
1317 1877 1418 1933 ego
1461 1860 1561 1917 sub
1601 1867 1859 1930 potestate
1897 1854 2095 1910 consti-

506 1965 668 2012 .tutus
700 1955 860 2025 iubeo
898 1955 1008 2011 illis
1041 1955 1130 2026 qui
1166 1955 1265 2011 sub
1292 1969 1378 2011 me
1404 1961 1545 2039 sunt,
1579 1961 1635 2006 tu
1660 1951 1748 2020 qui
1777 1949 1876 2004 sub
1902 1946 2094 2001 nullius

516 2055 785 2113 .poteState
813 2046 1017 2118 positus
1045 2060 1125 2113 es,
1157 2061 1263 2101 nou
1297 2054 1447 2115 potes
1471 2043 1660 2114 jubere
1685 2048 1942 2095 creatura:
1969 2047 2091 2103 tum,

524 2136 737 2205 quando
765 2137 941 2191 omnia
968 2150 1064 2206 per
1091 2144 1143 2191 te
1168 2134 1301 2190 facta
1330 2142 1474 2198 sunt,
1502 2142 1556 2186 et
1580 2132 1696 2186 sine
1720 2138 1773 2184 te
1799 2128 1990 2185 laetum
2014 2134 2095 2181 est
2132 2177 2141 2185 ,

524 2228 693 2284 nihil?
717 2226 817 2281 Dic
841 2243 969 2298 ergo
993 2226 1165 2292 verbo,
1194 2226 1397 2295 inquit,
1426 2235 1471 2278 et
1499 2221 1750 2278 sanabitur
1785 2235 1910 2288 puer
1934 2233 2093 2273 meus.

528 2318 667 2374 Nam
693 2329 748 2374 ut
771 2320 823 2373 in
846 2322 1051 2374 domum
1076 2335 1238 2372 meam
1263 2318 1415 2372 intres
1433 2358 1449 2383 ,
1477 2332 1576 2370 non
1601 2331 1716 2369 sum
1737 2299 1938 2384 dignus.
1969 2310 2098 2367 Tre-

516 2411 725 2481 pidavit
749 2410 1020 2466 Christum
1049 2409 1260 2467 mittere
1295 2409 1430 2464 intra
1472 2408 1703 2479 parietes
1727 2420 1880 2469 suos,
1911 2413 1967 2459 et
1987 2401 2099 2472 jam

529 2504 672 2558 intus
697 2513 811 2559 erat
855 2503 906 2558 in
945 2502 1105 2557 cordo
1132 2501 1251 2572 ejus
1278 2518 1291 2556 :
1318 2500 1427 2569 jam
1456 2508 1567 2555 erat
1595 2498 1769 2553 anima
1796 2498 1912 2565 ejus
1942 2492 2101 2552 sedes

529 2593 691 2658 illius,
709 2593 819 2661 jam
847 2592 913 2647 ibi
937 2592 1155 2647 sedebat
1178 2590 1265 2646 ille
1286 2590 1374 2660 qui
1397 2578 1625 2645 humiles
1641 2586 1959 2657 requirebat.
1974 2582 2101 2643 Con-

516 2662 701 2737 luersus
728 2681 958 2752 denique
980 2679 1228 2746 Christus,
1262 2681 1469 2733 miratus
1498 2688 1592 2743 est,
1623 2686 1668 2731 et
1697 2678 1768 2731 ait
1791 2675 2102 2743 sequentibus

528 2790 584 2828 se
601 2790 622 2827 :
643 2772 798 2831 Amen
822 2773 935 2827 dico
958 2772 1114 2837 vobis,
1144 2789 1244 2829 non
1269 2772 1434 2837 iuveni
1465 2780 1658 2829 tantum
1684 2770 1836 2839 fidem
1862 2768 1915 2821 in
1940 2765 2103 2822 Israel

533 2862 681 2933 (Luc.
703 2879 794 2927 vn,
817 2862 953 2934 6-9).
977 2864 1043 2919 Et
1064 2864 1200 2921 sicut
1224 2863 1362 2917 alius
1386 2862 1705 2932 evangelista
1727 2858 1966 2915 eamdem
1989 2873 2102 2915 rem

535 2963 742 3023 narrat,
770 2954 1007 3024 sequitur
1036 2952 1321 3018 Dominus,
1352 2960 1406 3005 et
1429 2951 1557 3006 dicit
1585 2969 1601 3006 :
1626 2948 1753 3006 Ideo
1795 2948 1908 3017 dico
1944 2947 2099 3013 vobis,

534 3047 653 3117 quia
677 3046 819 3100 multi
843 3046 904 3099 ab
931 3043 1133 3101 Oriente
1156 3054 1202 3099 et
1225 3043 1492 3098 Occidente
1515 3042 1725 3106 uenient,
1753 3051 1798 3094 et
1820 3040 2104 3094 recumbent

533 3152 649 3191 sum
676 3135 927 3190 Abraham
955 3144 1003 3190 et
1032 3133 1177 3189 Isaac
1203 3144 1248 3188 et
1273 3131 1431 3188 Iacob
1458 3133 1509 3186 in
1534 3147 1689 3202 regno
1714 3129 1972 3184 malorum.
2001 3126 2106 3183 iste

516 3229 676 3303 enim
701 3228 957 3285 Centurio
981 3242 1084 3282 non
1112 3234 1229 3282 erat
1252 3226 1320 3281 de
1346 3224 1538 3297 populo
1564 3223 1744 3279 Israel.
1777 3222 1904 3277 Nam
1932 3221 1985 3275 in
2013 3235 2106 3290 po-

535 3318 661 3390 pulo
689 3319 850 3373 Israel
881 3318 1091 3388 superbi
1122 3317 1449 3387 repellebant
1477 3332 1504 3369 ιι
1534 3330 1595 3372 se
1623 3315 1789 3370 Deum
1820 3332 1835 3370 :
1867 3314 1918 3369 in
1957 3314 2105 3381 prin-

535 3408 739 3477 cipibus
765 3407 1010 3466 Gentium
1044 3409 1290 3463 inventus
1327 3415 1411 3462 est
1448 3406 1696 3471 humilis,
1724 3406 1812 3475 qui
1840 3403 1906 3458 ad
1934 3418 1993 3459 se
2021 3404 2104 3457 in-

534 3501 723 3557 vitaret
757 3501 943 3555 Deum.
971 3498 1252 3554 Atlmirans
1275 3495 1431 3552 Jesus
1462 3495 1618 3551 ﬁdem
1644 3495 1828 3565 ipsius,
1859 3492 2109 3564 reprobat

467 3616 472 3621 -
536 3591 811 3660 perﬁdiam
831 3588 1156 3647 Judmorum.
1187 3589 1313 3645 Sani
1337 3589 1477 3643 enim
1506 3587 1604 3643 sibi
1632 3587 1959 3652 videbantur,
1985 3601 2106 3641 cum

537 3682 887 3751 periculosius
908 3687 1245 3750 trgrotareut.
1267 3678 1478 3749 quando
1502 3676 1762 3732 medicum
1789 3691 1893 3731 non
1913 3689 2109 3745 cogno-

514 3779 748 3839 scentes
773 3771 1113 3842 occidebant,
1130 3766 1262 3825 Cum
1286 3782 1414 3839 ergo
1438 3766 1745 3836 reprobaret
1780 3775 1835 3821 et
1860 3765 2106 3836 repudia-

539 3871 621 3915 ret
644 3861 855 3919 illorum
885 3860 1205 3929 superbiam,
1232 3857 1356 3929 quid
1383 3858 1493 3913 ait?
1517 3856 1645 3911 Ideo
1669 3856 1805 3912 vobis
1832 3856 1967 3923 dico,
1991 3862 2110 3928 quia

536 3951 687 4005 multi
714 3949 776 4004 ab
805 3947 1010 4006 Oriente
1034 3960 1079 4005 et
1104 3949 1371 4005 Occidente
1389 3950 1583 4003 venient
1601 3989 1617 4014 ,
1649 3962 1754 4003 non
1783 3949 2111 4016 pertinentes

540 4039 608 4095 ad
649 4041 1018 4119 cognationem
1046 4040 1206 4097 lsrael
1237 4057 1251 4093 :
1278 4040 1491 4094 venient
1535 4039 1684 4110 multi
1721 4038 1913 4109 quibus
1955 4038 2109 4108 dixit,

543 4131 730 4189 Omnes
772 4143 963 4206 gentes,
990 4132 1216 4207 plaudite
1259 4131 1526 4196 manibus;
1573 4141 1620 4184 et
1666 4132 1948 4187 recumbent
1995 4146 2111 4185 cum

520 4220 794 4301 'Abraltam
819 4224 871 4279 in
895 4239 1050 4295 regno
1075 4222 1333 4277 calorum.
1356 4221 1471 4277 Non
1497 4222 1618 4278 illos
1639 4221 1818 4291 genuit
1836 4235 1995 4277 carne
2012 4233 2109 4283 sua

541 4314 841 4379 Abraham;
872 4300 931 4369 et
954 4314 1228 4375 venientes
1254 4313 1563 4383 recumbent
1598 4326 1720 4367 eum
1749 4312 1838 4367 illo
1867 4312 1918 4367 iu
1946 4326 2110 4381 regno

538 4408 824 4474 calorum,
853 4415 908 4461 et
931 4406 1020 4461 lilii
1051 4405 1214 4475 ipsius
1238 4414 1410 4461 erunt.
1439 4405 1612 4474 Quare
1641 4404 1729 4459 ﬁlii
1759 4404 1964 4474 ipsius?
1990 4402 2108 4463 Non

542 4498 660 4552 irati
680 4497 748 4554 de
771 4511 950 4560 carne.
980 4495 1072 4551 sed
1092 4494 1372 4571 sequendo
1399 4494 1554 4549 tidem
1582 4494 1765 4564 ipsius.
1794 4492 1921 4547 Filii
1943 4503 2112 4549 autem

517 4584 685 4659 regni
702 4630 719 4656 ,
750 4587 802 4642 id
832 4597 914 4643 est
936 4587 1102 4643 Judaei
1118 4587 1302 4666 “ibunt
1338 4587 1389 4640 in
1429 4586 1653 4641 tenebras
1675 4585 1943 4642 exteriores
1965 4601 1985 4641 :
2009 4586 2114 4641 illis

541 4682 634 4738 erit
675 4680 890 4754 ploratio
928 4690 979 4734 et
1015 4680 1202 4735 stridor
1228 4679 1450 4734 dentium
1482 4677 1692 4749 (Matth.
1715 4694 1807 4735 νιιι
1827 4720 1842 4744 ,
1869 4680 1929 4736 ll
1954 4719 1971 4745 ,
2000 4677 2110 4749 12).

548 4769 946 4825 liamnabuntur
971 4769 1023 4825 in
1053 4768 1301 4824 tenebras
1322 4768 1622 4824 exteriores
1646 4768 1737 4837 qui
1765 4769 1873 4824 nati
1898 4778 2022 4824 sunt
2046 4768 2114 4824 de

543 4875 706 4925 carne
730 4861 956 4918 Abrahae
972 4901 989 4928 ,
1017 4870 1074 4919 et
1097 4860 1408 4918 recumbent
1432 4875 1551 4916 cum
1576 4874 1642 4916 eo
1667 4861 1720 4916 in
1749 4876 1912 4930 regno
1947 4861 2114 4921 calo-

546 4952 773 5020 rumqni
794 4951 978 5008 imitati
1000 4960 1125 5006 sunt
1143 4950 1298 5005 ﬁdem
1319 4949 1563 5009 Abrahae.
1585 4949 1773 5004 Merito
1788 4964 1915 5022 ergo
1934 4959 1988 5005 et
2006 4949 2112 5016 hic,

543 5043 811 5114 Principes
833 5042 1134 5112 populorum
1158 5050 1490 5097 convenerunt
1515 5057 1630 5095 cum
1652 5038 1761 5095 Deo
1780 5041 2056 5097 Abraham.

617 5138 706 5195 13.
737 5137 808 5194 Et
830 5137 954 5206 quid
978 5138 1051 5193 illi
1076 5138 1162 5207 qui
1187 5137 1519 5206 pertinebant
1539 5136 1604 5195 ad
1627 5137 1789 5193 Deum
1811 5138 2116 5194 Abraham?

549 5229 802 5297 Quoniam
828 5230 899 5285 dii
928 5234 1080 5301 fortes
1107 5240 1254 5285 terre
1280 5230 1426 5287 valde
1464 5231 1640 5285 elesati
1675 5240 1812 5287 sunt.
1841 5229 1940 5299 Qui
1966 5239 2119 5288 erant

546 5319 643 5384 dii,
668 5320 894 5389 populus
916 5320 1007 5376 ille
1031 5319 1146 5384 Dei,
1172 5320 1296 5376 vitis
1320 5320 1406 5374 illa
1433 5320 1544 5383 Dei,
1573 5319 1640 5379 de
1661 5335 1762 5388 qua
1787 5319 1999 5387 dicitur,
2019 5319 2119 5377 Ju-

547 5411 711 5466 tticate
731 5410 862 5465 inter
884 5426 963 5467 me
985 5420 1032 5465 et
1059 5407 1189 5466 inter
1209 5410 1404 5465 vineam
1425 5424 1588 5463 meam
1616 5408 1766 5480 (Isai.
1789 5425 1841 5477 v,
1868 5408 1943 5482 ὅ).
1973 5411 2118 5466 ibunt

547 5501 602 5556 in
630 5501 877 5559 tenebras
898 5500 1208 5561 exteriores,
1238 5514 1343 5553 non
1371 5498 1685 5555 recumbent
1708 5515 1828 5555 cum
1852 5500 2114 5555 Abraham

526 5603 605 5648 .et
629 5592 773 5649 Isaac
794 5602 850 5649 et
867 5592 1048 5659 Jacob,
1074 5608 1183 5651 non
1206 5592 1529 5647 conveniunt
1554 5608 1677 5651 cum
1697 5593 1806 5657 Deo
1829 5592 2114 5651 Abraham.

550 5682 757 5750 Quare?
789 5683 1040 5750 Quoniam
1062 5682 1135 5737 dii
1157 5684 1310 5754 fortes
1339 5692 1503 5736 terra.
1531 5682 1608 5736 illi
1635 5682 1723 5751 qui
1750 5681 1989 5738 erantdii
2015 5682 2119 5736 ior-

550 5781 631 5828 tes
672 5781 861 5836 terrm,
898 5781 1279 5842 praesumentes
1321 5770 1388 5825 de
1428 5780 1587 5825 terra.
1624 5772 1695 5825 De
1723 5786 1823 5840 qua
1851 5770 2028 5824 terra?
2051 5769 2119 5823 de

546 5856 779 5934 seipsis:
807 5862 927 5926 quia
950 5864 1121 5917 omnis
1151 5861 1307 5919 homo
1333 5870 1490 5918 terra.
1514 5858 1725 5917 llomini
1752 5860 1892 5919 enim
1921 5860 2114 5915 dictum

1710 476 1767 533 s.
1807 425 2168 533 mensum
2208 454 2512 531 Ertscorr

2190 592 2272 637 est
2304 582 2507 641 :Terra
2534 602 2616 651 es,
2645 597 2694 642 et
2718 588 2772 644 in
2799 598 2982 646 terram
3008 594 3100 650 ibis
3126 593 3277 667 (Gen.
3318 613 3402 665 In,
3448 601 3557 674 f9).
3586 604 3754 665 Debet

2189 682 2365 762 autem
2394 674 2553 730 homo
2578 676 2646 732 de
2675 677 2783 734 Deo
2808 696 3159 750 prmsumere,
3188 695 3245 743 et
3270 687 3393 745 inde
3418 706 3635 762 sperare
3657 714 3753 753 auo

2192 761 2394 825 silium,
2420 779 2524 819 non
2550 764 2619 820 de
2639 781 2719 822 se.
2742 768 2855 823 Non
2881 772 3020 826 enim
3044 783 3181 829 terra
3206 777 3342 847 pluit
3358 761 3475 848 sibi,
3499 793 3592 840 aut
3618 787 3755 846 lucet

2191 850 2291 947 sibi
2315 869 2329 906 :
2352 856 2616 921 quomodo
2632 867 2806 913 autem
2830 871 2968 917 terra
2990 864 3063 920 de
3080 869 3215 923 casio
3238 885 3506 943 exspectat
3528 878 3755 947 pluviam

2188 949 2245 994 et
2274 942 2440 998 lucem
2459 983 2475 1011 ,
2500 947 2578 1002 sic
2608 946 2765 1003 homo
2789 948 2859 1007 de
2884 951 2995 1008 Deo
3025 954 3184 1013 debet
3205 942 3759 1030 exspectare—miseri-

2191 1033 2426 1089 cordiam
2453 1046 2511 1091 et
2537 1039 2834 1097 veritatem.
2861 1041 2939 1099 llli
2973 1060 3100 1117 ergo
3132 1048 3209 1103 dii
3245 1055 3398 1123 fortes
3432 1065 3579 1112 terra:
3613 1060 3760 1117 ualde

2192 1123 2367 1177 eleoati
2391 1137 2527 1192 sunt,
2554 1128 2606 1182 id
2628 1140 2729 1197 est,
2758 1132 2910 1190 valde
2934 1139 3307 1207 superbierunt
3334 1162 3348 1195 :
3378 1160 3484 1201 non
3512 1149 3612 1203 sibi
3644 1165 3760 1208 me-

2192 1214 2369 1312 dicum
2399 1221 2755 1276 necessarium
2787 1233 3135 1295 putaverunt,
3167 1242 3219 1286 et
3258 1234 3379 1291 ideo
3405 1238 3456 1293 in
3481 1254 3575 1295 sua
3601 1249 3760 1312 ψει-1-

2195 1303 2376 1359 tudine
2403 1322 2804 1379 remanserunt,
2832 1324 2889 1371 et
2920 1319 3033 1385 ipsa
3070 1323 3384 1391 egritudine
3425 1330 3491 1384 ad
3534 1303 3760 1391 mortem

2195 1394 2433 1486 perducti
2450 1409 2594 1455 sunt.
2618 1401 2829 1463 Prtecisi
2854 1418 2975 1464 sunt
2998 1414 3132 1467 rami
3152 1417 3439 1486 naturales,
3464 1432 3523 1476 ut
3549 1423 3764 1483 lnunilis

2192 1481 2515 1585 insueretur
2535 1490 2766 1585 oleaster
2793 1495 2966 1565 (Rom.
2987 1515 3041 1555 χι
3055 1540 3070 1564 ,
3102 1502 3212 1575 17).
3237 1481 3487 1573 Quoniam
3510 1513 3585 1567 dii
3607 1481 3766 1585 fortes

2192 1581 2339 1669 terra
2361 1577 2507 1632 valde
2530 1580 2706 1635 eleuati
2730 1595 2865 1640 sunt.
2896 1586 3193 1649 Teneamus
3220 1610 3380 1667 ergo,
3414 1577 3635 1669 fratres,
3662 1607 3767 1662 lut-

2194 1665 2491 1756 militatem,
2516 1669 2822 1729 charitatem
2844 1714 2860 1742 ,
2887 1678 3169 1749 pietatem;
3195 1665 3316 1756 quia
3341 1695 3511 1748 vocati
3532 1696 3549 1728 ¹
3580 1665 3768 1756 sumus

2195 1754 2298 1811 illis
2340 1760 2667 1830 reprobatis,
2713 1766 2796 1822 vel
2842 1768 3052 1828 illorum
3090 1754 3344 1851 exemplo
3383 1789 3661 1857 superbire
3695 1754 3768 1850 ιιξ

2196 1860 2309 1899 mea
2318 1863 2451 1904 mus.

2193 1976 3770 2142 Μ

2769 2181 3182 2246 ENABRATIO.

2720 2311 2892 2356 εῑιιιιο
2926 2318 2995 2360 AD
3030 2319 3233 2364 PLEBEI
3240 2349 3253 2363 .

2270 2439 2322 2493 1.
2363 2435 2514 2511 [νει-ι.
2559 2435 2637 2511 1.]
2675 2437 2884 2493 Titulus
2908 2438 3103 2494 Psalmi
3128 2447 3229 2506 est,
3257 2439 3394 2497 Laus
3417 2442 3615 2500 Camiri
3652 2447 3776 2515 ﬁliis

2197 2527 2342 2593 Core,
2374 2527 2595 2581 secunda
2618 2527 2831 2582 sabbati.
2860 2528 2938 2584 De
2971 2528 3073 2585 hoc
3107 2529 3248 2599 quod
3279 2530 3531 2587 Dominus
3568 2535 3778 2594 donare

2200 2623 2466 2690 dignatur,
2493 2621 2720 2690 excipite
2752 2630 2998 2692 tanquam
3030 2621 3120 2677 ﬁlii
3161 2624 3498 2681 ﬁrmamenti.
3526 2625 3776 2685 Secunda

2199 2714 2339 2767 enim
2364 2712 2589 2777 sabbati,
2612 2713 2664 2768 id
2690 2722 2789 2779 est,
2818 2725 2937 2783 post
2964 2714 3105 2770 diem
3133 2716 3381 2784 primum,
3411 2734 3567 2789 quem
3592 2719 3776 2776 domi-

2202 2805 2374 2856 llit'llm
2403 2803 2649 2867 dicimus,
2680 2818 2798 2874 qua:
2823 2805 2980 2860 etiam
3021 2806 3251 2860 secunda
3289 2806 3417 2862 feria
3446 2809 3661 2879 dicitur,
3696 2811 3776 2866 fa-

2201 2904 2348 2949 ctum
2375 2905 2458 2950 est
2486 2895 2871 2951 ﬁrmamentum
2916 2897 3059 2961 coeli,
3091 2898 3199 2953 imo
3242 2900 3630 2957 ﬁrmamentum
3661 2919 3778 2959 cos-

2201 2989 2327 3042 lum.
2356 2988 2559 3042 Caelum
2581 2988 2722 3042 enim
2750 2989 2955 3044 vocavit
2976 2991 3116 3045 Deus
3137 2989 3526 3049 ﬁrmamentum
3556 2990 3711 3066 (Gen.
3737 3011 3779 3065 ι,

2201 3080 2335 3149 5ι8).
2368 3080 2545 3134 Primo
2583 3090 2757 3135 autem
2792 3079 2879 3136 die
2911 3083 3078 3138 lucem
3111 3083 3326 3151 fecerat,
3360 3096 3425 3142 et
3463 3102 3492 3141 a
3540 3090 3779 3146 tenebris

2200 3172 2480 3237 diviserat;
2507 3180 2561 3225 et
2590 3182 2867 3227 vocaverat
2898 3172 3092 3237 lucem,
3122 3175 3285 3241 diem,
3312 3186 3367 3231 et
3395 3176 3662 3245 tenebras,
3682 3196 3779 3235 no-

2198 3274 2359 3317 ctem.
2397 3262 2543 3317 Sicut
2585 3272 2760 3318 autem
2809 3264 3004 3320 iudicat
3052 3265 3443 3335 psalmi‘hujus
3482 3270 3778 3338 contextio,

2200 3354 2395 3423 aliquid
2434 3353 2592 3407 etiam
2636 3355 2959 3424 praelocutus
2980 3362 3064 3410 est
3093 3356 3231 3411 Deus
3257 3357 3308 3412 in
3339 3358 3431 3414 illo
3464 3372 3627 3430 opere
3655 3376 3779 3428 suo,

2199 3440 2343 3512 quod
2367 3444 2723 3512 compleretur
2742 3445 2795 3499 in
2821 3446 2973 3501 nobis
2993 3447 3015 3479 ⁸
3035 3464 3050 3500 :
3070 3454 3124 3501 et
3142 3449 3431 3503 secundum
3453 3448 3607 3520 hujus
3628 3465 3784 3506 crea-

2205 3546 2336 3588 tura:
2364 3533 2723 3588 conditionem
2770 3536 2961 3589 sucula
3006 3547 3378 3593 cucurrerunt.
3425 3538 3540 3595 Non
3582 3539 3782 3597 frustra

2203 3627 2344 3679 enim
2398 3625 2649 3680 Dominus
2684 3627 2759 3681 ait
2785 3626 2853 3681 de
2880 3627 3082 3699 Moyse,
3108 3627 3189 3684 De
3212 3646 3291 3685 me
3312 3631 3444 3686 enim
3466 3632 3556 3687 ille
3579 3634 3785 3705 scripsit

2205 3715 2384 3781 (Joan.
2413 3730 2467 3781 v,
2496 3715 2621 3785 l6):
2646 3717 2746 3770 nisi
2776 3718 2897 3786 quia
2919 3719 3093 3773 omnia
3109 3722 3439 3793 qure‘scripta
3454 3733 3597 3787 sunt,
3619 3722 3786 3787 etiam

2209 3818 2329 3858 cum
2363 3804 2502 3859 Deus
2539 3805 2792 3861 conderet
2824 3818 3117 3865 creaturam
3138 3855 3152 3876 ,
3186 3826 3409 3881 possunt
3444 3811 3787 3890 interpretari

2210 3894 2276 3947 ad
2304 3894 2739 3964 signiﬁcationem
2769 3895 3064 3954 futurorum
3088 3917 3102 3965 ;
3134 3911 3192 3957 ut
3220 3904 3480 3977 intelligas
3508 3908 3679 3967 Deum
3712 3913 3789 3969 fec

2210 3983 2348 4039 cisse
2373 3984 2563 4049 lucem,
2585 3999 2707 4040 cum
2728 3986 2966 4041 Christus
2991 4004 3020 4043 a
3048 3994 3273 4049 mortuis
3297 4000 3602 4054 resurrexit.
3637 4002 3791 4060 Tunc
3878 4010 3885 4023 ‘

2210 4075 2354 4129 enim
2382 4089 2561 4130 revera
2593 4075 2678 4128 illa
2707 4075 2792 4130 lux
2820 4076 2986 4155 divisa
3009 4088 3092 4134 est
3117 4095 3146 4134 a
3176 4085 3426 4152 tenebris,
3446 4089 3661 4158 quando
3687 4093 3790 4148 im-

2213 4165 2506 4219 mortalitas
2532 4182 2563 4255 a
2587 4167 2908 4223 mortalitate
2928 4169 3151 4227 discreta
3179 4183 3280 4228 est.
3303 4175 3439 4243 Quid
3459 4193 3583 4251 ergo
3601 4185 3785 4254 sequi-

2215 4267 2319 4318 tur,
2350 4256 2448 4310 nisi
2480 4266 2538 4310 ut
2559 4257 2714 4325 capiti
2736 4258 2893 4312 etiam
2912 4273 3105 4331 corpus
3131 4262 3302 4331 ﬁeret,
3333 4267 3473 4336 quod
3498 4278 3581 4325 est
3600 4272 3794 4331 Eccle-

2212 4346 2330 4402 sia?
2369 4347 2602 4414 Denique
2628 4356 2709 4403 est
2737 4349 2895 4403 etiam
2922 4351 3153 4419 psalmus
3177 4354 3245 4410 de
3270 4357 3677 4425 primasabhatl
3693 4406 3709 4430 ,
3738 4366 3794 4421 in

2213 4453 2320 4506 quo
2360 4437 2694 4507 apertissime
2735 4441 3054 4496 resurrectio
3092 4443 3298 4500 Domini
3340 4446 3687 4509 declaratur:
3720 4458 3796 4514 ibi

2215 4532 2355 4585 enim
2378 4531 2571 4585 dicitur
2588 4571 2602 4594 ,
2633 4529 2823 4586 Tollite
2846 4540 3017 4602 portes
3043 4516 3464 4607 principes'oestri
3480 4541 3523 4606 ³,
3550 4554 3599 4598 et
3625 4549 3798 4604 deum

2214 4623 2341 4675 mini
2368 4631 2525 4692 portte
2553 4622 2817 4676 ater-nales
2834 4662 2848 4688 ,
2895 4632 2944 4676 et
2987 4624 3209 4680 introibit
3251 4628 3361 4684 Rea:
3400 4633 3579 4702 glorior
3615 4636 3796 4706 (Prol.

2215 4725 2377 4778 XXIII,
2407 4711 2474 4773 7,
2514 4710 2594 4782 9).
2637 4710 2772 4779 Quid
2821 4711 3119 4769 evidentius
3154 4726 3313 4785 quam
3355 4717 3621 4776 Christum
3673 4742 3799 4783 esse

2216 4800 2414 4870 ne.ng
2442 4799 2753 4869 glorimYde
2789 4814 2895 4867 quo
2936 4802 3131 4858 dictum
3169 4814 3293 4861 est:
3325 4810 3388 4863 Si
3422 4815 3800 4882 cognovissent,

2219 4906 2472 4959 utinquam
2498 4889 2775 4944 Dominum
2801 4890 2977 4960 gloria:
2997 4895 3360 4963 cruciﬁxissem
3388 4900 3410 4970 (
3422 4901 3441 4952 l
3464 4901 3581 4956 Cor.
3613 4919 3649 4957 ιι
3669 4947 3686 4968 .
3718 4907 3801 4971 8).

2217 4982 2511 5036 Secundam
2539 4997 2668 5049 ergo
2692 4981 2899 5036 sabbati
2931 4996 3035 5036 non
3060 4983 3316 5042 debemus
3356 4989 3655 5062 intelligere
3697 4998 3803 5053 nisi

2219 5073 2507 5129 Ecclesiam
2534 5072 2730 5127 Christi
2764 5090 2775 5125 :
2804 5072 2897 5128 sed
2938 5072 3231 5131 Ecclesium
3258 5077 3456 5135 Christi
3486 5082 3538 5135 in
3569 5088 3802 5150 sanctis.

2221 5166 2510 5221 Ecciesiam
2532 5164 2731 5220 Christi
2758 5166 2810 5219 in
2840 5165 2921 5220 bis
2943 5168 3032 5235 qui
3057 5169 3239 5238 scripti
3264 5182 3385 5226 sunt
3414 5174 3466 5229 in
3491 5177 3663 5241 caelo,
3694 5181 3805 5236 Ec.

2218 5257 2432 5313 ciesiam
2453 5257 2646 5313 Christi
2686 5257 2740 5311 in
2782 5257 2862 5311 his
2888 5259 2975 5327 qui
3004 5260 3183 5315 mundi
3220 5261 3376 5332 hujus
3416 5268 3806 5328 mutationibus

2219 5362 2327 5403 non
2350 5347 2563 5404 cedunt.
2587 5347 2692 5416 Ipsi
2719 5348 2860 5403 enim
2886 5348 3029 5419 digni
3057 5359 3181 5404 sunt
3206 5354 3420 5410 nomine
3447 5356 3803 5418 ﬁrmamenti.

2285 5501 2302 5533 ι
2327 5498 2540 5572 Pomm]!
2563 5498 2692 5572 cdd,
2735 5498 3205 5572 qua._9uid_am,
3247 5502 3430 5572 pelnde
3464 5503 3584 5572 loco.
3618 5516 3805 5572 τουτί,

2219 5560 2443 5635 plerique
2466 5559 2669 5635 habent,
2689 5559 2897 5635 revocati
2916 5573 2937 5635 ;
2954 5562 3097 5635 etisic
3116 5559 3219 5635 lira
3248 5564 3298 5612 in
3314 5578 3413 5627 qua
3444 5559 3667 5621 editione
3690 5559 3808 5635 [δεῖ
3878 5616 3887 5621 .

2220 5620 2444 5680 'verbu'm,
2464 5620 2733 5681 tionem,
2756 5621 2960 5681 additu,
2984 5620 3237 5674 admits".

2264 5684 2318 5792 ὦ.
2327 5680 2795 5792 compleretur
2813 5681 2866 5732 in
2885 5680 3141 5734 nobiscum
3154 5684 3351 5749 gauaio.
3367 5686 3531 5746 Abest,
3545 5701 3663 5739 em
3677 5705 3809 5754 9...

2220 5742 2720 5875 ῗᾮὲιξῗρνὶησὶρες
2743 5810 2938 5875 vestras.
2960 5805 3181 5875 nonnulli
3214 5788 3351 5873 item,
3375 5807 3607 5875 principis
3630 5821 3793 5870 tedis

2220 5864 2424 5919 Consule
2448 5864 2605 5915 Euan.
2632 5865 2683 5918 in
2706 5865 2864 5932 ipsum
2880 5866 2996 5918 Paul.
3018 5867 3094 5920 25.
