4042 6490
265 408 366 443 τωο

264 503 401 572 Ergo
433 501 671 555 Ecclesia
695 502 887 556 Christi
915 498 966 554 in
996 500 1077 555 his
1103 500 1190 569 qul
1223 500 1354 553 lirtai
1383 509 1526 563 sunt,
1555 496 1619 551 de
1645 497 1833 567 quibus

265 595 388 650 dicit
413 593 703 662 Apostolus
723 634 738 659 ,
772 592 1017 647 Debemus
1053 602 1218 645 autem
1249 608 1335 644 nos
1366 591 1499 658 ﬁrmi
1526 589 1838 657 inﬁrmitates

265 685 585 753 inﬁrmorum
622 682 866 738 sustinere
906 682 1077 753 (Rom.
1108 669 1207 747 xv,
1231 681 1317 750 1),
1346 680 1602 750 appellata
1642 687 1722 732 est
1752 679 1841 732 lir-

271 782 617 830 mamentum.
663 772 736 827 De
777 774 877 827 hoc
914 756 1156 825 cantatur
1180 770 1232 824 in
1264 770 1472 824 Psalmo
1501 786 1513 820 :
1543 768 1839 834 audiamus,

270 878 619 936 agnoscamus
638 905 651 925 ,
680 863 973 928 sociemur,
1001 861 1306 931 gloriemur,
1338 874 1638 929 regnemus.
1679 857 1839 911 Nam-

270 971 369 1025 que
406 969 528 1008 eam
565 954 724 1007 etiam
763 952 1148 1005 firmamentum
1179 950 1480 1019 apostolicis
1510 948 1722 1002 Litteris
1750 961 1843 1014 ap-

274 1048 518 1117 pellatam
548 1047 694 1110 audi,
722 1054 774 1101 et
799 1060 1064 1114 agnosce:
1096 1043 1220 1107 Qua:
1244 1052 1345 1106 est,
1384 1041 1583 1110 inquit,
1618 1038 1843 1092 Ecclesia

273 1136 365 1191 Dei
389 1138 519 1200 vivi,
551 1135 784 1191 columna
808 1145 859 1190 et
888 1136 1256 1204 ﬁrmamentum
1284 1133 1501 1185 veritatis
1528 1129 1576 1200 (l
1602 1128 1733 1183 Tim.
1763 1144 1840 1192 ιιι,

277 1229 381 1298 15).
412 1219 497 1283 ΒΕ
519 1227 620 1281 hoc
646 1226 978 1280 ﬁrmamento
1002 1233 1243 1278 cantatur
1262 1223 1383 1277 filiis
1403 1222 1559 1284 Core,
1591 1235 1726 1290 quos
1746 1234 1842 1271 no-

276 1320 365 1371 stis
396 1332 519 1372 esse
547 1318 680 1371 filios
708 1317 884 1386 sponsi
919 1315 1153 1370 cruciﬁxi
1184 1316 1234 1367 in
1262 1313 1513 1367 Calvaria:
1543 1313 1678 1366 loco.
1707 1311 1844 1364 Core

276 1424 501 1479 namque
526 1406 800 1463 Calvitium
831 1407 1219 1476 interpretatur.
1238 1405 1486 1474 Sequitur
1511 1404 1561 1458 in
1587 1401 1689 1459 hoc
1701 1401 1843 1475 psal-

276 1514 381 1561 mo,
412 1498 502 1567 qui
531 1499 835 1552 inscribitur
853 1539 867 1562 ,
896 1496 1114 1551 secunda
1138 1496 1350 1550 sabbati.

342 1590 395 1643 9..
420 1589 571 1663 [vers.
595 1586 675 1662 2.]
710 1588 929 1659 Magnus
948 1632 963 1655 ,
998 1588 1241 1642 Dominus
1264 1630 1278 1652 ,
1308 1598 1353 1641 et
1380 1586 1646 1641 laudabilis
1672 1584 1840 1640 valde.

272 1674 412 1734 Ecce
451 1694 662 1748 inagnus
688 1676 963 1742 Dominus,
997 1688 1042 1733 et
1065 1678 1331 1732 laudabilis
1356 1678 1498 1731 valde
1520 1694 1539 1731 .'
1566 1676 1657 1731 sed
1686 1691 1843 1730 num-

279 1769 399 1840 quid
428 1771 669 1825 infideles
694 1770 909 1825 laudaut
937 1769 1253 1824 Dominum?
1283 1768 1541 1839 Numquid
1566 1767 1727 1822 etiam
1755 1767 1845 1836 qui

278 1864 497 1919 credunt
514 1871 570 1918 et
596 1864 734 1919 male
755 1861 935 1917 vivunt
961 1862 1174 1918 laudant
1194 1863 1491 1922 Dominum,
1514 1876 1610 1930 per
1628 1874 1761 1931 quos
1786 1859 1846 1913 lit

283 1964 335 2007 ut
371 1970 566 2009 nomen
604 1954 694 2008 Dei
736 1952 1133 2021 blasphemetur
1170 1952 1223 2006 in
1263 1950 1553 2007 Gentibus?
1592 1948 1845 2021 numquid

282 2045 491 2099 laudant
512 2044 791 2098 Dominum
819 2042 986 2107 (Rom.
1016 2054 1071 2110 ιι,
1089 2042 1219 2113 24)?
1242 2043 1322 2097 An
1343 2058 1469 2097 vero
1490 2043 1531 2096 si
1555 2042 1713 2097 etiam
1737 2041 1848 2094 lau-

282 2135 426 2199 dent,
454 2142 765 2203 acceptatur
794 2133 908 2187 laus
933 2148 1139 2197 eorum,
1169 2148 1286 2187 cum
1315 2133 1566 2201 scriptum
1594 2132 1698 2186 sit:
1728 2129 1847 2184 Non

280 2233 350 2277 est
389 2222 617 2293 speciosa
666 2223 778 2276 laus
814 2222 866 2275 in
906 2238 992 2275 ore
1042 2222 1313 2291 peccatoris
1358 2220 1555 2292 (Eccli.
1602 2236 1707 2286 xv,
1742 2218 1848 2291 9)?

286 2315 466 2369 Dixisti
497 2330 625 2384 ergo
647 2356 664 2380 ,
705 2313 926 2385 Magnus
965 2313 1211 2368 Dominus
1230 2356 1244 2378 ,
1285 2324 1332 2367 et
1360 2313 1631 2368 laudabilis
1658 2314 1802 2367 valde
1829 2329 1849 2368 :

284 2408 370 2461 sed
398 2408 485 2461 hic
512 2408 618 2461 ubi.
643 2404 709 2460 In
735 2406 930 2460 civitate
956 2404 1054 2461 Dei
1074 2407 1250 2471 nostri,
1269 2407 1319 2459 in
1342 2415 1506 2460 monte
1526 2415 1702 2461 sancto
1719 2408 1847 2476 ejus.

287 2499 355 2550 De
384 2497 486 2551 hoc
514 2498 637 2551 alibi
667 2497 855 2550 dicitur
884 2515 897 2549 :
938 2496 1059 2562 Quis
1088 2497 1318 2551 ascendet
1347 2497 1399 2550 in
1425 2506 1643 2550 montem
1674 2495 1853 2549 Domi-

287 2591 370 2642 ni?
405 2590 656 2643 lnnocens
688 2587 917 2642 manibus
947 2599 992 2642 et
1018 2589 1204 2642 mundo
1230 2588 1381 2642 corde
1406 2588 1574 2658 (Psal.
1598 2604 1725 2642 χχιιι
1747 2630 1761 2654 ,
1784 2588 1847 2652 3,

295 2682 368 2753 1).
400 2682 455 2736 In
499 2682 580 2735 his
607 2698 818 2751 magnus
847 2679 1123 2746 Dominus,
1159 2692 1205 2733 et
1232 2681 1501 2735 laudabilis
1530 2680 1675 2735 valde
1703 2696 1721 2734 :
1752 2681 1851 2735 hoc

285 2781 388 2837 est,
419 2773 473 2825 in
498 2772 693 2824 civitate
721 2770 813 2825 Dei
852 2772 1042 2836 nostri,
1071 2773 1123 2824 in
1160 2781 1327 2824 monte
1352 2781 1524 2824 sancto
1571 2772 1695 2842 ejus.
1724 2770 1852 2824 Hzrc

288 2872 361 2914 est
386 2862 574 2915 civitas
603 2860 654 2913 iu
682 2871 861 2915 monte
884 2861 1068 2930 posita,
1093 2876 1211 2931 quae
1232 2861 1480 2917 abscondi
1511 2878 1611 2914 nou
1642 2870 1846 2930 potest:

292 2953 399 3006 haec
424 2962 506 3007 est
530 2951 747 3006 lucerna
781 2967 897 3022 quae
923 2952 1023 3005 sub
1046 2950 1225 3005 modio
1254 2967 1357 3005 ιιοιι
1385 2952 1708 3018 occultatur,
1732 2966 1850 3004 om-

292 3042 442 3096 nibus
484 3052 641 3108 nota,
688 3042 931 3095 omnibus
971 3041 1238 3095 diﬂ'amata
1273 3040 1480 3113 (Matth.
1521 3058 1575 3106 v,
1606 3042 1704 3105 14,
1738 3042 1849 3110 15).

294 3132 405 3188 Non
434 3143 609 3187 autem
638 3132 864 3187 universi
895 3133 1037 3187 cives
1061 3134 1175 3202 ejus
1196 3143 1335 3196 sunt,
1367 3133 1458 3188 sed
1488 3134 1558 3188 illi
1586 3134 1636 3187 in
1664 3134 1852 3203 quibus

290 3240 500 3293 magnus
520 3223 788 3285 Dominus,
815 3233 861 3277 et
881 3224 1146 3278 laudabilis
1172 3225 1332 3278 valde.
1352 3225 1481 3291 Qum
1500 3234 1581 3279 est
1604 3238 1730 3292 ergo
1753 3225 1850 3278 ista

287 3314 495 3379 civitas,
526 3312 833 3373 videamus.
868 3327 935 3367 ne
961 3313 1094 3367 forte
1118 3315 1240 3382 quia
1266 3313 1463 3368 dictum
1493 3324 1605 3377 est,
1630 3311 1695 3367 In
1725 3315 1851 3367 civi-

287 3412 387 3457 tate
413 3402 509 3457 Dei
542 3403 733 3467 nostri,
754 3403 806 3455 in
844 3413 1010 3456 monte
1030 3413 1201 3456 sancto
1228 3407 1355 3472 ejus,
1380 3404 1666 3458 debeamus
1703 3418 1848 3472 quaa-

289 3509 405 3547 rere
451 3494 610 3547 istum
652 3503 883 3547 montem
908 3534 923 3558 ,
966 3492 1057 3548 ubi
1099 3493 1257 3547 etiam
1288 3495 1524 3549 exaudiri
1566 3498 1849 3564 possimus.

290 3583 401 3638 Non
436 3585 578 3637 enim
619 3582 812 3637 frustra
852 3585 1044 3638 dicitur
1069 3584 1122 3638 in
1162 3585 1266 3639 alio
1302 3585 1544 3654 psalmo:
1588 3586 1717 3640 Voce
1744 3605 1853 3642 mea

284 3680 355 3730 ad
381 3676 661 3731 Dominum
686 3678 923 3743 clamavi,
953 3687 999 3730 et
1023 3676 1274 3731 exaudivit
1301 3694 1379 3731 me
1404 3678 1467 3731 de
1493 3688 1659 3733 monte
1680 3691 1853 3736 sancto

283 3785 375 3821 suo
406 3768 575 3839 (Psal.
599 3784 685 3831 tu,
717 3766 793 3840 5).
820 3769 1033 3838 Adjuvit
1060 3784 1185 3839 ergo
1222 3778 1272 3824 te
1299 3785 1451 3825 mons
1476 3770 1576 3826 iste
1610 3781 1665 3827 ut
1689 3789 1852 3828 exalto

281 3861 493 3916 direris.
511 3859 643 3914 Nam
664 3860 708 3914 si
727 3860 778 3913 in
796 3876 914 3915 eum
938 3876 1040 3915 non
1058 3860 1393 3927 ascenderes,
1409 3862 1538 3917 iufra
1557 3866 1734 3933 iacens
1748 3867 1855 3919 cla-

284 3967 433 4006 mare
460 3966 678 4021 posses,
706 3950 800 4005 sed
828 3952 1065 4006 exaudiri
1096 3967 1199 4006 non
1229 3968 1433 4021 posses.
1459 3954 1588 4021 Quis
1617 3967 1699 4009 est
1725 3967 1853 4027 ergo

284 4046 385 4096 iste
409 4058 591 4106 mons,
634 4041 856 4097 lratres?
887 4042 1068 4112 Magna
1100 4058 1224 4097 cura
1256 4044 1635 4113 inquirendos,
1665 4063 1851 4118 magna

283 4132 640 4189 sollicitudine
676 4131 1094 4202 lnvestigandus;
1127 4134 1304 4189 labore
1332 4137 1489 4190 etiam
1517 4140 1852 4207 occupandus

282 4235 336 4277 ct
375 4223 763 4277 ascendendus.
803 4223 907 4278 Sed
936 4224 979 4277 si
1010 4225 1061 4277 in
1084 4224 1255 4295 aliqua
1287 4235 1436 4295 parte
1462 4236 1717 4282 terrarum
1748 4239 1850 4295 est,

280 4314 409 4384 quid
435 4313 722 4368 faciemus?
752 4313 1209 4383 Peregrinabimur
1227 4316 1293 4370 de
1322 4324 1460 4371 terra
1484 4327 1682 4382 nostra,
1706 4329 1762 4373 ut
1788 4321 1853 4374 ad

283 4406 432 4459 illum
462 4415 697 4459 montem
729 4406 1006 4472 pervenire
1025 4407 1288 4475 possimus
1304 4406 1452 4462 ilmo
1478 4418 1601 4462 tunc
1626 4413 1857 4481 peregri-

283 4512 496 4563 namur,
528 4497 572 4550 si
600 4495 651 4548 in
677 4496 767 4550 illo
793 4511 897 4549 non
918 4511 1120 4551 sumus.
1144 4495 1259 4566 Ipsa
1287 4505 1369 4551 est
1387 4498 1529 4552 enim
1557 4499 1855 4555 civitasuo-

281 4598 425 4653 stra,
457 4586 500 4640 si
531 4586 771 4640 membra
800 4587 939 4655 regis
968 4601 1150 4641 sumus
1169 4627 1186 4653 ,
1216 4588 1306 4656 qui
1331 4596 1489 4656 caput
1513 4599 1596 4644 est
1630 4591 1856 4648 civitatis

282 4680 469 4747 ipsius.
501 4676 601 4733 Ubi
630 4687 713 4731 est
735 4691 862 4747 ergo
887 4678 987 4732 iste
1025 4680 1212 4732 mons?
1238 4678 1293 4733 Si
1324 4680 1593 4747 regionem
1622 4682 1851 4752 aliquam

281 4768 470 4830 tenuit,
493 4765 839 4820 laborandum
870 4776 968 4829 est,
1004 4775 1061 4819 ut
1088 4766 1218 4832 dixi,
1250 4773 1307 4821 ut
1335 4768 1402 4821 ad
1429 4784 1551 4822 eum
1579 4772 1856 4838 pervenia-

281 4868 392 4911 tur.
414 4857 519 4913 Sed
543 4855 669 4926 quid
697 4856 927 4926 satagis?
946 4855 1153 4911 Utinam
1181 4872 1285 4910 non
1311 4857 1385 4912 sis
1407 4858 1552 4927 piger
1570 4861 1857 4917 ascendere

281 4950 335 5001 in
364 4955 625 5013 montem,
655 4946 920 5016 quomodo
948 4962 1101 5000 mons
1124 4962 1227 5001 non
1252 4946 1350 5002 fuit
1379 4949 1559 5003 tardus
1585 4951 1764 5006 venire
1790 4953 1857 5007 ad

277 5039 665 5092 dormientem.
706 5036 828 5091 Fuit
854 5037 995 5092 enim
1024 5037 1237 5107 quidam
1277 5038 1408 5106 lapis
1436 5042 1700 5109 angularis
1727 5056 1858 5096 con-

280 5130 616 5199 temptibilis,
641 5128 694 5182 in
715 5142 872 5198 quem
897 5127 1063 5183 Judaei
1090 5127 1426 5184 offenderunt
1444 5130 1620 5202 (Rom.
1637 5147 1714 5199 ιι,
1738 5133 1855 5203 52),

278 5224 540 5291 praecisus
568 5220 636 5274 de
664 5220 892 5289 quodam
919 5230 1098 5275 monte
1118 5221 1233 5275 sine
1263 5221 1530 5288 manibus,
1559 5223 1659 5277 hoc
1682 5232 1763 5278 est
1790 5223 1858 5279 de

277 5328 450 5382 regno
489 5310 796 5367 Iudaeorum
839 5310 1058 5366 veniens
1100 5310 1217 5366 sine
1262 5312 1542 5379 manibus,
1584 5316 1706 5384 quia
1754 5313 1856 5369 hu-

278 5418 502 5459 manum
541 5417 677 5472 epus
712 5416 819 5455 non
853 5401 1077 5455 accessit
1100 5401 1167 5455 ad
1198 5401 1446 5467 Mariam,
1484 5403 1551 5457 de
1576 5418 1678 5473 qua
1703 5413 1857 5459 natus

274 5494 529 5547 Christus
556 5490 772 5559 (Matth.
800 5506 839 5555 ι,
871 5490 986 5561 16).
1019 5490 1123 5546 Sed
1152 5492 1196 5545 si
1241 5491 1372 5561 lapis
1402 5493 1501 5547 iste
1540 5493 1627 5546 ubi
1655 5495 1707 5546 in
1734 5508 1857 5547 eum

275 5584 625 5639 offenderunt
648 5581 815 5637 Judmi
837 5623 853 5647 ,
880 5582 952 5636 ibi
981 5591 1300 5647 remaneret,
1328 5592 1381 5637 tu
1410 5599 1515 5653 quo
1538 5584 1869 5639 ascendercs

277 5693 392 5732 non
428 5675 672 5729 haberes.
691 5672 824 5739 Quid
848 5682 1022 5727 autem
1056 5671 1247 5728 factum
1275 5674 1388 5728 est?
1415 5674 1548 5741 Quid
1576 5675 1700 5729 dicit
1728 5690 1854 5744 pro-

281 5766 472 5839 phetia
502 5764 769 5821 Danielis‘l
796 5762 931 5833 Quid
951 5802 965 5831 ,
999 5764 1099 5821 nisi
1129 5763 1249 5836 quia
1278 5765 1445 5820 crevit
1469 5765 1601 5835 lapis
1640 5766 1739 5820 iste
1761 5807 1777 5833 ,
1805 5775 1859 5820 et

1284 385 1681 444 ENARRATIO
1720 386 1783 439 ΙΝ
1821 384 2137 444 Ρε.ιι.ιιυιι
2178 390 2378 445 XLVII.

3409 398 3508 454 $51

1944 498 2110 554 factus
2140 510 2218 555 est
2251 517 2400 555 mons
2446 507 2700 572 magnus?
2723 506 2890 575 Quam
2918 510 3170 579 magnus?
3202 511 3275 566 fta
3313 521 3369 565 ut
3408 515 3506 566 hu-

1945 589 2111 657 pleret
2137 592 2433 645 universam
2466 592 2649 650 faciem
2672 604 2827 650 terrze
2849 597 3010 667 (Dan.
3034 616 3091 666 ιι,
3112 602 3200 666 51,
3225 600 3336 671 55).
3363 603 3505 673 Ergo

1944 681 2232 734 crescendo
2258 697 2409 735 mons
2448 683 2545 737 iste
2581 694 2633 737 ct
2675 685 2943 755 implendo
2984 690 3278 745 universam
3318 692 3505 747 faciem

1946 778 2123 835 terrm,
2152 771 2295 824 venit
2324 771 2386 825 ad
2417 789 2532 827 nos.
2566 774 2697 840 Quid
2722 791 2851 844 ergo
2876 788 3105 833 montem
3132 781 3280 850 quasi
3318 782 3512 836 absen-

1947 868 2049 913 tem
2094 862 2413 931 quzerimus,
2453 871 2507 917 et
2549 882 2652 925 nou
2690 866 2740 920 in
2771 876 3084 937 praesentem
3118 870 3226 941 jam
3265 872 3512 929 ascendi-

1947 964 2099 1015 mus,
2140 960 2196 1004 ut
2224 952 2293 1006 sit
2321 952 2372 1006 iu
2411 953 2564 1010 nobis
2602 971 2816 1027 magnus
2845 955 3127 1027 Dominus,
3164 970 3208 1014 et
3244 961 3512 1017 laudabilis

1945 1038 2091 1091 valde
2104 1040 2131 1093 .’

2018 1129 2070 1183 '5.
2103 1126 2250 1200 [vers.
2284 1129 2360 1203 5.]
2393 1132 2629 1203 Denique
2659 1150 2725 1191 ne
2752 1134 2908 1190 istum
2944 1148 3177 1193 montem
3210 1156 3313 1197 non
3347 1156 3516 1213 agno-

1948 1234 2126 1274 sceres
2150 1231 2201 1275 et
2230 1222 2280 1275 iu
2318 1223 2417 1276 hoc
2447 1226 2647 1293 psalmo
2667 1267 2683 1292 ,
2711 1236 2761 1281 et
2792 1229 2842 1281 in
2868 1229 3042 1301 aliqua
3071 1243 3221 1302 parte
3252 1243 3511 1299 terrarum

1946 1310 2289 1376 quaerendum
2334 1314 2695 1382 existimares,
2724 1316 2843 1372 vide
2882 1319 3007 1389 quid
3051 1323 3290 1393 sequitur
3334 1340 3349 1379 :
3390 1339 3512 1380 cum

1946 1397 2185 1464 dixisset,
2218 1399 2283 1455 1η
2312 1402 2505 1458 civitate
2536 1402 2631 1458 Dei
2657 1411 2814 1461 nostri
2833 1451 2849 1476 ,
2882 1409 2934 1461 in
2963 1422 3128 1465 monte
3164 1422 3336 1468 sancto
3364 1417 3475 1488 ejus
3493 1457 3512 1484 ,

1947 1488 2070 1557 quid
2114 1490 2344 1545 addidit?
2376 1492 2606 1549 Dilatans
2641 1499 2997 1555 exsultationes
3042 1505 3291 1558 universa:
3327 1516 3513 1574 terra,

1946 1589 2137 1633 montes
2158 1580 2303 1635 Sion.
2330 1582 2454 1638 Sion
2486 1602 2621 1641 unus
2649 1603 2802 1643 mons
2823 1599 2909 1645 est
2932 1609 2942 1644 :
2976 1592 3101 1662 quid
3127 1609 3253 1665 ergo
3280 1600 3504 1654 montu.’

1949 1669 2027 1723 Au
2056 1671 2173 1739 quia
2206 1672 2270 1726 ad
2300 1672 2426 1729 Sion
2472 1679 2837 1745 pertinuerunt
2877 1681 3034 1736 etiam
3064 1683 3151 1754 qui
3197 1684 3266 1741 de
3305 1685 3519 1749 diverso

1946 1770 2226 1827 venerunt,
2259 1774 2318 1818 ut
2348 1765 2445 1819 sibi
2475 1780 2812 1824 occurrerent
2846 1771 2895 1825 in
2928 1772 3155 1841 lapidem
3181 1778 3514 1847 angularem.

1924 1860 2003 1906 et
2033 1851 2220 1906 flerent
2249 1854 2321 1907 illi
2346 1854 2452 1909 duo
2478 1859 2702 1931 parietes
2731 1868 2977 1931 tanquam
2999 1862 3103 1917 duo
3128 1876 3356 1932 montes,
3384 1884 3517 1923 unus

1947 1956 2010 1997 ex
2035 1943 2455 2017 circumcisione,
2474 1949 2609 2003 alter
2633 1965 2698 2006 ex
2730 1955 3014 2026 praeputio;
3040 1971 3174 2010 unus
3193 1972 3258 2013 ex
3281 1957 3480 2013 Judmis
3498 2001 3514 2023 .

1948 2034 2084 2088 alter
2122 2049 2186 2089 ex
2213 2035 2471 2094 Gentibus
2514 2057 2527 2093 :
2571 2056 2674 2095 non
2699 2042 2809 2112 jam
2838 2044 3082 2112 adversi;
3119 2049 3217 2103 etsi
3245 2049 3442 2107 diversi
3470 2053 3513 2117 ί,

1949 2123 2070 2192 quia
2099 2140 2163 2178 ex
2189 2125 2429 2191 diverso,
2455 2129 2565 2199 jam
2591 2131 2643 2186 in
2673 2135 2866 2203 angulo
2910 2151 3009 2191 nec
3035 2136 3262 2194 diversi?
3289 2138 3408 2209 Ipse
3443 2154 3517 2197 est

1950 2216 2102 2282 enim,
2127 2217 2311 2285 inquit,
2336 2237 2437 2292 pax
2453 2233 2640 2288 nostra,
2655 2226 2742 2293 qui
2763 2227 2877 2297 fecit
2899 2236 3108 2299 utraque
3127 2248 3280 2285 unum
3302 2231 3516 2303 (Ep/tes.

1953 2319 2022 2370 tt,
2050 2306 2157 2377 14).
2203 2307 2318 2378 Ipse
2343 2310 2431 2364 ille
2458 2312 2725 2382 angularis
2755 2314 2885 2383 lapis
2905 2358 2918 2379 ,
2950 2333 3093 2386 quem
3131 2320 3519 2388 reprobaveruut

1950 2393 2276 2464 cdiﬁcantes,
2305 2401 2467 2468 factus
2489 2409 2562 2453 est
2585 2400 2637 2453 in
2662 2414 2813 2472 caput
2837 2407 3010 2475 anguli
3030 2405 3197 2477 (Psal.
3217 2423 3378 2476 cxvu,
3401 2410 3519 2480 9.2).

1956 2485 2097 2541 Duos
2122 2488 2294 2557 junxit
2323 2490 2373 2544 in
2410 2505 2468 2545 se
2497 2507 2649 2546 mons
2675 2505 2905 2550 montes.
2936 2496 3045 2552 Una
3074 2499 3293 2567 domus,
3326 2512 3380 2557 et
3404 2504 3521 2559 dum

1953 2577 2141 2629 domus
2169 2594 2183 2630 :
2206 2578 2324 2631 dum
2352 2589 2567 2649 propter
2589 2598 2653 2636 ex
2681 2582 2894 2639 diverso
2924 2589 3198 2643 venientes
3219 2632 3234 2653 ,
3263 2606 3364 2645 una
3394 2608 3514 2665 pro-

1954 2674 2072 2735 pter
2099 2668 2321 2735 lapidcm
2357 2673 2661 2741 angularem
2681 2716 2695 2739 ,
2726 2674 2775 2728 in
2805 2693 2908 2745 quo
2935 2679 3033 2732 sibi
3064 2680 3233 2735 amba:
3261 2685 3520 2752 copulan-

1964 2764 2069 2811 tur.
2100 2758 2232 2812 Audi
2263 2770 2315 2813 et
2346 2759 2463 2824 hoc,
2491 2760 2685 2816 Montes
2712 2764 2871 2829 Sion;
2897 2766 3055 2820 latera
3079 2772 3326 2838 aquilonis
3348 2774 3522 2827 civitas

1954 2850 2082 2920 regis
2118 2851 2309 2920 magni.
2335 2851 2641 2906 Inteudcras
2666 2856 2806 2908 enim
2840 2866 2891 2909 tu
2922 2856 3048 2912 Sion
3082 2868 3326 2930 tanquam
3359 2880 3519 2917 unum

1954 2943 2157 3008 locum,
2192 2943 2275 2997 ubi
2303 2944 2513 2998 condita
2544 2953 2626 2999 est
2653 2946 2946 3002 Jerusalem
2968 2991 2980 3012 ,
3024 2959 3077 3003 et
3105 2953 3155 3004 in
3195 2968 3257 3007 ea
3283 2953 3375 3008 tibi
3415 2973 3519 3008 nou

1954 3034 2296 3099 occurrebat,
2343 3036 2441 3089 nisi
2484 3037 2707 3109 populus
2730 3054 2793 3093 ex
2822 3041 3257 3110 circumcisione;
3289 3046 3376 3116 qui
3404 3049 3520 3117 qui-

1954 3125 2073 3179 dem
2112 3142 2173 3180 ex
2206 3127 2448 3198 reliquiis
2476 3144 2505 3182 a
2545 3128 2757 3185 Christo
2784 3132 3037 3187 collectus
3067 3145 3143 3188 est
3166 3176 3181 3199 ,
3222 3152 3286 3190 ex
3333 3153 3522 3207 magna

1955 3225 2127 3270 autem
2160 3226 2309 3285 parte
2341 3228 2585 3288 tanquam
2619 3221 2762 3289 palea
2803 3223 3101 3277 ventilatus.
3132 3224 3339 3280 Etenim
3386 3231 3521 3285 serio

1957 3318 2099 3377 ptum
2129 3318 2229 3375 est,
2260 3308 2504 3380 Reliquice
2527 3313 2680 3365 salva:
2706 3312 2826 3379 ﬁent
2857 3311 3029 3382 (Rom.
3061 3331 3133 3377 ιι,
3160 3315 3271 3387 27).
3307 3316 3410 3373 Sed
3438 3330 3521 3374 at-

1958 3398 2114 3453 tende
2142 3410 2195 3453 et
2219 3399 2416 3454 Gentes
2435 3442 2450 3466 ,
2478 3400 2596 3455 vide
2634 3412 2688 3456 et
2717 3404 3003 3458 oleastrum
3032 3407 3190 3461 inseri
3220 3410 3269 3462 in
3298 3411 3521 3482 pingue-

1954 3490 2130 3543 dinem
2161 3489 2313 3543 olivm
2345 3489 2451 3559 (Id.
2477 3506 2551 3554 ιιι,
2582 3492 2695 3561 l7).
2730 3492 2863 3548 Ecce
2899 3494 3096 3549 Gentes
3117 3540 3131 3562 ,
3162 3496 3345 3551 Latera
3378 3504 3524 3571 aqui-

1956 3581 2085 3634 lonis
2123 3596 2139 3634 :
2188 3579 2433 3649 adjuncta
2471 3584 2603 3635 sunt
2652 3582 2812 3637 latera
2851 3586 3112 3653 aquilonis
3154 3588 3348 3644 civitati
3383 3594 3526 3663 regis

1957 3669 2148 3739 magni.
2169 3669 2476 3724 Contrarias
2500 3671 2638 3752 solet
2654 3686 2771 3727 esse
2798 3676 2975 3743 aquilo
3000 3674 3126 3729 Sion
3154 3695 3165 3730 :
3186 3677 3311 3732 Sion
3327 3680 3525 3757 qp‘ippe

1957 3763 2009 3815 in
2053 3761 2305 3825 meridie,
2348 3763 2523 3833 aquilo
2563 3774 2746 3818 contra
2794 3768 3091 3825 meridiem.
3134 3770 3262 3835 Quis
3300 3754 3525 3828 estﬂiste

1957 3852 2131 3921 aquilo
2151 3896 2164 3919 ,
2195 3854 2291 3907 nisi
2321 3854 2411 3923 qui
2436 3854 2603 3919 dixit,
2631 3855 2828 3911 Ponant
2858 3859 3025 3912 sedem
3056 3878 3214 3914 nteant
3238 3863 3305 3916 ad
3329 3865 3527 3935 aquilo-

1958 3960 2090 4009 nem,
2119 3953 2164 3996 et
2192 3961 2276 3998 ero
2299 3945 2475 3999 similis
2502 3947 2755 4001 Altissimo
2782 3946 2934 4019 (Isai.
2958 3966 3062 4014 xw,
3089 3952 3175 4016 l5,
3200 3953 3324 4021 ΗΠ
3346 3954 3525 4011 Tenu-

1958 4042 2072 4087 erat
2094 4048 2313 4103 regnum
2331 4034 2570 4089 diabolus
2591 4036 2899 4107 impiorum,
2924 4049 2976 4094 et
2999 4042 3308 4109 possederat
3328 4043 3527 4101 Gentes

1960 4126 2249 4179 servientes
2273 4126 2596 4189 simulacris,
2628 4129 2907 4183 adorantes
2932 4130 3192 4187 dmmonia
3228 4151 3240 4186 :
3271 4145 3326 4188 et
3357 4144 3523 4190 totum

1959 4218 2207 4288 quidquid
2237 4218 2448 4287 generis
2479 4218 2692 4272 humani
2723 4230 2838 4275 erat
2880 4223 3071 4291 ubique
3110 4239 3203 4293 per
3233 4227 3485 4283 mundum
3507 4268 3524 4291 .

1960 4309 2267 4363 inhmreudo
2302 4309 2373 4362 illi
2400 4310 2576 4377 aquilo
2614 4309 2805 4364 factum
2847 4322 2981 4367 erat.
3010 4312 3115 4367 Sed
3160 4316 3406 4383 quoniam
3439 4317 3537 4377 illa

1960 4401 2047 4468 qui
2074 4399 2252 4469 alligat
2284 4401 2495 4459 fortem,
2526 4398 2699 4453 aufert
2724 4400 2838 4469 ejus
2866 4416 2986 4453 vasa
3008 4441 3024 4467 ,
3053 4412 3105 4455 et
3131 4402 3251 4455 facit
3278 4419 3398 4456 vasa
3430 4420 3529 4459 sua

1970 4487 2177 4555 (Matth.
2216 4504 2289 4542 xu
2328 4487 2399 4544 29
2430 4488 2481 4557 ),
2516 4488 2718 4542 liberati
2759 4489 3000 4545 homines
3029 4491 3095 4544 ab
3125 4492 3431 4548 infidelitate
3471 4512 3527 4552 et

1961 4579 2333 4648 superstitione
2371 4578 2789 4646 daemoniorum,
2835 4580 3116 4638 credentes
3160 4584 3210 4638 in
3256 4586 3525 4645 Christum

1962 4671 2211 4725 Colliniati
2244 4680 2367 4724 sunt
2405 4670 2477 4724 illi
2507 4672 2742 4737 civitati,
2770 4685 3112 4729 occurrerunt
3155 4677 3207 4729 in
3234 4677 3425 4748 angulo
3456 4681 3530 4736 illi

1963 4761 2148 4833 parieti
2175 4761 2241 4816 de
2264 4762 2668 4817 circumcisione
2699 4765 2951 4830 venienti,
2983 4777 3035 4820 et
3063 4766 3195 4820 facta
3226 4779 3308 4823 est
3336 4770 3528 4824 civitas

1962 4854 2103 4922 regis
2132 4854 2303 4923 magni
2332 4869 2452 4923 qua:
2479 4852 2684 4909 fuerant
2715 4854 2874 4909 latera
2912 4857 3192 4925 aquilonis.
3225 4857 3347 4915 Ideo
3380 4872 3434 4915 et
3474 4861 3527 4915 in

1963 4945 2063 4997 alia
2094 4943 2361 5013 Scriptura
2402 4944 2630 4999 dicitur:
2669 4946 2742 4998 Ab
2766 4946 3000 5014 aquilone
3025 4948 3178 5003 nubes
3217 4951 3402 5006 coloris
3428 4968 3526 5004 au-

1962 5038 2075 5100 rei;
2118 5036 2168 5088 in
2200 5035 2276 5088 his
2314 5045 2384 5089 est
2431 5052 2613 5105 magna
2658 5035 2821 5105 gloria
2864 5046 2912 5090 et
2954 5037 3115 5092 honor
3160 5039 3534 5109 Omnipotentis

1965 5124 2119 5195 (Job,
2146 5141 2366 5189 xxxvu,
2397 5124 2512 5192 22).
2557 5123 2739 5194 Magna
2784 5125 2923 5179 enim
2960 5127 3128 5198 gloria
3177 5129 3365 5185 medici
3413 5142 3530 5192 est.

1965 5214 2173 5285 quando
2198 5228 2263 5267 ex
2288 5214 2653 5284 desperatione
2671 5216 2993 5270 convalescit
3009 5228 3258 5287 aegrotus.
3283 5200 3362 5272 Ab
3382 5224 3532 5289 aqui-

1965 5305 2084 5361 lone
2114 5306 2301 5370 nubes,
2329 5314 2382 5359 et
2408 5320 2512 5358 non
2545 5306 2708 5375 nigra:
2736 5308 2921 5371 nubes,
2943 5322 3048 5361 non
3077 5308 3397 5377 caliginoszc,
3422 5325 3527 5365 non

1966 5406 2134 5464 tetrae,
2157 5396 2250 5451 sed
2270 5395 2465 5451 coloris
2486 5398 2651 5451 aurei.
2673 5395 2828 5456 Unde
2852 5397 2959 5453 nisi
2977 5398 3142 5468 gratia
3163 5398 3493 5457 illuminante
3509 5403 3530 5433 ⁸

2032 5632 2045 5662 ί
2072 5629 2462 5695 Siealiquotluss.
2485 5629 2818 5695 Quidamvero
2833 5627 2913 5678 alii
2932 5640 3063 5695 anon
3078 5628 3177 5685 iam
3190 5626 3399 5691 diversi;
3424 5640 3468 5681 et
3490 5642 3530 5684 λι

1967 5690 2157 5741 dirersi.
2186 5689 2390 5752 neua,
2408 5689 2611 5752 nonjam
2629 5690 2818 5740 advena
2839 5697 2884 5739 et
2906 5690 3099 5752 auersi.

2032 5755 2051 5784 ³
2076 5760 2147 5801 ΕΓ.
2174 5759 2302 5811 bov.,
2321 5747 2618 5803 illuminant.
2643 5759 2745 5801 Am.
2781 5759 2835 5801 et
2858 5756 2982 5814 uss,
3003 5747 3313 5801 illuminantr.
