4042 6488
567 408 671 464 535

574 535 670 587 per
695 519 1006 576 Christum?
1049 519 1220 592 Ecce,
1252 521 1434 582 Latere
1469 531 1717 600 aquilonis
1741 573 1754 598 ,
1797 534 1968 588 civitas
2003 534 2132 604 regis

571 612 756 680 magni.
787 611 978 668 Latere
1009 615 1223 686 utique,
1253 618 1374 688 quia
1402 619 1721 677 inlueserant
1747 623 1976 678 diabolo.
2002 625 2132 692 Qni-

567 715 795 770 cumque
824 703 965 757 enim
996 705 1148 759 alicui
1175 706 1464 775 cohaerent,
1488 712 1655 766 latera
1677 713 1840 781 ipsius
1863 713 2131 768 dicuntur.

561 791 699 846 Nam
735 802 790 848 et
829 794 896 850 d‘e
933 795 1194 869 aliquibus
1234 799 1535 858 hominibus
1577 805 1808 859 solemus
1843 806 1911 862 ita
1956 807 2128 874 loqui,

565 882 743 940 Bonus
774 885 932 940 homo
961 897 1042 942 est
1061 931 1076 955 ,
1109 891 1200 945 sed
1230 893 1364 946 mala
1391 894 1554 952 latera
1580 897 1736 952 habet
1761 915 1774 952 :
1805 898 1859 952 id
1885 908 1987 963 est,
2019 901 2131 970 ipse

565 975 777 1044 quidem
820 979 1080 1045 probitate
1111 993 1355 1050 prtestat,
1397 986 1488 1040 sed
1534 989 1749 1058 maligni
1794 999 1918 1044 sunt
1957 993 2044 1061 qui
2080 991 2130 1047 ei

567 1065 836 1135 conjuncti
863 1079 1005 1124 sunt.
1036 1069 1223 1126 Latera
1252 1089 1378 1144 ergo
1402 1077 1665 1145 aquilonis
1691 1081 1778 1150 qui
1806 1081 2016 1136 diabolo
2040 1097 2132 1137 co-

572 1155 850 1212 haerebant
873 1176 887 1212 :
913 1161 1051 1216 unde
1077 1165 1216 1219 venit
1240 1177 1291 1220 et
1323 1167 1422 1224 iste
1442 1169 1601 1235 filius,
1623 1172 1691 1228 de
1717 1189 1822 1242 quo
1851 1175 2009 1230 modo
2031 1191 2130 1230 au-

564 1243 859 1313 diebamus,
885 1251 1004 1320 quia
1033 1265 1273 1311 mortuus
1303 1269 1436 1324 erat,
1462 1269 1515 1315 et
1544 1261 1770 1329 revisit;
1804 1266 2049 1334 perierat,
2076 1275 2130 1321 et

563 1337 808 1394 inventus
833 1352 932 1398 est.
957 1345 1352 1407 Proﬁciscendo
1375 1353 1516 1408 enim
1546 1355 1596 1410 in
1626 1357 1894 1426 regionem
1926 1359 2130 1428 longin-

563 1443 727 1498 quam
748 1473 763 1497 ,
787 1435 944 1489 etiam
974 1439 1040 1492 ad
1068 1442 1367 1510 aquilonem
1406 1458 1754 1514 pervenerat,
1781 1457 1836 1504 et
1857 1450 1928 1504 ibi
1949 1493 1964 1515 ,
1992 1451 2130 1505 sicut

561 1520 803 1587 audistis,
830 1526 920 1579 uni
943 1543 1010 1582 ex
1036 1532 1360 1602 principibus
1387 1537 1617 1607 regionis
1645 1539 1780 1593 illius
1809 1540 2125 1594 adlueserat.

560 1607 752 1665 Factus
777 1623 860 1667 est
885 1631 1012 1688 ergo
1056 1620 1192 1676 latus
1227 1625 1524 1694 aquilonis,
1557 1628 1880 1685 adhaerendo
1907 1631 2126 1701 principi

559 1697 704 1772 illius
747 1705 978 1775 regionis
1024 1728 1037 1764 :
1075 1713 1166 1766 sed
1194 1717 1315 1782 quia
1344 1707 1544 1773 'civitas
1574 1721 1713 1789 regis
1754 1697 1926 1792 magni
1971 1734 2022 1776 et
2059 1739 2127 1779 ex

559 1788 727 1848 latere
771 1798 1032 1865 aquilonis
1073 1803 1402 1873 colligitur‘,
1441 1788 1686 1864 reversus
1713 1811 1778 1865 ad
1809 1827 1900 1876 se,
1954 1813 2122 1882 dixit,

557 1878 800 1951 Surgam,
825 1895 875 1940 et
905 1889 991 1943 ibo
1010 1889 1074 1944 ad
1099 1903 1300 1961 patrem
1330 1913 1524 1952 meum.
1550 1898 1615 1953 Et
1635 1903 1864 1956 occurrit
1881 1903 1932 1958 ei
1953 1878 2122 1972 pater,

555 1971 646 2039 qui
675 1973 804 2028 dicit
827 1976 893 2032 de
919 1979 1009 2033 illo
1029 2021 1042 2041 ,
1071 1981 1306 2040 Mortuus
1335 1996 1451 2041 erat
1472 2029 1488 2053 ,
1520 1998 1574 2042 et
1612 1991 1838 2056 revixit;
1871 1971 2119 2061 perierat,

557 2069 612 2115 et
640 2063 882 2122 inventus
909 2081 1011 2126 est.
1038 2073 1245 2130 Vitulus
1269 2077 1356 2132 ille
1383 2081 1672 2149 saginatus,
1702 2083 1836 2152 lapis
1858 2087 2123 2155 angularis

559 2151 676 2207 fuit.
705 2155 940 2227 Denique
961 2171 1014 2216 et
1043 2163 1214 2235 major
1243 2165 1381 2222 filius
1400 2171 1490 2239 qui
1511 2172 1712 2240 epulari
1741 2151 1954 2229 nolebat
1974 2175 2119 2243 (Luc.

557 2254 654 2308 xv,
680 2247 890 2318 11-52),
923 2253 1232 2312 exhortatus
1257 2271 1284 2310 a
1315 2267 1461 2326 patre
1491 2261 1760 2330 ingressus
1787 2257 1870 2318 est
1893 2281 1907 2317 :
1934 2276 1990 2320 et
2015 2267 2122 2321 duo

557 2331 659 2399 iam
689 2339 936 2405 parietes,
969 2353 1212 2416 tanquam
1236 2347 1311 2403 illi
1337 2348 1443 2403 duo
1469 2349 1562 2404 lilii
1593 2351 1658 2405 ad
1687 2353 1908 2408 vitulum
1939 2371 2126 2425 pervc-

556 2423 784 2491 nientes,
809 2430 1076 2488 civitatem
1101 2437 1241 2506 regis
1268 2439 1441 2508 magni
1475 2441 1732 2497 fecerunt.

623 2517 677 2571 4.
707 2515 857 2589 [vers.
892 2523 972 2595 4.]
1002 2524 1265 2596 Sequatur
1289 2546 1416 2600 ergo
1441 2532 1541 2589 iste
1561 2535 1818 2606 psalmus,
1849 2547 1903 2592 et
1930 2540 2068 2595 dicat
2100 2558 2115 2596 :

550 2603 692 2661 Deus
719 2609 770 2662 in
798 2610 1025 2668 dantibus
1049 2618 1159 2685 ejus
1201 2631 1527 2691 cognoscetur
1564 2603 1606 2679 ί.
1634 2625 1748 2680 Jam
1778 2603 1830 2682 in
1877 2629 2121 2688 domibus

553 2707 771 2792 promer
795 2713 1020 2770 montes,
1054 2722 1275 2779 propter
1296 2713 1430 2769 duos
1455 2717 1682 2784 parietes
1701 2760 1716 2783 ,
1749 2731 1962 2792 propter
1987 2724 2119 2780 duos

556 2788 716 2846 filios.
746 2791 882 2848 Deus
912 2796 966 2850 in
1009 2799 1237 2856 domibus
1262 2803 1372 2873 ejus
1395 2788 1865 2875 cognoscetur.
1895 2815 2116 2883 gratiam

549 2885 915 2948 commendat,
945 2888 1065 2946 ideo
1109 2893 1346 2957 addidit,
1375 2896 1498 2951 Cum
1542 2901 1774 2971 suscipiet
1799 2919 1928 2958 eam.
1985 2905 2115 2960 Nam

548 2973 674 3040 quid
719 2987 858 3032 esset
899 2980 1011 3050 ipsa
1059 2985 1283 3051 civitas,
1323 2989 1423 3042 nisi
1470 2990 1557 3046 ille
1601 2996 1922 3062 suscepisset
1955 2998 2118 3052 eam?

549 3061 738 3120 Nonne
766 3069 944 3123 statim
983 3073 1229 3143 caderet,
1260 3077 1359 3132 nisi
1391 3080 1492 3135 tale
1518 3061 1920 3140 fundamentum
1958 3089 2116 3144 liabe-

549 3153 678 3206 ret?
708 3154 1123 3216 Fundamentum
1148 3165 1289 3219 enim
1320 3167 1461 3222 aliud
1492 3185 1649 3224 nemo
1678 3181 1851 3242 potest
1880 3191 2109 3244 ponere.

548 3253 744 3313 praeter
766 3247 819 3302 id
841 3251 980 3319 quod
1012 3256 1240 3322 positum
1264 3266 1346 3312 est
1364 3298 1379 3319 ,
1408 3259 1550 3328 quod
1577 3272 1656 3316 est
1685 3263 1926 3320 Christus
1961 3267 2116 3323 lesus

549 3332 597 3403 (l
627 3335 744 3426 Cor.
772 3355 848 3407 tu,
879 3343 993 3414 11).
1022 3345 1190 3400 Nemo
1213 3363 1340 3417 ergo
1359 3349 1429 3406 de
1455 3352 1565 3407 suis
1592 3355 1795 3409 meritis
1820 3356 2074 3425 glorietur
2097 3378 2111 3426 ;

549 3425 646 3481 sed
692 3430 779 3498 qui
818 3433 1105 3503 gloriatur,
1147 3438 1199 3491 in
1243 3439 1468 3496 Domino
1511 3444 1768 3512 glorietur
1796 3445 1903 3519 (Id.
1933 3464 1974 3515 ι,
1999 3425 2112 3519 3t).

549 3516 680 3580 Quia
709 3529 832 3576 tunc
858 3534 934 3578 est
965 3526 1053 3582 illa
1077 3544 1265 3600 magna
1292 3531 1493 3597 civitas,
1525 3542 1648 3589 tunc
1669 3536 1719 3590 in
1752 3516 1813 3590 ea
1838 3541 2115 3606 cognosci-

549 3617 634 3661 tur
666 3611 936 3681 Dominus,
964 3631 1083 3670 cum
1114 3621 1364 3690 suscipiet
1391 3637 1507 3676 eam
1538 3642 1550 3676 :
1583 3627 1850 3694 quomodo
1891 3631 2115 3698 suscipit

516 3687 519 3689 ’
550 3696 786 3754 medicus
830 3714 1084 3770 aegrotum
1123 3687 1411 3765 curandum
1437 3752 1454 3776 ,
1483 3727 1585 3766 non
1633 3715 1770 3772 sicut
1809 3726 1895 3771 est
1931 3733 2114 3775 aman-

546 3786 694 3841 dum.
732 3790 937 3846 Etenim
972 3794 1168 3852 febrem
1196 3800 1307 3854 odit
1334 3801 1592 3861 medicus.
1621 3803 1734 3859 Non
1765 3816 1910 3862 amat
1939 3809 2111 3864 medi-

545 3889 642 3928 eus
665 3889 940 3946 :rgrotnm,
964 3892 1017 3937 et
1042 3896 1182 3939 amat
1212 3889 1447 3944 medicus
1469 3902 1726 3960 aegrotum
1751 3913 1764 3948 :
1789 3897 1836 3951 si
1854 3911 2109 3967 aegrotum

546 3977 766 4033 amaret,
799 3983 1009 4041 semper
1027 3983 1278 4043 :egrotum
1305 3987 1540 4046 Optaret;
1570 3997 1755 4038 rursus
1776 3985 1819 4039 si
1849 3999 2108 4054 azgrotum

547 4069 651 4108 non
686 4068 922 4125 amaret,
963 4062 1030 4115 ad
1073 4073 1326 4134 aegrotum
1367 4083 1472 4122 non
1504 4071 1707 4126 veniret
1753 4090 1765 4126 :
1813 4075 1904 4128 sed
1959 4089 2102 4134 amat

544 4156 830 4215 aegrotum,
860 4160 916 4204 ut
956 4151 1110 4208 faciat
1149 4169 1354 4210 sanum.
1401 4159 1784 4231 Suscepitergo
1810 4164 1947 4220 hanc
1983 4168 2112 4222 civi-

546 4243 709 4292 tatem
756 4239 1026 4304 Dominus.
1081 4255 1132 4299 et
1182 4247 1390 4316 agnitus
1414 4259 1496 4303 est
1519 4249 1570 4303 in
1591 4265 1652 4304 ea
1674 4292 1690 4314 ,
1723 4251 1771 4305 id
1798 4262 1880 4308 est
1898 4294 1912 4315 ,
1939 4259 2107 4324 gratia

543 4324 708 4393 Ipsius
737 4331 942 4398 cognita
967 4343 1049 4387 est
1076 4334 1126 4387 in
1151 4334 1236 4389 illa
1251 4336 1494 4402 civitate;
1523 4339 1641 4408 quia
1668 4341 1920 4411 quidquid
1950 4343 2108 4400 habet

541 4415 628 4470 illa
658 4418 844 4475 civitas
885 4438 1002 4491 quae
1035 4423 1290 4492 gloriatur
1318 4426 1368 4482 in
1401 4427 1653 4492 Domino,
1686 4447 1796 4485 non
1844 4433 2002 4488 habet
2037 4436 2106 4491 de

539 4520 618 4560 se.
648 4507 868 4579 Propter
891 4512 990 4566 hoc
1019 4516 1158 4568 enim
1186 4515 1376 4569 dicitur
1407 4533 1420 4570 :
1462 4517 1598 4582 Quid
1623 4521 1755 4574 enim
1793 4523 1944 4578 habes
1971 4526 2107 4593 quod

539 4613 638 4651 non
665 4603 936 4670 accepisti?
955 4603 1015 4658 Si
1040 4615 1205 4659 autent
1246 4609 1482 4675 accepisti
1504 4650 1518 4674 ,
1548 4611 1670 4682 quid
1699 4611 1935 4682 gloriaris
1960 4617 2107 4685 quasi

538 4702 638 4741 non
684 4691 932 4759 acceperis
957 4691 977 4765 (
1005 4693 1093 4748 Id.
1122 4709 1192 4760 tv,
1241 4697 1272 4753 7
1290 4694 1351 4766 )?
1381 4696 1513 4753 Dens
1536 4700 1589 4754 in
1613 4701 1842 4757 domibus
1879 4705 1988 4774 ejus
2014 4722 2102 4761 co-

543 4791 825 4848 gnoscelur,
853 4800 967 4837 cum
993 4788 1228 4858 suscipiet
1255 4806 1386 4843 eam.

604 4869 656 4923 5.
690 4867 833 4941 [vers.
865 4873 1255 4948 5-7.]aniam
1280 4897 1389 4938 ecce
1418 4898 1554 4952 reges
1574 4893 1718 4938 terrae
1743 4885 1937 4941 collecti
1963 4898 2101 4944 sunt.

536 4956 656 5021 lam
681 4975 804 5016 ecce
834 4963 918 5016 illa
964 4965 1126 5022 latera
1173 4971 1434 5042 aquilonis
1477 4971 1651 5030 videte
1699 4978 1964 5045 quomodo
2010 4996 2102 5036 ve-

535 5051 700 5114 niant,
731 5053 904 5108 videte
939 5059 1203 5127 quomodo
1249 5061 1443 5126 dicant,
1474 5063 1662 5130 Venite,
1693 5070 2022 5125 ast-eudamus
2047 5073 2100 5127 in

532 5151 747 5196 montem
773 5141 1012 5202 Domini:
1037 5151 1348 5206 annuntiavit
1373 5155 1506 5208 enim
1530 5157 1670 5212 nobis
1697 5159 1825 5213 viam
1853 5179 2017 5227 suam,
2045 5173 2098 5217 ut

528 5229 870 5298 ingrediantur
890 5234 940 5287 in
969 5252 1079 5290 eam
1104 5236 1250 5308 (lsai.
1284 5257 1341 5306 ιι,
1370 5243 1444 5312 5).
1494 5244 1624 5301 Ecce
1653 5265 1792 5319 reges
1834 5259 1976 5308 terra:
1996 5253 2096 5306 col-

528 5320 644 5372 lecti
667 5331 803 5389 sunt,
834 5334 880 5378 et
899 5340 1229 5408 convenerunt
1257 5333 1310 5386 in
1334 5350 1506 5388 unum.
1533 5335 1587 5392 In
1611 5355 1766 5408 quem
1798 5357 1976 5406 unum,
1997 5343 2095 5398 nisi

529 5409 580 5461 in
616 5411 841 5480 lapilem
880 5416 1025 5473 illum
1075 5403 1378 5490 angularem
1409 5403 1706 5498 (Ep/resdu,
1735 5403 1997 5501 20)?Ipsi
2025 5435 2098 5487 vi-

529 5501 698 5558 dentes
743 5505 814 5559 ita
841 5507 1077 5567 admirati
1127 5523 1262 5568 sunt.
1289 5514 1416 5571 Post
1439 5517 1838 5578 admirationem
1865 5523 2095 5581 miracuo

588 5680 608 5761 ξ
639 5680 831 5761 ΨΜ
846 5690 1050 5761 Ἀφ’οέ
1067 5685 1220 5761 Wa
1240 5689 1482 5761 ληνῐιφιϋ
1502 5692 1698 5761 εοίίίςὲἐ.
1723 5705 1819 5751 etc.

524 5743 607 5848 ω’
639 5743 789 5796 Vetus
810 5743 1123 5800 codex'Oorb.
1139 5784 1155 5810 ,
1181 5743 1476 5815 cognoscitur
1717 5743 1854 5817 tibi,
1879 5756 2090 5821 mndata.

1781 420 1837 478 s.
1879 379 2242 485 AUGUSTlNl
2281 425 2578 483 EPISCOPI

3694 429 3785 485 536

2239 534 2408 592 lorum
2434 547 2487 592 et
2521 541 2704 609 gloria!
2731 539 2924 595 Christi
2949 582 2967 606 ,
2987 540 3113 610 quid
3151 549 3388 595 secutum
3432 541 3558 595 est?
3587 540 3786 594 Contur-

2235 626 2337 678 boti
2363 638 2500 694 sunt,
2523 629 2756 683 commoti
2782 640 2928 694 sunt,
2960 641 3143 683 tremor
3169 629 3495 700 apprehendit
3519 645 3620 683 eos.
3652 629 3787 686 Unde

2237 728 2436 775 tremor
2459 721 2806 790 apprehendit
2832 736 2957 788 eos,
2986 722 3088 777 nisi
3109 721 3174 776 de
3224 721 3544 777 conscientia
3591 720 3789 774 delicto-

2233 811 2394 864 rum?
2417 811 2646 867 Currant
2666 829 2794 883 ergo
2823 829 2974 884 reges
2998 823 3116 882 post
3131 829 3329 882 regem,
3347 821 3635 883 agnoscant
3649 828 3786 879 reges

2233 916 2429 972 regem.
2464 905 2588 960 Inde
2616 906 2760 970 alibi,
2792 905 2900 976 Ego
2923 917 3106 970 autem,
3141 906 3328 972 inquit,
3355 906 3649 958 constitutus
3686 921 3786 957 sum

2232 1012 2322 1050 rex
2340 997 2402 1048 ab
2431 1013 2488 1048 co
2515 1014 2665 1066 super
2707 998 2834 1052 Sion
2862 1009 3075 1052 montem
3101 1007 3325 1052 sanctum
3348 997 3454 1068 ejus
3477 1037 3492 1059 ,
3523 997 3786 1064 prtedicans

2235 1095 2542 1155 prteceptum
2570 1087 2776 1142 Domini
2800 1103 2818 1142 :
2846 1088 3089 1142 Dominus
3114 1089 3239 1141 dixit
3265 1089 3330 1140 ad
3353 1103 3449 1151 me,
3475 1083 3523 1138 Γ
3525 1085 3642 1139 ilius
3661 1102 3787 1139 mus

2231 1189 2282 1227 es
2302 1183 2372 1235 tu.
2397 1191 2486 1245 ego
2514 1177 2661 1229 ltodie
2679 1179 2824 1246 genui
2853 1189 2915 1231 te.
2947 1177 3161 1231 Postulo
3186 1195 3216 1229 τι
3235 1195 3338 1242 me,
3356 1187 3402 1231 ct
3426 1175 3668 1236 dabgtibi
3685 1191 3788 1244 geu-

2233 1273 2304 1318 tes
2338 1266 2677 1320 Ittereditatem
2707 1279 2844 1320 tuam
2867 1308 2881 1330 ,
2908 1278 2953 1321 et
2995 1269 3350 1338 possessionem
3378 1277 3514 1320 tuam
3563 1268 3786 1319 terminos

2229 1363 2409 1420 term;
2437 1373 2577 1427 reges
2605 1374 2688 1410 eos
2723 1361 2775 1412 in
2811 1360 2950 1428 virga
2979 1360 3158 1427 ferrea,
3190 1369 3236 1412 et
3264 1368 3502 1429 tanquam
3529 1373 3616 1410 vas
3653 1356 3785 1426 ﬁguli

2229 1455 2449 1499 conteres
2474 1464 2556 1500 eos
2583 1447 2754 1517 (Psal.
2785 1465 2838 1512 ιι,
2871 1449 2999 1518 6-9).
3032 1449 3254 1504 Auditus
3273 1457 3354 1503 est
3381 1462 3506 1516 ergo
3531 1461 3621 1501 rex
3664 1461 3784 1498 con-

2230 1536 2440 1592 stitutus
2459 1539 2508 1592 in
2525 1541 2672 1604 Sion,
2700 1541 2887 1595 tradita
2913 1550 2992 1596 est
3021 1541 3092 1595 illi
3121 1540 3382 1611 possessio
3408 1553 3574 1608 usque
3592 1536 3664 1591 ad
3687 1546 3785 1590 ter-

2230 1629 2401 1682 minos
2424 1630 2568 1686 orbis
2591 1641 2761 1685 terrze.
2792 1632 3022 1688 Metuere
3045 1633 3236 1688 debent
3262 1647 3436 1702 reges,
3463 1646 3530 1686 ne
3573 1645 3784 1700 regnum

2230 1717 2472 1786 perdant,
2497 1736 2562 1774 ne
2589 1721 2690 1775 illis
2717 1723 2981 1777 auleratur
3010 1739 3250 1794 regnum,
3273 1723 3410 1776 sicut
3433 1721 3594 1775 miser
3623 1720 3785 1774 timuit

2232 1811 2488 1877 Herodes,
2515 1824 2568 1868 et
2596 1829 2689 1883 pro
2709 1816 2926 1883 parvulo
2949 1816 3139 1871 occidit
3163 1815 3409 1884 parvulos
3427 1811 3640 1886 (Matth.
3667 1812 3784 1875 n.5,

2231 1903 2360 1970 16)?
2381 1903 2597 1959 Timens
2623 1915 2796 1960 autem
2825 1907 3331 1983 regnumamittere,
3361 1921 3465 1961 non
3492 1904 3682 1959 meruit
3704 1918 3784 1958 re-

2227 2008 2345 2063 gem
2373 2009 2681 2064 agnoscere.
2739 1995 2945 2050 Utinam
2987 2007 3035 2052 et
3080 1996 3194 2066 ipse
3242 2011 3422 2066 regem
3468 2011 3586 2050 cum
3634 1993 3787 2063 Magis

2227 2085 2507 2142 adoraret'.
2545 2103 2648 2142 non
2701 2088 2840 2144 male
2876 2104 3094 2159 regnum
3129 2088 3415 2158 qiuerendo
3438 2128 3455 2154 ,
3485 2088 3786 2141 innocentes

2226 2177 2492 2246 perderet,
2513 2187 2566 2232 et
2592 2194 2787 2235 nocens
2812 2181 3022 2250 periret.
3053 2180 3182 2235 Nam
3207 2179 3348 2249 quod
3369 2179 3434 2233 ad
3477 2179 3622 2234 illum
3675 2178 3786 2231 atti-

2228 2269 2402 2330 nebat,
2425 2269 2652 2336 perdidit
2677 2270 2982 2327 innocentes
3013 2287 3028 2325 :
3056 2282 3311 2341 quantum
3339 2278 3514 2325 autem
3535 2268 3602 2323 ad
3645 2268 3788 2323 Chri-

2225 2369 2364 2414 stum
2384 2401 2399 2424 ,
2427 2360 2584 2416 etiam
2617 2377 2806 2431 parvus
2833 2378 2928 2432 pro
2950 2378 3009 2418 se
3048 2363 3339 2418 morientes
3365 2361 3610 2431 parvulos
3645 2373 3787 2414 coro-

2227 2453 2388 2506 navit.
2409 2453 2550 2523 Ergo
2577 2453 2873 2509 debuerunt
2917 2455 3102 2509 timere
3155 2468 3307 2523 reges
3351 2451 3566 2523 quando
3589 2450 3784 2506 dictum

2223 2550 2306 2596 est
2337 2561 2349 2596 :
2373 2542 2484 2614 Ego
2507 2555 2674 2599 autem
2719 2547 3017 2601 constitutus
3039 2563 3150 2601 sum
3178 2562 3268 2600 rea:
3289 2546 3349 2599 ab
3371 2562 3427 2599 eo
3447 2587 3462 2610 ,
3485 2554 3538 2600 et
3563 2541 3784 2599 haeredi-

2222 2641 2384 2688 tatem
2415 2650 2578 2704 usque
2599 2636 2664 2690 ad
2695 2637 2826 2692 fines
2855 2647 3007 2690 terra:
3033 2636 3179 2692 dabit
3204 2635 3333 2691 mihi
3357 2636 3447 2706 qui
3478 2649 3562 2688 me
3588 2633 3784 2689 consti-

2225 2727 2324 2780 tuit
2355 2743 2550 2795 regem.
2595 2728 2698 2784 Sed
2752 2729 2876 2799 quid
2921 2727 3165 2783 invidetis
3187 2768 3202 2794 ,
3233 2727 3428 2797 reges?
3455 2725 3663 2789 Videte,
3683 2739 3781 2779 non

2223 2817 2472 2872 invidete.
2499 2819 2679 2889 Longe
2715 2821 2856 2875 enim
2907 2819 3007 2874 iste
3045 2819 3200 2873 aliter
3224 2834 3318 2873 rex
3358 2817 3444 2887 qui
3481 2815 3655 2870 dixit:
3685 2814 3783 2868 Re-

2220 2925 2375 2979 gnum
2414 2927 2574 2964 uteum
2601 2929 2700 2966 non
2726 2921 2796 2966 est
2825 2910 2888 2965 de
2923 2911 3020 2964 Itoc
3061 2909 3248 2963 mundo
3276 2907 3450 2979 (Joan.
3485 2923 3640 2970 xvut,
3673 2905 3782 2973 36).

2217 3001 2391 3055 Nolite
2417 3017 2543 3071 ergo
2575 3003 2758 3057 timere
2783 3017 2848 3057 ne
2875 3002 3028 3057 vobis
3055 2999 3328 3056 auferatur
3355 3014 3576 3069 regnum
3607 2995 3782 3052 mundi

2219 3089 2377 3160 hujus
2407 3110 2420 3145 :
2451 3092 2660 3147 dabitur
2687 3094 2836 3148 vobis
2887 3108 3127 3164 regnum,
3155 3091 3249 3146 sed
3277 3090 3557 3155 caelorum,
3581 3089 3669 3143 ubi
3699 3086 3782 3142 ille

2220 3197 2313 3237 rex
2341 3190 2440 3236 est.
2473 3182 2594 3237 Ideo
2619 3183 2742 3253 quid
2784 3184 2853 3239 ibi
2897 3182 3172 3253 sequitur?
3191 3181 3261 3236 Et
3286 3197 3418 3236 nunc
3435 3196 3578 3251 reges
3600 3179 3782 3234 intelli-

2217 3275 2334 3342 gite.
2362 3275 2476 3328 Jam
2526 3275 2760 3331 invidere
2799 3291 2894 3331 vos
2923 3276 3184 3344 parabatis
3222 3292 3236 3329 :
3266 3274 3530 3344 intelligite
3551 3291 3571 3338 ;
3592 3273 3660 3328 de
3683 3272 3785 3326 alio

2219 3379 2341 3434 rege
2361 3366 2574 3430 dicitur,
2603 3367 2751 3434 cujus
2779 3382 2997 3438 regnum
3045 3381 3149 3420 non
3176 3374 3258 3420 est
3304 3365 3372 3420 de
3415 3365 3516 3419 hoc
3567 3361 3782 3423 mundo.

2217 3453 2401 3510 Merito
2417 3471 2543 3525 ergo
2560 3456 2752 3510 collecti
2770 3467 2886 3510 sunt
2912 3473 3050 3528 reges
3076 3455 3130 3510 in
3156 3471 3326 3517 unum,
3344 3452 3631 3507 conturbati
3649 3459 3782 3516 sunt,

2217 3557 2402 3601 tremor
2448 3549 2773 3618 apprehendit
2815 3565 2916 3602 eos.
2947 3548 3074 3604 Inde
3097 3557 3154 3603 et.
3177 3548 3278 3602 illis
3326 3547 3427 3600 hoc
3447 3545 3649 3599 dicitur
3679 3561 3696 3598 :
3723 3541 3787 3596 Et

2216 3653 2348 3691 nunc
2371 3637 2802 3708 regesintelllgite,
2828 3637 3092 3691 erudimini
3116 3654 3285 3691 omnes
3310 3635 3398 3705 qui
3410 3633 3663 3705 judicatis
3684 3641 3784 3688 lcr-

2213 3744 2344 3784 ram.
2369 3728 2561 3782 Sci-vite
2586 3728 2800 3782 Domino
2825 3730 2876 3782 in
2902 3730 3102 3789 timore,
3126 3737 3172 3781 et
3205 3727 3450 3781 exsultate
3471 3727 3516 3780 ei
3540 3742 3660 3779 cum
3683 3735 3785 3780 trc-

2215 3837 2352 3875 more
2373 3820 2541 3891 (Psal.
2574 3836 2628 3883 u.
2659 3821 2744 3882 10.
2779 3819 2889 3891 lt).
2923 3819 2988 3874 Et
3025 3820 3150 3889 quid
3175 3817 3450 3873 fecerunt?
3475 3815 3561 3870 lbi
3588 3815 3784 3870 dolores

2213 3921 2269 3964 ut
2297 3912 2637 3979 parturientis.
2665 3910 2797 3979 Quid
2826 3919 2948 3965 sunt
2997 3910 3192 3964 dolores
3225 3917 3280 3962 ut
3305 3906 3658 3977 parturientis,
3683 3903 3784 3960 nisi

2212 4002 2422 4056 dolores
2441 4003 2780 4072 pmnitentis?
2811 4002 2940 4056 Vide
2961 4002 3128 4070 ipsam
3152 3999 3558 4068 conceptionem
3584 3995 3786 4052 doloris

2211 4101 2266 4145 et
2295 4092 2688 4160 parturitionis:
2715 4090 2760 4145 Α
2785 4092 2960 4146 timore
3002 4099 3108 4155 tuo,
3149 4089 3319 4157 inquit
3339 4085 3523 4153 Isaias,
3547 4085 3782 4151 concepi-

2212 4199 2342 4245 mus,
2370 4191 2416 4236 et
2439 4182 2798 4251 parturivimus.
2819 4181 3072 4250 Spiritum
3107 4178 3282 4234 salutis
3307 4174 3460 4245 (lsai.
3489 4188 3636 4236 xxvt,
3671 4173 3780 4239 18).

2210 4275 2298 4329 Sic
2320 4290 2445 4344 ergo
2469 4283 2820 4345 conceperunt
2845 4286 2998 4343 reges
3021 4286 3050 4324 a
3077 4271 3266 4325 timore
3281 4267 3499 4332 Christi,
3522 4274 3585 4319 ut
3601 4271 3783 4366 partu-

2211 4364 2397 4420 riendo
2423 4366 2644 4420 salutem
2681 4373 2928 4433 parerent
2951 4359 3225 4418 credendo
3263 4360 3315 4414 in
3355 4373 3478 4415 eum
3523 4371 3687 4427 quem
3715 4359 3784 4408 ti-

2211 4455 2476 4508 muerunt.
2509 4453 2536 4507 Ι
2545 4455 2593 4507 bi
2617 4454 2814 4508 dolores
2840 4453 2966 4506 sicut
2986 4449 3323 4520 parturientis.
3351 4447 3449 4504 Ubi
3475 4444 3781 4516 parturien-

2211 4555 2314 4600 tem
2335 4545 2505 4605 audis,
2539 4545 2697 4599 letum
2716 4550 2990 4611 exspecta.
3021 4541 3250 4596 Parturit
3279 4548 3436 4594 vetus
3455 4608 3457 4610 η
3477 4537 3665 4601 homo,
3689 4533 3782 4590 sed

2207 4633 2439 4688 nascitur
2463 4647 2632 4686 novus
2660 4633 2838 4686 homo.
2861 4631 2937 4684 lbi
2957 4630 3155 4685 dolores
3175 4639 3230 4684 ut
3251 4626 3600 4698 parturientis.

2276 4725 2329 4780 6.
2355 4722 2510 4797 [vers.
2528 4719 2607 4794 8.]
2633 4720 2698 4775 In
2722 4722 2903 4790 spiritu
2931 4721 3140 4774 violento
3157 4719 3408 4813 contere-sf
3437 4731 3595 4770 naves,
3616 4713 3785 4813 Thar-

2202 4815 2290 4868 sis.
2320 4813 2556 4867 Breviter
2583 4811 2920 4878 intelligitur,
2944 4817 3151 4864 evertes
3179 4805 3476 4876 superbiam
3514 4805 3780 4873 gentium.

2205 4903 2309 4959 Sed
2335 4902 2474 4959 unde
2523 4917 2589 4956 ex
2635 4900 2734 4956 hac
2789 4899 3006 4955 historia
3034 4897 3229 4953 dicitur
3272 4895 3482 4950 eversio
3510 4892 3782 4962 superbia:

2201 4993 2725 5065 gentium?Pr0pter
2770 5007 2919 5046 naues
2959 4989 3189 5044 Tharsis.
3235 4985 3456 5042 Tharsis
3499 4986 3779 5040 civitatem

2201 5087 2521 5155 quaesierunt
2537 5083 2697 5148 docti,
2722 5084 2824 5138 hoc
2847 5091 2948 5149 est,
2973 5095 3215 5151 quzenam
3235 5079 3422 5134 civitas
3443 5078 3542 5132 hoc
3561 5077 3784 5131 nomine

2200 5176 2582 5244 significaretur
2608 5193 2622 5229 :
2653 5185 2706 5230 et
2735 5173 2992 5243 aliquibus
3008 5171 3178 5227 visum
3203 5181 3286 5226 est
3308 5169 3542 5226 Ciliciam
3569 5168 3774 5222 dictam

2201 5282 2320 5322 esse
2348 5266 2582 5331 Tharsis,
2605 5282 2669 5323 ex
2693 5281 2759 5322 eo
2781 5264 2922 5337 quod
2947 5263 3253 5335 metropolis
3281 5263 3397 5331 ejus
3426 5259 3676 5316 Tharsus
3695 5258 3782 5312 di-

2200 5360 2356 5414 citur.
2379 5359 2453 5412 De
2489 5373 2589 5427 qua
2629 5358 2840 5413 civitate
2881 5366 2995 5412 erat
3038 5357 3196 5412 etiam
3239 5353 3432 5408 Paulus
3475 5353 3776 5420 apostolus,

2199 5461 2355 5505 natus
2384 5451 2434 5504 in
2468 5449 2673 5504 Tharso
2698 5448 2895 5504 Cilicia
2915 5448 3052 5515 (Act.
3079 5462 3189 5508 xxi.
3227 5445 3338 5515 39).
3367 5444 3541 5512 Aliqui
3594 5452 3778 5497 autem

2199 5555 2314 5596 eam
2356 5539 2722 5609 Carthaginem
2763 5539 3139 5594 intellexerunt
3168 5554 3182 5590 :
3214 5534 3455 5591 fortassis
3479 5533 3777 5601 aliquando

2199 5628 2270 5686 ita
2299 5628 2642 5696 noitiinatam,
2668 5636 2760 5684 aut
2795 5628 2968 5698 aliqua
2995 5625 3259 5704 locutione
3285 5624 3359 5679 ita
3391 5621 3780 5694 signiﬁcatam.

2262 5821 2276 5852 ί
2314 5818 2532 5884 Plerique
2555 5829 2677 5882 uss,
2703 5827 2952 5871 conterens
2970 5833 2988 5867 :
3012 5829 3064 5871 et
3085 5818 3222 5880 infra,
3245 5825 3470 5872 evertens.
3506 5879 3515 5886 _
