4042 6476
234 539 473 608 Namque
500 539 645 609 apud
696 537 1005 610 prophetam
1030 535 1219 592 Isaiam
1251 535 1330 591 sic
1358 533 1619 589 invenitur
1648 548 1660 582 :
1691 526 1823 582 Ulu-

232 632 336 683 tate
362 646 519 683 naves
538 629 861 700 Carthaginis
886 627 1035 697 (lsai.
1061 644 1215 694 nm,
1237 629 1289 693 1,
1308 643 1410 680 sec.
1440 622 1626 692 LXX).
1670 617 1825 689 Apud

240 720 581 777 Ezechielem
625 730 801 776 autem
830 736 858 773 a
888 720 1114 773 diversis
1163 716 1537 786 interpretibus
1560 755 1575 779 ,
1613 710 1682 766 ab
1709 710 1826 763 aliis

236 814 508 883 Carthago
532 856 548 878 ,
598 814 669 867 ab
711 814 831 868 aliis
874 812 1091 867 Tharsis
1130 811 1470 879 interpretata
1502 803 1822 875 est(Ezet-Ii.

239 920 466 969 nm",
495 906 587 969 13,
606 922 706 959 sec.
731 903 932 974 LXX);
953 903 1123 959 ethac
1146 902 1450 957 diversitate
1481 903 1825 967 interpretum

242 1007 418 1066 pctest
440 997 663 1068 intelligi
695 998 827 1052 hanc
852 997 1103 1067 appellari
1121 994 1402 1059 Tharsum,
1422 1008 1540 1061 qua:
1565 988 1829 1055 Carthago

243 1088 541 1143 dicebatur.
558 1087 885 1144 Manifestum
905 1098 987 1143 est
1010 1098 1207 1152 autem,
1222 1086 1359 1156 quod
1381 1082 1663 1154 primordia
1682 1079 1828 1145 regni

243 1181 583 1252 Carthaginis
598 1183 818 1236 navibus
833 1182 1143 1243 ﬂoruerunt,
1158 1193 1204 1235 et
1222 1182 1288 1234 ita
1305 1179 1677 1241 ﬂoruerunt,ut
1694 1175 1829 1226 inter

243 1281 467 1326 caeteras
478 1283 666 1343 gentes
682 1273 1003 1328 excellerent
1016 1271 1458 1342 negotiationibus
1475 1280 1527 1323 et
1549 1267 1749 1334 navigat
1761 1266 1830 1316 io-

246 1364 416 1418 nibus.
443 1365 575 1419 Nam
594 1366 807 1435 quando
823 1366 953 1419 Dido
971 1365 1178 1435 fugiens
1194 1364 1407 1418 fratrem
1434 1362 1646 1429 delapsa
1666 1366 1746 1412 est
1762 1356 1828 1410 ad

246 1465 413 1511 terras
430 1456 650 1522 Africae,
670 1458 756 1519 ubi
770 1458 1142 1528 Carthaginem
1160 1457 1414 1519 condidit,
1432 1469 1590 1508 naves
1607 1468 1721 1521 quae
1739 1467 1828 1520 pt-

243 1557 367 1601 ratze
393 1557 554 1603 erant
573 1550 638 1601 ad
665 1550 1043 1604 mercationem
1075 1550 1125 1602 in
1144 1549 1258 1617 ejus
1286 1548 1499 1611 regione
1524 1556 1829 1611 assumpseo

242 1646 323 1694 rat
345 1639 415 1694 ad
443 1641 645 1711 fugam,
672 1642 1125 1697 consentientibus
1148 1640 1246 1694 sibi
1276 1639 1509 1709 regionis
1540 1636 1656 1705 ejus
1687 1634 1830 1703 priu-

242 1732 448 1801 cipibus
482 1744 578 1788 :et
606 1734 733 1803 ipsa:
780 1749 941 1788 naves
978 1734 1136 1787 etiam
1162 1732 1373 1787 condita
1400 1726 1719 1796 Carthagine
1760 1724 1825 1779 ad

243 1822 622 1890 negotiandum
651 1840 753 1877 non
788 1823 1112 1878 defecerunt.
1146 1826 1318 1892 Atque
1349 1822 1471 1875 hinc
1495 1820 1713 1873 nimium
1734 1832 1825 1869 su-

244 1915 400 1983 perba
428 1915 568 1971 facta
598 1924 680 1971 est
704 1917 888 1971 civitas
906 1917 1018 1982 illa,
1046 1925 1104 1970 ttt
1128 1916 1286 1986 digne
1312 1930 1406 1985 per
1425 1914 1540 1983 ejus
1567 1925 1727 1965 naves
1750 1911 1822 1963 in-

245 2007 511 2077 telligatur
550 2009 800 2078 superbia
856 2009 1112 2079 gentium,
1143 2022 1471 2078 prmsnmens
1514 2006 1566 2059 in
1608 2003 1825 2058 incertis

242 2108 489 2169 tanquam
523 2101 576 2154 in
608 2101 816 2155 flatibus
858 2111 1155 2155 ventorum.
1204 2100 1319 2155 Jam
1344 2116 1448 2153 non
1476 2106 1827 2168 prmsumatur

240 2188 306 2243 de
334 2190 727 2257 veliﬁcatione,
754 2200 809 2245 et
849 2192 999 2261 quasi
1054 2192 1403 2262 prosperitate
1440 2189 1618 2243 smculi
1647 2187 1822 2257 hujus,

240 2290 490 2351 tanquam
519 2283 721 2337 maris:
750 2284 1147 2338 fundamentum
1198 2292 1434 2336 nostrum
1468 2282 1519 2335 in
1562 2280 1693 2335 Sion
1719 2278 1820 2343 sit;

241 2372 308 2427 ibi
333 2375 561 2430 Stabiliri
594 2376 868 2441 debemus,
891 2393 992 2431 non
1025 2377 1234 2446 perﬂari
1263 2378 1406 2431 omni
1438 2386 1595 2431 vento
1621 2375 1817 2429 doctri-

240 2482 321 2521 na:
347 2466 566 2538 (Ephes.
601 2485 673 2533 tv,
710 2471 820 2539 14).
845 2469 1173 2540 Quicumque
1198 2486 1325 2540 ergo
1368 2487 1431 2524 ex
1474 2470 1690 2524 incertis
1724 2468 1826 2522 hu-

236 2558 323 2626 jus
349 2562 472 2614 vite
517 2570 820 2615 tumuerunt
844 2603 859 2627 ,
892 2571 1227 2624 evertatttur;
1250 2572 1303 2615 et
1333 2561 1641 2629 subjiciatur
1670 2559 1825 2614 Chri-

240 2660 323 2703 sto
349 2650 527 2705 omnis
550 2652 796 2719 superbia
826 2652 1081 2723 gentium,
1112 2653 1383 2706 conterenti
1425 2653 1475 2705 in
1515 2651 1694 2718 spiritu
1714 2652 1822 2703 vio-

241 2741 370 2795 lento
407 2758 560 2797 naves
593 2742 798 2798 Tltarsis
824 2761 839 2796 :
866 2761 969 2799 non
1011 2746 1390 2814 cujuscumque
1436 2744 1662 2798 civitatis
1685 2784 1700 2807 ,
1729 2741 1822 2797 sed

243 2829 469 2885 Tharsis.
509 2833 790 2901 Quomodo
814 2836 867 2888 in
899 2835 1080 2904 spiritu
1110 2834 1322 2889 violento
1343 2835 1371 2886 7
1396 2835 1609 2889 Timore
1640 2832 1822 2888 fortis-

237 2921 393 2977 simo.
432 2921 522 2979 Sic
542 2924 685 2978 enim
710 2940 833 2980 eum
870 2928 1083 2979 trenmit
1111 2926 1285 2980 omnis
1328 2925 1573 2997 superbia
1615 2924 1823 2993 judica-

237 3021 435 3080 turnm,
462 3023 523 3070 ut
550 3016 603 3071 in
631 3015 882 3072 humilem
912 3017 1170 3083 crederet,
1202 3034 1268 3073 ne
1304 3017 1569 3072 excelsum
1596 3031 1825 3087 espave-

233 3117 427 3164 sceret.

309 3203 361 3254 '7.
394 3201 543 3273 [rem
572 3201 651 3274 9.]
681 3202 824 3258 Sicut
853 3204 1155 3269 audivimus,
1185 3204 1256 3257 ita
1279 3213 1325 3257 et
1346 3203 1645 3258 vidimus.0
1672 3202 1821 3257 beata

236 3290 512 3346 Ecclesia!
543 3293 773 3361 quodam
805 3303 1044 3363 tempore
1078 3295 1291 3358 audisti,
1323 3294 1553 3364 quodam
1585 3301 1825 3362 tempore

234 3382 436 3437 vidisti.
467 3384 685 3438 Andivit
709 3386 760 3439 in
792 3386 1254 3455 promissionibus,
1287 3386 1433 3440 videt
1462 3387 1513 3440 in
1538 3385 1821 3440 exhibitio-

233 3476 393 3531 nibus
412 3478 642 3531 :audivit
672 3479 721 3531 in
751 3478 1052 3548 prophetia.
1075 3479 1220 3534 videt
1248 3480 1298 3533 in
1316 3480 1823 3547 Evangelio.0mnia

231 3568 373 3622 enim
417 3584 537 3638 qnze
567 3570 727 3624 modo
754 3572 1120 3639 complentur,
1152 3582 1305 3626 antea
1338 3573 1648 3642 prophetale
1679 3582 1821 3627 sunt.

233 3660 395 3728 Erige
417 3662 604 3715 oculos
620 3678 769 3732 ergo,
794 3677 848 3717 et
871 3662 1110 3718 diffunde
1136 3680 1231 3734 per
1266 3665 1518 3718 mundum
1542 3681 1558 3730 ;
1584 3665 1821 3731 videjam

231 3751 599 3806 [nereditatem
628 3769 793 3822 usque
816 3756 879 3807 ad
908 3754 1161 3809 terminos
1190 3755 1335 3809 orbis
1358 3766 1512 3810 terra:
1540 3774 1551 3808 :
1576 3756 1696 3810 vide
1711 3756 1821 3826 jam

232 3844 441 3912 impleri
461 3844 600 3913 quod
619 3845 818 3899 dictum
848 3854 948 3905 est,
978 3845 1274 3899 Adorubunt
1306 3863 1420 3900 eum
1468 3863 1638 3900 omnes
1684 3864 1824 3918 rcges

232 3948 399 3999 terra,
433 3953 602 3991 omnes
628 3948 800 4008 gentes
825 3940 1036 3993 servient
1058 3940 1135 3992 illi
1169 3938 1341 4011 (I’sal.
1373 3956 1521 4006 Lut,
1553 3939 1663 4011 11).
1690 3941 1823 3995 Vide

232 4026 507 4095 impletum
530 4044 652 4083 esse
673 4030 813 4099 quod
846 4030 1044 4085 dictum
1074 4040 1176 4095 est,
1202 4031 1444 4085 Exalmre
1466 4049 1618 4102 super
1646 4035 1818 4099 ctelos,

232 4117 391 4182 Deus,
422 4128 469 4171 et
494 4136 646 4188 super
666 4136 863 4173 onmem
889 4131 1074 4174 terram
1099 4124 1260 4192 gloria
1291 4133 1376 4176 tua
1397 4121 1567 4194 (Psal.
1594 4139 1720 4189 cvtt,
1740 4123 1820 4194 6).

234 4208 369 4263 Vide
387 4210 531 4263 illum
562 4211 713 4278 cujus
738 4212 895 4277 pedes
920 4222 971 4267 et
990 4229 1177 4267 manus
1205 4214 1293 4268 fixi
1315 4223 1440 4269 sunt
1458 4217 1646 4275 clavis.
1669 4215 1823 4283 Cujus

231 4314 350 4353 ossa
381 4300 431 4353 in
465 4300 607 4370 ligno
629 4302 915 4371 pendentia
961 4314 1234 4357 numerata
1288 4316 1450 4371 sunt,
1479 4321 1642 4374 super
1669 4308 1821 4375 eujns

232 4382 615 4446 vestimentum.
660 4409 778 4449 sors
820 4395 978 4450 missa
1006 4396 1307 4459 esttMatt/z.
1330 4414 1498 4463 xxvu,
1528 4399 1618 4469 55)
1654 4418 1667 4453 :
1700 4400 1820 4455 vide

232 4496 580 4555 regnantem,
626 4502 783 4557 quem
842 4489 915 4542 illi
948 4489 1194 4543 videruttt
1243 4489 1556 4559 pendentem
1584 4508 1595 4543 :
1621 4491 1740 4546 vide
1768 4492 1818 4545 in

230 4577 369 4631 uelo
399 4577 700 4644 sedentem,
724 4595 881 4649 quem
903 4591 1337 4651 contempserunt
1364 4582 1414 4636 in
1448 4592 1585 4637 terra
1635 4584 1821 4637 ambit-

232 4669 452 4726 lautem.
486 4671 622 4727 Vide
645 4672 767 4727 inde
796 4673 1021 4743 impleri,
1050 4674 1598 4735 Commemorabuntur,
1630 4687 1675 4727 et
1699 4692 1822 4729 con.

229 4772 483 4814 vertentur
494 4764 564 4816 ad
589 4762 862 4815 Dominum
888 4765 1104 4817 universi
1127 4766 1253 4832 ﬁnes
1274 4776 1440 4831 teme,
1469 4774 1513 4819 et
1535 4766 1819 4823 adorabunt

227 4852 278 4904 in
308 4864 579 4920 conspectu
622 4856 733 4922 ejus
764 4856 1005 4909 universae
1047 4857 1225 4922 patria:
1255 4860 1473 4927 gentium
1496 4857 1668 4922 (Psal.
1699 4875 1815 4923 XXI,

226 4941 343 5013 28).
375 4945 497 4999 Iltec
530 4945 718 5000 videns
738 4947 973 5001 exclama
1001 4964 1121 5004 cum
1165 4949 1356 5018 gaudio
1379 4991 1395 5017 ,
1445 4950 1590 5005 Sicut
1617 4952 1817 5005 audivi-

228 5052 361 5098 mus,
394 5036 463 5088 ita
492 5048 539 5090 et
570 5037 806 5091 vidimus.
839 5038 1025 5092 Merito
1046 5040 1123 5094 sic
1159 5049 1379 5095 vocatur
1432 5040 1543 5111 ipsa
1575 5041 1815 5097 Ecclesia

206 5126 293 5185 'de
314 5130 563 5200 gentibus
594 5150 607 5185 :
639 5131 772 5184 Audi
805 5132 935 5201 filia,
967 5142 1013 5185 et
1038 5134 1168 5197 vide,
1195 5144 1242 5188 et
1265 5135 1551 5189 obliviscere
1571 5135 1817 5207 populum

226 5230 369 5275 tuum
399 5233 443 5275 et
461 5224 667 5277 domum
685 5226 841 5294 patris
885 5226 956 5278 tui
986 5224 1154 5297 (Psal.
1190 5243 1333 5292 xuv,
1368 5229 1479 5297 11).
1507 5228 1666 5283 Pater
1698 5238 1817 5283 tuus

226 5314 424 5384 Aquilo
463 5315 577 5378 fuit,
612 5316 729 5370 veni
781 5316 846 5371 ad
909 5326 1144 5371 montem
1192 5317 1342 5374 Sion.
1376 5320 1510 5374 Audi
1533 5362 1547 5383 ,
1572 5329 1624 5373 et
1655 5319 1813 5376 vide:

225 5421 331 5459 non
363 5407 502 5471 vide,
523 5417 577 5462 et
604 5407 726 5461 audi
748 5424 761 5468 ;
783 5407 875 5462 sed
900 5408 1043 5473 andi,
1063 5419 1114 5463 et
1132 5409 1249 5464 vide
1275 5429 1287 5462 :
1312 5410 1455 5479 prius
1479 5411 1597 5464 andi
1618 5454 1632 5475 ,
1666 5420 1813 5480 post-

222 5515 284 5553 ea
311 5500 452 5555 vide.
488 5499 654 5554 Audis
698 5502 869 5569 primo
894 5500 1035 5570 quod
1082 5517 1185 5554 non
1218 5501 1366 5556 vides
1388 5544 1402 5569 ,
1436 5503 1637 5557 vidi-his
1669 5512 1816 5572 post-

220 5604 283 5643 ea
345 5592 487 5661 quod
517 5591 730 5647 audisti.
786 5590 1037 5660 Populus,
1067 5593 1254 5664 inquit,
1282 5611 1426 5663 quem
1456 5612 1555 5649 non
1582 5597 1809 5667 cognovi,

219 5684 427 5737 servivit
477 5683 622 5749 mihi,
651 5685 703 5738 in
731 5682 972 5738 obauditu
1017 5686 1157 5739 auris
1186 5686 1438 5741 obaudivit
1466 5688 1591 5741 mihi
1638 5687 1808 5759 (Psal.

218 5787 361 5835 xm.
393 5773 506 5843 45).
538 5772 679 5851 siin
703 5773 1430 5853 obnubituaurisobaudivit.
1460 5793 1586 5855 ergo
1609 5794 1714 5855 non
1743 5780 1812 5834 vi-

218 5864 314 5923 dit.
350 5866 419 5923 Ει
442 5868 529 5923 ubi
551 5876 654 5936 est,
687 5865 877 5933 Quibus
919 5856 1019 5923 non
1061 5878 1133 5923 est
1180 5870 1460 5926 nuntiatum
1484 5870 1549 5926 de
1566 5856 1644 5939 so,
1675 5872 1813 5928 vids.

1298 414 1692 478 ENADRATIO
1730 412 1795 469 IN
1832 408 2155 468 PSALMU.“
2200 411 2398 468 XLVII.

3396 405 3502 470 838

1929 525 2092 590 bunt;
2119 539 2167 582 et
2188 528 2271 597 qui
2310 544 2409 581 non
2439 527 2737 595 audierunt,
2760 530 3034 602 intelligent
3059 530 3212 603 (Isai.
3244 547 3333 598 ιιι,
3368 533 3508 597 15)?

1929 618 2008 671 Ad
2030 633 2165 688 quos
2188 636 2291 673 non
2322 619 2467 673 missi
2496 631 2615 674 sunt
2645 619 2945 693 Prophetm,
2975 623 3072 693 ipsi
3105 624 3277 693 primo
3321 623 3507 680 audie-

1928 718 2053 763 runt
2092 718 2147 765 et
2188 710 2564 765 intellexerunt
2594 710 2886 781 Prophetas
2912 730 2924 766 :
2950 713 3025 766 illi
3054 714 3143 783 qui
3175 716 3348 784 primo
3400 730 3506 769 non

1929 799 2227 865 audierunt,
2256 811 2438 871 postea
2465 804 2743 858 audientes
2768 803 3011 858 admirati
3045 815 3190 863 sont.
3213 807 3510 862 Remanse-

1929 902 2054 946 runt
2084 892 2156 947 illi
2187 893 2253 947 ad
2274 910 2407 963 quos
2434 895 2578 948 missi
2609 904 2765 961 sunt,
2798 896 3007 950 codices
3038 896 3288 963 ferentes,
3311 898 3508 952 verita-

1932 991 2037 1038 tem
2080 1000 2183 1039 non
2225 985 2578 1063 intelligentes
2604 1003 2618 1050 ;
2647 985 2971 1041 Testamenti
2996 986 3200 1041 tabulas
3229 985 3508 1052 habentes,

1930 1084 1984 1129 et
2014 1076 2373 1129 Ita-reditatem
2396 1092 2497 1129 non
2531 1087 2786 1131 tenentes.
2809 1076 2912 1131 Sed
2938 1092 3035 1131 nos
3056 1076 3183 1130 sicut
3204 1075 3509 1140 audivimus,

1930 1164 2000 1217 ita
2016 1174 2060 1217 et
2082 1165 2311 1220 vidimus.
2338 1165 2402 1219 1η
2423 1167 2616 1221 civitate
2634 1166 2832 1221 Domini
2856 1168 3114 1227 virtutum.
3137 1167 3401 1220 incivitate
3419 1167 3512 1219 Dei

1932 1256 2106 1309 nostri.
2129 1256 2200 1309 lbi
2214 1256 2611 1320 audivimtts,ihi
2629 1267 2680 1311 ct
2700 1257 2945 1313 vidimus.
2962 1258 3122 1313 Extra
3145 1258 3288 1313 illam
3300 1257 3508 1328 quiest,

1934 1363 2030 1402 nec
2059 1350 2223 1414 audit,
2256 1366 2352 1405 nec
2399 1352 2646 1414 videt;in
2678 1351 2765 1406 illa
2796 1353 2881 1421 qui
2909 1360 3011 1414 est,
3051 1367 3149 1407 nec
3175 1352 3369 1405 surdus
3412 1366 3511 1404 nec

1929 1453 2101 1493 caseus
2127 1450 2223 1494 est.
2258 1442 2713 1507 Sicutaudivimus,
2736 1444 2805 1494 ita
2822 1453 2866 1495 et
2886 1442 3114 1495 vidimus.
3142 1441 3206 1496 Et
3224 1439 3507 1494 ubiaudis?

1929 1533 2017 1585 ubi
2046 1533 2231 1588 vides?
2259 1533 2322 1588 In
2352 1536 2549 1589 civitate
2586 1535 2793 1589 Domini
2826 1536 3082 1601 virtutum,
3112 1537 3164 1589 in
3185 1536 3385 1589 civitate
3414 1532 3507 1587 Dei

1930 1626 2107 1677 nostri.
2145 1623 2281 1679 Deus
2310 1626 2539 1695 fundavit
2583 1644 2693 1681 eam
2742 1629 2793 1681 in
2821 1637 3081 1681 internum.
3115 1625 3230 1680 Non
3255 1625 3510 1679 insultent

1932 1718 2161 1773 ha‘retiei
2188 1734 2281 1786 per
2311 1729 2488 1787 partes
2511 1719 2764 1774 conscissi
2796 1734 2935 1773 :non
2962 1734 3019 1774 se
3040 1720 3294 1773 extollant
3311 1716 3400 1786 qui
3421 1715 3507 1769 di-

1928 1818 2071 1872 cunt,
2102 1809 2232 1863 Ecce
2256 1811 2336 1864 hic
2361 1822 2431 1865 est
2459 1811 2706 1877 Christus,
2732 1828 2841 1865 ecce
2859 1810 3193 1880 illic(Mattlt.
3222 1825 3362 1874 xstv,
3391 1808 3504 1877 9.5).

1928 1902 2027 1967 Qtti
2062 1902 2209 1969 dicit,
2238 1903 2369 1957 Ecce
2395 1904 2476 1957 hic
2501 1913 2594 1969 est,
2623 1920 2735 1957 ecce
2777 1905 2903 1967 illic,
2933 1903 2999 1957 ad
3050 1912 3226 1972 partes
3282 1900 3506 1956 inducit.

1931 1992 2196 2047 Unitatem
2226 1995 2465 2062 promisit
2492 1994 2633 2049 Dens
2658 2013 2670 2047 :
2692 2008 2844 2064 reges
2875 1995 2927 2049 in
2956 2009 3118 2047 unum
3136 1993 3339 2047 collecti
3359 1999 3503 2055 sunt,

1930 2100 2031 2137 non
2063 2100 2155 2152 per
2179 2084 2462 2139 schismata
2504 2085 2742 2154 dissipati
2768 2096 2911 2139 sunt.
2940 2086 3043 2141 Sed
3077 2085 3211 2139 forte
3254 2085 3351 2139 ista
3379 2084 3511 2138 civi-

1929 2186 2007 2230 tas
2036 2192 2156 2247 quze
2186 2177 2438 2230 mundum
2463 2178 2658 2240 tenuit,
2688 2176 2971 2245 aliquando
2999 2185 3287 2231 evertetur.
3317 2176 3506 2230 Absit:

1927 2267 2064 2321 Deus
2088 2270 2316 2336 [undavit
2335 2287 2443 2323 eam
2466 2271 2519 2323 in
2543 2282 2807 2325 aitet-num.
2837 2268 2892 2324 Si
2927 2285 3055 2339 ergo
3084 2285 3199 2323 eam
3228 2270 3364 2323 Deus
3394 2269 3511 2323 fitn-

1924 2359 2069 2414 davit
2100 2362 2149 2414 in
2180 2372 2435 2417 :cternum
2464 2402 2479 2426 ,
2525 2361 2649 2431 quid
2697 2362 2851 2416 times
2897 2376 2965 2417 ne
3010 2361 3164 2416 cadat
3202 2359 3513 2415 ﬁrmamen-

1922 2449 2131 2506 turni.

1978 2545 2030 2598 8.
2055 2543 2323 2616 [vers.10.]
2348 2544 2693 2615 Suscepimus,
2717 2543 2869 2610 Deus,
2894 2543 3287 2599 misericordiam
3303 2553 3440 2596 tuam
3458 2542 3513 2596 in

1924 2634 2090 2688 medio
2107 2637 2282 2705 populi
2302 2638 2375 2688 tui
2400 2638 2436 2689 ί.
2485 2637 2583 2702 Qui
2630 2646 3075 2705 susceperunt,et
3118 2635 3204 2687 tibi
3256 2649 3510 2703 suscepe-

1925 2736 2049 2779 runt
2065 2727 2088 2779 ?
2103 2726 2289 2781 Nonne
2315 2728 2428 2795 ipse
2447 2727 2671 2797 populus
2692 2736 2813 2779 tuus
2839 2726 3070 2794 suscepit
3092 2724 3509 2779 misericordiam

1926 2818 2103 2870 tuam?
2128 2819 2182 2873 Si
2224 2819 2448 2888 p0pulus
2475 2830 2594 2871 tuus
2622 2817 2855 2886 suscepit
2894 2816 3310 2871 misericordiam
3340 2824 3509 2878 tuam,

1924 2911 2194 2982 quomodo
2230 2910 2539 2977 suscepimus
2571 2908 2967 2962 misericordiam
3005 2917 3164 2967 tuam,
3192 2917 3238 2959 et
3271 2906 3321 2958 in
3344 2905 3509 2958 medio

1926 3003 2102 3074 papuli
2132 3002 2247 3056 tui?
2272 3002 2420 3071 quasi
2450 3000 2539 3054 alii
2569 3001 2674 3054 sint
2697 2999 2787 3069 qui
2811 2997 3283 3068 susceperunt,alii
3308 2996 3360 3050 in
3375 3010 3512 3066 quo-

1925 3113 2042 3151 rum
2070 3096 2246 3151 medio
2271 3104 2635 3164 susceperunt.
2679 3093 2921 3163 Magnum
2966 3098 3381 3152 sacramentum,
3411 3086 3506 3144 sed

1926 3198 2101 3243 tamen
2126 3196 2309 3242 notum
2344 3205 2356 3240 :
2386 3202 2507 3240 cum
2537 3193 2591 3239 et
2620 3184 2765 3248 hinc,
2793 3185 2891 3237 hoc
2916 3193 3018 3242 est,
3046 3196 3109 3235 ex
3140 3179 3224 3234 his
3266 3178 3510 3233 versibus

1925 3280 2259 3349 exsculptum
2291 3277 2447 3332 fuerit
2475 3286 2531 3330 et
2552 3288 2762 3331 erutum
2791 3274 2934 3345 quod
2960 3276 3148 3333 nostis,
3172 3287 3279 3326 non
3304 3271 3403 3324 erit
3420 3286 3511 3323 ru-

1925 3371 2065 3436 dius,
2093 3370 2185 3424 sed
2203 3369 2427 3423 dulcius.
2451 3367 2599 3429 Nunc
2623 3367 2820 3437 quippe
2852 3364 3078 3433 populus
3102 3364 3193 3417 Dei
3221 3370 3511 3416 censentur

1925 3478 2112 3518 omnes
2155 3461 2244 3530 qui
2287 3467 2499 3529 portant
2546 3466 2875 3512 sacramenta
2904 3455 3041 3523 ejus,
3065 3453 3157 3508 sed
3187 3467 3291 3506 non
3321 3464 3510 3505 omnes

1928 3555 2194 3624 pertinent
2220 3552 2285 3606 ad
2318 3550 2734 3606 misericordiam
2766 3548 2902 3618 ejus.
2932 3546 3131 3601 Omnes
3179 3545 3377 3613 quippe
3422 3557 3510 3596 sa-

1924 3653 2252 3701 cramentum
2311 3643 2561 3709 Baptismi
2597 3641 2793 3694 Christi
2843 3638 3188 3708 accipientes,
3221 3633 3508 3690 Christiani

1923 3745 2213 3802 vocantur;
2240 3734 2332 3788 sed
2380 3750 2483 3787 non
2536 3748 2722 3786 omnes
2769 3730 2927 3800 digne
2958 3729 3047 3782 illo
3069 3734 3404 3781 sacramento
3432 3724 3510 3778 vi-

1924 3837 2072 3882 vunt.
2096 3828 2232 3883 Sunt
2258 3828 2400 3882 enim
2430 3825 2641 3896 quidam
2689 3824 2755 3878 de
2796 3823 2987 3892 quibus
3026 3820 3155 3875 dicit
3177 3817 3465 3887 Apostolus
3490 3834 3508 3871 :

1927 3919 2180 3975 [labentes
2205 3924 2419 3989 formam
2444 3917 2659 3987 pietatis,
2684 3916 2914 3970 virtutem
2933 3922 3099 3966 autent
3120 3913 3230 3978 ejus
3256 3908 3507 3978 abnegau-

1924 4024 1996 4069 tes
2028 4015 2089 4082 (ll
2115 4013 2248 4068 Tim.
2278 4028 2355 4073 Ill,
2384 4014 2464 4081 5).
2489 4012 2687 4066 Tamen
2712 4018 2926 4079 propter
2953 4007 3120 4075 ipsam
3144 4002 3374 4072 Speciem
3400 4000 3506 4070 piev

1925 4108 2048 4161 tatis
2075 4106 2125 4161 in
2156 4107 2349 4175 populo
2378 4105 2467 4158 Dei
2501 4103 2843 4157 nominantur
2869 4118 2882 4153 :
2906 4096 3171 4168 quomodo
3200 4094 3266 4148 ad
3303 4109 3506 4156 aream,

1923 4200 2173 4271 qnamditt
2205 4200 2506 4261 lrituratur,
2538 4211 2643 4249 non
2674 4195 2846 4247 solum
2892 4206 3075 4261 grana,
3106 4187 3198 4241 sed
3220 4187 3382 4240 etiam
3416 4202 3509 4253 pa-

1924 4292 2002 4347 lea
2034 4289 2280 4361 pertinet.
2312 4285 2574 4354 Numquid
2616 4292 2669 4338 et
2712 4283 2778 4337 ad
2823 4281 3072 4334 horreum
3104 4274 3426 4345 pertinebit?
3452 4273 3506 4327 lu

1924 4382 2023 4437 hoc
2049 4382 2223 4436 medio
2249 4390 2423 4434 autem
2470 4376 2646 4446 populi
2684 4375 2803 4427 mali
2833 4383 2913 4427 est
2944 4370 3170 4439 populus
3201 4367 3390 4429 bonus,
3415 4365 3505 4433 qui

1922 4474 2154 4543 suscepit
2183 4469 2599 4525 misericordiam
2634 4467 2746 4521 Dei.
2783 4465 2918 4519 Vivit
2938 4462 3095 4530 digne
3141 4458 3501 4511 misericordia

1920 4567 2038 4631 Dei,
2067 4566 2155 4635 qui
2182 4564 2326 4618 audit
2361 4572 2416 4617 et
2447 4571 2587 4614 tenet
2639 4569 2691 4612 et
2745 4557 2863 4612 facit
2893 4554 3033 4623 quod
3064 4553 3137 4605 ait
3177 4548 3500 4618 Apostolus:

1922 4657 2281 4728 Prtecipientrs
2322 4671 2439 4725 ergo
2469 4667 2725 4722 rogamus,
2750 4666 2810 4702 ne
2837 4648 2888 4700 in
2917 4660 3128 4699 vacuum
3166 4641 3381 4712 gratiam
3410 4637 3504 4693 Dei

1919 4753 2203 4819 suscipiatis
2231 4748 2428 4820 (IlCor.
2451 4762 2525 4811 Vl,
2557 4746 2627 4814 1).
2652 4744 2750 4811 Qui
2778 4756 2905 4811 ergo
2924 4757 3024 4792 non
3054 4739 3105 4792 in
3137 4750 3356 4791 vacuum
3379 4748 3503 4803 gra-

1922 4846 2047 4898 tiam
2079 4844 2167 4898 Dei
2199 4842 2439 4910 suscipit,
2472 4841 2585 4908 ipse
2613 4850 2719 4891 tam
2748 4840 3135 4888 sacramentum
3164 4844 3323 4899 quam
3340 4828 3501 4880 etiam

1921 4935 2337 4991 misericordiam
2368 4932 2460 4987 Dei
2485 4930 2719 4997 suscipit.
2753 4929 2812 4979 lat
2837 4924 2959 4995 quid
2990 4924 3060 4976 illi
3084 4922 3233 4975 obest
3253 4962 3269 4986 ,
3300 4919 3422 4988 quia
3451 4918 3502 4971 in

1922 5027 2098 5080 medio
2126 5026 2300 5095 pepuli
2329 5022 2678 5078 inobedientis
2704 5028 2806 5083 est,
2838 5018 3009 5070 donec
3036 5030 3157 5068 area
3189 5015 3288 5066 ista
3325 5010 3502 5065 venti-

1921 5119 2077 5182 lrtur,
2104 5119 2275 5171 donec
2303 5115 2422 5169 boni
2453 5130 2480 5166 a
2512 5112 2662 5166 malis
2677 5108 3027 5178 separentur?
3046 5106 3168 5176 quid
3194 5105 3241 5158 ei
3269 5104 3422 5155 obest
3448 5100 3499 5153 in

1921 5210 2097 5264 medio
2122 5207 2297 5277 populi
2327 5202 2690 5259 habitarc?Sit
2711 5202 2778 5255 de
2805 5202 2906 5256 illis
2934 5199 3023 5270 qui
3052 5197 3382 5266 appellantur
3405 5192 3497 5245 [ire

1920 5311 2267 5366 matnenlunt,
2294 5298 2587 5366 suscipiens
2632 5294 3047 5349 misericordiam
3080 5291 3209 5354 Dei;
3236 5289 3304 5342 sit
3332 5286 3490 5340 liliuut

1920 5393 1971 5447 in
2003 5392 2176 5446 medio
2202 5391 2493 5459 spinarum.
2540 5386 2668 5441 Nunt
2694 5395 2747 5440 et
2784 5387 2910 5455 ipsa:
2950 5385 3116 5451 Spina:
3150 5379 3397 5449 quoniam
3427 5374 3495 5430 ad

1920 5484 2168 5556 populum
2202 5484 2288 5538 Dei
2307 5482 2595 5553 pertinent,
2626 5481 2704 5534 vis
2742 5477 2961 5531 audire?
2988 5475 3060 5529 Ita
3095 5472 3261 5542 posita
3284 5478 3362 5523 est
3387 5470 3500 5538 ipsa

1916 5576 2204 5632 similitudo
2233 5574 2418 5629 :vSicut
2460 5574 2655 5639 lilium,
2681 5570 2848 5640 inquit
2874 5609 2890 5635 ,
2914 5568 2965 5621 in
2990 5565 3153 5619 medio
3189 5561 3453 5631 spinarum
3479 5600 3499 5629 ,

1981 5754 1997 5787 ί
2032 5758 2106 5800 Er.
2134 5758 2188 5801 et
2208 5751 2509 5812 recentiores
2524 5756 2652 5812 viss,
2677 5743 2841 5812 templi
2859 5744 2944 5797 tui.
2970 5742 3063 5812 sed
3083 5741 3243 5812 liquet
3270 5742 3497 5812 angusti:

1916 5826 2031 5867 num
2056 5813 2259 5876 legisSe,
2282 5810 2445 5876 populi
2473 5810 2559 5861 tui.
2584 5803 2655 5876 sic
2691 5803 2815 5869 aptid
2853 5813 2960 5856 Lxx
2994 5803 3105 5857 lacti
3139 5803 3239 5857 ’sau
3270 5803 3502 5869 legebam

1916 5872 2353 5940 veteres'quidain,
2370 5873 2474 5925 loco
2498 5872 2622 5923 naod
2642 5884 2745 5923 sou.
