4042 6466
543 485 617 537 ita
638 481 869 553 proxima
898 495 1008 537 mea
1045 479 1101 535 in
1124 479 1287 537 media
1314 479 1539 553 ﬁliarum
1564 478 1732 548 (Cant.
1762 495 1819 544 ιι,
1846 481 1926 552 2).
1956 479 2125 535 Num-

545 577 672 648 quid
713 575 869 643 dixit,
899 575 952 631 iu
1000 573 1177 631 medio
1203 570 1529 629 alienarum?
1553 571 1704 638 Non;
1734 573 1848 638 sed,
1874 574 1926 627 in
1964 569 2127 628 medio

544 674 789 741 ﬁliarum.
811 670 948 727 Sunt
969 683 1097 737 ergo
1119 666 1239 722 filiai
1270 666 1447 731 malm,
1474 675 1526 721 et
1554 665 1691 720 inter
1716 665 1833 720 illas
1856 673 1940 719 est
1965 665 2127 723 lilium

544 782 599 820 ut
617 763 781 818 medio
805 764 1089 832 spinarum.
1115 756 1296 828 Itaque
1318 757 1389 812 illi
1421 757 1509 829 qui
1547 766 1877 811 sacramenta
1905 754 2122 823 habent,

545 866 599 910 et
629 867 808 915 mores
840 854 1008 907 bonos
1046 864 1149 905 non
1178 847 1408 915 habent,
1433 855 1489 901 et
1528 847 1618 901 Dei
1657 847 1904 901 dicuntur
1928 855 1983 902 et
2019 861 2125 905 non

550 947 674 1010 Dei;
701 954 757 1001 et
797 944 913 1012 ejus
940 942 1187 997 dicuntur
1215 947 1270 996 et
1310 940 1466 994 alieni
1496 938 1668 1008 :ejus,
1699 946 1914 1008 propter
1959 938 2124 1007 ipsius

547 1044 970 1099 sict-amentum;
993 1032 1172 1096 alieni,
1203 1042 1417 1101 propter
1443 1028 1714 1101 proprium
1740 1028 1946 1084 vitium.
1978 1029 2051 1082 lta
2071 1036 2127 1087 et

549 1130 671 1184 filiae
691 1128 880 1183 alienae
913 1143 928 1181 :
958 1125 1098 1190 lilim,
1133 1131 1345 1194 propter
1374 1120 1596 1176 formam
1643 1121 1882 1190 pietatis;
1914 1118 2123 1188 aliena),

548 1230 767 1293 propter
804 1218 1145 1274 amissionem
1180 1214 1411 1269 virtutis.
1439 1211 1520 1268 Sit
1547 1212 1618 1269 ibi
1651 1212 1837 1278 lilium,
1871 1210 2128 1280 suscipiat

547 1312 965 1371 misericordiam
1014 1308 1108 1365 Dei
1130 1349 1147 1375 ,
1197 1314 1373 1361 teneat
1400 1304 1633 1361 radicem
1664 1304 1786 1359 boni
1818 1303 1984 1369 floris,
2020 1319 2126 1357 non

547 1399 1105 1476 sitiugratumpluvia:
1129 1396 1266 1452 dulci
1296 1395 1364 1451 de
1409 1396 1546 1451 cmlo
1597 1394 1853 1450 venienti.
1905 1394 2126 1464 Ingrata:

545 1504 656 1555 sint
680 1498 867 1567 spiam,
885 1500 1131 1551 crescant
1153 1490 1220 1546 de
1239 1489 1532 1555 imbribus;
1559 1487 1625 1542 ad
1651 1488 1824 1559 ignem
1854 1495 2124 1553 crescunt,

546 1606 652 1645 non
681 1589 748 1644 ad
789 1589 1060 1643 horreum.
1106 1581 1470 1650 Suscepimus,
1513 1578 1689 1645 Deus,
1731 1576 2127 1633 misericordiam

546 1697 687 1737 tuam
721 1684 772 1736 in
797 1680 961 1735 medio
987 1676 1160 1748 populi
1189 1674 1282 1728 tui.
1309 1672 1367 1728 ln
1395 1671 1571 1728 medio
1588 1671 1764 1740 populi
1782 1669 1854 1725 tui
1885 1685 1991 1725 non
2016 1684 2128 1724 sus-

544 1774 791 1846 cipientis
840 1768 1256 1833 misericordiam
1287 1776 1428 1822 tuam
1456 1780 1553 1819 nos
1572 1763 1904 1832 suscepimus
1927 1762 2130 1818 miseri-

544 1869 778 1923 cordiam
809 1874 975 1920 tuam.
1007 1864 1062 1919 In
1084 1878 1178 1919 sua
1207 1860 1347 1917 enim
1372 1858 1582 1929 propria
1611 1856 1791 1922 venit,
1820 1854 1971 1910 ctsui
2001 1868 2122 1910 eum

545 1977 651 2014 non
676 1963 1009 2028 receperunt.
1041 1952 1098 2009 lu
1131 1951 1306 2007 medio
1333 1959 1510 2005 tamen
1547 1964 1732 2004 eorum
1761 1954 2020 2018 quotquot
2042 1960 2130 1999 re-

545 2059 801 2121 ceperunt
824 2064 978 2111 eum,
1011 2045 1157 2100 dedit
1192 2043 1270 2099 eis
1324 2047 1641 2112 potestatem
1689 2038 1826 2093 lilios
1866 2036 1963 2093 Dei
2007 2034 2124 2093 fieri

545 2143 727 2214 (Joan.
759 2157 796 2204 ι,
831 2140 918 2203 Η,
948 2136 1055 2209 12).

616 2232 668 2288 9.
701 2231 818 2288 Jam
865 2229 952 2284 hic
987 2224 1219 2282 occurrit
1244 2222 1530 2289 unicuique
1556 2219 1826 2291 cogitanti,
1868 2217 1938 2273 Et
1960 2215 2124 2287 quid?

545 2327 652 2382 Iste
679 2322 908 2394 pepulns
936 2319 1025 2390 qui
1055 2321 1105 2371 in
1135 2314 1313 2371 medio
1340 2312 1518 2383 populi
1547 2311 1637 2366 Dei
1666 2309 1887 2379 suscipit
1913 2307 2124 2363 miseri-

545 2392 780 2473 cordiam
812 2413 926 2476 Dei,
953 2418 1207 2480 quantum
1236 2419 1513 2459 numerum
1548 2400 1743 2456 habet?
1771 2400 1940 2467 Quam
1970 2392 2145 2475 pauci'

544 2509 703 2563 sumtl
734 2506 818 2559 vix
848 2501 1114 2557 invenitur
1151 2496 1385 2567 aliquis:
1427 2493 1601 2548 illisue
1645 2500 1930 2547 contentus
1985 2490 2125 2544 Deus

540 2600 667 2664 erit,
699 2605 754 2652 et
781 2593 966 2665 perdet
993 2601 1191 2657 tantam
1222 2584 1655 2643 multitudinem?
1683 2581 1873 2637 Dicunt
1905 2581 2006 2635 hoc
2032 2579 2122 2650 qui

542 2689 645 2744 sibi
677 2685 992 2757 promittunt
1028 2679 1167 2751 quod
1206 2695 1236 2732 a
1277 2678 1386 2733 Deo
1436 2674 1775 2747 promittente
1801 2686 1906 2727 non
1936 2669 2122 2726 audie-

478 2802 491 2813 '
543 2790 688 2838 runt.
714 2779 781 2834 Et
808 2790 934 2832 vere
962 2775 1005 2831 si
1036 2772 1173 2829 male
1196 2772 1455 2834 vivamus,
1494 2767 1539 2820 si
1578 2763 1761 2819 mundi
1806 2762 1962 2832 hujus
1989 2760 2125 2817 deli-

540 2876 640 2929 ciis
666 2871 1022 2943 perfruamur,
1046 2866 1092 2920 si
1120 2863 1320 2920 nostris
1336 2860 1640 2915 libidinibus
1660 2857 1979 2919 serviamus,
2003 2869 2123 2925 per-

536 2971 747 3025 diturus
771 2974 853 3022 est
877 2977 974 3019 nos
999 2959 1177 3018 Deus?
1199 2957 1339 3026 Quot
1362 2954 1504 3011 enim
1523 2962 1649 3008 sunt
1671 2952 1745 3007 illi
1767 2951 1856 3021 qui
1878 2950 2125 3005 videntur

538 3076 757 3118 servare
796 3065 1059 3128 prmeepta
1102 3051 1233 3108 Dei?
1263 3049 1364 3105 Vix
1411 3045 1679 3102 invenitur
1708 3059 1844 3099 unus
1885 3043 1970 3097 vel
2015 3039 2122 3097 duo

536 3154 625 3209 vel
654 3147 955 3222 ρειιωὶςείιηί
984 3162 999 3198 :
1032 3143 1176 3213 ipsos
1214 3138 1358 3195 solos
1404 3137 1545 3234 Deus
1572 3135 1907 3234 liberaturus
1935 3138 2037 3196 est,

540 3255 765 3299 ceteros
791 3231 1174 3294 damnaturus?
1217 3230 1389 3293 Absit,
1442 3226 1684 3298 inquiunt
1713 3243 1727 3280 :
1770 3239 1891 3279 cum
1916 3226 2125 3277 venerit

542 3347 595 3391 et
625 3333 828 3389 videbit
855 3338 1054 3384 tantam
1085 3320 1473 3380 multitudinem
1496 3318 1562 3373 ad
1584 3319 1875 3383 sinistram,
1900 3316 2122 3371 misere-

534 3430 702 3490 bitur,
733 3433 790 3481 et
808 3422 956 3478 dabit
982 3413 1384 3487 indulgentiam.
1407 3411 1518 3466 lloe
1535 3410 1688 3480 plane
1716 3409 1876 3464 etiam
1898 3421 2123 3476 serpens

540 3522 632 3578 ille
661 3515 906 3588 promisit
933 3511 1104 3583 primo
1133 3506 1334 3569 homini
1364 3521 1379 3558 :
1412 3518 1533 3558 nam
1562 3502 1794 3556 minatus
1833 3507 1951 3555 erat
1981 3499 2122 3565 Dens

542 3622 790 3675 inertem,
821 3606 865 3661 si
893 3607 1129 3674 gustaret
1160 3597 1310 3671 (Gen.
1340 3612 1397 3662 ιι,
1427 3592 1516 3667 l7)
1546 3612 1560 3649 :
1598 3593 1687 3647 ille
1733 3602 1931 3657 autem,
1956 3591 2120 3663 Absit,

540 3704 733 3774 inquit,
761 3715 862 3754 non
888 3705 1045 3750 morte
1070 3689 1371 3746 moriemini.
1394 3684 2015 3753 Credideruntserpenti,
2042 3682 2123 3737 in.

536 3799 802 3848 venerunt
826 3799 1013 3842 verum
1038 3796 1157 3839 esse
1185 3778 1327 3851 quod
1357 3778 1586 3833 minatus
1626 3783 1710 3831 est
1740 3774 1898 3836 Deus,
1930 3774 2120 3833 l‘alsutn

538 3883 683 3954 quod
726 3876 1046 3950 promiserat
1084 3871 1348 3927 diabolus.
1390 3866 1464 3943 Ita
1495 3874 1551 3920 et
1578 3879 1738 3929 nunc,
1785 3865 1997 3927 fratres,
2028 3880 2122 3933 po-

536 3974 655 4032 uite
686 3969 836 4025 vobis
864 3964 1159 4021 Ecclesium
1197 3969 1324 4017 ante
1351 3957 1535 4013 oculos
1574 3954 1642 4010 ad
1680 3956 1847 4010 instar
1875 3955 2122 4009 similitu-

538 4066 834 4131 diuentque
871 4054 1099 4128 paradisi
1138 4069 1153 4106 :
1202 4066 1309 4106 non
1358 4055 1533 4104 cessat
1580 4061 1801 4115 serpens
1836 4060 2123 4118 suggereie

538 4154 682 4227 quod
715 4163 838 4208 tunc
865 4145 1146 4219 suggessit.
1177 4141 1283 4200 Sed
1307 4154 1464 4197 casus
1494 4138 1646 4209 primi
1677 4136 1911 4195 hominis
1935 4137 2000 4192 ad
2026 4153 2122 4195 ex-

543 4246 897 4318 perimeutum
920 4234 1143 4295 cavendi
1169 4233 1329 4288 debet
1364 4229 1518 4285 nobis
1543 4228 1742 4294 valere,
1772 4243 1880 4285 non
1909 4228 1973 4282 ad
2007 4228 2112 4282 imi-

541 4341 796 4398 tationem
818 4329 1091 4405 peccandi.
1117 4326 1241 4383 ldeo
1266 4324 1356 4381 illo
1374 4322 1583 4387 cecidit,
1611 4330 1667 4376 ut
1694 4335 1791 4376 nos
1818 4335 2118 4390 surgamus.

545 4428 980 4501 “capondeamus
1008 4421 1200 4479 talibus
1228 4415 1657 4488 sitggestionibus
1681 4413 1820 4485 quod
1848 4414 2124 4484 respondit

542 4525 662 4587 Job.
690 4522 821 4576 Nam
849 4527 906 4574 et
933 4517 1106 4585 ipsum
1136 4529 1231 4583 per
1259 4510 1510 4566 feminam
1544 4519 1808 4577 tamquam
1836 4521 1931 4577 per
1958 4508 2122 4565 Evam

544 4613 787 4677 tentavit,
817 4619 872 4665 et
899 4608 1026 4663 vicit
1052 4606 1109 4661 in
1138 4615 1375 4659 stercore
1399 4598 1524 4672 (Job
1572 4614 1630 4663 ιι,
1657 4596 1836 4667 8-10),
1866 4597 2036 4652 victus
2068 4599 2122 4653 in

545 4703 813 4784 paradiso.
853 4699 992 4768 Ergo
1022 4711 1126 4752 non
1165 4693 1443 4749 audiamus
1466 4690 1599 4745 tales
1627 4703 1805 4755 voces,
1840 4703 1940 4742 nec
1967 4698 2123 4759 pute-

546 4781 667 4857 mus
693 4809 890 4867 paucos
917 4806 1039 4851 esse
1066 4789 1233 4845 istos:
1267 4784 1419 4842 multi
1461 4790 1602 4848 sunt,
1649 4781 1743 4836 sed
1774 4782 1913 4836 inter
1944 4781 2124 4851 plures

545 4890 730 4946 latent.
763 4884 877 4943 Non
926 4894 1204 4952 possumus
1241 4874 1385 4930 enim
1417 4888 1614 4944 negare
1663 4872 1841 4941 plures
1867 4885 1986 4926 esse
2013 4887 2128 4937 mar-

546 4983 648 5048 los,
679 4987 733 5034 et
756 4986 862 5032 tam
890 4974 1091 5044 plures,
1123 4976 1181 5025 ιιι
1223 4968 1360 5025 inter
1387 4980 1480 5022 eos
1506 4978 1723 5035 prorsus
1750 4962 1873 5016 boni
1901 4976 2006 5016 non
2032 4977 2126 5032 ap-

545 5081 787 5147 pareant,
816 5065 1088 5139 quomodo
1127 5079 1236 5121 non
1262 5068 1522 5133 apparent
1548 5072 1710 5130 grana
1742 5056 1792 5147 in
1821 5070 1966 5147 area.
1993 5050 2125 5111 Nam

545 5146 786 5236 quisquis
809 5174 987 5217 aream
1017 5156 1181 5220 videt,
1214 5162 1391 5225 potest
1432 5158 1617 5221 putare
1641 5146 1783 5218 quod
1821 5146 1970 5217 palea
2013 5146 2124 5205 sola

542 5257 634 5311 sit.
664 5255 738 5309 Da
767 5251 1038 5317 hominem
1081 5248 1434 5316 inexpertum,
1465 5251 1519 5295 et
1559 5249 1705 5319 putat
1749 5239 1976 5295 inaniter
2013 5237 2126 5293 ﬁeri

540 5345 686 5418 mind
712 5345 876 5400 boves
900 5343 1203 5401 mittuntur,
1229 5335 1368 5405 quod
1397 5335 1466 5391 ibi
1498 5333 1740 5391 homines
1768 5331 1867 5384 sub
1889 5339 2017 5384 :cstu
2035 5328 2130 5384 dev

546 5439 740 5493 sudant
759 5445 815 5491 ut
841 5439 1120 5489 conterunt
1145 5430 1384 5501 paleam;
1417 5425 1510 5482 sed
1536 5425 1602 5479 ibi
1623 5432 1703 5478 est
1724 5431 1777 5478 et
1803 5437 1974 5483 massa
1997 5438 2127 5475 vcn-

549 5530 785 5584 tilatiune
832 5524 1126 5597 purganda.
1165 5523 1313 5576 Tunc
1362 5517 1609 5589 procedet
1655 5516 1803 5587 capia
1856 5515 2125 5578 frumenti.

549 5636 665 5691 qua:
696 5618 894 5675 latebat
924 5616 977 5671 in
997 5615 1148 5685 eopia
1181 5613 1471 5683 palearum.
1502 5608 1567 5662 Et
1593 5608 1753 5661 modo
1782 5607 1861 5661 vis
1892 5606 2130 5661 invenire

547 5709 756 5766 boues?
788 5708 914 5763 Esto
944 5707 984 5770 ⁸,
1015 5714 1068 5758 ct
1093 5702 1351 5758 invenies.

612 5803 629 5833 '
666 5808 731 5853 tta
753 5800 971 5865 quinuue
993 5802 1099 5852 uss.
1128 5800 1183 5848 Αι
1206 5794 1338 5857 edd.,
1367 5796 1417 5844 si
1440 5791 1582 5842 modo
1612 5790 1680 5843 ris
1702 5788 1912 5841 ittvcuire
1928 5787 1953 5839 .’
1980 5798 2131 5839 [mnis

548 5870 664 5918 εδω.
1362 5888 1371 5893 ·
1860 5900 1865 5905 -
1986 5894 1989 5895 ν

1772 367 1832 431 8.
1874 368 2231 427 AUGUSTth
2271 371 2576 430 EPlSCOPl

2308 484 2391 538 to.
2411 482 2560 557 [νεη.
2581 484 2691 563 Η.]
2714 487 2907 545 Contra
2926 487 3078 549 istam
3096 506 3222 567 ergo
3236 492 3663 569 desperationem
3686 499 3816 557 vide

2231 573 2359 644 quid
2388 587 2640 648 sequatur
2662 578 2715 633 in
2748 580 2951 649 psalmo
2983 582 3105 639 isto.
3129 583 3391 653 Quoniam
3416 602 3539 643 cum
3565 588 3814 659 dixisset,

2233 663 2584 737 Suscepimus,
2614 667 2771 738 Deus,
2798 672 3190 729 misericordiam
3208 685 3347 731 luant
3366 677 3420 738 in
3447 679 3609 739 medio
3628 680 3815 754 populi

2231 754 2325 819 tui,
2352 757 2669 827 significavit
2694 777 2813 818 esse
2836 765 3085 834 populum
3114 781 3221 822 non
3248 769 3622 841 suscipientem
3653 773 3821 828 misa-

2233 845 2517 904 ricordiam
2547 850 2659 917 Dei,
2688 852 2740 907 in
2765 855 2917 923 cujus
2944 856 3120 911 medio
3145 857 3360 928 quidam
3389 862 3684 931 suscipiant
3709 864 3817 919 mi—

2232 938 2578 996 sericordiam
2620 943 2714 1000 Dei
2743 961 2757 998 ε
2785 954 2840 1000 ει
2881 962 2950 1001 ne
2996 960 3303 1006 occurreret
3343 951 3668 1021 hominibus,
3706 964 3815 1015 tam

2232 1041 2429 1097 paucos
2458 1046 2596 1098 esse,
2622 1044 2677 1088 ut
2705 1051 2868 1106 prope
2886 1037 3018 1094 nulli
3041 1040 3184 1106 sint;
3211 1043 3480 1112 quomodo
3502 1045 3819 1103 consolatus

2232 1129 2314 1173 est
2354 1127 2800 1194 consequentibus
2835 1130 3047 1187 verbis?
3090 1130 3381 1189 Secundum
3422 1152 3606 1209 nomen
3647 1147 3817 1201 tuun,

2230 1209 2393 1279 Deus,
2424 1216 2494 1271 ita
2514 1226 2559 1273 et
2586 1220 2699 1275 laus
2728 1231 2816 1277 tua
2844 1223 2897 1278 in
2922 1225 3051 1292 ﬁnes
3079 1236 3245 1283 terra.
3267 1227 3402 1296 Quid
3421 1240 3506 1286 est
3532 1229 3667 1286 hoc?
3696 1230 3821 1286 Ma-

2230 1319 2361 1374 gnus
2385 1304 2634 1364 Dominus
2657 1320 2705 1366 et
2729 1314 3005 1371 laudabilis
3024 1316 3190 1383 valde,
3209 1319 3265 1372 in
3287 1320 3484 1377 ciuitate
3504 1320 3603 1377 Dei
3629 1324 3815 1388 nostri,

2232 1393 2285 1445 in
2309 1405 2474 1449 monte
2497 1409 2673 1454 sancto
2718 1402 2860 1471 ejus;
2889 1420 2989 1461 nec
3019 1416 3193 1477 potest
3234 1424 3354 1466 esse
3387 1411 3505 1467 laus
3537 1415 3677 1483 ejus,
3708 1413 3818 1470 nisi

2233 1484 2286 1539 in
2315 1490 2513 1545 sanctis
2539 1495 2675 1561 ejus.
2711 1493 2842 1550 Nam
2864 1499 2953 1569 qui
2985 1499 3123 1557 male
3142 1502 3344 1568 vivunt,
3376 1520 3485 1557 non
3522 1520 3646 1563 eum
3690 1505 3819 1561 lau-

2232 1574 2394 1645 dant;
2438 1580 2531 1635 sed
2571 1584 2671 1639 etsi
2717 1587 3007 1655 praedicant
3046 1590 3246 1662 lingua,
3276 1593 3649 1665 blasphemaut
3676 1597 3814 1656 vita.

2232 1666 2362 1734 Quia
2393 1685 2518 1741 ergo
2546 1673 2660 1728 latis
2685 1676 2799 1747 ejus
2823 1693 2930 1735 non
2957 1690 3040 1737 est
3081 1683 3185 1739 nisi
3219 1684 3273 1743 in
3312 1688 3511 1741 sanctis
3536 1687 3675 1757 ejus,
3703 1703 3817 1745 non

2233 1758 2332 1813 sibi
2363 1760 2542 1819 dicant
2581 1764 2815 1824 luerctici
2846 1788 2861 1825 :
2914 1770 2970 1826 ln
3018 1774 3175 1830 nobis
3226 1778 3486 1853 remansit
3523 1778 3639 1837 laus
3672 1778 3819 1850 ejus.

2233 1849 2353 1918 quia
2385 1853 2533 1922 pauci
2567 1870 2769 1924 sumus,
2800 1869 2854 1915 et
2876 1875 2908 1915 a
2942 1861 3092 1919 turba
3124 1849 3391 1936 separati;
3434 1883 3532 1927 nos
3567 1869 3715 1940 juste
3740 1872 3821 1926 vi-

2234 1938 2426 2008 vimus,
2467 1957 2565 1999 nos
2608 1944 2884 2004 laudamus
2927 1952 3114 2019 Deum,
3162 1970 3268 2011 non
3310 1956 3483 2013 solum
3525 1938 3817 2030 loquendo,

2233 2044 2416 2086 verum
2446 2034 2603 2089 etiam
2644 2043 3033 2098 conversando.
3068 2044 3439 2115 Respondetur
3478 2049 3559 2105 eis
3600 2065 3669 2106 ex
3710 2051 3822 2115 hoc

2231 2125 2440 2192 psnlmo
2469 2145 2482 2180 :
2514 2128 2649 2197 Quid
2680 2147 2775 2189 vos
2803 2133 2979 2191 dicitis
3004 2137 3055 2192 in
3082 2147 3232 2208 parte
3260 2140 3480 2198 laudare
3508 2142 3697 2211 Deum,
3727 2145 3816 2211 cui

2230 2215 2431 2272 dictum
2458 2229 2561 2287 est,
2594 2222 2888 2279 Secundum
2918 2244 3097 2283 nomen
3127 2238 3269 2284 tuum
3290 2228 3455 2300 Deus,
3500 2233 3574 2289 ita
3613 2244 3662 2288 et
3700 2232 3819 2289 laus

2232 2316 2321 2360 tua
2341 2310 2392 2363 in
2417 2311 2545 2379 ﬁnes
2565 2314 2752 2368 terras?
2779 2314 2835 2370 ιιι
2864 2325 2967 2387 est,
2999 2320 3268 2389 quomodo
3292 2333 3450 2378 notus
3477 2338 3536 2378 es
3565 2339 3661 2395 per
3683 2340 3812 2381 om-

2233 2412 2328 2453 nes
2360 2407 2550 2470 terras,
2576 2404 2655 2458 sic
2679 2414 2733 2458 et
2761 2404 2993 2462 laudaris
3023 2425 3117 2478 per
3142 2427 3330 2467 omnes
3356 2421 3560 2481 terras;
3586 2429 3685 2470 nec
3712 2415 3817 2472 de-
3886 2456 3918 2477 ν.

2230 2498 2354 2545 sunt
2393 2490 2480 2562 qui
2527 2500 2580 2548 te
2613 2511 2755 2551 nunc
2791 2496 3007 2553 laudant
3047 2515 3141 2571 per
3169 2515 3356 2558 omnes
3386 2512 3574 2561 terras.
3607 2504 3687 2563 llli
3717 2522 3820 2562 au-

2231 2589 2336 2635 tem
2367 2583 2604 2651 laudant,
2633 2589 2722 2658 qui
2764 2588 2899 2644 bene
2927 2591 3127 2648 vivunt.
3158 2593 3448 2654 Secundum
3473 2597 3607 2652 enim
3631 2614 3821 2654 nonum

2229 2680 2389 2739 tuum,
2411 2672 2569 2742 Deus,
2598 2675 2671 2731 ita
2699 2689 2745 2732 et
2771 2680 2882 2736 laus
2902 2692 3007 2748 tua,
3041 2699 3146 2737 non
3179 2684 3231 2739 in
3272 2696 3441 2756 parte,
3469 2688 3562 2742 sed
3597 2688 3649 2742 in
3682 2690 3819 2759 ﬁnes

2229 2771 2395 2819 terrm.
2422 2764 2634 2823 Iustitia
2660 2769 2809 2839 plena
2830 2782 2904 2826 est
2925 2773 3132 2828 dextera
3152 2786 3237 2829 tua
3264 2792 3284 2831 :
3314 2776 3364 2830 id
3391 2786 3493 2846 est,
3514 2778 3664 2835 multi
3689 2789 3823 2844 sunt

2229 2866 2282 2910 et
2308 2857 2381 2912 illi
2407 2858 2494 2929 qui
2533 2860 2753 2916 stabunt
2774 2864 2839 2916 ad
2867 2861 3163 2920 dexteram.
3191 2864 3306 2922 Non
3331 2868 3504 2923 solum
3537 2869 3612 2925 illi
3659 2871 3819 2927 multi

2229 2958 2386 3003 erunt
2410 2952 2499 3021 qui
2537 2952 2755 3008 stabunt
2777 2953 2844 3009 ad
2882 2956 3176 3026 sinistram,
3212 2958 3307 3015 sed
3333 2970 3385 3016 et
3413 2961 3484 3017 ibi
3511 2961 3615 3018 erit
3644 2963 3821 3033 pleni.

2231 3040 2356 3096 tudo
2385 3058 2575 3099 massas
2599 3046 2664 3101 ad
2683 3045 2954 3103 dexteram
2976 3053 3279 3108 constituta:
3305 3051 3552 3109 :Justitia
3571 3056 3730 3127 plena
3748 3068 3819 3125 est

2228 3129 2433 3187 dextera
2461 3143 2570 3187 tua.

2300 3223 2386 3277 ll.
2419 3221 2568 3296 [rem
2603 3223 2714 3301 l2.]
2744 3225 2965 3283 Laetetur
2994 3246 3135 3284 mons
3163 3229 3309 3297 Sion,
3340 3242 3386 3285 et
3410 3233 3657 3289 exsultent
3685 3236 3813 3304 ﬁliae

2227 3311 2426 3368 ludicre
2447 3315 2486 3382 ί,
2517 3327 2724 3387 propter
2737 3318 2941 3389 judicia
2967 3330 3077 3388 tua,
3107 3318 3346 3377 Domine.
3373 3322 3419 3378 Ο
3457 3340 3613 3379 mons
3661 3325 3814 3395 Sion,

2228 3420 2261 3458 ο
2291 3404 2413 3460 filiae
2441 3405 2660 3476 Judaue,
2685 3408 2939 3466 laboratis
2966 3413 3123 3466 modo
3144 3412 3284 3468 inter
3302 3412 3525 3481 zizania,
3549 3415 3694 3471 inter
3721 3433 3817 3486 pa-

2228 3495 2358 3560 leas,
2384 3497 2522 3553 inter
2550 3497 2732 3569 spinas
2758 3499 3040 3565 laboratis;
3072 3502 3165 3558 sed
3199 3505 3463 3560 exsultate
3487 3517 3710 3577 propter
3730 3507 3816 3579 ju—

2228 3586 2363 3642 dicia
2392 3588 2505 3642 Dei.
2534 3588 2648 3643 Non
2685 3599 2828 3645 errat
2864 3591 3004 3649 Deus
3040 3592 3090 3648 in
3112 3592 3423 3665 judicando.
3456 3596 3713 3653 Discreta:
3742 3600 3822 3654 vi-

2218 3682 2355 3754 _vite,
2387 3684 2487 3737 etsi
2518 3692 2781 3739 concreta:
2810 3693 2946 3740 nata:
2991 3687 3141 3752 estis,
3168 3703 3275 3743 non
3318 3686 3512 3746 frustra
3555 3707 3661 3749 vox
3689 3694 3818 3750 exiit

2228 3771 2296 3827 de
2320 3787 2413 3827 ore
2443 3772 2585 3828 etde
2612 3774 2776 3829 corde
2804 3785 2984 3832 vestro
3014 3795 3027 3833 :
3072 3775 3127 3830 Ν
3130 3795 3157 3831 e
3184 3781 3481 3850 compertius
3500 3799 3613 3836 ειιηι
3644 3784 3817 3855 impiis

2227 3863 2449 3917 animum
2491 3880 2672 3929 meam,
2711 3874 2758 3917 et
2803 3881 2917 3919 cum
2957 3867 3074 3920 viris
3112 3869 3419 3938 sanguinum
3460 3872 3612 3924 vitam
3653 3890 3817 3927 meum

2230 3950 2400 4023 (Psal.
2425 3966 2553 4020 xxv,
2577 3954 2655 4024 9).
2698 3953 2794 4009 llle
2820 3956 3094 4011 ventilabit
3123 3966 3299 4013 tantus
3319 3958 3529 4026 artifex,
3560 3962 3611 4015 in
3654 3979 3818 4019 manu

2227 4042 2581 4098 ventilabrum
2611 4045 2857 4114 portabit,
2888 4057 2945 4104 ut
2974 4064 3133 4103 unum
3156 4064 3381 4120 granum
3405 4051 3561 4106 tritici
3589 4069 3699 4108 non
3723 4070 3815 4109 ca-

2227 4135 2319 4191 dat
2344 4137 2399 4213 ⁸ῇιι
2445 4150 2692 4190 acervum
2722 4137 2886 4206 palea:
2915 4140 3357 4207 eomburendum,
3386 4158 3488 4199 nec
3525 4161 3625 4200 una
3652 4149 3815 4205 uriSIa

2230 4226 2394 4296 paleae
2441 4235 2675 4282 transeat
2713 4228 2779 4283 ad
2810 4245 3039 4285 massam
3084 4231 3134 4285 in
3179 4232 3374 4289 horreo
3415 4237 3814 4313 recondendam

2231 4315 2442 4388 (Matth.
2474 4334 2550 4385 ιιι,
2586 4318 2702 4390 12).
2730 4319 3020 4387 Exsultate,
3049 4321 3170 4378 lilia:
3210 4323 3431 4395 Judzear,
3473 4340 3696 4401 propter
3732 4333 3814 4403 ju-

2228 4410 2363 4465 dicia
2399 4409 2489 4465 Dei
2522 4425 2623 4464 non
2654 4413 2913 4477 errantis;
2957 4422 3011 4467 et
3046 4414 3209 4470 nolite
3238 4415 3399 4471 modo
3429 4428 3630 4475 temere
3668 4422 3816 4491 judi-

2229 4516 2370 4557 Care.
2408 4501 2486 4557 Ad
2530 4518 2626 4556 vos
2660 4503 2917 4573 pertineat
2946 4505 3220 4576 colligere,
3267 4507 3333 4562 ad
3368 4509 3512 4564 illum
3550 4514 3819 4582 pertineat

2229 4607 2495 4662 separare.
2526 4590 2746 4646 Laztetur
2770 4611 2912 4648 mons
2939 4592 3088 4661 Sion,
3113 4607 3158 4650 et
3179 4599 3425 4652 exsultent
3445 4599 3569 4670 ﬁlia:
3586 4600 3810 4668 ludum".

2231 4691 2436 4753 prapter
2467 4682 2666 4754 judicia
2704 4692 2812 4749 tua,
2842 4681 3078 4738 Domine.
3108 4684 3185 4741 Ne
3214 4698 3391 4742 autem
3436 4693 3634 4759 putetis
3678 4693 3818 4748 filias

2227 4774 2424 4833 Judaea:
2444 4774 2658 4829 Jndieos
2686 4790 2824 4830 esse.
2853 4776 2984 4831 Juda
3021 4777 3301 4836 Confessio
3339 4791 3439 4835 est.
3483 4783 3687 4840 Omnes
3721 4784 3815 4843 filii

2229 4865 2599 4930 confessionis,
2632 4865 2722 4919 lilii
2750 4864 2948 4922 ludam:
2974 4879 3097 4924 sunt
3122 4887 3135 4922 :
3159 4871 3303 4941 quia,
3333 4870 3490 4927 Salus
3508 4891 3570 4929 ea:
3587 4873 3816 4946 Iudaeis,

2231 4959 2362 5015 nihil
2395 4966 2480 5015 est
2520 4958 2664 5014 aliud
2705 4975 2862 5036 quam
2904 4958 3150 5018 Christus
3177 4980 3244 5019 ex
3288 4963 3488 5023 Juda'is
3526 4966 3709 5036 (Joan.
3739 4986 3818 5037 tv,

2229 5051 2341 5123 22).
2369 5050 2483 5107 Hoc
2509 5042 2589 5107 ait
2611 5061 2665 5106 et
2692 5052 3016 5122 Apestolus:
3051 5050 3172 5108 Non
3200 5057 3333 5110 enim
3355 5059 3442 5128 qui
3464 5059 3518 5112 in
3544 5062 3829 5135 manifesto.

2230 5140 2443 5196 Indicus
2471 5151 2564 5209 est,
2595 5159 2752 5213 neque
2770 5158 2883 5211 qua
2899 5144 2952 5197 in
2973 5147 3240 5217 manifesto
3260 5148 3311 5201 in
3330 5164 3484 5204 carne
3504 5160 3576 5205 est
3594 5151 3820 5207 circum-

2232 5233 2354 5287 cisio
2368 5249 2391 5300 ;
2427 5232 2515 5287 sed
2539 5234 2625 5302 qui
2662 5237 2716 5287 in
2744 5230 3035 5291 abscondito
3065 5235 3278 5292 Judteus
3304 5248 3398 5307 est,
3421 5248 3465 5294 et
3501 5241 3823 5297 circumcisio

2233 5325 2417 5388 cordis,
2448 5326 2500 5378 in
2526 5324 2727 5394 spiritu,
2754 5341 2853 5379 non
2874 5325 3059 5394 littera,
3086 5331 3232 5399 cujus
3248 5331 3361 5385 laus
3384 5349 3488 5387 non
3511 5350 3573 5388 ea:
3595 5334 3823 5389 [taurini-

2234 5416 2346 5477 bus,
2385 5415 2474 5469 sed
2502 5431 2564 5469 ea:
2583 5412 2692 5469 Deo
2713 5414 2888 5485 (Rom.
2918 5433 2975 5483 ιι,
2995 5417 3088 5484 28,
3110 5417 3227 5491 29).
3254 5421 3396 5477 Talis
3420 5423 3635 5479 Judaeus
3658 5438 3820 5484 esto:

2234 5509 2462 5580 gloriare
2486 5506 2555 5563 de
2579 5510 2983 5566 circumcisione
3007 5511 3206 5575 cordis,
3249 5516 3349 5569 etsi
3381 5530 3484 5571 non
3518 5517 3685 5572 babes
3713 5520 3822 5574 cir-

2235 5603 2609 5675 cumcisionem
2637 5605 2834 5658 carnis.
2875 5602 3144 5660 Easultent
3190 5608 3314 5674 [ilice
3352 5605 3570 5677 Judtew,
3612 5622 3825 5682 propter

2223 5692 2425 5765 judicia
2450 5702 2552 5757 tun,
2592 5690 2821 5747 Domine.
2842 5756 2843 5761 η
3286 5688 3289 5691 ’
3330 5686 3333 5689 ’

2300 5792 2316 5818 ι
2352 5789 2424 5836 ste
2442 5786 2533 5837 hoc
2557 5787 2604 5837 in
2624 5786 2747 5855 loco,
2772 5795 2824 5838 et
2840 5786 2962 5855 infra
2987 5790 3034 5838 lu
3050 5789 3140 5855 hoc
3156 5789 3333 5855 eodem
3346 5803 3397 5842 ιι.
3420 5792 3496 5855 ιι,

2239 5849 2373 5905 ribus
2520 5857 2573 5900 et
2588 5856 2718 5910 cxx,
2734 5849 2997 5912 legendum
3013 5859 3106 5902 est.
3122 5851 3335 5916 Lude);
3480 5849 3491 5855 ⁷
3536 5896 3539 5901 ,
3802 5882 3805 5891 ι
