4042 6498
216 418 295 479 ut
1236 408 1635 471 ENARRATIO
1689 408 1752 467 IN
1792 407 2113 471 PSALMUM
2156 417 2355 475 XLVII.

275 536 353 590 12.
368 531 520 606 (vers.
538 526 964 606 13.]Circumdate
984 529 1132 596 Sion,
1154 537 1200 584 et
1216 528 1602 599 complcctiminr
1632 543 1762 582 eam.

213 625 410 682 Dicatur
435 622 516 679 eis
544 623 630 694 qui
677 620 815 677 male
860 621 1060 686 vivunt,
1117 619 1171 674 in
1220 634 1444 689 quorum
1487 616 1665 672 medio
1694 624 1776 671 est

133 697 136 699 Δ
216 720 417 791 populus
441 716 529 772 ille
557 714 639 785 qui
667 713 899 785 suscepit
921 711 1334 768 misericordiam
1366 710 1495 765 Dei:
1523 710 1575 763 lu
1596 708 1776 763 medio

217 821 429 864 venrunt
474 819 560 862 est
604 805 829 876 populus
855 804 993 859 bene
1032 805 1238 869 vivens,
1277 801 1595 856 Circumdate
1623 799 1772 855 Sion.

215 898 304 955 Sed
342 896 638 966 quomodo?
681 893 1081 965 Complectimini
1119 910 1247 948 eam.
1297 891 1471 948 Nolite
1515 891 1779 947 scandulis

216 989 548 1056 circumdare,
593 989 688 1045 sed
734 988 993 1044 charitate
1031 988 1391 1051 circumdate;
1420 995 1480 1040 ut
1511 986 1598 1055 qui
1640 985 1776 1040 bene

219 1082 378 1135 vitunt
402 1081 454 1134 in
494 1078 672 1135 medio
699 1089 959 1145 vestrum,
1010 1093 1105 1135 eos
1151 1077 1449 1143 imitemini,
1495 1084 1546 1131 et
1593 1090 1777 1130 eurmn

218 1174 487 1228 imitatione
522 1172 769 1239 Christo,
815 1173 967 1242 cujus
1004 1172 1238 1227 membra
1277 1180 1421 1235 sunt,
1464 1170 1777 1237 incorpore-

219 1265 325 1318 miui
356 1265 392 1318 ¹.
424 1262 742 1318 Circumdate
788 1263 936 1330 Sion,
966 1272 1016 1318 et
1042 1260 1430 1327 complectimini
1468 1275 1598 1314 eam.
1633 1257 1774 1312 Nar-

217 1367 306 1411 rate
343 1357 393 1410 in
435 1355 658 1411 turribus
684 1358 811 1427 eius.
843 1358 898 1413 ln
940 1355 1219 1412 altitudine
1260 1354 1612 1411 munitionum
1662 1353 1778 1423 ejus

219 1445 473 1518 mdicate
502 1446 690 1502 laudes
709 1447 846 1515 ejus.
1288 1459 1295 1465 '

281 1538 354 1593 l5.
387 1535 537 1611 [verm
571 1536 683 1612 ιι]
714 1537 894 1593 Ponite
929 1538 1085 1593 corda
1128 1548 1291 1594 vestra
1331 1539 1386 1593 in
1426 1537 1608 1593 virtute
1647 1537 1775 1607 ejus.

217 1620 312 1685 Non
331 1641 383 1684 ut
406 1629 650 1685 habeatis
676 1630 900 1686 fortnam
935 1632 1171 1703 pietatis,
1198 1631 1443 1686 virtutem
1470 1631 1583 1700 ejus
1610 1630 1777 1684 alme-

217 1723 331 1793 getis
352 1719 413 1795 (il
444 1721 582 1776 Tim.
610 1739 687 1787 tu,
720 1722 811 1793 5);
839 1724 931 1779 sed
960 1724 1014 1777 in
1039 1725 1220 1778 virtute
1258 1725 1366 1795 ejus
1411 1725 1580 1792 ponite
1622 1722 1777 1775 corda

220 1822 368 1866 mira.
390 1811 518 1880 Qum
546 1822 633 1870 est
662 1814 829 1869 virtus
870 1815 1101 1871 civitatis
1133 1813 1325 1885 hujus?
1354 1814 1455 1883 Qui
1485 1813 1592 1868 vult
1623 1813 1780 1868 intel-

222 1901 357 1973 ligere
380 1905 631 1960 virtutem
665 1907 818 1976 hujus
842 1906 1092 1973 civitatis,
1124 1905 1383 1975 intelligat
1408 1904 1512 1959 vim
1541 1903 1775 1959 charito-

222 1996 291 2048 tis.
320 1995 423 2064 ipsa
452 2006 536 2052 est
581 1997 751 2052 virtus
784 2013 941 2068 quam
984 2012 1142 2051 nemo
1180 1995 1362 2050 vincit.
1408 1992 1574 2064 liujus
1601 1996 1775 2066 ignem

221 2088 326 2141 nulli
350 2088 541 2143 lluctus
571 2088 770 2153 smeuli,
804 2088 946 2143 nulla
984 2088 1199 2143 llumina
1233 2086 1537 2144 tentatinnis
1577 2088 1778 2143 exstin-

217 2182 478 2250 guunt.'De
508 2182 616 2237 hac
649 2182 848 2238 dictum
877 2191 979 2247 est,
1018 2180 1200 2236 Valide
1225 2192 1298 2236 est
1323 2182 1453 2237 sicut
1478 2197 1612 2235 mors
1646 2180 1775 2234 dite-

218 2273 296 2326 ctio
317 2272 476 2341 (Cant.
508 2288 633 2335 vnn,
654 2273 731 2344 6).
759 2270 1036 2341 Quomodo
1054 2272 1195 2327 enim
1220 2286 1362 2327 mors
1382 2270 1593 2342 quando
1611 2269 1775 2336 venit,

219 2362 363 2417 resisti
389 2362 435 2419 el
476 2379 593 2417 non
636 2373 829 2433 potest,
854 2364 1179 2433 quibuslibet
1202 2363 1426 2430 artibus,
1458 2360 1779 2432 quibuslibet

220 2449 595 2508 medicamentis
619 2467 899 2518 occurras;
926 2453 1232 2508 violentiam
1261 2452 1451 2507 mortis
1476 2450 1645 2506 vltare
1669 2464 1775 2506 non

218 2550 382 2611 potest,
409 2543 496 2612 qui
528 2542 778 2599 mortalis
807 2553 962 2598 natus
999 2552 1084 2599 est
1116 2561 1131 2599 :
1158 2543 1236 2598 sic
1263 2553 1446 2598 contra
1474 2542 1777 2597 violentiam

217 2635 455 2692 charitatis
480 2637 721 2692 mundus
748 2637 820 2691 nil
857 2645 1049 2705 potest.
1081 2637 1126 2691 A
1155 2634 1424 2691 contrario
1451 2634 1598 2689 enim
1632 2633 1781 2688 simi-

217 2722 357 2783 litudo
379 2728 493 2783 data
520 2735 611 2783 est
638 2727 705 2782 de
726 2738 935 2795 morte;
970 2726 1239 2797 quomodo
1266 2727 1408 2781 enim
1434 2740 1575 2780 mors
1594 2725 1661 2778 ad
1687 2739 1780 2777 au-

218 2812 460 2873 ferendum
490 2817 887 2872 violentissima
921 2826 1020 2884 est,
1049 2816 1125 2873 sic
1151 2817 1381 2872 charitas
1398 2814 1776 2870 violentissima

217 2906 360 2961 estad
384 2907 723 2962 salvandum.
753 2907 857 2963 Per
883 2907 1195 2962 eharitatem
1221 2907 1365 2961 enim
1404 2907 1553 2960 multi
1584 2906 1776 2960 mortui

218 3006 317 3051 sunt
340 2998 557 3065 sterulo,
589 3007 647 3052 ut
684 2998 929 3052 viverent
965 2994 1097 3052 Deo.
1130 2996 1242 3052 Hac
1281 2994 1539 3052 cbaritate
1567 2996 1778 3051 accensi

218 3096 466 3161 martyres,
520 3103 632 3144 non
675 3088 928 3152 simulati,
976 3101 1081 3143 nou
1122 3102 1255 3150 vana
1299 3086 1467 3157 gloria
1513 3085 1773 3153 ventilari,

218 3192 304 3231 uou
329 3180 450 3234 tales
483 3177 562 3234 de
604 3179 797 3248 quibus
819 3178 1018 3233 dictmn
1054 3191 1159 3244 est,
1202 3177 1266 3233 Si
1304 3178 1558 3231 tradidero
1595 3192 1777 3247 corpus

217 3287 353 3324 nicum
377 3283 428 3325 ut
458 3271 696 3336 ardeam,
721 3271 1019 3327 charitatem
1044 3281 1214 3324 autem
1249 3286 1349 3324 non
1384 3270 1614 3335 habeant,
1647 3269 1777 3323 nihil

217 3364 317 3415 mihi
334 3363 533 3432 prodest
550 3363 595 3434 (l
618 3362 736 3417 Cor.
763 3378 881 3429 xm,
900 3361 982 3433 ὅ),
1009 3361 1103 3418 sed
1125 3361 1256 3415 tales
1276 3375 1411 3431 quos
1430 3375 1555 3416 vere
1578 3359 1776 3415 Christi

217 3464 259 3509 et
280 3457 504 3513 veritatis
545 3456 783 3511 charitas
828 3455 1144 3526 perduceret
1179 3452 1244 3509 ad
1284 3454 1618 3523 passionem;
1649 3450 1777 3522 quid

217 3547 280 3603 eis
322 3550 559 3605 lecerunt
601 3548 924 3606 tentationes
968 3543 1345 3603 saevientium?
1379 3545 1631 3616 Majoretn
1657 3546 1775 3600 vio-

217 3637 400 3696 lentiam
431 3642 739 3698 habuerunt
767 3638 907 3696 oculi
937 3638 1176 3695 ﬂentium
1202 3654 1440 3703 suorum,
1465 3654 1623 3708 quam
1657 3652 1776 3707 per-

215 3734 482 3790 secutiones
515 3733 915 3789 insectantimu.
938 3731 1106 3800 Quam
1139 3730 1333 3785 multos
1358 3729 1500 3786 enim
1524 3728 1776 3784 tenebant

218 3824 290 3879 lilii
314 3840 375 3882 ne
399 3826 747 3897 paterentur!
774 3841 933 3896 quam
975 3824 1260 3879 multorum
1298 3821 1524 3893 genibus
1564 3822 1776 3892 provol-

216 3920 443 3976 vebantur
483 3934 687 3975 uxores
711 3960 727 3985 ,
775 3934 843 3973 ne
884 3917 1054 3972 vidua:
1098 3914 1562 3986 relinquerentur!
1616 3927 1774 3984 quam

216 4013 380 4069 multos
410 4022 662 4084 parentes
693 4011 785 4066 lilii
812 4010 1167 4082 prohibebant
1197 4008 1512 4077 mori,sieut
1531 4008 1776 4063 novimus

212 4113 255 4154 et
278 4103 487 4171 legimus
532 4103 586 4157 in
633 4102 877 4175 passione
914 4100 1083 4155 beata:
1114 4099 1423 4169 Perpetuus!
1462 4097 1620 4153 Facta
1653 4109 1777 4153 sunt

215 4190 315 4247 ista.
341 4193 441 4252 Sed
469 4196 724 4267 lacryma:
749 4192 1094 4265 quantalibet
1126 4199 1177 4246 et
1208 4189 1541 4261 quantolibet
1576 4191 1775 4259 impetu

215 4281 430 4354 ﬂuerent,
471 4284 693 4358 quando
735 4274 989 4339 ardorem.
1020 4282 1296 4337 charitatis
1336 4279 1777 4351 exstinguerentt

216 4371 411 4433 llmeest
430 4379 604 4434 virtus
629 4375 782 4442 Sion,
809 4376 894 4431 cui
932 4383 987 4429 et
1022 4373 1147 4428 alibi
1177 4371 1375 4428 dicitur
1394 4370 1411 4426 ξ
1441 4369 1563 4425 Fiat
1595 4382 1699 4442 pas:
1722 4372 1778 4427 in

214 4466 370 4524 uirtute
389 4481 500 4537 tua,
531 4480 580 4524 et
604 4469 918 4523 abundantia
950 4467 1003 4522 in
1047 4467 1267 4520 turribus
1296 4464 1396 4519 tuis
1422 4462 1592 4534 (Psal.
1624 4479 1773 4533 cxxr,

214 4560 277 4631 7).
301 4565 604 4620 Annuntiate
643 4565 696 4617 in
722 4563 945 4618 turribus
973 4564 1104 4633 ejus,
1134 4560 1320 4615 Ponite
1349 4557 1505 4613 corda
1533 4568 1696 4612 vestra
1723 4559 1779 4613 in

214 4652 370 4709 virtute
384 4657 517 4730 ejus,
542 4664 588 4710 et
612 4654 896 4710 distribuite
922 4652 1097 4706 domos
1117 4652 1244 4724 ejus.

273 4747 350 4802 ιι.
394 4747 535 4818 Quid
580 4746 671 4802 bie
714 4744 1080 4813 intelligimus,
1112 4740 1298 4797 Ponite
1341 4740 1499 4796 corda
1524 4748 1689 4796 uestra
1724 4743 1779 4796 in

212 4835 371 4892 virtute
409 4840 543 4911 ejus,
579 4847 628 4893 et
652 4836 932 4891 distribuite
957 4836 1133 4888 domos
1162 4831 1312 4902 ejus?
1346 4830 1407 4887 id
1443 4839 1545 4897 est,
1592 4832 1782 4887 distin-

211 4930 335 4995 guite
360 4930 579 4984 domum
606 4945 638 4983 a
675 4926 857 4994 domo;
898 4926 1064 4981 nolite
1091 4922 1438 4980 confundere.
1470 4922 1671 4978 Domus
1697 4934 1783 4979 εει

213 5018 337 5071 enim
377 5020 604 5077 formam
648 5010 858 5090 pietatis
901 5015 1124 5079 habens,
1161 5023 1218 5071 et
1257 5015 1504 5085 pietatem
1546 5026 1650 5069 non
1680 5013 1781 5070 ba-

216 5106 365 5166 lteus:
394 5122 475 5165 est
499 5119 679 5166 autem
721 5108 912 5164 domus
948 5117 1002 5163 et
1045 5106 1272 5163 formam
1312 5114 1368 5161 et
1413 5105 1661 5176 pietatem
1690 5106 1783 5161 ha-

217 5196 352 5258 bens.
378 5200 693 5267 Distribuite,
720 5201 887 5256 nolite
910 5197 1257 5255 confundere.
1290 5197 1439 5253 Tunc
1467 5207 1641 5253 autem
1668 5196 1781 5254 disc

217 5291 425 5349 tribuitis
475 5305 529 5349 et
574 5308 681 5348 non
708 5292 1059 5356 confunditis,
1086 5289 1301 5361 quando
1338 5291 1499 5345 corda
1524 5303 1700 5346 vestra
1730 5292 1783 5345 in

218 5384 391 5440 virtute
419 5386 537 5456 ejus
564 5385 776 5457 ponitis,
812 5384 864 5440 id
882 5394 985 5452 est,
1006 5399 1127 5439 cum
1160 5383 1283 5439 facti
1312 5382 1518 5438 fueritis
1545 5399 1641 5451 per
1659 5383 1788 5438 cha-

216 5488 413 5532 tuatem
437 5478 757 5548 spirituaios.
781 5476 930 5533 Tunc
950 5489 1148 5532 temere
1168 5492 1272 5532 non
1298 5474 1634 5546 judicabitis;
1661 5484 1786 5533 tunc

214 5564 450 5622 videbitis
475 5567 608 5623 nihil
635 5568 827 5623 obesse
855 5566 1009 5623 bouis
1030 5569 1222 5630 malos,
1251 5566 1502 5637 quamdiu
1525 5581 1708 5623 sumus
1732 5568 1783 5622 in

216 5650 305 5709 liae
330 5670 486 5713 area:
515 5656 812 5721 Distribuite
830 5658 1010 5713 deuios
1046 5658 1175 5729 ejus.
1204 5656 1389 5712 Potest
1416 5665 1470 5711 et
1495 5656 1631 5712 allus
1666 5662 1785 5713 esse

273 5811 385 5885 ille
408 5812 631 5879 plerique
652 5821 760 5865 Mss.
780 5815 909 5885 _th_1.
935 5830 1055 5885 vero
1090 5831 1102 5866 :
1129 5811 1372 5868 Christum
1407 5814 1545 5881 cujus
1575 5808 1789 5869 membra

216 5882 333 5935 lunt,
347 5876 397 5927 in
417 5876 616 5938 corpore
635 5876 1017 5939 conaplectt'miui.

3350 450 3459 508 55‘!

1883 528 2199 635 intellectus.
2224 535 2421 593 Domos
2444 538 2559 597 illas
2584 543 2737 616 duas,
2766 568 2923 609 unam
2950 572 3010 613 ex
3030 562 3458 635 circumcistone,

1882 620 2101 715 alteram
2127 640 2192 679 ex
2225 631 2485 697 pnrputio
2510 636 2832 709 venientem,
2861 646 3129 715 Apostolis
3151 620 3461 715 dictum

1885 721 1940 814 ut
1969 712 2368 776 dtstribuerent.
2403 721 2534 778 Cum
2577 730 2719 784 enim
2759 712 2976 791 vectatus
3002 754 3141 798 esset
3167 712 3462 814 Saulus.vet

1883 798 2053 858 lactus
2076 809 2352 875 aposmlus
2382 808 2578 871 Paulus
2601 859 2616 880 ,
2647 826 2970 882 conveniens
3000 831 3050 884 in
3091 798 3461 897 unitatem

1882 897 2242 995 apostolorum
2271 916 2508 977 suorum,
2539 910 2617 964 sic
2640 926 2761 968 cum
2791 918 2869 971 eis
2893 918 3072 976 habuit
3107 925 3378 995 placitum,
3403 941 3461 986 ut

1983 984 2117 1091 irent
2135 989 2183 1041 in
2206 991 2683 1064 circumeisionem.
2707 1004 2806 1061 iste
2828 1007 2879 1062 iu
2904 981 3215 1082 prmputium
3240 981 3379 1091 (Cal:
3401 1039 3459 1090 ll,

1884 1074 1965 1171 Si).
2000 1076 2099 1133 ista
2144 1081 2540 1150 dispensatione
2580 1074 2915 1164 apostolatus
2948 1074 3028 1160 sui
3076 1074 3462 1171 distribuerunl

1883 1164 2073 1223 domos
2096 1171 2323 1229 civitatis
2360 1183 2532 1250 magni
2576 1187 2733 1257 regis,
2764 1199 2820 1245 et
2856 1164 3257 1258 concordantes

1881 1260 2024 1359 Igulo,
2055 1262 2397 1337 Evangelintn
2441 1274 2835 1345 dispensatione
2862 1286 3175 1359 diviserunt,
3203 1296 3462 1355 charitate

1877 1347 2187 1455 junxerunt.
2232 1358 2299 1413 Et
2334 1378 2518 1421 revera
2572 1369 2671 1424 hoc
2715 1376 2880 1445 magis
2919 1347 3316 1455 intelligendum
3358 1347 3459 1445 est:

2049 1449 2305 1544 sequitur,
2355 1464 2411 1509 ει
2437 1463 2665 1516 ostendit
2704 1437 2845 1535 quod
2882 1469 2984 1527 hoc

1880 1531 2087 1632 dictum
2109 1540 2204 1632 sit,
2240 1540 2309 1596 Et
2342 1546 2624 1606 distrilmite
2646 1531 2821 1612 donius
2853 1562 2963 1632 ejus
2995 1531 3100 1620 :lut

1882 1630 2119 1728 progenie
2139 1631 2329 1728 altera,
2374 1638 2423 1692 id
2462 1650 2562 1707 est,
2607 1653 2663 1699 ut
2689 1649 2846 1703 etiam
2872 1630 2955 1708 ad
2988 1672 3084 1710 nos
3113 1670 3232 1728 post
3260 1661 3462 1720 futuros

1880 1716 2091 1811 illorum
2138 1721 2407 1796 Evangelii
2453 1731 2781 1801 dispensatio
2813 1716 3135 1810 perveniret:
3169 1750 3284 1806 Non

1881 1807 1986 1906 illis
2027 1821 2228 1871 martum
2268 1818 2658 1894 laboraverunt,
2699 1807 2825 1886 cuni
2863 1837 3056 1906 quibus
3095 1843 3144 1896 in
3192 1843 3292 1900 hac

1881 1903 2156 2007 vixerunt;
2186 1923 2284 2007 nec
2309 1911 2564 1969 Dominus
2595 1919 2696 1974 illis
2722 1903 2921 1979 tantum
2950 1930 3239 2001 Apostolis,
3268 1937 3460 2005 quibus

1878 2009 1940 2048 se
1982 2003 2156 2096 vivum
2197 2003 2359 2059 etiam
2412 2018 2531 2075 post
2578 2021 3021 2076 resurrectionem
3079 2003 3325 2096 dignatus
3376 2040 3460 2086 εει

1878 2090 2181 2185 ostendere,
2202 2096 2297 2149 sed
2323 2106 2377 2152 et
2406 2100 2578 2157 nobis.
2608 2104 2740 2161 Nam
2767 2108 2870 2164 illis
2910 2090 3242 2185 loqttelralnr,
3270 2130 3325 2174 et
3362 2138 3460 2177 nos

1879 2178 2229 2250 signiﬁcabat,
2256 2200 2375 2242 cum
2399 2192 2598 2249 diceret
2622 2214 2637 2250 :
2674 2196 2803 2253 Ecce
2820 2217 2913 2272 ego
2951 2178 3201 2262 uobiscum
3222 2178 3332 2264 inm
3352 2229 3462 2267 om-

1880 2274 2026 2329 nibus
2050 2277 2242 2373 diebus,
2262 2296 2427 2373 usque
2454 2286 2523 2338 ad
2546 2295 3025 2350 consummationem
3051 2302 3222 2355 swcnli
3246 2301 3460 2373 (Matth.

1879 2380 2063 2430 xvvm,
2100 2368 2217 2439 20).
2258 2371 2524 2445 Numquid
2565 2379 2639 2433 illi
2683 2382 2767 2437 hic
2813 2382 2974 2440 futuri
3012 2400 3161 2443 erant
3201 2368 3370 2462 usque
3408 2395 3461 2450 in

1878 2464 2391 2521 consummationem
2441 2471 2662 2527 steculit
2698 2472 2829 2530 Item
2858 2476 2986 2533 dicit
3010 2497 3039 2535 -:
3089 2479 3213 2538 Non
3251 2501 3343 2554 pro
3384 2485 3465 2543 Itis

1878 2565 2003 2644 rogo
2038 2562 2250 2620 tantum,
2284 2560 2373 2610 sed
2399 2575 2492 2629 pro
2521 2561 2601 2615 Itis
2635 2565 2723 2631 qui
2743 2567 2983 2623 credituri
3004 2582 3119 2627 sunt
3148 2590 3239 2644 per
3262 2578 3462 2631 verbum

1878 2641 2082 2697 illorum
2104 2647 2155 2700 iu
2176 2647 2449 2713 nreran.
2479 2667 2607 2713 xvu.
2638 2654 2760 2728 90):
2790 2658 2926 2728 Ergo
2948 2641 3173 2718 attendit
3193 2681 3311 2731 nos,
3340 2669 3462 2738 quia

1879 2748 2067 2804 passus
2089 2746 2168 2791 est
2196 2749 2413 2808 propter
2438 2757 2555 2799 nos.
2582 2745 2770 2802 Merito
2796 2748 2970 2822 itaque
2993 2752 3204 2820 dicitur,
3228 2756 3295 2812 Ut
3313 2776 3463 2814 enar-

1878 2826 1999 2880 rctis
2028 2828 2078 2880 in
2104 2832 2341 2900 progenie
2359 2833 2538 2889 altera.

1952 2919 2037 2973 l5.
2080 2918 2229 2991 [rem
2287 2922 2397 2997 15.]
2435 2926 2572 2994 Quid
2621 2933 2927 2989 enarretis?
2979 2936 3228 3004 Quoniam
3268 2944 3349 2997 Iu'c
3389 2956 3463 3001 est

1885 3007 2039 3073 Deus,
2088 3012 2219 3065 Deus
2247 3025 2432 3068 noster.
2484 3016 2650 3074 Terra
2677 3022 2975 3094 videbatur,
3017 3039 3175 3085 terra:
3218 3034 3463 3092 conditor

1878 3118 1986 3158 non
2039 3104 2316 3161 vidi-batur
2363 3126 2377 3163 :
2426 3125 2552 3166 caro
2592 3115 2888 3178 tenebatur.
2919 3121 3012 3175 sed
3040 3122 3181 3178 Deus
3218 3127 3269 3181 in
3301 3124 3463 3186 carne

1870 3192 1985 3249 'non
2028 3198 2428 3265 agnoscebatur.
2452 3224 2453 3227 η
2473 3201 2776 3259 Tenebalur
2817 3223 2943 3264 caro
2975 3212 3044 3267 ab
3072 3215 3151 3270 eis
3178 3231 3244 3270 ex
3272 3220 3464 3283 quibus

1879 3288 2049 3343 fuerat
2097 3302 2306 3362 sumpta
2358 3293 2471 3362 ipsa
2518 3310 2667 3363 caro,
2710 3310 2778 3354 ex
2819 3303 3023 3358 semine
3066 3305 3293 3363 Abrahae
3318 3313 3462 3367 enim

1876 3380 2027 3451 virgo
2072 3381 2234 3437 Maria
2288 3399 2304 3436 :
2350 3385 2415 3437 ad
2457 3400 2670 3442 carnem
2715 3404 3104 3463 remanserunt,
3133 3398 3462 3458 divinitatem

1878 3486 1984 3527 non
2009 3472 2400 3528 intellexerunt.
2434 3474 2752 3547 OApostoli,
2770 3496 2804 3535 ο
2820 3482 3005 3539 civitas
3027 3502 3212 3559 magna
3231 3491 3245 3545 l
3277 3491 3328 3546 in
3349 3500 3463 3549 tur-

1878 3565 2026 3620 ribus
2047 3575 2099 3619 tu
2127 3564 2376 3637 prmdica,
2399 3576 2448 3622 et
2470 3568 2575 3635 die,
2607 3570 2707 3625 Hic
2728 3583 2803 3627 est
2815 3572 2970 3641 Deus,
2986 3576 3122 3634 Deus
3140 3593 3324 3639 noster.
3350 3582 3458 3655 Sic,

1876 3656 1955 3712 sic
1980 3656 2247 3727 quomodo
2274 3666 2610 3730 contemptus
2634 3672 2735 3728 est,
2766 3668 3034 3734 quomodo
3060 3670 3194 3740 lapis
3220 3684 3344 3731 ante
3365 3692 3461 3747 pe-

1875 3748 1971 3805 des
1994 3750 2160 3819 jacuit
2187 3747 2588 3815 offendentium,
2605 3762 2662 3808 ut
2688 3755 2989 3815 humiliaret
3016 3763 3177 3817 corda
3202 3769 3463 3825 confiten-

1877 3842 2044 3900 tium:
2085 3842 2164 3895 sic
2201 3841 2282 3895 hic
2322 3851 2395 3895 est
2439 3842 2574 3898 Deus
2616 3855 2799 3900 noster.
2831 3847 2986 3905 Certe
3012 3852 3157 3908 visus
3184 3866 3298 3924 est,
3327 3858 3464 3915 sicut

1876 3934 2076 3988 dictum
2106 3941 2190 3988 est
2228 3950 2243 3988 :
2284 3932 2413 3989 Post
2442 3936 2549 3990 lucc
2572 3937 2624 3992 in
2650 3941 2794 3994 terris
2818 3941 2952 3997 visus
2977 3954 3068 4010 est,
3100 3957 3145 4001 et
3171 3965 3284 4003 cum
3309 3952 3465 4007 hornis

1880 4026 2025 4079 nibus
2052 4038 2371 4080 conversatus
2424 4037 2495 4082 est
2533 4028 2760 4101 (Baruclt
2800 4047 2874 4096 tn,
2918 4034 3032 4108 58).
3084 4036 3182 4094 Hic
3221 4052 3291 4096 est
3326 4040 3465 4105 Deus

1877 4122 2065 4173 noster.
2097 4118 2163 4173 Et
2191 4119 2351 4174 homo
2378 4130 2488 4184 est,
2521 4130 2575 4176 et
2614 4124 2733 4193 quis
2755 4134 2833 4179 est
2862 4128 2950 4196 qui
2981 4143 3264 4200 cognoscet
3299 4139 3468 4194 cum?

1883 4207 2132 4275 Quoniam
2172 4209 2252 4263 hic
2280 4219 2353 4264 est
2396 4208 2533 4265 Deus
2580 4224 2765 4269 noster.
2806 4216 2909 4272 Sed
2953 4217 3091 4276 forte
3132 4224 3198 4278 ad
3231 4234 3465 4301 tempus,

1878 4299 2145 4369 quomodo
2173 4299 2244 4354 dii
2272 4299 2404 4355 falsi.
2437 4300 2568 4369 Quia
2593 4305 2733 4359 enim
2764 4308 2942 4363 vocari
2974 4322 3194 4380 possunt
3220 4314 3315 4384 dii,
3343 4299 3469 4376 esse

1878 4402 2055 4445 autem
2086 4404 2191 4443 non
2237 4399 2475 4460 possunt,
2509 4391 2577 4447 ad
2624 4401 2831 4464 tempus
2872 4398 2955 4452 vel
3004 4411 3277 4457 vocantur.
3328 4405 3467 4463 Nam

1878 4480 2002 4553 quid
2028 4481 2106 4536 eis
2133 4481 2258 4536 dicit
2286 4481 2564 4553 propheta,
2586 4485 2668 4539 vel
2696 4486 2820 4555 quid
2845 4500 3023 4545 mouet
3047 4502 3102 4547 ut
3121 4493 3198 4550 eis
3219 4495 3426 4553 dicatur
3441 4503 3471 4560 ?

1881 4573 2005 4630 lianc
2041 4576 2120 4630 eis
2155 4573 2342 4630 dicetis
2375 4574 2587 4641 :Quid?
2612 4574 2704 4631 Dii
2738 4579 2826 4648 qui
2852 4581 3033 4637 calum
3067 4593 3115 4638 et
3146 4580 3329 4642 terram
3365 4607 3471 4648 non

1880 4672 2132 4739 fecerunt.
2166 4676 2370 4739 pereant
2396 4667 2460 4722 de
2487 4678 2618 4725 terra
2635 4711 2651 4736 ,
2682 4679 2727 4724 et
2756 4669 2819 4725 de
2849 4668 2927 4726 his
2954 4690 3067 4744 quae
3084 4675 3174 4731 sub
3196 4678 3320 4733 cwlo
3347 4693 3471 4742 sunt

1883 4758 2095 4830 (Jerem.
2121 4773 2180 4827 x,
2213 4758 2322 4830 Η).
2354 4757 2468 4814 Νοη
2489 4768 2572 4814 εει
2599 4759 2698 4817 iste
2722 4761 2843 4816 talis
2867 4763 3027 4832 Deus,
3049 4767 3298 4837 quoniam
3327 4770 3473 4829 Deus

1882 4862 2064 4909 noster
2092 4867 2253 4923 super
2281 4866 2468 4908 omnes
2496 4851 2644 4909 deos.
2688 4853 2862 4927 Super
2888 4871 3023 4927 quos
3065 4846 3252 4917 omnes
3290 4862 3422 4921 deos
3442 4865 3475 4922 ’θ

1888 4946 2140 5019 Quoniam
2167 4963 2337 5001 omnes
2365 4946 2439 5000 dii
2466 4947 2686 5017 gentium
2708 4946 2958 5003 daemonia
2981 4991 2995 5013 ,
3029 4950 3278 5009 Dominus
3301 4968 3475 5016 autem

1884 5042 2035 5097 caelos
2062 5039 2179 5110 fecit
2208 5037 2378 5113 (Psal.
2418 5052 2539 5105 xcv,
2579 5036 2656 5109 5).
2701 5037 2816 5108 ipse
2840 5048 2923 5095 est
2945 5057 3074 5114 ergo
3097 5043 3237 5101 Deus
3265 5050 3470 5115 noster,

1887 5131 1967 5185 hic
2000 5139 2073 5185 est
2114 5128 2254 5184 Deus
2291 5138 2475 5183 noster.
2503 5127 2836 5200 Quousque?
2874 5129 2943 5186 In
2967 5142 3206 5190 atternum
3235 5147 3281 5190 et
3303 5138 3355 5193 in
3373 5157 3470 5195 sw-

1885 5223 2055 5280 culum
2081 5221 2256 5278 saeculi
2272 5240 2290 5286 ;
2316 5222 2423 5293 ipse
2442 5229 2577 5293 reget
2602 5238 2694 5277 nos
2717 5224 2770 5278 in
2797 5225 3001 5281 saecula.
3034 5225 3089 5284 Si
3117 5228 3259 5285 Deus
3285 5242 3472 5289 noster

1887 5325 1988 5379 est,
2016 5328 2069 5371 et
2094 5330 2183 5370 rex
2207 5322 2387 5369 noster
2411 5321 2523 5380 est;
2555 5316 2782 5387 protegit
2802 5332 2922 5385 nos,
2951 5320 3071 5391 quia
3104 5320 3242 5376 Deus
3268 5331 3370 5388 est,
3402 5341 3473 5382 ne

1888 5408 2205 5472 moriamur;
2250 5406 2386 5477 regit
2419 5422 2537 5474 nos,
2565 5408 2684 5477 quia
2714 5425 2809 5465 rex
2838 5420 2939 5479 est,
2964 5427 3030 5467 ne
3056 5412 3324 5471 cadamus.
3358 5414 3471 5475 ῐιε..

1888 5499 2058 5570 geudo
2083 5507 2259 5554 autem
2291 5514 2388 5554 nos
2418 5515 2520 5554 non
2564 5497 2753 5572 frangit
2780 5516 2906 5567 nos;
2939 5517 3057 5557 nam
3087 5518 3218 5574 quos
3248 5522 3352 5561 non
3383 5523 3474 5564 re-

1887 5594 1984 5664 git.
2013 5590 2222 5662 frangit.
2251 5589 2413 5662 Reges
2436 5608 2541 5655 eos,
2573 5591 2771 5664 inquit,
2798 5593 2850 5647 in
2875 5592 3015 5669 virga
3038 5595 3205 5666 ferrea
3223 5637 3242 5665 ,
3287 5608 3334 5653 et
3361 5609 3474 5656 tan.

1889 5699 2038 5757 quam
2082 5698 2169 5737 vas
2211 5681 2359 5755 ﬁguli
2401 5691 2626 5737 conteres
2664 5700 2750 5738 eos
2791 5681 2957 5759 (Psal.
2990 5700 3047 5752 tt,
3090 5684 3167 5755 9).
3218 5684 3323 5744 Sed
3350 5700 3477 5748 sunt

1890 5790 2025 5848 quos
2054 5789 2158 5828 non
2200 5772 2376 5845 regit:
2408 5774 2536 5844 ipsis
2564 5789 2667 5829 non
2709 5774 2894 5844 parcit,
2929 5784 3175 5847 tanquam
3198 5795 3300 5851 vas
3330 5781 3474 5854 liguli

1894 5876 2176 5926 conterens
2205 5879 2316 5922 eos.
2352 5864 2431 5921 Ab
2454 5865 2544 5921 illo
2568 5880 2695 5940 ergo
2723 5875 2966 5938 optemus
2990 5870 3098 5941 regi
3129 5880 3183 5927 et
3211 5870 3424 5931 liberari
3454 5892 3473 5933 ε
