4042 6466
578 367 683 425 τις

576 487 695 552 quia
718 481 799 536 hic
818 491 890 535 est
919 478 1054 534 Deus
1084 489 1252 535 uoster
1280 479 1331 531 in
1351 486 1611 537 internum,
1643 487 1689 530 et
1716 478 1766 530 in
1791 477 2035 530 arculum
2058 491 2119 529 sa
2135 503 2153 516 -

579 575 719 637 culi;
741 582 791 628 et
816 574 923 643 ipse
948 581 1079 643 reget
1110 588 1200 626 nos
1224 571 1273 624 in
1293 571 1499 626 secula.

585 708 652 727 υ,

664 711 879 724 ——_

994 783 1071 843 IN
1114 780 1488 843 PSALMUM
1519 779 1775 840 XLVIII

1159 903 1573 960 ENARIIATIU.

1246 1032 1416 1072 SERIIO
1455 1033 1491 1072 Ι.

1018 1133 1097 1189 De
1129 1135 1294 1205 prima
1331 1142 1474 1201 parte
1512 1130 1722 1188 Psalmi.

654 1250 702 1304 Ι.
742 1248 930 1303 Omnia
956 1246 1129 1300 divina
1152 1245 1360 1314 eloquia
1381 1244 1608 1298 salubria
1644 1251 1769 1297 sunt
1796 1241 1930 1296 bene
1958 1241 2151 1295 intelli-

574 1341 847 1410 gcutibus;
895 1338 1187 1407 periculosa
1224 1351 1350 1390 vero
1391 1334 1473 1388 bis
1518 1334 1605 1403 qui
1644 1348 1708 1386 ea
1739 1331 1916 1385 volunt
1962 1330 2029 1385 ad
2067 1329 2150 1385 sui

576 1432 752 1486 cordis
801 1428 1196 1498 perversitatem
1244 1428 1582 1496 detorquere,
1614 1422 1784 1492 potius
1811 1436 1967 1491 quam
1996 1435 2149 1477 suum

574 1537 670 1576 cur
695 1520 760 1574 ad
790 1535 972 1576 eorum
1000 1518 1367 1573 rectitudinem
1394 1516 1680 1586 corrigere.
1732 1514 1854 1568 lla-c
1893 1521 1975 1568 est
2007 1513 2148 1567 enim

576 1614 628 1668 in
663 1612 966 1667 hmuiuibus
992 1627 1178 1681 magna
1202 1618 1261 1665 et
1293 1610 1483 1663 usitata
1512 1607 1859 1676 perversitas;
1884 1607 2005 1675 quia
2029 1618 2150 1659 cum

574 1705 800 1760 debeant
826 1705 1004 1758 vivere
1034 1704 1130 1773 ipsi
1160 1703 1449 1759 secundum
1478 1701 1801 1757 voluntatem
1833 1700 1947 1761 Dei.
1981 1700 2147 1754 Deum

576 1797 762 1851 volunt
799 1797 976 1851 vivere
1019 1795 1309 1851 secundum
1338 1793 1657 1848 voluntatem
1685 1806 1837 1847 suam
1888 1807 1902 1844 :
1940 1800 1996 1845 et
2030 1806 2150 1844 cum

577 1888 674 1957 ipsi
706 1888 893 1941 nolunt
920 1887 1150 1957 corrigi,
1196 1885 1343 1941 illum
1371 1885 1555 1939 volunt
1590 1883 1905 1953 depravari;
1947 1892 2150 1939 rectum

580 1994 686 2033 non
715 1978 1035 2032 arbitrantes
1058 1976 1198 2046 quod
1227 1976 1314 2031 ille
1342 1976 1451 2030 vult
1473 2016 1488 2040 ,
1520 1973 1616 2030 sed
1652 1973 1792 2044 quod
1822 1973 1918 2042 ip~i
1947 1973 2148 2027 volunt.

577 2071 823 2125 Solemus
847 2078 1022 2124 autem
1051 2068 1236 2123 audire
1274 2067 1516 2121 homines
1545 2058 1934 2120 murmurantes
1956 2065 2151 2120 adver-

574 2174 668 2213 sus
693 2159 878 2221 Deum,
909 2157 1049 2227 quod
1076 2156 1228 2212 malis
1254 2158 1304 2210 in
1337 2156 1436 2211 bac
1455 2156 1558 2211 vita
1585 2156 1719 2210 bene
1746 2157 1816 2210 sit
1834 2164 1889 2211 et
1914 2155 2153 2210 laborent

576 2251 699 2306 boui
732 2269 747 2305 :
792 2249 942 2319 quasi
971 2250 1058 2305 ille
1087 2264 1363 2319 perversos
1387 2248 1495 2314 sit,
1524 2257 1578 2303 ct
1602 2249 1809 2303 nesciat
1836 2246 1961 2318 quid
1986 2255 2106 2316 agat
2131 2287 2147 2311 ,

575 2352 666 2395 aut
694 2342 910 2395 omnino
933 2341 1184 2394 averterit
1207 2339 1391 2393 oculos
1418 2353 1448 2391 a
1476 2339 1635 2393 rebus
1657 2337 1934 2403 humanis;
1965 2337 2048 2391 vel
2074 2353 2153 2393 se-

575 2431 853 2486 curitatem
894 2446 1043 2486 suam
1090 2429 1384 2500 perturbari
1413 2430 1564 2494 nolit,
1605 2437 1663 2482 ut
1709 2428 1820 2482 ba‘c
1849 2445 1955 2482 non
1981 2437 2153 2482 atten-

575 2521 687 2588 dat,
724 2521 848 2589 quia
874 2535 993 2576 cum
1037 2521 1218 2576 labore
1245 2521 1343 2575 ista
1374 2521 1512 2575 Deus
1539 2530 1631 2574 aut
1657 2519 1834 2575 videat
1856 2529 1948 2574 aut
1979 2520 2152 2574 corri-

573 2623 681 2685 gat.
710 2613 1034 2668 Murmurant
1062 2628 1190 2682 ergo
1215 2613 1458 2667 homines
1480 2651 1496 2675 ,
1523 2612 1615 2682 qui
1661 2622 1936 2682 propterea
1971 2611 2153 2666 volunt

580 2706 742 2760 Deum
763 2704 940 2759 colere
965 2715 1023 2760 ut
1048 2704 1135 2760 hic
1160 2703 1265 2758 illis
1293 2704 1430 2759 bene
1446 2704 1536 2769 sit,
1563 2702 1776 2773 quando
1802 2703 2029 2758 viderint
2058 2719 2151 2758 eos

573 2797 661 2866 qui
696 2796 858 2851 Deum
886 2812 990 2850 non
1019 2796 1203 2850 colunt
1244 2797 1442 2863 pollere
1468 2806 1628 2863 atque
1669 2794 1862 2850 ﬂorere
1903 2793 2151 2850 felicitate

575 2898 827 2947 terrena;
861 2902 920 2943 se
953 2897 1127 2941 autem
1170 2886 1408 2941 colentes
1441 2886 1603 2940 Deum
1632 2886 1873 2940 laborare
1899 2886 1950 2939 iu
1980 2901 2150 2951 augu-

573 2978 710 3041 stiis,
750 2979 801 3032 in
842 2978 1267 3039 necessitatibus,
1295 2978 1347 3030 in
1378 2990 1636 3041 terumna,
1676 2976 1990 3044 ceterisque
2011 2976 2153 3030 ditii-

573 3068 854 3123 cultatibus
891 3068 1225 3122 mortalitatis
1252 3068 1517 3122 humanm.
1561 3067 1756 3121 Contra
1784 3067 1937 3120 istam
1966 3081 2149 3121 vocem

574 3171 627 3214 et
656 3170 839 3213 contra
870 3159 965 3211 bas
1008 3158 1363 3227 blasphemias
1405 3158 1867 3220 murmurantium,
1913 3158 2150 3211 incantat

572 3263 786 3317 semper
812 3263 990 3303 sermo
1015 3247 1242 3312 divinus,
1263 3261 1456 3301 curans
1475 3264 1503 3298 a
1531 3261 1708 3301 morsu
1736 3247 2017 3314 serpentis.
2049 3245 2152 3299 Ve-

575 3342 753 3397 nenali
779 3343 921 3396 enim
952 3341 1128 3396 cordis
1155 3349 1239 3395 est
1266 3341 1364 3395 ista
1391 3339 1587 3403 sanies,
1614 3347 1864 3394 eructans
1901 3340 1951 3392 in
1984 3339 2148 3393 Deum

574 3445 817 3504 putorem
863 3432 1224 3501 blasphemizc,
1252 3440 1306 3486 et
1347 3429 1488 3501 quod
1531 3430 1679 3499 pejus
1704 3437 1788 3484 est
1829 3445 2018 3483 manus
2052 3446 2148 3483 cu-

573 3524 738 3579 rantis
782 3523 1067 3593 repellens,
1117 3537 1353 3577 morsum
1400 3520 1662 3589 serpentis
1707 3533 1812 3574 non
1862 3520 2144 3588 repellens.

577 3617 687 3672 Iloc
713 3616 842 3676 disi.
873 3616 1078 3686 repellit
1108 3630 1135 3667 a
1166 3629 1225 3668 se
1248 3628 1344 3668 cor
1374 3613 1604 3667 hominis
1633 3612 1780 3666 verbi
1822 3611 1915 3666 Dei
1940 3612 2146 3666 sevcri-

574 3716 755 3766 tatem.
774 3715 830 3762 et
856 3705 1085 3759 admittit
1107 3704 1171 3757 ad
1196 3718 1254 3757 se
1280 3703 1417 3756 male
1431 3701 1701 3756 suadentis
1717 3702 1977 3768 serpentis
1994 3702 2147 3754 blan-

571 3798 748 3853 ditias.
786 3797 982 3851 Contra
1010 3796 1105 3848 bos
1131 3808 1259 3861 ergo
1283 3800 1463 3847 cantat
1485 3806 1665 3847 sermo
1686 3791 1894 3846 divinus
1917 3832 1931 3853 ,
1962 3801 2013 3844 et
2036 3790 2146 3861 jam

574 3893 625 3944 in
656 3890 757 3943 isto
787 3888 989 3957 psalmo
1028 3885 1261 3955 loquitur
1304 3883 1476 3937 nobis.
1522 3881 1600 3936 Ad
1631 3897 1788 3950 quem
1835 3881 2094 3950 psalmum
2128 3883 2144 3914 ¹

574 3983 828 4036 intentam
858 3993 956 4047 ego
985 3979 1210 4031 facerem
1238 3974 1583 4029 Sanctitatem
1617 3973 1878 4035 Vestram,
1907 3973 2006 4026 nisi
2036 3974 2148 4043 ipse

572 4087 673 4128 nos
698 4072 892 4128 faceret
915 4084 1102 4125 omnes
1130 4069 1388 4131 intentus;
1417 4081 1512 4121 nec
1535 4080 1631 4119 nos
1653 4064 1818 4130 solos,
1854 4066 1946 4121 sed
1978 4074 2145 4123 totum

572 4163 757 4218 orbem
784 4171 1065 4216 terrarum.
1098 4157 1289 4213 Audite
1326 4157 1465 4211 enim
1492 4155 1934 4225 qucuIadImuluIn
1961 4158 2144 4227 coepit.

640 4253 695 4309 ει
737 4252 886 4326 [νει-ε.
915 4250 995 4325 2.]
1025 4250 1206 4305 Audite
1234 4250 1339 4303 lucc
1358 4265 1527 4302 omnes
1551 4256 1739 4318 gentes.
1772 4247 1883 4302 Non
1903 4264 2030 4319 ergo
2053 4265 2145 4305 vos

571 4348 672 4403 soli
701 4347 787 4416 qui
820 4348 905 4401 hic
939 4346 1089 4401 estis.
1128 4342 1258 4398 Nam
1286 4356 1389 4395 vos
1417 4350 1594 4395 nostra
1620 4349 1813 4411 quanta
1843 4350 1955 4400 est.
1985 4350 2041 4395 ut
2068 4341 2145 4396 sic

569 4440 882 4501 clamcmus,
928 4445 985 4489 ut
1009 4434 1228 4489 audiant
1251 4449 1435 4486 omnes
1459 4433 1678 4500 gentes?
1718 4428 1977 4485 Clamavit
2002 4433 2141 4487 enim

573 4546 667 4599 per
695 4528 976 4598 Apostolus
1000 4526 1251 4580 Dominus
1277 4532 1458 4577 uoster
1481 4522 1637 4575 JI-sus
1658 4521 1921 4585 Christus,
1942 4523 2143 4577 clama-

571 4623 752 4674 vit-tot
775 4618 964 4687 linguis
984 4630 1118 4686 quas
1142 4613 1281 4669 misit
1299 4613 1354 4679 ’ς
1384 4620 1438 4669 et
1464 4610 1702 4666 videmus
1718 4610 1858 4664 hunc
1887 4612 2143 4678 psalmum

569 4712 659 4781 qui
700 4719 824 4763 ante
850 4722 955 4762 non
985 4706 1306 4762 recitabatur
1345 4703 1444 4758 nisi
1475 4704 1525 4757 iu
1556 4719 1657 4756 una
1686 4711 1873 4772 gente.
1902 4703 1954 4756 iu
1980 4717 2139 4774 syna-

567 4816 702 4875 goga
729 4800 1053 4862 Iudaeorum,
1084 4797 1295 4853 recitari
1326 4811 1420 4866 per
1449 4804 1614 4851 totum
1647 4795 1830 4850 urbem
1858 4803 2138 4861 terrarum,

571 4909 666 4966 per
688 4907 881 4964 omnes
909 4892 1188 4954 Ecclesias,
1230 4890 1607 4960 imple-umque
1630 4902 1750 4944 esse
1775 4886 1915 4956 quod
1946 4886 2031 4943 hic
2055 4887 2139 4943 di-

568 4996 712 5042 ctum
761 4994 862 5049 est,
911 4983 1093 5038 Audite
1121 4983 1226 5037 ha'c
1254 4996 1422 5035 omnes
1458 4989 1645 5049 gentes.
1693 4978 1774 5033 Ad
1818 4977 1920 5034 hoc
1962 4978 2135 5032 solum

568 5076 690 5129 volo
715 5075 943 5129 intentos
970 5072 1142 5127 facere
1165 5073 1373 5125 animos
1397 5079 1623 5135 vestros,
1656 5083 1723 5123 ne
1754 5078 1969 5137 propter
1993 5068 2140 5123 labo-

568 5186 680 5226 rem
710 5165 1039 5244 corporalem
1084 5181 1189 5219 non
1235 5163 1447 5233 crigatis
1475 5162 1706 5216 animum
1734 5201 1750 5226 ,
1782 5169 2018 5216 terrente
2045 5177 2140 5217 vos

565 5262 895 5333 longitudine
920 5259 1103 5327 psalmi
1128 5257 1301 5327 hujus.
1328 5256 1382 5310 Si
1417 5255 1664 5324 potuerit.
1699 5255 1910 5307 tinictur
1939 5251 2095 5309 hodie
2121 5271 2134 5307 :

564 5355 608 5408 si
640 5367 744 5409 non
764 5393 780 5419 ,
811 5350 1030 5406 restabit
1056 5348 1207 5402 nobis
1236 5346 1432 5415 aliquid
1459 5346 1510 5399 in
1537 5345 1825 5399 crastinum
1855 5344 2025 5407 diem;
2056 5353 2136 5397 ta-

566 5463 688 5504 men
720 5461 817 5502 vos
839 5458 1049 5514 semper
1075 5441 1261 5497 intenti
1286 5448 1479 5496 estote.
1510 5438 1735 5492 Tantum
1775 5437 1916 5491 enim
1954 5435 2139 5491 audie-

628 5605 645 5637 ι
681 5601 813 5665 me,
836 5596 1070 5665 quomodo
1088 5596 1315 5649 intentam
1334 5605 1423 5658 ego
1451 5593 1677 5657 facerem.
1705 5590 1849 5641 Abest.
1881 5589 2135 5655 quomodo,

559 5680 591 5720 ⁸
612 5671 753 5777 augis
767 5729 841 5773 Er.
875 5730 928 5775 et
957 5729 1065 5783 llas.
1103 5724 1281 5783 praeter
1304 5716 1448 5766 \‘atic.
1476 5720 1673 5783 et_tteg.
1696 5702 1781 5778 qui
1802 5713 2004 5774 habent.
2024 5716 2135 5776 linat
2163 5767 2167 5770 ,

560 5788 687 5839 misit
729 5793 786 5835 At
806 5793 896 5833 ιον
959 5782 1010 5829 in
1031 5777 1151 5832 quas
1171 5778 1301 5832 misit
1327 5790 1515 5829 :nnnus
1537 5777 1683 5836 bene,

1863 365 1920 414 8.
1962 355 2318 415 AL'GUSTINI
2358 358 2655 420 EPISCOPI

3728 368 3834 427 δα

2262 474 2347 537 tis,
2377 476 2421 528 si
2469 476 2722 532 Dominus
2762 476 3006 542 voluerit,
3047 484 3298 548 quantum
3338 493 3433 533 vos
3473 493 3579 536 non
3618 492 3825 553 gravet,

2257 568 2348 622 sed
2380 569 2594 624 relevet.
2637 571 2816 625 Audite
2856 571 2983 636 lucc,
3008 587 3180 627 omnes
3207 581 3374 643 gentes
3402 588 3423 627 :
3448 573 3592 630 unde
3619 574 3750 630 estis
3776 587 3829 631 et

2256 675 2372 713 vos.
2399 660 2615 715 Auribus
2644 662 2899 730 percipite,
2930 678 3101 718 omnes
3125 663 3211 732 qui
3238 663 3473 719 habitatis
3498 665 3684 721 orbem.
3719 667 3828 721 Iioc

2256 753 2448 807 iterum
2494 753 2701 809 videtur
2741 756 3018 825 repetisse,
3058 754 3209 826 quasi
3254 771 3441 826 parum
3484 756 3639 812 luerit
3682 759 3827 828 quod

2255 845 2407 908 dixit.
2434 846 2635 901 Audite.
2667 847 2817 915 Quod
2846 848 2986 913 dico,
3014 848 3210 919 inquit,
3240 848 3417 903 audite
3435 891 3453 912 ,
3481 849 3689 905 auribus
3713 867 3828 920 pcr-

2255 938 2423 1008 cipite,
2471 937 2573 993 hoc
2597 949 2701 1004 est,
2732 940 2899 995 nolite
2928 947 3263 995 transeunter
3303 941 3506 997 audire.
3544 942 3679 1010 Quid
3710 953 3826 1008 est,

2252 1029 2459 1083 auribus
2484 1034 2759 1100 prmpite.’
2790 1032 2939 1101 Quod
2981 1033 3231 1087 Dominus
3257 1033 3501 1100 dicebat,
3546 1035 3645 1103 Qui
3681 1035 3830 1090 habet

2254 1135 2401 1173 aures
2434 1121 2692 1188 audiendi,
2734 1124 2910 1177 audiat
2950 1122 3159 1197 (Matth.
3206 1138 3283 1188 XI,
3309 1123 3401 1195 25)
3439 1142 3455 1181 :
3490 1140 3610 1181 cum
3638 1140 3831 1181 omnes

2251 1210 2340 1278 qui
2371 1211 2424 1263 in
2450 1222 2735 1281 conspectu
2763 1213 2877 1282 ejus
2910 1222 3085 1278 erant,
3125 1214 3307 1285 utique
3346 1213 3600 1271 haberent
3624 1230 3783 1271 aures
3809 1233 3828 1279 ;

2252 1315 2384 1369 quas
2427 1301 2513 1356 ille
2555 1317 2712 1358 aures
2751 1304 3019 1375 qurerebat
3048 1305 3150 1359 nisi
3193 1306 3391 1370 cordis,
3434 1322 3557 1361 cum
3601 1307 3826 1374 diceret,

2256 1391 2359 1459 Qui
2386 1391 2530 1448 habet
2550 1411 2698 1449 aures
2725 1395 2985 1463 audiendi,
3008 1396 3222 1450 audiat?
3248 1396 3358 1453 Has
3380 1404 3435 1453 et
3462 1397 3562 1453 iste
3590 1382 3829 1467 psalmus

2253 1499 2409 1538 aures
2453 1485 2644 1553 pulsat.
2690 1485 2907 1540 Auribus
2947 1486 3210 1557 percipite,
3257 1503 3427 1541 omnes
3460 1487 3547 1557 qui
3592 1487 3829 1542 habitatis

2252 1574 2439 1630 orbem.
2463 1575 2622 1630 Forte
2645 1586 2699 1629 et
2726 1575 2813 1631 bic
2840 1584 2923 1630 est
2945 1577 3118 1645 aliqua
3151 1577 3441 1633 distinctio.
3468 1576 3583 1632 Non
3612 1577 3828 1647 quidem

2253 1683 2352 1723 nos
2377 1677 2647 1724 coarctare
2667 1667 2939 1733 debemus,
2966 1668 3059 1723 sed
3081 1668 3211 1723 nihil
3240 1669 3363 1723 mali
3387 1676 3469 1723 est
3489 1669 3650 1723 etiam
3673 1669 3829 1723 istam

2252 1761 2517 1829 explicare
2557 1761 2895 1815 sententiam.
2946 1759 3106 1815 Forte
3156 1758 3352 1831 aliquid
3390 1758 3551 1815 distat
3592 1760 3736 1814 inter
3778 1757 3829 1829 id

2252 1850 2394 1920 quod
2416 1851 2566 1917 dixit,
2597 1868 2766 1906 omnes
2792 1861 2979 1922 gentes,
3006 1860 3061 1907 et
3087 1851 3399 1922 quoddixil,
3422 1868 3594 1906 omnes
3621 1852 3710 1920 qui
3736 1853 3831 1906 Isa-

2254 1948 2420 2002 bitatis
2444 1947 2630 2003 orbem.
2669 1947 3064 2017 Signiﬁcantius
3102 1948 3245 2001 enim
3287 1946 3513 2002 fortasse
3537 1946 3705 2000 voluit
3733 1961 3830 2004 nos

2255 2039 2549 2110 intelligere
2576 2039 2716 2109 quod
2744 2039 2895 2104 dixit,
2923 2038 3213 2092 inhabitans
3232 2079 3247 2105 ,
3270 2044 3328 2092 ut
3352 2046 3537 2107 gentes
3566 2037 3830 2106 intelliga-

2255 2146 2376 2188 mus
2396 2147 2580 2186 omnes
2608 2132 2815 2201 iniquos
2836 2173 2854 2197 ,
2901 2130 3222 2186 habitatores
3249 2138 3424 2184 autem
3451 2128 3596 2183 orbis
3618 2143 3830 2196 omnes,

2247 2212 2562 2295 justosfllle
2594 2223 2736 2277 enim
2778 2221 2979 2276 habitat
3014 2222 3101 2290 qui
3145 2236 3250 2276 non
3294 2229 3502 2275 tenetur
3539 2238 3552 2275 :
3584 2235 3707 2274 nam
3736 2221 3829 2292 qui

2256 2322 2485 2379 tenetur,
2515 2310 2803 2378 habitatur,
2852 2328 2957 2367 non
2986 2312 3206 2367 habitat.
3240 2311 3518 2380 Quomodo
3543 2311 3631 2367 ille
3657 2311 3832 2382 possi-

2250 2406 2345 2461 det
2377 2419 2725 2475 qua-cumque
2755 2404 2945 2468 habet,
2987 2405 3077 2474 qui
3112 2403 3357 2458 dominus
3393 2411 3475 2457 est
3503 2416 3832 2457 rcrumsua-

2190 2524 2209 2534 -
2254 2510 2404 2561 rum;
2432 2495 2678 2550 dominus
2701 2508 2877 2549 autem
2902 2504 3005 2559 est,
3026 2496 3115 2566 qui
3145 2510 3246 2548 non
3265 2484 3347 2549 est
3368 2494 3600 2550 irretitus
3628 2492 3833 2563 cupidi-

2256 2597 2362 2643 tate
2404 2606 2418 2643 :
2463 2588 2555 2657 qui
2594 2597 2770 2642 autem
2811 2587 3099 2657 cupiditate
3139 2596 3373 2649 tenetur,
3419 2599 3699 2656 possessus
3729 2594 3832 2648 est,

2254 2695 2361 2735 non
2385 2694 2678 2750 possessor.
2726 2679 2993 2734 Habemus
3019 2679 3160 2735 enim
3187 2677 3451 2747 quoddam
3481 2675 3702 2731 verbum
3734 2675 3834 2730 ha-

2254 2769 2506 2825 bitatione
2530 2771 2788 2839 signatum
2810 2770 2860 2823 iu
2888 2769 3158 2838 Scriptura
3187 2767 3301 2834 Dei,
3334 2766 3420 2821 ubi
3448 2767 3544 2830 ait,
3570 2765 3720 2837 Elegi
3742 2766 3835 2819 ab-

2242 2862 2341 2932 jici
2375 2861 2428 2915 in
2457 2861 2605 2915 domo
2632 2860 2857 2924 Domini,
2898 2861 3059 2931 magis
3093 2876 3245 2928 quant
3269 2858 3496 2911 habitare
3519 2859 3573 2912 in
3599 2858 3837 2915 taberna-

2253 2953 2380 3007 culis
2408 2962 2722 3021 peccatorum
2750 2950 2919 3022 (Psal.
2944 2966 3160 3011 LXXXIII.
3190 2951 3302 3021 11).
3322 2948 3458 3017 Quid
3480 2948 3650 3015 enim,
3673 2948 3722 3002 si
3744 2949 3838 3004 al)-

2249 3042 2430 3113 jiceris
2480 3042 2532 3097 in
2578 3041 2740 3097 domo
2789 3042 3032 3108 Domini,
3084 3056 3188 3096 non
3244 3041 3314 3095 ibi
3361 3038 3603 3094 habitas?
3651 3039 3837 3095 Noluit

2253 3134 2551 3204 signiﬁcare
2571 3133 2948 3190 habitationem
2963 3173 2980 3199 ,
3012 3132 3189 3191 uisi,in
3215 3133 3294 3187 eis
3317 3132 3408 3203 qui
3434 3138 3644 3202 regunt,
3665 3141 3725 3186 et
3756 3141 3836 3187 te-

2254 3236 2401 3291 nent,
2424 3234 2477 3279 et
2502 3224 2862 3291 dominantur,
2885 3234 2939 3280 et
2962 3225 3261 3294 gubernant
3289 3240 3303 3279 :
3332 3222 3427 3293 qui
3446 3234 3622 3277 autem
3648 3229 3839 3275 conte-

2253 3327 2524 3380 mnuntur,
2572 3331 2676 3370 non
2707 3316 2856 3386 quasi
2894 3315 3150 3378 habitant,
3189 3314 3284 3369 sed
3322 3313 3544 3382 subjecti
3573 3322 3723 3369 sunt.
3764 3312 3837 3366 Ita

2252 3417 2427 3461 autem
2452 3405 2586 3461 dixit
2614 3424 2628 3461 :
2654 3405 2905 3461 Subditus
2934 3405 3051 3458 volo
3075 3419 3200 3461 esse
3238 3404 3290 3458 in
3316 3404 3475 3458 domo
3516 3403 3631 3468 Dei,
3662 3403 3839 3472 magis

2251 3514 2407 3567 quam
2476 3514 2697 3569 regnare
2749 3498 2802 3553 in
2874 3497 3222 3552 tabernaculis
3300 3504 3659 3567 peccatorum.
3735 3493 3839 3550 Ita-

2250 3606 2355 3660 que
2410 3590 2455 3662 sj
2498 3600 2579 3644 est
2608 3591 2780 3659 aliqua
2816 3588 3083 3644 distinctio
3136 3588 3274 3644 inter
3323 3604 3493 3642 omnes
3531 3596 3697 3656 gentes
3724 3629 3743 3652 ,
3784 3595 3840 3642 et

2252 3684 2554 3738 habitatores
2579 3683 2744 3745 orbis,
2772 3682 2908 3737 sicut
2934 3691 3015 3735 est
3052 3680 3321 3735 distinctio
3360 3680 3499 3734 inter
3542 3678 3741 3745 audite,
3782 3686 3839 3733 et

2250 3778 2452 3832 auribus
2497 3777 2753 3847 percipite,
2782 3774 2883 3829 hoc
2923 3773 3133 3845 quidem
3164 3772 3371 3827 videtur
3403 3773 3688 3840 repetisse;
3741 3769 3839 3829 scd

2253 3879 2426 3926 tamen
2455 3869 2598 3925 aliud
2637 3878 2756 3928 cst.
2786 3868 2927 3937 quod
2966 3881 3094 3921 sane
3114 3860 3287 3920 voluit
3328 3863 3659 3934 significare;
3710 3863 3838 3935 quia

2252 3961 2350 4014 ista
2392 3960 2598 4029 eloquia
2634 3957 2866 4012 audituri
2911 3964 3065 4010 erant
3093 3970 3195 4009 non
3235 3953 3406 4009 solum
3448 3961 3841 4024 peccatoreset

2251 4054 2416 4122 impii,
2460 4051 2554 4106 sed
2579 4060 2632 4106 et
2653 4050 2805 4120 justi.
2853 4049 3120 4105 Pcrmixte
3159 4045 3317 4101 modo
3345 4046 3564 4100 audiunt
3591 4059 3791 4100 omnes
3819 4059 3835 4096 :

2247 4145 2343 4202 sed
2367 4160 2488 4200 cum
2508 4152 2722 4200 ventum
2750 4141 2907 4197 fuerit
2930 4139 2997 4195 ad
3022 4137 3343 4194 reddendam
3369 4136 3648 4199 rationem,
3673 4151 3837 4204 sepa-

2249 4236 2505 4291 rabantur
2530 4233 2619 4304 qui
2648 4233 2764 4288 sine
2787 4246 2944 4285 causa
2970 4228 3271 4294 audierunt,
3315 4226 3382 4281 ab
3419 4225 3523 4280 illis
3562 4223 3655 4294 qui
3684 4214 3837 4278 auri-1

2248 4331 2348 4386 bus
2372 4335 2739 4399 perceperunt.
2770 4323 3002 4380 Audiant
3025 4336 3150 4392 ergo
3177 4328 3231 4377 et
3256 4327 3564 4393 peccatores
3595 4334 3610 4371 :
3644 4318 3840 4373 Audite

2249 4422 2375 4483 hac,
2406 4435 2576 4474 omnes
2620 4426 2807 4489 gentes.
2848 4414 3079 4470 Audiant
3118 4422 3171 4467 et
3216 4410 3368 4482 justi,
3408 4408 3499 4481 qui
3553 4424 3661 4463 non
3717 4408 3840 4465 sine

2247 4529 2409 4569 causa
2453 4511 2755 4571 audierunt,
2795 4517 2850 4562 et
2876 4514 3062 4579 regunt
3089 4504 3262 4574 potius
3288 4511 3482 4557 terram
3504 4542 3519 4564 ,
3550 4515 3716 4571 quam
3746 4514 3839 4554 re-

2246 4615 2441 4677 guntur
2465 4620 2496 4659 a
2526 4613 2665 4658 terra
2692 4618 2707 4655 ε
2737 4599 2951 4654 Auribus
2989 4596 3253 4667 percipite,
3279 4609 3450 4647 omnes
3474 4591 3560 4661 qui
3587 4590 3838 4644 habitatis

2238 4696 2431 4752 orbem.
3828 4686 3833 4687 ν

2317 4789 2369 4844 3.
2409 4786 2558 4860 [vera
2585 4782 2664 4859 5.]
2709 4782 2774 4837 Et
2818 4781 3006 4835 iterum
3054 4776 3220 4831 dicit:
3257 4774 3452 4843 Quique
3487 4770 3758 4843 terrigena
3788 4778 3841 4854 et

2245 4882 2341 4951 [itii
2365 4880 2644 4934 hominum.
2675 4873 2826 4945 Quod
2849 4873 2952 4937 ait,
2980 4862 3240 4942 terrigena!
3262 4910 3276 4934 ,
3308 4866 3373 4922 ad
3407 4873 3720 4936 peccatores
3750 4878 3841 4919 re-

2246 4971 2396 5032 tulit;
2435 4968 2574 5040 quod
2617 4967 2708 5030 ait,
2765 4963 2860 5033 lilii
2889 4962 3165 5022 hominum.
3198 4953 3265 5013 ad
3310 4955 3494 5013 ﬁdeles
3537 4964 3589 5010 et
3627 4953 3835 5022 justus.

2248 5060 2451 5117 Videtis
2473 5073 2621 5128 ergo,
2649 5055 2769 5125 quia
2808 5064 3049 5109 servatur
3086 5051 3183 5104 ism
3214 5047 3516 5121 distinctio.
3564 5044 3667 5117 Qui
3707 5040 3839 5102 sunt

2243 5167 2370 5222 ergo
2395 5149 2692 5221 tet-rigente?
2731 5145 2851 5202 Filii
2875 5156 3051 5199 terrae.
3091 5141 3190 5211 Qui
3216 5146 3338 5194 sunt
3382 5138 3471 5191 lilii
3499 5135 3701 5191 terrm?
3731 5136 3836 5204 Qui

2244 5241 2581 5298 lnureditates
2612 5248 2851 5297 terrenas
2880 5236 3179 5305 requirunt.
3223 5230 3325 5299 Qui
3366 5238 3491 5283 sunt
3523 5228 3619 5301 ﬁlii
3658 5228 3836 5282 homi-

2243 5336 2408 5391 num?
2462 5334 2562 5399 Qui
2604 5331 2869 5402 pertinent
2903 5327 2968 5381 ad
3015 5326 3179 5381 ﬁlium
3218 5321 3472 5377 brmiuis.
3523 5308 3840 5389 Aliquando

2237 5428 2347 5497 jam
2374 5426 2472 5479 ista
2500 5420 2834 5479 distinximus
2860 5416 3133 5474 Sanctitati
3165 5412 3402 5469 Vestrae.
3441 5419 3493 5465 et
3523 5410 3841 5466 invenimus

2240 5518 2363 5589 quia
2384 5514 2550 5573 Adam
2573 5514 2731 5567 homo
2752 5520 2887 5574 erat,
2916 5509 3055 5563 ﬁlius
3086 5504 3315 5561 hominis
3344 5518 3448 5559 non
3479 5511 3631 5568 erat;
3665 5501 3840 5558 Chri-

2241 5620 2356 5665 Stus
2377 5615 2554 5662 autem
2586 5602 2723 5659 ﬁlius
2749 5599 2981 5657 hominis
3008 5609 3143 5665 emt,
3172 5605 3226 5653 ct
3258 5594 3402 5677 Deus
3422 5600 3537 5650 erat
3566 5592 3663 5666 (ιι).
3698 5591 3840 5662 Qui-

2303 5763 2379 5816 ω
2403 5768 2453 5815 tu
2474 5766 2611 5817 mar.
2634 5759 2856 5812 Palmm
2896 5769 2947 5806 ιι.
2983 5754 3043 5807 ιο
