4042 6494
224 365 328 420 515

224 490 455 542 ευιιιιιιιο
486 473 631 527 enim
665 471 922 541 pertinent
949 468 1013 522 ad
1046 467 1229 529 Adam,
1256 467 1511 535 terrigena’
1533 481 1551 518 :
1579 464 1807 532 quit-nnt-

226 584 329 632 que
356 567 628 634 pertinent
655 564 720 615 ad
759 561 1045 619 Christum,
1078 558 1171 626 ﬁlii
1200 557 1474 608 hominum.
1504 553 1700 607 Omnes
1732 566 1807 603 ta-

229 674 350 710 men
401 656 646 716 audiant.
681 669 781 724 ego
807 652 931 705 nulli
976 648 1230 704 subtraho
1273 662 1570 701 sermonem
1612 660 1806 696 meum.

227 749 521 817 'l‘t-rrigetta
574 755 677 813 est,
716 744 893 798 audiat
941 752 1153 812 propter
1190 740 1475 808 judicium;
1535 736 1670 789 lilius
1712 735 1809 786 hn-

229 839 390 891 tninis
431 847 547 901 est,
590 836 768 890 audiat
809 841 1023 902 propter
1060 846 1298 900 regnum.
1346 827 1512 882 Simul
1557 826 1607 878 in
1657 840 1809 877 unnnt

227 933 368 983 dim
402 938 453 983 et
503 943 718 997 pauper.
763 926 956 980 lterum
992 925 1100 992 ipsa
1130 931 1254 975 sunt
1285 920 1524 988 repetita.
1557 916 1706 982 Quod
1738 918 1809 968 ait

170 1010 173 1013 ’
229 1023 392 1085 diues,
434 1020 502 1073 ad
540 1019 830 1088 terrigenas
869 1015 1129 1086 pertinet;
1177 1011 1315 1082 quod
1356 1012 1448 1074 ait,
1490 1024 1698 1079 pauper,
1743 1006 1807 1058 ad

229 1112 368 1165 ﬁlios
396 1110 695 1163 hominum.
729 1108 926 1162 Divites
969 1105 1197 1171 intelligo
1234 1101 1510 1171 superbus,
1554 1112 1811 1167 pauperes

227 1201 480 1255 humiles.
524 1200 726 1255 Habeat
765 1198 956 1252 multas
984 1195 1258 1250 facultates
1289 1193 1659 1261 pecuniarum;
1688 1189 1732 1241 si
1758 1188 1808 1240 in

225 1293 315 1345 eis
336 1306 442 1346 non
471 1291 747 1346 extollitur
767 1329 783 1356 ,
835 1302 1031 1358 panper
1077 1294 1159 1339 est
1199 1303 1212 1338 :
1241 1299 1345 1337 non
1375 1282 1565 1335 habeat
1590 1278 1808 1348 aliquid,

222 1392 287 1436 et
315 1384 493 1454 cupiat
518 1391 574 1438 et
600 1383 842 1445 inﬂetur;
868 1381 1003 1433 inter
1025 1377 1215 1432 divites
1233 1386 1286 1431 et
1307 1374 1558 1443 t‘cprnbos
1573 1388 1691 1426 eum
1719 1372 1811 1425 de-

225 1484 383 1542 putat
406 1476 569 1530 Deus.
598 1475 667 1529 Et
690 1474 878 1528 divites
903 1481 957 1526 et
983 1484 1240 1540 pauperes
1268 1469 1318 1520 in
1338 1465 1495 1521 corde
1524 1466 1809 1533 interrogat

225 1570 391 1632 licus,
423 1583 534 1622 non
576 1566 632 1621 in
656 1581 775 1621 arca
820 1566 836 1597 ⁸
876 1573 931 1618 et
968 1564 1144 1616 domo.
1175 1560 1359 1615 Nnnne
1404 1573 1660 1627 pauperes
1687 1566 1808 1609 sunt

219 1660 323 1729 qui
345 1658 612 1728 accipiunt
637 1656 940 1711 mandatum
971 1652 1210 1723 Apostoli
1238 1650 1461 1705 dicentis
1486 1647 1762 1702 'l'imntheo
1789 1664 1802 1700 :

219 1748 463 1820 Praxipe
504 1749 738 1803 diuitibus
783 1749 934 1817 hujus
975 1744 1147 1799 surculi
1190 1760 1291 1796 non
1344 1741 1553 1810 superbe
1590 1739 1807 1807 sapere?

218 1840 508 1907 Quomodo
544 1856 638 1895 eos
663 1840 753 1910 qui
781 1839 971 1892 divites
996 1844 1150 1891 erant
1189 1833 1314 1887 fecit
1345 1831 1634 1902 pauperes?
1665 1830 1804 1883 Tulit

223 1932 338 1985 illis
364 1947 529 2002 quare
558 1942 865 2002 quaeruntur
903 1927 1119 1982 divitim.
1161 1925 1328 1980 Nemo
1364 1925 1504 1979 enim
1549 1922 1657 1976 vult
1686 1936 1804 1976 esse

214 2023 397 2086 dives,
427 2023 528 2077 nisi
557 2031 615 2075 ut
640 2020 849 2075 inﬂetur
869 2020 1002 2073 inter
1027 2033 1120 2073 eos
1149 2018 1285 2070 inter
1311 2030 1444 2085 quos
1472 2014 1616 2077 vivit,
1646 2021 1699 2066 et
1721 2027 1803 2065 su-

217 2116 405 2183 perior
431 2116 532 2169 illis
558 2114 815 2169 videatur.
847 2113 975 2168 Cum
998 2120 1170 2165 autem
1192 2110 1342 2185 dixit,
1371 2125 1468 2161 non
1488 2107 1697 2176 superbe
1720 2123 1802 2159 sa-

214 2222 367 2274 pere,
395 2206 627 2276 aequales
662 2220 756 2260 eos
794 2204 919 2259 fecit
960 2218 1064 2257 non
1100 2202 1448 2265 habentibus;
1481 2210 1535 2252 nt
1565 2198 1800 2252 fortassis

214 2295 469 2364 pauculis
489 2297 720 2350 nummis
748 2294 1020 2349 mendicus
1044 2293 1161 2363 plus
1188 2292 1496 2351 extollatur.
1525 2307 1679 2359 quam
1715 2289 1798 2342 ille

208 2389 375 2442 dives
397 2388 487 2457 qui
513 2387 659 2441 audit
688 2387 993 2455 Apostolum
1020 2385 1279 2439 dicentem
1306 2401 1318 2436 :
1363 2381 1592 2450 Prwcipe
1628 2380 1795 2433 diviti-

210 2479 354 2533 tibsts
396 2479 546 2549 hujus
588 2479 759 2533 πεαιὶ
788 2494 886 2531 non
914 2476 1122 2546 superbe
1154 2491 1346 2543 sapere.
1393 2473 1541 2528 Unde
1583 2490 1679 2525 non
1706 2489 1795 2524 sa-

206 2571 374 2637 perbe
395 2568 605 2639 sapere?
631 2568 685 2623 Si
712 2568 900 2622 faciant
929 2566 1068 2637 quod
1092 2567 1349 2635 sequitur,
1393 2562 1571 2633 Neque
1594 2578 1797 2630 sperare

203 2661 262 2711 iu
292 2660 485 2712 incerto
506 2660 813 2723 diuitiarum,
836 2659 922 2712 sed
945 2660 998 2711 in
1020 2656 1127 2711 Deo
1152 2658 1279 2720 vivo,
1305 2656 1389 2725 qui
1417 2664 1617 2723 priestat
1654 2653 1795 2706 nobis

204 2755 391 2805 immiti
432 2753 739 2806 abundanter
780 2752 847 2804 ad
890 2754 1156 2818 fruendum
1186 2748 1225 2820 (Ι
1254 2748 1386 2801 Tim.
1417 2764 1486 2813 νι,
1520 2747 1627 2806 l7).
1679 2745 1791 2800 Non

201 2846 372 2911 dixit,
409 2846 497 2913 qui
538 2853 752 2913 prastat
790 2843 926 2908 illis;
953 2841 1069 2901 sed.
1101 2842 1185 2910 qui
1209 2848 1410 2909 prtestat
1445 2838 1604 2891 nobis.
1630 2836 1792 2890 Nunt-

200 2936 341 3006 quid
371 2938 485 3005 ipse
508 2936 699 2989 Paulus
718 2951 822 2989 non
845 2934 1071 2988 habebat
1087 2932 1327 2987 divitias?
1355 2929 1588 2989 Habebat
1613 2928 1788 2997 plane.

199 3030 359 3095 Quas
379 3026 622 3081 divitias?
654 3029 725 3081 lic
750 3029 937 3097 quibus
962 3027 1089 3080 dicit
1106 3025 1210 3078 alio
1239 3024 1355 3077 loco
1370 3021 1637 3092 Scriptura
1663 3038 1675 3073 :
1707 3019 1793 3073 Fi-

200 3121 317 3173 dels'
338 3120 529 3173 homini
550 3118 766 3172 mundus
793 3127 922 3171 totus
952 3117 1235 3169 divitiarum
1272 3124 1343 3167 est
1371 3112 1548 3184 (Prov.
1578 3128 1703 3177 xvu,
1732 3112 1786 3174 6,

197 3228 315 3264 sec.
344 3208 528 3281 LXX).
563 3209 698 3264 Audi
734 3219 786 3264 ct
811 3210 980 3280 ipsum
1023 3206 1363 3260 conﬁtentem
1407 3222 1420 3257 :
1474 3204 1631 3268 Quasi
1664 3198 1791 3257 nihil

197 3304 471 3369 habentes,
493 3312 538 3355 et
560 3304 727 3355 omnia
746 3301 1050 3372 possidentes
1076 3298 1138 3369 (ll
1165 3298 1283 3353 Cor.
1307 3312 1382 3360 Vl,
1412 3297 1523 3367 10).
1553 3296 1649 3363 Qui
1678 3296 1790 3363 vult

196 3410 340 3464 ergo
364 3410 484 3449 esse
509 3394 689 3460 dives,
731 3410 833 3449 non
866 3394 1063 3446 Inereat
1092 3390 1244 3461 parti,
1276 3399 1330 3445 et
1356 3398 1521 3444 totum
1549 3389 1787 3457 posside-

197 3487 285 3541 bit
319 3503 333 3538 :
367 3486 445 3539 illi
482 3486 738 3540 inhaereat
766 3484 856 3554 qui
885 3492 1053 3537 totum
1081 3482 1299 3537 creavit.
1342 3480 1510 3534 Simul
1546 3480 1599 3532 in
1631 3494 1787 3531 unum

195 3579 345 3630 dius
368 3586 419 3630 et
445 3592 652 3645 pauper.
683 3576 816 3629 Dicit
843 3575 895 3627 in
925 3573 1031 3627 alio
1058 3571 1260 3641 psalmo
1291 3586 1305 3633 ;
1335 3568 1499 3622 Edent
1520 3584 1783 3637 pauperes,

195 3679 244 3722 et
311 3666 691 3720 saturabantttr.
736 3664 1014 3731 Quomodo
1051 3660 1442 3718 commendavit
1491 3659 1785 3728 pauperes?

196 3760 376 3815 Edent
406 3775 662 3830 pauperes,
703 3767 749 3810 et
794 3755 1169 3809 saturabuntur.
1200 3750 1334 3817 Quid
1384 3749 1581 3804 edunt?
1632 3746 1784 3815 Quod

194 3854 382 3907 sciunt
406 3849 607 3905 ﬁdeles.
632 3847 907 3917 Quomodo
934 3844 1338 3901 saturabuutur?
1382 3841 1638 3896 lmitando
1665 3855 1786 3910 pas-

192 3945 415 3997 sionem
446 3941 647 3995 Domini
677 3938 780 4003 sui,
809 3948 865 3992 et
889 3954 992 3991 non
1022 3937 1135 3992 sine
1153 3949 1310 3990 causa
1335 3932 1643 4003 accipiendo
1666 3947 1783 4000 pre-

193 4036 335 4087 tium
354 4047 532 4086 suum.
573 4029 733 4084 Edent
756 4044 1017 4098 pauperes,
1045 4036 1090 4080 et
1118 4025 1491 4089 saturabuntur,
1519 4032 1566 4075 et
1604 4021 1783 4076 lauda-

192 4125 325 4177 bunt
351 4121 647 4187 Dominum,
667 4120 753 4189 qui
777 4119 1034 4190 requirunt
1052 4133 1186 4170 eunt.
1215 4114 1411 4168 Divites
1430 4114 1588 4184 quid?
1612 4113 1779 4167 Etiam

191 4218 301 4286 ipsi
345 4215 529 4270 edam.
578 4213 683 4269 Sed
710 4211 976 4283 quomodo
1013 4208 1217 4265 edunt?
1264 4207 1695 4261 Manducaverunt
1732 4215 1781 4260 et

188 4308 536 4360 duraverunt
565 4318 737 4358 omnes
779 4304 953 4357 divites
994 4310 1141 4355 terra
1183 4298 1350 4371 (Psal.
1378 4315 1493 4362 ssi,
1529 4298 1618 4363 27,
1660 4299 1775 4366 50).

186 4390 482 4461 Nondisit,
505 4394 965 4458 landueaverunt,
983 4401 1037 4446 et
1058 4390 1276 4445 saturati
1303 4397 1456 4451 sunt;
1487 4387 1602 4451 sed,
1630 4387 1782 4441 Man-

184 4488 538 4549 docuerunt,
580 4494 628 4539 et
660 4484 1011 4538 adorauerunt.
1055 4481 1293 4536 Adoraut
1332 4480 1545 4549 quidem
1587 4479 1775 4543 Deum,

185 4578 291 4633 sed
318 4577 693 4630 liuntanitatem
715 4575 902 4627 nolunt
924 4572 1182 4627 exhibere
1212 4569 1518 4625 fraternam.
1550 4566 1771 4621 Mandu-

179 4676 323 4721 cant
346 4666 443 4729 illi,
478 4675 534 4721 et
568 4665 819 4729 adorant;
851 4663 1167 4718 manducant
1198 4660 1305 4727 isti,
1345 4669 1400 4714 et
1429 4667 1731 4712 saturantur
1757 4674 1772 4713 :

184 4771 374 4814 nmen
422 4774 609 4814 ornatos
649 4758 986 4813 manducant.
1033 4755 1275 4826 Exigitur
1314 4752 1382 4808 de
1425 4752 1775 4808 manducante

180 4850 338 4920 quod
386 4850 701 4915 mandocat;
733 4864 837 4903 non
873 4847 1213 4918 prohibeatur
1254 4844 1572 4900 manducare
1608 4859 1638 4897 a
1666 4844 1775 4898 dis-

179 4952 504 5010 pensatore,
543 4939 639 4995 sed
670 4948 948 4994 moneatur
975 4939 1161 4993 timere
1184 4946 1509 4991 exactorem.
1542 4935 1774 4990 Audiant

176 5048 321 5101 ergo
349 5032 447 5086 ista
478 5040 782 5101 peccatores
823 5038 877 5083 et
909 5028 1073 5099 justi,
1104 5038 1289 5100 gentes
1320 5036 1373 5083 et
1398 5027 1488 5097 qui
1534 5026 1773 5081 habitant

176 5124 401 5186 orbein,
433 5122 754 5192 terrigenaet
775 5120 868 5187 ﬁlii
888 5119 1161 5181 hominum,
1189 5118 1340 5172 simul
1375 5117 1427 5172 in
1446 5131 1601 5169 unum
1634 5116 1771 5171 dives

175 5223 228 5266 et
276 5228 472 5282 pauper
493 5228 511 5265 :
542 5226 648 5264 non
674 5209 827 5264 divisi
853 5249 868 5273 ,
901 5223 1005 5262 non
1031 5206 1281 5279 separati.
1323 5206 1554 5274 Tempus
1582 5206 1769 5261 titessis

176 5303 290 5356 hoc
321 5301 495 5367 faciet,
523 5314 713 5355 manus
737 5297 1069 5355 ventilatoris
1099 5298 1199 5352 hoc
1230 5298 1420 5367 poterit
1447 5294 1658 5365 (Matth.
1688 5310 1764 5359 Ill,

174 5395 303 5463 £2).
343 5394 490 5447 Nunc
521 5394 682 5448 simul
723 5394 775 5446 in
822 5407 983 5446 unum
1031 5390 1247 5445 audiant
1282 5389 1427 5443 dives
1464 5397 1519 5442 et
1548 5402 1763 5456 pauper,

172 5487 349 5541 simul
383 5489 434 5540 in
464 5502 627 5542 untun
658 5495 941 5555 pascantur
968 5482 1105 5537 haedi
1134 5492 1187 5538 et
1213 5483 1355 5552 agni,
1397 5482 1566 5536 donec
1594 5483 1766 5535 veniat

168 5580 271 5649 qui
322 5588 559 5648 segreget
596 5577 733 5631 alios
769 5576 835 5630 ad
877 5577 1182 5640 dexteram,
1214 5574 1346 5628 alios
1390 5572 1455 5627 ad
1499 5573 1764 5627 sluistram

175 5670 298 5741 μα.
334 5685 458 5734 xxv,
484 5669 572 5734 32,
604 5666 718 5738 55).
747 5666 915 5721 Simul
945 5669 997 5723 in
1027 5682 1187 5722 unum
1224 5664 1440 5719 audiant
1462 5663 1758 5727 docentem,

242 5786 261 5813 ⁸
303 5788 374 5829 ετ.
402 5790 451 5833 ει
470 5783 695 5844 plerique
721 5791 848 5834 διεδ..
873 5787 922 5831 tn
942 5795 1074 5833 area.
1102 5781 1249 5831 Vatia.
1272 5777 1447 5836 codex,
1468 5775 1519 5828 in
1536 5774 1725 5825 ποι-ιω.

1310 353 1699 409 ENARRATIU
1738 352 1798 405 IN
1842 350 2154 406 PSALMUM
2197 353 2421 409 XLVIII.

3381 366 3485 422 δισ

1918 478 1983 514 1ιο
2010 465 2264 533 segregati
2290 464 2357 519 ab
2383 467 2605 521 invicem
2629 469 2845 525 audiant
2862 473 3201 540 indicantem.

1984 554 2034 607 4.
2057 551 2203 625 [verm
2234 554 2311 628 4.]
2331 558 2393 610 Et
2416 558 2539 627 quid
2564 562 2797 629 estquod
2828 581 2960 617 nunc
2990 569 3213 624 audituri
3235 578 3394 627 sunt?
3414 575 3484 630 0s

1914 659 2077 695 meum
2099 644 2324 712 loquetur
2341 648 2657 717 sapientiam,
2675 661 2721 703 et
2744 654 2997 709 meditatio
3020 662 3182 712 cordis
3198 664 3310 721 mei.
3340 666 3481 720 intrl.

1914 733 2184 803 ligentiam.
2208 736 2271 790 Et
2287 737 2397 791 haec
2418 741 2635 807 repetita
2653 743 2844 810 potius,
2871 760 2934 797 ne
2957 747 3087 801 forte
3103 765 3220 804 eum
3242 753 3481 821 dixisset,

1914 841 1968 878 os
1994 842 2175 887 meum,
2206 827 2524 898 intelligeres
2549 846 2667 884 eum
2699 831 2788 885 tibi
2828 835 2987 903 lnqtti,
3011 840 3097 906 qui
3130 840 3177 892 in
3206 843 3355 898 labiis
3388 848 3483 899 ba-

1916 916 2061 969 heret
2084 918 2412 986 sapientiam.
2441 922 2583 975 Multi
2610 924 2747 977 enim
2780 925 2975 981 habent
3003 929 3053 981 in
3102 932 3249 987 labiis
3291 948 3344 990 et
3379 955 3482 993 non

1915 1001 2107 1096 habent
2147 1007 2195 1059 in
2233 1010 2411 1073 corde,
2443 1010 2509 1064 de
2538 1013 2725 1081 quibus
2763 1016 2886 1070 dicit
2929 1018 3192 1089 Scriptura
3216 1042 3227 1075 :
3253 1023 3483 1096 Populus

1913 1094 2003 1146 iste
2045 1093 2187 1149 labiis
2228 1114 2305 1151 me
2343 1100 2571 1164 honorat,
2601 1118 2686 1154 cor
2706 1116 2867 1157 autent
2893 1124 3062 1161 eorum
3090 1112 3235 1184 longe
3251 1093 3383 1169 asta
3408 1136 3483 1172 me

1916 1183 2241 1279 (Isaiasxtx,
2267 1190 2378 1257 15).
2408 1192 2540 1257 Quid
2559 1208 2682 1262 ergo
2707 1196 2779 1248 ait
2797 1197 2884 1250 ille
2900 1201 2987 1267 qui
3006 1202 3096 1254 tibi
3115 1203 3480 1279 loquitur?qui

1912 1289 2030 1328 eum
2057 1277 2264 1341 dixerit,
2289 1278 2359 1333 0s
2387 1298 2549 1335 nteum
2593 1284 2821 1353 loquetur
2846 1290 3171 1358 sapientiam;
3202 1304 3259 1349 ut
3287 1277 3481 1354 intelli-

1911 1379 2003 1431 gas
2028 1366 2146 1434 quia
2177 1367 2301 1421 illud
2331 1371 2468 1439 quod
2511 1386 2576 1425 ex
2618 1387 2710 1428 ore
2738 1375 2989 1443 funditur,
3031 1380 3100 1435 de
3127 1398 3258 1438 vena
3300 1390 3479 1444 cordis

1910 1466 2139 1547 emanat,
2173 1458 2365 1525 intulit,
2399 1460 2463 1514 Et
2483 1464 2739 1519 meditatio
2767 1469 2930 1522 cordis
2955 1473 3050 1525 mei
3077 1474 3477 1547 intelligentiam.

1980 1546 2032 1599 5.
2075 1545 2225 1618 [vers.
2278 1549 2355 1623 5.]
2396 1550 2657 1607 lnclinabo
2699 1557 2750 1609 in
2779 1559 3068 1626 parabolant
3095 1545 3267 1619 aurem
3294 1585 3475 1634 nteant,

1908 1639 2131 1706 aperiam
2170 1640 2221 1693 in
2247 1644 2481 1709 psalterio
2507 1648 2894 1715 prapositionem
2920 1669 3099 1708 nteant.
3124 1656 3252 1724 Quis
3281 1670 3362 1715 est
3391 1662 3474 1720 hic

1908 1728 2057 1795 cujus
2078 1731 2349 1785 meditatio
2373 1735 2548 1789 cordis
2576 1738 2807 1807 loquitur
2830 1741 3252 1818 intelligentiam,
3286 1760 3340 1807 ut
3369 1770 3472 1811 non

1907 1818 1973 1872 sit
1995 1818 2044 1872 in
2075 1821 2185 1874 sola
2216 1826 2493 1891 superﬁcie
2518 1828 2927 1895 labiornm,'sed
2958 1837 3186 1895 hominis
3225 1844 3473 1902 interiora

1906 1909 2202 2003 possideat?
2240 1912 2367 1981 Quis
2405 1925 2486 1970 est
2533 1919 2631 1973 iste
2668 1922 2757 1990 qui
2793 1926 2958 1990 audit,
3003 1938 3055 1982 ct
3093 1931 3171 1985 sic
3212 1934 3474 2003 loquitur?

1904 1998 2049 2095 llnlti
2076 2002 2215 2054 enim
2250 2004 2535 2095 loquuntur
2558 2010 2698 2077 quod
2729 2028 2831 2066 non
2862 1998 3470 2095 andiunt?Quisuntqui

1903 2085 2349 2161 loquuntnrquod
2378 2111 2482 2150 non
2509 2100 2761 2154 audiunt?
2787 2103 2884 2171 Qui
2908 2122 3011 2161 non
3040 2085 3237 2166 faciunt
3264 2130 3382 2184 qua:

1902 2188 2061 2274 cunt:
2092 2183 2274 2250 quales
2310 2184 2435 2239 dicit
2465 2187 2714 2243 Dominus
2744 2192 3039 2251 l’ltarisa‘ms
3081 2183 3473 2274 sederesuper

1901 2269 2415 2368 rathedramlloysi.
2447 2277 2622 2332 Voluit
2644 2282 2733 2335 tibi
2758 2283 2895 2353 loqui
2920 2287 2969 2341 in
2999 2290 3248 2347 cathedra
3282 2269 3464 2368 ttnjsi,

1901 2374 1995 2428 per
2022 2377 2113 2415 eos
2137 2366 2223 2432 qui
2250 2382 2309 2419 ea
2350 2367 2659 2437 loquuntur,
2699 2382 2754 2426 et
2791 2391 2896 2429 non
2926 2377 3150 2444 faciunt;
3182 2394 3233 2437 et
3263 2366 3469 2442 tibivse-

1898 2453 2177 2549 caritatem
2230 2456 2481 2549 Dominus
2512 2463 2673 2516 voluit
2715 2464 2862 2520 dare.
2907 2468 3080 2524 Nolite
3111 2474 3314 2542 timere,
3345 2479 3470 2543 Quae

1899 2542 2092 2636 dicunt,
2122 2547 2307 2615 inquit,
2336 2551 2506 2618 facile,
2547 2569 2661 2620 qua:
2691 2566 2854 2608 autem
2883 2561 3073 2628 faciunt
3098 2563 3250 2618 nolite
3277 2570 3471 2636 facere;

1897 2631 2066 2687 dicunt
2090 2636 2240 2702 enim,
2266 2648 2311 2690 et
2334 2656 2430 2692 non
2447 2640 2637 2708 faciunt
2663 2643 2871 2714 (Matth.
2902 2665 3047 2717 mn,
3075 2652 3130 2717 2,
3147 2655 3219 2723 5).
3242 2631 3352 2711 Non
3371 2631 3468 2713 au;

1897 2724 2049 2816 diunt
2075 2729 2215 2797 quod
2241 2730 2440 2785 dicunt.
2471 2732 2568 2800 Qui
2596 2750 2721 2789 vero
2749 2737 2965 2805 faciunt,
2993 2754 3046 2796 et
3067 2745 3143 2798 sic
3159 2746 3362 2816 dicunt,
3380 2767 3467 2806 au.

1895 2815 2046 2871 diunt
2077 2818 2216 2887 quod
2243 2819 2461 2877 dicunt:
2487 2834 2541 2877 et
2566 2824 2686 2880 ideo
2712 2825 2980 2886 fructuose
3002 2832 3200 2900 dicunt,
3229 2839 3349 2907 quia
3370 2856 3464 2895 au-

1894 2910 2063 2963 diunt.
2084 2912 2182 2976 Qui
2204 2927 2332 2982 ergo
2355 2912 2529 2969 dictor
2554 2926 2606 2971 et
2635 2934 2737 2971 non
2768 2920 2980 2975 auditor
3004 2934 3105 2989 est,
3124 2927 3273 2982 alteri
3302 2932 3465 2999 prod-

1893 3010 1994 3068 est,
2022 3003 2120 3057 sibi
2162 3020 2265 3058 non
2296 3007 2526 3075 prodest.
2556 3007 2656 3063 Iste
2682 3026 2808 3081 ergo
2822 3014 2908 3082 qui
2936 3023 2989 3068 et
3016 3017 3223 3073 auditor
3253 3022 3463 3078 volebat

1892 3106 2013 3147 esse
2041 3103 2093 3147 et
2130 3093 2323 3161 dictor,
2368 3098 2456 3166 qui
2502 3098 2594 3153 tibi
2640 3100 2890 3170 loquitur,
2917 3114 3197 3177 antequam
3239 3111 3457 3179 diceret,

1892 3183 2127 3273 Aperiam
2146 3186 2197 3238 in
2224 3188 2459 3255 psalterio
2480 3193 2865 3259 propositionem
2888 3211 3070 3263 meant,
3095 3200 3233 3267 quod
3259 3211 3339 3255 cst
3352 3201 3462 3273 jam

1892 3272 2031 3344 loqui
2063 3292 2156 3345 per
2184 3290 2398 3345 eorpus,
2429 3279 2506 3334 sic
2532 3281 2672 3334 enim
2702 3284 2864 3337 utitur
2877 3287 3050 3339 anima
3071 3302 3313 3357 corpore,
3334 3272 3463 3361 quo-

1890 3365 2051 3420 modo
2095 3366 2257 3420 utitur
2296 3367 2567 3424 citharista
2604 3371 2876 3439 psalterio,
2921 3375 3073 3443 dixit,
3116 3376 3382 3436 Ιητιὶηαὺο
3410 3385 3464 3438 in

1902 3454 2194 3525 parabolant
2214 3473 2387 3509 aurem
2410 3474 2591 3512 meam.
2620 3462 2914 3531 Antequam
2935 3464 3242 3534 loquartibi,
3263 3470 3448 3540 inquit,

1887 3563 1985 3618 per
2022 3564 2238 3620 corpus,
2284 3556 2567 3621 antequam
2613 3555 2917 3622 psalterium
2948 3570 3118 3623 sonet,
3166 3564 3334 3629 primo
3361 3580 3462 3634 ego

1889 3639 2137 3693 inclinabo
2165 3640 2218 3693 in
2257 3640 2551 3708 parabolatn
2580 3659 2752 3697 aurem
2782 3662 2963 3713 meam,
3010 3648 3060 3703 id
3100 3660 3201 3711 est.
3250 3654 3460 3709 audiam

1886 3730 2012 3800 quid
2043 3730 2136 3786 tibi
2173 3730 2377 3786 dicam:
2396 3734 2478 3787 .Et
2509 3749 2693 3804 quare,
2725 3738 2779 3790 in
2806 3739 3140 3808 parabolam?
3164 3744 3293 3810 Quia
3321 3748 3461 3800 vide-

1886 3839 1998 3876 mus
2027 3839 2161 3877 nunc
2190 3840 2279 3893 per
2303 3826 2565 3894 speculum
2589 3827 2644 3880 in
2667 3828 2929 3898 wnigmate
2966 3830 3009 3901 (ι
3048 3832 3163 3885 Cor.
3204 3850 3317 3896 xm,
3349 3837 3459 3907 12),

1886 3914 2027 3970 sicut
2050 3914 2178 3970 dicit
2201 3917 2508 3985 Apostolus.
2543 3918 2797 3985 Quamdiu
2833 3937 3007 3975 sumus
3031 3923 3082 3975 in
3109 3924 3202 3976 hoc
3231 3941 3458 3996 corpore,

1886 4009 2264 4079 peregrinantur
2289 4026 2320 4062 a
2349 4007 2568 4062 Domino
2599 4010 2663 4080 (ll
2694 4010 2811 4065 Cor.
2848 4028 2900 4077 ν,
2930 4014 3009 4083 6).
3050 4016 3181 4080 Quia
3226 4017 3459 4072 nondum
3516 4000 3525 4007 ’

1884 4107 1969 4153 est
1995 4100 2082 4153 illa
2112 4098 2243 4151 visio
2271 4107 2449 4153 nostra
2477 4100 2611 4155 facie
2635 4101 2700 4154 ad
2731 4101 2939 4168 faciem,
2974 4104 3058 4157 ubi
3083 4105 3193 4174 jam
3225 4122 3329 4160 non
3350 4107 3458 4161 sint

1884 4191 2168 4260 parabolaz,
2202 4192 2288 4246 ubi
2330 4192 2437 4261 jam
2470 4207 2574 4246 non
2620 4193 2727 4246 sint
2769 4194 3047 4264 aenigmata
3079 4204 3132 4249 et
3157 4197 3460 4252 similitudi-

1883 4296 1998 4335 nes.
2032 4280 2294 4349 Quidquid
2320 4281 2478 4335 modo
2510 4282 2869 4351 intelligimus,
2896 4299 2994 4353 per
3019 4286 3294 4352 amigmata
3328 4302 3457 4340 con-

1881 4370 2154 4440 spicimus.
2184 4370 2431 4440 Ainigma
2460 4382 2543 4424 est
2571 4372 2790 4425 obscura
2818 4372 3067 4440 parabola
3097 4389 3215 4441 qua:
3240 4372 3457 4429 difﬁcile

1881 4462 2209 4531 intelligitur.
2240 4461 2588 4527 Quantumvis
2631 4464 2839 4516 excolat
2881 4464 3041 4515 homo
3071 4478 3164 4517 cor
3192 4480 3369 4530 suum,
3400 4475 3455 4520 et
3550 4522 3555 4527 λ

1879 4554 1946 4608 ad
1995 4554 2246 4608 interiora
2291 4553 2627 4624 intelligenda
2659 4553 2901 4623 refugiat,
2937 4554 3185 4623 quamdiu
3209 4570 3302 4624 per
3331 4570 3453 4610 cor-

1880 4644 2280 4715 rnptibilitatem
2310 4645 2486 4699 carnis
2516 4644 2671 4713 hujus
2701 4645 2959 4709 videmus,
3002 4660 3066 4700 es
3119 4654 3265 4715 parte
3304 4646 3455 4700 Vidu-

1879 4753 2017 4792 mus.
2045 4740 2326 4807 Assumpta
2357 4746 2532 4791 autem
2563 4738 2959 4805 incorruptione
2986 4736 3036 4790 in
3063 4738 3451 4793 resurrectione

1878 4838 2230 4891 mortuorum,
2260 4842 2380 4882 cum
2400 4826 2889 4897 apparueritFilius
2932 4826 3159 4882 hominis
3182 4827 3452 4893 judicatu-

1876 4935 1966 4974 rus
2003 4920 2153 4973 vivos
2178 4926 2231 4973 et
2260 4927 2517 4978 mortuos.
2549 4926 2673 4971 tunc
2700 4915 2966 4970 videbitttr
2995 4915 3160 4971 Filius
3196 4915 3449 4982 hominis.

1876 5013 1963 5082 qui
1994 5013 2166 5081 primo
2180 5010 2446 5081 judicatus
2469 5020 2569 5075 est,
2595 5009 2859 5077 judicans,
2883 5008 3199 5065 discernens
3231 5012 3400 5064 malos
3422 5027 3450 5064 a

1875 5104 2050 5170 battis,
2080 5118 2283 5174 ponens
2307 5102 2472 5157 malos
2505 5116 2534 5154 a
2560 5098 2805 5164 sinistris,
2841 5101 3011 5155 bonos
3035 5116 3067 5155 a
3109 5101 3328 5156 dextris.
3363 5102 3454 5155 Vi-

1873 5195 2078 5250 debunt
2099 5195 2243 5247 illum
2271 5202 2325 5246 et
2362 5190 2485 5246 boni
2525 5198 2579 5244 ct
2620 5191 2764 5255 mali,
2794 5190 2885 5244 sed
2919 5188 3071 5243 malis
3097 5190 3255 5250 dicet.
3288 5187 3366 5243 Ite
3398 5189 3450 5242 in

1872 5289 2038 5357 ignem
2060 5296 2299 5339 tetemum
2326 5298 2343 5335 :
2372 5282 2526 5336 bonis
2562 5292 2739 5335 autem
2780 5281 2942 5347 dicet,
2997 5279 3168 5333 Venite
3206 5279 3448 5334 benedicti

1874 5377 2045 5431 Patris
2074 5376 2191 5441 mei,
2234 5374 2472 5443 pereipite
2499 5389 2726 5442 regnum.
2772 5372 2991 5425 Abibunt
3021 5372 3142 5422 mali
3178 5371 3230 5422 in
3268 5369 3446 5423 αηιιηιο

1871 5469 2080 5522 stionem
2108 5476 2364 5524 a'ternam,
2378 5464 2508 5533 justi
2533 5473 2697 5515 autem
2723 5462 2774 5515 in
2801 5462 2951 5514 vitam
2973 5470 3209 5513 (uernant
3231 5458 3453 5529 (Matth.

1871 5576 1993 5624 xxv,
2016 5558 2106 5621 55,
2135 5557 2222 5619 34,
2256 5556 2343 5622 ll,
2372 5555 2493 5625 46);
2517 5566 2564 5609 et
2598 5554 2665 5607 ibi
2695 5554 2794 5607 erit
2816 5553 2900 5605 illa
2934 5552 3065 5603 visio
3098 5548 3231 5603 farie
3270 5548 3335 5602 ad
3371 5549 3447 5603 fa-

1869 5652 2025 5715 ciem,
2055 5666 2154 5719 qua
2186 5649 2259 5703 illi
2305 5664 2409 5702 non
2446 5658 2566 5701 sunt
2596 5645 2759 5714 digni.
2796 5641 3066 5696 Attendite
3093 5639 3213 5705 quid
3245 5638 3439 5693 dicam.

1870 5743 2061 5799 Filium
2089 5744 2230 5799 enim
2260 5741 2490 5797 hominis
2520 5744 2653 5793 sicut
2682 5737 2767 5790 hic
2794 5750 2913 5790 cum
2942 5742 3084 5788 esset
3108 5730 3280 5785 adhuc
3304 5731 3444 5801 judi-
