4042 6470
591 381 694 438 587

591 492 811 553 candus,
839 496 889 544 el
919 482 1041 540 mali
1068 480 1329 543 viderunt,
1346 487 1401 532 et
1423 472 1581 540 boni;
1605 470 2004 528 videruntcnim
2023 469 2163 537 Apo-

595 582 717 640 stoli
761 578 849 649 qui
895 573 1059 629 secuti
1102 579 1243 633 sunt,
1277 567 1525 622 viderunt
1553 562 1720 617 Judaei
1751 560 1840 631 qui
1883 557 2164 649 cruciﬁxu-

596 681 749 737 runt;
778 643 856 725 sic
884 681 1005 722 cum
1040 659 1247 718 venerit
1283 657 1634 729 iudicaturus,
1664 661 1720 708 et
1746 649 1869 707 boui
1909 647 2054 703 illum
2082 643 2162 737 vl-

597 733 796 818 debunt
815 765 869 813 et
889 754 1013 810 mali
1037 770 1053 807 :
1082 749 1229 815 boni,
1263 755 1319 801 ut
1348 743 1638 814 percipiant
1667 738 1988 802 mercedem,
2041 733 2164 803 quia

599 851 768 909 secuti
812 856 966 912 sunt;
1010 843 1157 907 mali,
1177 846 1244 893 ιιι·
1264 838 1555 910 percipiant
1585 846 1816 904 prunam,
1845 828 1966 898 quia
1993 825 2165 880 cruci-

603 943 849 998 llxerunt.
877 937 992 993 Soli
1031 947 1158 1003 ergo
1196 930 1271 985 illi
1301 926 1710 988 damnabantur,
1757 920 1846 990 qui
1888 915 2167 971 crucillxe-

603 1032 761 1087 runt?
799 1027 981 1083 Auden
1006 1024 1206 1087 dicere,
1251 1019 1368 1073 soli.
1400 1018 1538 1087 Ergo
1566 1028 1680 1074 nos.
1714 1012 1950 1081 inquiunt
1981 1021 2168 1076 pecca-

605 1133 749 1178 tores
777 1119 933 1189 hujus
962 1112 1232 1184 temporis,
1262 1108 1433 1165 securi
1464 1121 1664 1161 sumus.
1696 1102 1752 1158 Si
1786 1116 1891 1154 non
1935 1098 2170 1152 animum

605 1185 895 1279 interrogat
922 1208 1079 1267 Deus,
1107 1201 1280 1257 securi
1304 1198 1449 1254 estis.
1483 1196 1617 1265 Quid
1647 1203 1731 1248 est
1759 1190 1898 1262 quod
1927 1187 2069 1243 dixi?
2087 1185 2171 1239 iu-

610 1297 1077 1374 teliigatharitas
1102 1294 1312 1358 Vestra,
1337 1306 1403 1345 ne
1432 1289 1536 1344 hoc
1554 1288 1733 1341 dicant
1762 1286 1813 1338 in
1835 1281 2034 1374 judicio
2058 1278 2170 1341 Dei,

606 1373 855 1465 quianon
878 1388 1270 1445 intellexerunt.
1291 1382 1459 1440 Judrei
1488 1381 1608 1452 quia
1626 1378 1867 1432 viderunt
1881 1373 2170 1433 Christum,

557 1506 568 1514 ·
606 1463 1012 1546 crucilixerunt;
1028 1487 1082 1534 tu
1098 1477 1219 1548 quia
1237 1490 1344 1530 non
1359 1473 1509 1527 vides
1528 1469 1815 1534 Christum,
1839 1467 1999 1519 verbo
2012 1463 2175 1532 ipsius

611 1575 832 1632 resistis.
861 1572 959 1641 Qui
988 1571 1151 1625 verbo
1180 1565 1404 1624 resistis,
1432 1576 1649 1617 carnem
1697 1571 1798 1611 non
1841 1555 2177 1623 crncitigeres

608 1667 655 1721 si
695 1662 934 1719 videres?
962 1658 1291 1725 Contempsit
1326 1653 1541 1710 .lndznns
1572 1653 1623 1705 in
1670 1650 1811 1719 ligno
1837 1645 2175 1717 pendentem,

609 1755 907 1813 contemnis
933 1762 987 1807 tu
1025 1750 1081 1807 in
1107 1744 1560 1814 cmlosedentem.
1598 1741 1736 1808 Ergo
1781 1738 2025 1791 viderunt
2057 1749 2177 1788 eum

609 1845 769 1903 ambo
800 1856 1017 1915 genera,
1047 1840 1171 1895 dum
1198 1838 1285 1892 hic
1307 1842 1479 1890 esset:
1502 1831 1657 1886 ambo
1683 1842 1877 1899 genera
1898 1824 2177 1887 videbunt,

610 1947 664 1992 et
690 1951 810 1991 eum
834 1934 1061 1989 venerit.
1078 1930 1242 1985 Filius
1266 1926 1407 1980 enim
1434 1923 1661 1979 hominis
1682 1918 1859 1973 veniet
1875 1925 1929 1970 ιιι
1946 1915 2179 1985 judicet;

612 2030 732 2098 quia
764 2025 927 2081 Filius
957 2022 1188 2077 hominis
1219 2019 1361 2074 venit
1407 2024 1464 2071 ut
1494 2015 1844 2085 judicaretur.
1891 2009 2014 2063 ideo
2052 2006 2177 2076 quia

613 2122 770 2175 Pater
786 2133 891 2173 non
916 2123 998 2172 est
1019 2116 1341 2175 incarnatus,
1366 2109 1522 2164 Pater
1546 2120 1648 2160 non
1678 2112 1759 2157 est
1785 2116 1992 2172 passus,
2019 2107 2071 2154 et
2090 2112 2185 2165 per

614 2210 807 2268 Filium
830 2207 1061 2263 hominis
1084 2205 1304 2275 iudicat,
1335 2201 1471 2257 sicut
1498 2200 1613 2269 ipse
1637 2196 1767 2250 dixit
1791 2195 1843 2249 in
1877 2191 2181 2262 Evangelio,

618 2302 775 2357 Pater
802 2316 901 2353 non
921 2298 1120 2370 judico!
1147 2308 1464 2366 quemquam,
1496 2288 1583 2344 sed
1609 2304 1753 2342 omne
1778 2285 2028 2356 judicium
2052 2281 2186 2335 dedit

619 2394 726 2463 filio
754 2407 768 2444 :
793 2399 1006 2445 secutus
1035 2389 1189 2456 paulo
1214 2394 1333 2455 post
1357 2383 1450 2449 ait,
1479 2378 1547 2433 Et
1571 2378 1705 2433 dedit
1724 2378 1769 2431 ei
1793 2384 2080 2447 potestatem
2102 2374 2188 2445 ju-

623 2481 745 2536 dicii
761 2477 1263 2553 faciendi,‘quoniam
1292 2472 1456 2527 Filius
1482 2470 1699 2525 hominis
1723 2477 1792 2522 est
1819 2467 1995 2538 (Joan.
2020 2464 2183 2533 vﬂi,

619 2570 733 2636 27).
761 2568 1064 2625 Secundum
1109 2566 1251 2620 enim
1300 2562 1441 2633 quod
1482 2559 1651 2616 Filius
1697 2559 1786 2613 Dei
1816 2565 1918 2622 est,
1960 2556 2188 2611 Verbum

622 2678 833 2732 semper
868 2676 986 2717 cum
1028 2659 1218 2724 Patre;
1245 2665 1299 2713 et
1321 2656 1440 2727 quia
1479 2669 1692 2724 semper
1714 2667 1833 2707 cum
1862 2651 2039 2713 Patre,
2070 2664 2189 2703 cum

623 2755 779 2810 Patre
808 2749 1273 2821 semperjndicat:
1305 2745 1592 2801 secundum
1621 2751 1795 2797 autem
1837 2741 1977 2811 quod
2026 2738 2193 2794 Filius

624 2843 853 2899 hominis
879 2850 981 2910 est,
1008 2850 1060 2897 et
1082 2840 1347 2911 judicatus
1373 2845 1474 2899 est,
1498 2846 1552 2890 et
1572 2834 1901 2905 iudicaturus
1930 2839 2032 2886 est.
2051 2831 2195 2897 Quo-

625 2936 783 2990 modo
806 2942 981 2987 antem
1010 2933 1152 2985 visus
1179 2940 1261 2985 est
1302 2929 1370 2983 ab
1412 2930 1490 2982 eis
1531 2926 1619 2996 qui
1663 2923 2024 2988 crediderunt,
2049 2918 2194 2976 etab

626 3028 705 3081 eis
733 3025 820 3095 qni
847 3024 1245 3087 crucitixeruut,
1274 3017 1485 3090 quando
1504 3017 1767 3089 judicatus
1795 3022 1905 3078 est;
1945 3015 2022 3067 sic
2050 3010 2199 3066 vide-

629 3117 791 3179 bitur,
823 3129 941 3168 cum
967 3113 1189 3181 ceperit
1219 3125 1340 3165 esse
1362 3108 1544 3178 iudex,
1568 3115 1623 3160 et
1646 3107 1712 3160 ab
1730 3105 1807 3159 eis
1833 3119 1965 3174 quos
1988 3103 2199 3157 damna-

628 3207 726 3270 bit,
749 3216 804 3261 et
831 3206 897 3261 ab
922 3206 1000 3260 eis
1025 3218 1156 3273 quos
1195 3200 1488 3258 coronabit.
1524 3197 1797 3255 Visionem
1828 3207 2003 3252 autem
2054 3196 2196 3249 illam

630 3295 938 3361 divinitatis,
966 3309 1122 3364 quam
1154 3291 1397 3361 promisit
1432 3287 1775 3365 dilectoribus
1815 3287 1945 3351 suis,
1985 3284 2199 3356 quando

631 3389 725 3450 ait,
751 3386 850 3450 Qui
878 3384 1041 3456 diligit
1064 3398 1161 3447 me,
1184 3383 1418 3454 diligetur
1442 3396 1474 3434 α
1502 3370 1654 3433 Patre
1677 3395 1785 3433 meo
1813 3393 1834 3434 :
1856 3388 1901 3434 ει
1930 3378 2015 3449 qui
2037 3376 2200 3447 diligit

626 3496 733 3539 me.
761 3477 997 3532 utandata
1024 3493 1134 3530 mea
1162 3474 1397 3538 custodit,
1421 3482 1468 3528 et
1483 3488 1573 3543 ego
1588 3471 1798 3543 diligam
1818 3487 1948 3534 eum,
1972 3479 2018 3525 et
2041 3477 2206 3524 osten-

632 3573 748 3625 dam
769 3571 1016 3640 meipattm
1040 3567 1125 3622 illi
1148 3563 1260 3641 (Id.
1305 3579 1419 3632 11v,
1443 3562 1559 3635 2i),
1598 3561 1709 3634 jam
1736 3562 1879 3631 impii
1908 3575 2013 3615 non
2052 3560 2201 3616 vide-

633 3661 782 3718 bunt.
826 3661 929 3715 ista
963 3656 1346 3713 demonstratio
1384 3651 1773 3725 quodammodo
1800 3651 2076 3705 familiaris
2100 3657 2199 3716 est,

637 3755 747 3807 suis
769 3753 911 3807 illam
940 3761 1135 3812 servat,
1160 3764 1264 3803 non
1288 3746 1431 3802 illam
1459 3743 1902 3814 ostenditimpiis.
1930 3742 2109 3812 Qualis
2126 3752 2207 3798 est

637 3845 737 3898 ista
761 3841 932 3896 visio?
961 3840 1143 3909 Qualis
1162 3836 1439 3893 Christus?
1459 3835 1705 3905 Equaiis
1723 3833 1889 3888 Patri.
1915 3833 2097 3901 Qualis
2125 3842 2206 3887 est

540 3971 554 3987 .
638 3930 914 3986 Christus?
938 3929 996 3984 lu
1024 3928 1283 3999 principio
1303 3936 1418 3982 erat
1442 3925 1695 3991 Verbum,
1737 3931 1791 3978 et
1828 3918 2059 3978 Verbum
2091 3932 2208 3977 erat

638 4023 775 4093 apud
809 4024 993 4088 Deum,
1021 4030 1076 4076 et
1104 4019 1238 4075 Dens
1267 4027 1385 4074 erat
1409 4016 1643 4075 Verbum
1668 4014 1777 4091 (id.
1805 4031 1844 4082 ι,
1872 4014 1945 4087 1).
1974 4014 2105 4069 linic
2124 4012 2207 4068 vi-

640 4112 776 4169 sionl
816 4113 1146 4182 suspiramus
1191 4110 1369 4176 modo,
1409 4119 1463 4165 et
1489 4110 1748 4181 gemimus
1787 4108 2035 4179 quamdiu
2086 4121 2207 4177 per-

640 4203 805 4275 egrinl
834 4216 1045 4271 sumus;
1067 4203 1190 4258 huic
1217 4202 1403 4258 visioni
1431 4201 1486 4257 in
1508 4203 1611 4256 line
1635 4200 1939 4266 reddemur,
1971 4198 2108 4253 hanc
2129 4196 2208 4251 vi-

640 4297 842 4353 sionem
861 4297 1017 4351 modo
1033 4297 1084 4350 in
1101 4297 1379 4366 :euigmate
1398 4293 1707 4361 videmus,si
1720 4306 1847 4364 ergo
1868 4294 1920 4347 in
1933 4293 2210 4362 zenigmate

641 4387 899 4450 videmus,
940 4386 1258 4442 inclinemus
1296 4387 1348 4441 in
1386 4387 1687 4457 parabolam
1727 4400 1911 4440 aurem
1948 4394 2206 4452 nostram,

640 4488 693 4533 et
717 4482 794 4534 sic
818 4479 1115 4550 aperiamus
1145 4479 1196 4532 in
1228 4478 1477 4549 psalterio
1506 4478 1916 4548 propositionem
1939 4487 2209 4532 nostram:

642 4571 914 4624 audiamus
930 4568 1069 4639 quod
1087 4570 1330 4636 dicimus,
1359 4567 1613 4623 faciamus
1636 4567 1776 4638 quod
1804 4567 2160 4638 prmcipimus.

712 4658 765 4713 6.
808 4657 957 4730 [verm
984 4654 1061 4731 6.]
1101 4658 1169 4713 Et
1191 4658 1315 4728 quid
1336 4659 1502 4713 dikit?
1526 4656 1715 4730 thuid
1733 4658 1908 4715 timebo
1929 4659 1981 4713 in
2006 4659 2086 4713 die
2104 4675 2214 4712 mu-

644 4748 732 4802 la.’
770 4746 1019 4818 lniqnitas
1045 4750 1265 4802 calcanei
1294 4749 1392 4803 mei
1425 4749 1750 4804 circumdabit
1789 4767 1885 4804 me.
1916 4748 2089 4820 C(epit
2111 4751 2212 4805 ob-

640 4839 868 4907 scurius,
912 4838 1099 4911 thuid
1124 4841 1322 4904 timebo,
1350 4841 1540 4911 inquit,
1567 4840 1619 4895 in
1646 4838 1727 4894 die
1763 4839 1938 4896 mala!
1965 4839 2214 4910 Iniquitas

640 4930 867 4984 calcanei
887 4931 982 4984 mei
1006 4931 1331 4986 circumdabit
1353 4948 1449 4986 me.
1482 4932 1645 5003 Magis
1670 4947 1796 5004 ergo
1817 4932 1974 4987 debet
2002 4933 2210 5001 timere,

645 5018 688 5074 si
718 5021 965 5092 iniquitas
990 5022 1224 5079 calcanei
1248 5022 1363 5093 ejus
1381 5023 1723 5078 circumdabit
1748 5040 1893 5079 eum.
1924 5023 2039 5080 Non
2069 5025 2211 5080 enim

645 5114 847 5182 timeat,
880 5115 1064 5186 inquit,
1097 5116 1257 5172 homo
1282 5115 1422 5188 quod
1448 5131 1555 5171 non
1584 5116 1738 5172 habet
1768 5118 1820 5171 in
1848 5127 2105 5187 potestate
2120 5118 2215 5175 de-

645 5206 833 5259 vitarc.
865 5202 1024 5260 Verbi
1052 5206 1251 5281 gratia:
1277 5206 1364 5277 qui
1388 5206 1534 5262 timet
1559 5216 1805 5273 mortem,
1832 5209 1957 5279 quid
1981 5206 2215 5265 facturus

648 5308 731 5353 est
759 5309 813 5352 ιιι
837 5315 940 5354 ιιοιι
964 5298 1254 5355 moriatur?
1281 5297 1429 5355 Dicat
1450 5298 1578 5355 mihi
1607 5315 1711 5371 qua
1736 5298 1923 5355 evadat
1947 5300 2086 5370 quod
2116 5300 2213 5357 de-

648 5390 737 5445 bet
777 5390 965 5459 Adam,
991 5393 1080 5465 qui
1120 5403 1273 5448 natus
1308 5400 1479 5448 estex
1506 5391 1693 5447 Adam.
1737 5391 1842 5448 Sed
1871 5393 2065 5464 cogitet
2096 5391 2215 5462 quia

628 5491 809 5566 natus
835 5492 1003 5537 estex
1023 5483 1212 5548 Adam,
1239 5492 1294 5538 et
1312 5491 1523 5537 secutus
1548 5493 1629 5537 est
1652 5482 1942 5550 Christum,
1973 5493 2026 5542 et
2053 5499 2213 5555 opor-

652 5580 726 5625 tet
744 5571 760 5602 ¹
792 5572 912 5626 eum
939 5570 1146 5629 Solvere
1172 5572 1312 5643 quod
1337 5572 1496 5630 debet
1516 5562 1704 5639 Adam,
1732 5584 1786 5630 et
1812 5576 2062 5649 consequi
2079 5576 2219 5645 quod

648 5662 891 5732 promisit
912 5661 1170 5718 Christus.
1194 5663 1292 5733 Qui
1312 5680 1438 5734 ergo
1456 5666 1603 5720 timet
1624 5674 1868 5729 mortem,
1897 5682 2000 5720 non
2023 5676 2218 5736 estqua

706 5772 719 5797 '
760 5774 833 5824 sic
854 5773 1081 5824 Itss.Edd.
1103 5788 1234 5837 vero,
1277 5775 1414 5827 Dicat
1442 5775 1561 5826 mild
1581 5789 1671 5842 quo
1706 5780 1862 5828 vadat.
1910 5776 2053 5829 Debet
2092 5777 2222 5841 quod

1666 340 1679 347 “
1780 360 1836 417 s.
1877 312 2244 415 iocosum
2278 338 2581 410 EPiSCOPl

3739 344 3839 409 648

2271 471 2463 521 evadat
2487 467 2605 537 :qui
2639 476 2815 522 autem
2845 465 2994 522 timet
3018 466 3413 522 damnationem
3440 479 3599 537 quam
3625 467 3843 522 audient

2271 556 2434 627 impii,
2454 556 2533 613 Ite
2545 559 2596 612 in
2609 559 2773 629 ignem
2789 568 3049 619 wternum,
3062 566 3146 613 est
3158 573 3256 627 qua
3273 557 3480 613 evadat.
3504 557 3619 613 Non
3632 559 3841 628 ergotis

2268 646 2445 701 meat?
2466 647 2657 718 thuid
2673 640 2819 702 'enitn
2842 648 3061 702 timeat?
3079 647 3330 716 iniquitas
3346 648 3579 703 calcanei
3599 648 3769 717 ipsius
3784 649 3846 701 il-

2272 738 2381 793 lum
2397 737 2777 795 circumdatum
2794 740 2908 794 est?
2918 739 2972 795 Si
2990 754 3116 810 ergo
3128 738 3255 795 vitet
3272 738 3599 808 iniquitatem
3610 737 3844 794 calcanei

2272 829 2375 896 aui,
2403 838 2456 885 et
2476 828 2708 885 ambulet
2721 846 2815 899 per
2829 830 2938 884 vias
2956 831 3067 893 Dei,
3086 844 3191 883 non
3214 829 3484 899 perveniet
3498 829 3565 884 ad
3580 829 3727 895 diem
3745 843 3849 883 ma-

2273 920 2680 983 lamzdiesmala,
2700 920 2812 975 dies
2824 920 3128 986 novissima,
3142 934 3246 974 non
3263 920 3364 975 erit
3377 919 3452 974 illi
3466 919 3624 973 mala.
3638 918 3846 974 Etenim

2272 1009 2386 1064 dies
2413 1010 2695 1064 novissima
2727 1011 2863 1065 mala
2888 1010 2989 1064 erit
3012 1010 3349 1080 quibusdam,
3372 1008 3507 1065 bona
3526 1010 3628 1063 erit
3641 1009 3851 1077 quam

2275 1101 2417 1155 dam.
2438 1100 2696 1169 Numquid
2712 1101 2848 1155 mala
2862 1102 2959 1154 erit
2972 1100 3076 1154 illis
3091 1099 3524 1169 quibusdicetur:
3541 1097 3737 1164 Venite,
3762 1096 3848 1152 be-

2277 1190 2462 1244 nedicti
2481 1190 2650 1245 Patris
2668 1192 2763 1244 mei
2769 1232 2782 1252 ,
2810 1191 3046 1261 percipite
3060 1204 3268 1261 regnum
3281 1190 3307 1244 .’
3325 1189 3431 1246 Sed
3457 1190 3595 1244 mula
3606 1188 3719 1243 erit
3748 1187 3854 1242 ιιιῂ

2284 1281 2474 1349 quibus
2498 1279 2734 1334 dicetur:
2759 1279 2835 1333 lte
2853 1282 2904 1334 in
2922 1281 3088 1351 ignem
3112 1289 3350 1335 laterum
3377 1277 3737 1349 (Manlian,
3761 1277 3850 1339 δι,

2280 1372 2391 1438 ll).
2421 1371 2575 1437 Quod
2601 1372 2645 1425 si
2674 1371 2919 1439 iniquitas
2945 1371 3179 1425 calcanei
3216 1369 3298 1423 sui
3326 1367 3680 1424 circumdabit
3706 1378 3850 1429 eum,

2277 1461 2461 1530 utquid
2488 1476 2614 1531 ergo
2641 1462 2789 1516 timet
2819 1463 2868 1516 in
2898 1462 2983 1515 die
3007 1461 3178 1514 mala?
3207 1460 3362 1514 Modo
3388 1473 3509 1514 cum
3533 1458 3857 1527 vivuntpro-

2279 1555 2491 1608 videant
2515 1555 2633 1617 sibi,
2666 1555 2853 1608 tollant
2893 1553 3218 1621 iniquitatem
3246 1569 3274 1604 a
3301 1550 3555 1606 calcaneo
3579 1564 3715 1603 suo:
3736 1563 3853 1603 ant-

2278 1646 2467 1704 bulent
2492 1646 2633 1700 illam
2675 1646 2838 1711 viam,
2878 1644 3149 1697 ambulent
3186 1657 3284 1711 per
3319 1641 3458 1695 viam
3494 1640 3565 1695 de
3599 1654 3711 1710 qua
3747 1640 3860 1709 ipse

2281 1738 2434 1801 dixit,
2467 1736 2577 1807 Ego
2597 1750 2707 1789 sum
2725 1737 2826 1798 ria,
2854 1746 2900 1789 et
2923 1736 3123 1800 veritas,
3145 1734 3311 1787 ειυειιι
3338 1729 3519 1801 (Joan.
3552 1744 3665 1795 xw,
3691 1727 3753 1800 6)
3772 1746 3789 1783 :
3807 1738 3861 1782 et

2281 1844 2388 1884 non
2419 1829 2636 1883 timeant
2677 1827 2729 1881 in
2774 1827 2860 1880 die
2886 1826 3043 1887 maia,
3087 1826 3208 1894 quia
3234 1822 3325 1877 dat
3351 1822 3458 1876 illis
3497 1820 3859 1883 securitatem,

2284 1918 2372 1989 qui
2404 1917 2569 1973 factus
2595 1924 2679 1972 est
2696 1916 2797 1969 via.
2826 1914 3016 1984 Ulquid
3040 1914 3221 1967 timebo
3240 1914 3295 1966 in
3313 1911 3397 1965 die
3415 1908 3587 1963 mala?
3608 1906 3861 1978 Iniqui!“

2285 2009 2507 2063 calcanei
2529 2008 2627 2061 mei
2652 2006 2978 2061 circumdabit
3014 2020 3113 2058 me.
3146 2004 3287 2072 Ergo
3326 2002 3492 2057 vitent
3528 1999 3860 2069 iniquitatem

2286 2101 2519 2157 calcanei
2558 2101 2663 2154 sui.
2712 2099 2767 2153 In
2811 2098 3063 2153 calcaneo
3102 2096 3327 2166 quisque
3366 2093 3577 2149 labitur.
3621 2091 3863 2147 intendat

2285 2192 2531 2248 Charitas
2566 2193 2767 2245 Vestra.
2821 2191 2860 2243 Λ
2910 2190 3018 2244 Deo
3057 2187 3182 2257 quid
3216 2186 3416 2241 dictum
3460 2195 3548 2240 est
3586 2185 3866 2254 serpenti?

2289 2281 2415 2354 Ipsa
2441 2293 2581 2336 tuum
2605 2281 2881 2335 observabit
2905 2288 3079 2349 caput,
3104 2288 3150 2331 et
3174 2287 3231 2330 tu
3257 2277 3369 2346 eius
3389 2275 3669 2329 obseruatis
3691 2274 3867 2328 caluo

2292 2390 2435 2427 neum
2471 2372 2621 2443 (Gen.
2645 2386 2721 2437 ιιι,
2752 2372 2860 2441 15).
2888 2368 3139 2424 Diabolus
3156 2367 3466 2421 atieaucum
3492 2375 3640 2419 tuum
3668 2366 3864 2420 obser-

2289 2475 2401 2527 vat,
2430 2464 2645 2534 quando
2684 2463 2897 2528 labaris,
2928 2471 2980 2514 ιιι
3008 2460 3218 2529 dejiciat
3246 2467 3319 2512 te.
3352 2458 3445 2513 Ille
3484 2459 3739 2513 observat
3758 2457 3871 2512 cal.

2292 2572 2516 2611 cuneum
2541 2558 2711 2621 tuum,
2742 2565 2797 2608 tu
2826 2555 3046 2607 observa
3071 2561 3227 2621 caput
3253 2551 3409 2605 illius.
3430 2550 3685 2616 Quodest
3710 2558 3871 2619 caput

2295 2649 2470 2703 illius?
2500 2647 2710 2700 initium
2727 2648 2880 2701 mala:
2902 2643 3277 2715 suggestiouis.
3293 2640 3516 2708 Quando
3532 2640 3717 2710 incipit
3732 2641 3870 2694 mala

2296 2754 2600 2811 suggerere,
2632 2748 2760 2792 tunc
2800 2736 2999 2805 repelle
3041 2744 3325 2802 antequam
3354 2740 3537 2802 surgat
3554 2730 3869 2795 delectatio,

2296 2840 2627 2901 etsequatur
2654 2828 2965 2890 consensio;
3011 2834 3066 2880 et
3112 2834 3237 2879 tunc
3285 2824 3477 2878 vitabis
3523 2832 3682 2892 caput
3732 2824 3872 2892 eius,

2295 2933 2351 2978 et
2376 2936 2480 2976 non
2523 2920 2886 2991 apprehendit
2927 2919 3016 2973 llic
3039 2919 3343 2971 caleanenm
3372 2927 3541 2970 tuum.
3567 2916 3753 2982 Quare
3776 2931 3873 2971 au-

2298 3025 2407 3070 tem
2434 3012 2559 3069 Eva:
2586 3013 2688 3067 hoc
2712 3012 2878 3066 dixit?
2922 3010 3056 3078 Qui:
3100 3025 3196 3079 per
3233 3023 3447 3065 carnem
3474 3007 3666 3061 labitur
3690 3007 3874 3061 item.

2300 3106 2408 3162 Eva
2437 3106 2588 3159 nobis
2608 3104 2827 3159 interior
2849 3117 2975 3157 caro
3005 3109 3183 3155 nostra
3211 3109 3310 3155 est.
3341 3098 3653 3168 Quidiligit,
3680 3100 3874 3165 inquit.

2298 3212 2506 3251 uxorem
2532 3211 2696 3259 suum,
2726 3194 2944 3264 seipmu
2970 3190 3157 3260 diligit.
3185 3190 3321 3257 Quid
3362 3199 3462 3251 est,
3491 3189 3757 3258 δείρειιυῖ
3782 3187 3879 3243 Se-

2301 3289 2498 3359 quitur,
2530 3295 2584 3342 et
2606 3286 2765 3341 dicit:
2794 3283 2959 3337 Nemo
2988 3283 3119 3336 enim
3142 3297 3361 3351 ungit-tt
3379 3296 3576 3334 carnem
3596 3280 3880 3334 mmedio

2303 3380 2474 3435 habuit
2504 3377 2717 3450 (Ephes.
2744 3392 2797 3442 v,
2836 3374 2926 3436 28,
2957 3373 3073 3445 εει).
3106 3373 3245 3440 Quia
3272 3388 3412 3442 ergo
3430 3372 3705 3441 quomodo
3735 3372 3880 3426 illum

2304 3471 2573 3526 hominem
2597 3468 2765 3523 Adam
2792 3483 2888 3537 per
2913 3466 3077 3521 Evam
3114 3464 3474 3534 supplantavit
3499 3463 3651 3536 (Gen.
3679 3479 3768 3525 ιιι,
3792 3464 3878 3531 .6),

2306 3564 2384 3621 sic
2411 3561 2652 3615 diabolus
2691 3575 2786 3629 per
2812 3573 3027 3613 comem
3056 3557 3169 3611 vult
3194 3571 3294 3610 ιιιιιι
3328 3557 3705 3624 sumam;
3751 3570 3886 3626 με.

2306 3662 2516 3723 ceptum
2545 3659 2628 3705 est
2655 3650 2781 3704 Evae
2822 3659 2880 3704 ut
2904 3648 3157 3702 observet
3178 3656 3339 3715 caput
3366 3646 3580 3711 diaboli,
3610 3647 3743 3714 quia
3771 3647 3884 3701 db-

2306 3746 2459 3800 bolus
2496 3745 2805 3798 calcaneum
2852 3741 3014 3810 ipsius
3056 3741 3324 3794 «mservat.
3368 3739 3423 3792 Si
3470 3754 3601 3807 ergo
3630 3739 3890 3809 iniquitas

2288 3837 2537 3892 calcanei
2554 3833 2899 3889 circumdabit
2921 3846 3040 3893 nos,
3054 3831 3240 3901 utquid
3264 3832 3511 3887 timemus
3526 3831 3583 3884 in
3598 3829 3692 3884 die
3724 3831 3886 3894 mala,

2309 3942 2429 3985 cum
2456 3924 2697 3982 conversi
2724 3923 2790 3977 ad
2831 3922 3098 3977 Christum
3140 3921 3427 3975 habeamus
3451 3920 3505 3974 in
3531 3928 3807 3988 potestate
3834 3932 3893 3975 ut

2312 4034 2416 4073 non
2445 4016 2698 4071 iaciamus
2725 4014 3081 4082 iniquitatem;
3110 4021 3167 4066 et
3193 4026 3299 4065 non
3338 4011 3442 4065 erit
3478 4009 3626 4080 quod
3656 4026 3765 4065 nos
3789 4012 3893 4070 εξε-

2310 4108 2543 4173 cumdet,
2581 4115 2637 4162 et
2675 4105 3020 4177 gaudebimus
3049 4104 3102 4157 in
3130 4101 3219 4157 die
3256 4101 3565 4167 novissima,
3596 4116 3712 4155 non
3739 4103 3893 4173 plana

2310 4200 2528 4271 gemas?
2738 4198 2749 4235 ‘~

2383 4290 2434 4344 7.
2474 4287 2624 4362 icere.
2664 4282 2745 4359 ει]
2771 4284 2871 4352 Qui
2898 4293 3021 4339 sunt
3042 4291 3221 4338 autem
3242 4296 3377 4352 quos
3396 4281 3757 4336 circumdabit
3792 4281 3888 4336 iui.

2313 4381 2485 4452 quitus
2501 4378 2737 4434 calcanei
2757 4377 2780 4430 ?
2803 4375 2900 4441 Qui
2912 4375 3173 4443 con/idum
3184 4373 3239 4425 in
3256 4373 3438 4426 virtute
3456 4378 3569 4435 sua,
3590 4383 3640 4426 et
3656 4372 3719 4427 in
3732 4372 3900 4426 abun-

2314 4472 2487 4526 dantia
2512 4471 2797 4524 divitiarum
2815 4478 3019 4522 suarum
3047 4464 3352 4536 gloriantur.
3382 4462 3523 4531 Ergo
3546 4463 3733 4516 vitabo
3761 4465 3863 4517 ista
3879 4503 3896 4527 ,

2314 4573 2370 4618 et
2402 4578 2510 4617 non
2552 4560 2799 4629 iniquitas
2822 4556 3057 4611 calcanei
3102 4554 3206 4608 mei
3227 4552 3579 4609 circini-abit
3612 4570 3731 4608 me.
3761 4554 3898 4621 Quid

2315 4663 2397 4708 est
2417 4655 2582 4707 vitare
2610 4651 2706 4705 ista
2718 4650 2743 4702 ἰ
2764 4649 2878 4704 Non
2905 4645 3234 4702 conﬁdamus
3260 4644 3529 4699 iuvit-tute
3542 4654 3773 4708 nostra.
3788 4660 3899 4698 non

2315 4745 2600 4816 gloriemur
2628 4742 2691 4796 in
2726 4736 3043 4795 abundantia
3082 4736 3390 4791 divitiarum
3428 4734 3901 4798 nostum-:sed

2296 4834 2609 4902 gloriemur
2631 4832 2685 4886 in
2720 4844 2787 4886 eo
2815 4829 2905 4900 qui
2930 4826 3086 4883 nobis
3116 4826 3363 4897 pm-isit
3389 4823 3684 4880 humilibus
3717 4825 3905 4878 attitu-

2316 4924 2517 4988 dinem,
2539 4930 2592 4978 et
2612 4921 2843 4976 minatus
2862 4917 3115 4975 estelntis
3132 4915 3527 4971 domme
3548 4922 3791 4979 :et-non
3806 4928 3909 4970 nos

2317 5015 2566 5084 iniquitas
2591 5010 2828 5069 calcanei
2864 5009 3234 5066 circumdabit.
3267 5006 3368 5074 Qui
3404 5004 3670 5074 conﬁdunt
3708 5007 3768 5061 in
3802 5006 3909 5061 oil-

2320 5115 2426 5161 tute
2461 5120 2573 5173 suo,
2606 5114 2655 5159 et
2684 5104 2741 5158 in
2765 5101 3075 5157 obtundentia
3101 5098 3389 5153 divitiarum
3416 5112 3628 5152 suum
3668 5097 3909 5169 gloria-

2321 5207 2422 5252 tur.

2391 5287 2443 5343 8.
2476 5284 2625 5360 [rem
2656 5281 2736 5357 8.]
2776 5282 2917 5340 Sunt
2952 5281 3042 5353 qui
3082 5290 3410 5351 praesumus
3444 5279 3498 5333 in
3525 5277 3725 5334 amicis
3763 5280 3911 5335 suis:

2324 5377 2411 5432 alii
2430 5382 2758 5448 praesumunt
2781 5375 2834 5428 in
2862 5374 3054 5428 virtute
3082 5386 3199 5440 sna,
3230 5371 3320 5426 alii
3362 5371 3417 5425 in
3441 5368 3665 5425 diuitiis.
3696 5367 3808 5425 Ista
3826 5379 3914 5425 est

2322 5468 2665 5540 praesumptio
2684 5466 2893 5538 generis
2911 5466 3149 5530 humani,
3172 5480 3276 5519 non
3299 5461 3677 5534 praesumatis
3698 5464 3756 5518 in
3778 5464 3913 5518 Deo.

2324 5559 2465 5616 Dixit
2500 5558 2570 5615 de
2606 5558 2835 5621 virtute,
2877 5556 3010 5613 dixit
3048 5557 3117 5611 de
3152 5555 3376 5620 dividis,
3402 5553 3536 5609 dicit
3571 5553 3643 5609 de
3667 5554 3871 5610 amicis
3901 5570 3916 5606 :

2327 5715 2497 5772 Adam,
2522 5712 2607 5776 qui
2620 5718 2759 5763 notus
2780 5717 2849 5762 est
2863 5723 2927 5776 ea;
2949 5694 3120 5760 Adam.
3159 5707 3250 5758 Sed
3279 5703 3447 5770 cogitet
3467 5705 3550 5765 oui
3572 5696 3721 5759 nutu:
3758 5711 3831 5758 est
3854 5715 3922 5757 ιι

2330 5779 2481 5834 actum
2503 5774 2547 5827 et
2571 5778 2755 5825 minus
2774 5779 2843 5824 ru
2859 5774 3100 5823 Christum
3135 5778 3247 5831 qm
3269 5776 3467 5832 oporr't,
3483 5774 3577 5820 est
3760 5780 3763 5789 ν
