4042 6506
595 396 690 458 est
1822 389 1879 445 s.
1921 381 2281 445 sucusnut
2321 380 2610 440 nrtscort
3726 388 3816 449 ωε

589 522 805 586 postea:
836 508 937 566 erit
965 508 1105 564 enim
1136 505 1244 562 vita
1271 513 1448 560 nostra
1479 500 1722 559 Christus
1759 502 1812 557 in
1848 511 2103 557 aeternum
2137 518 2150 554 :

593 605 668 659 illi
695 611 869 658 autem
897 599 985 671 qui
1017 599 1104 653 hic
1131 596 1314 650 volunt
1341 593 1538 650 habere
1559 596 1743 658 vitam,
1775 591 2084 647 laborabunt
2104 591 2158 645 in

593 703 874 756 .etcrnum,
909 700 964 745 et
993 690 1172 742 vivent
1199 687 1250 741 in
1281 686 1458 740 littem.

665 787 751 841 11.
793 783 945 857 [vers.
979 779 1090 853 ll.]
1123 779 1373 846 Quoniam
1403 793 1502 830 non
1535 773 1717 828 uidebit
1737 773 2014 837 interitum,
2044 787 2157 825 cum

593 877 773 933 uiderit
803 875 1051 944 sapientes
1077 871 1363 924 morientes.
1392 868 1494 922 lste
1521 866 1607 936 qui
1641 866 1901 919 laboravit
1924 864 1974 917 in
2005 872 2161 916 mter-

590 984 741 1032 num,
765 974 818 1019 et
842 966 980 1017 vivet
1009 963 1060 1015 in
1088 960 1246 1014 linem
1268 1001 1282 1023 ,
1309 974 1410 1010 non
1435 955 1613 1009 videbit
1638 954 1910 1014 interitum,
1936 967 2050 1005 cum
2082 951 2162 1003 ri-

591 1058 715 1111 derit
737 1056 987 1127 sapientes
1007 1052 1268 1105 morientes
1289 1064 1308 1102 :
1333 1046 1458 1117 quid
1485 1055 1567 1100 est
1597 1045 1695 1097 hoc
1713 1042 1736 1096 ?
1756 1043 1872 1097 Non
1903 1042 2161 1109 intelliget

589 1147 717 1218 quid
744 1145 814 1200 sit
835 1143 1094 1204 interitus,
1114 1139 1326 1210 quando
1351 1137 1542 1191 viderit
1568 1135 1832 1204 sapientes
1849 1133 2158 1186 morientes.

591 1239 728 1294 Dicit
750 1237 890 1292 enim
920 1234 1019 1288 sibi
1052 1250 1066 1284 :
1101 1233 1234 1296 Iste,
1266 1230 1386 1300 quia
1425 1228 1637 1297 sapiens
1665 1234 1810 1288 erat,
1841 1233 1895 1279 et
1922 1239 2042 1278 cum
2071 1237 2161 1277 sa-

591 1331 784 1400 pientia
813 1325 1160 1390 inhabitabat,
1186 1333 1378 1378 etcum
1407 1321 1600 1389 pietate
1624 1319 1784 1372 Deum
1801 1316 1981 1382 coluit,
2005 1330 2160 1369 nuut-

592 1420 716 1490 quid
744 1433 848 1472 uon
874 1425 957 1471 est
986 1410 1266 1468 mortuus?
1298 1407 1508 1464 Faciam
1535 1407 1661 1460 mihi
1697 1421 1827 1474 ergo
1857 1405 2012 1467 bene,
2039 1417 2160 1456 cum

595 1513 714 1564 vivo
743 1525 757 1562 :
790 1523 911 1561 nam
956 1505 1000 1559 si
1030 1501 1227 1572 aliquid
1259 1507 1473 1573 possent
1500 1499 1588 1568 qui
1627 1495 1768 1550 aliud
1794 1495 2026 1564 sapiunt,
2056 1507 2159 1546 non

595 1610 948 1658 morerentur.
976 1597 1134 1650 Videt
1165 1595 1310 1648 illum
1345 1592 1513 1656 mori,
1554 1597 1612 1644 et
1640 1605 1743 1643 non
1771 1587 1916 1640 videt
1946 1600 2062 1654 qua:
2096 1585 2164 1637 sit

597 1709 761 1748 mors.
796 1690 916 1746 Non
944 1689 1125 1743 videbit
1148 1686 1421 1748 interitum,
1447 1700 1561 1737 cum
1580 1681 1761 1736 videbit
1785 1679 2031 1748 sapientes
2057 1693 2165 1730 mo-

597 1787 796 1840 rientes.
827 1783 1103 1850 Quomodo
1144 1779 1314 1835 Judaei
1358 1777 1602 1832 viderunt
1631 1774 1897 1830 Christum
1929 1771 2166 1842 penden-

601 1889 706 1932 tem
735 1879 786 1930 in
815 1889 1003 1941 cruce,
1029 1881 1082 1929 et
1105 1877 1560 1940 contempserunt,
1589 1867 1845 1928 dicentes,
1875 1864 1978 1918 Iste
2001 1864 2044 1918 si
2073 1863 2165 1917 Fi-

601 1969 702 2024 lius
742 1967 832 2022 Dei
873 1974 1041 2029 esset,
1071 1961 1416 2018 descenderet
1449 1959 1517 2014 de
1555 1972 1712 2012 cruce
1740 1955 1759 2028 (
1785 1955 1968 2010 Matth.
2001 1969 2163 2010 xxvtt.

601 2058 711 2128 62)
747 2076 758 2111 :
791 2056 1148 2111 nonvidentcs
1174 2050 1299 2122 quid
1321 2051 1388 2104 sit
1409 2049 1670 2103 interitus.
1698 2046 1754 2101 Si
1779 2045 2018 2100 viderent
2041 2042 2167 2113 quid

601 2151 672 2205 sit
693 2149 952 2209 interitus,
979 2146 1022 2200 si
1054 2143 1324 2197 viderent‘
1349 2142 1363 2194 !
1394 2139 1485 2194 Ille
1508 2138 1830 2194 moriebatur
1860 2135 2167 2206 temporali-

602 2251 707 2304 ter,
737 2250 794 2294 ut
825 2238 1162 2293 revivisceret
1200 2234 1251 2288 in
1281 2243 1566 2296 mternum;
1594 2231 1670 2284 illi
1695 2229 1942 2284 vivebant
1963 2238 2167 2296 tetnpo~

603 2332 813 2394 raliter,
854 2336 914 2383 ut
958 2333 1291 2380 morerentur
1318 2323 1369 2377 in
1398 2331 1675 2387 mternum.
1721 2319 1824 2390 Sed
1869 2319 1990 2389 quia
2022 2317 2167 2370 illum

607 2420 857 2475 videbant
891 2417 1235 2478 morientem,
1271 2428 1376 2466 non
1401 2410 1647 2466 videbant
1672 2409 1966 2471 interitum,
1990 2407 2041 2461 id
2064 2415 2166 2473 est,

605 2525 712 2565 non
740 2505 1097 2575 intelligebant
1125 2504 1243 2572 quis
1267 2509 1412 2555 esset
1436 2513 1593 2554 verus
1629 2498 1894 2553 interitus.
1928 2494 2064 2563 Quid
2089 2494 2168 2548 di-

603 2611 730 2657 cunt
757 2600 914 2654 etiam
953 2598 1004 2671 in
1029 2593 1331 2665 Sapientia?
1365 2592 1529 2646 Morte
1554 2591 1840 2660 turpissima
1869 2589 2167 2643 condemne-

603 2710 714 2746 mus
738 2690 904 2755 illum,
946 2690 1038 2742 erit
1056 2688 1188 2741 euint
1220 2694 1471 2755 respectus
1502 2700 1562 2737 ea:
1592 2680 1901 2737 sermonibus
1925 2681 2096 2740 illius:
2125 2679 2169 2734 si

601 2784 731 2838 enim
752 2790 822 2835 est
842 2795 952 2833 vere
975 2779 1112 2847 [ilius
1136 2776 1247 2840 Dei,
1278 2774 1503 2829 liberabit
1523 2773 1667 2827 illunt
1701 2771 1763 2826 de
1788 2771 2016 2825 ntanibus
2049 2787 2170 2822 eon-

599 2873 868 2928 trariorunt
889 2868 1043 2942 (Sap.
1074 2883 1133 2936 tt,
1163 2867 1253 2932 20,
1279 2865 1366 2933 l8)
1391 2881 1403 2916 :
1425 2879 1530 2918 non
1553 2863 1823 2933 permittet
1849 2861 1981 2914 mori
2004 2860 2166 2914 lilium

599 2981 751 3023 suum
771 3006 787 3030 ,
815 2964 860 3018 si
900 2977 1024 3016 vere
1053 2961 1187 3015 filius
1215 2959 1382 3028 ipsius
1404 2965 1506 3012 est.
1542 2957 1611 3010 At
1636 2954 1726 3009 ubi
1753 2953 1994 3008 viderunt
2005 2952 2165 3036 rillaut

599 3059 653 3115 in
679 3071 836 3113 cruce
861 3054 1180 3109 insultantes
1202 3066 1281 3113 se,
1305 3060 1358 3103 et
1381 3049 1525 3102 illum
1549 3061 1651 3100 non
1675 3043 2081 3099 descendentem
2100 3042 2168 3098 de

598 3165 778 3214 cruce,
810 3147 1077 3210 dixerunt,
1107 3143 1240 3197 Vere
1279 3141 1440 3194 homo
1465 3138 1582 3192 fuit.
1613 3137 1814 3191 Dictum
1836 3144 1917 3190 est
1946 3151 1958 3186 :
1987 3143 2041 3188 et
2067 3133 2170 3188 uti-

598 3257 703 3312 que
729 3247 930 3310 poterat
958 3233 1281 3290 descendere
1305 3232 1372 3286 de
1395 3245 1571 3294 cruce,
1596 3230 1682 3298 qui
1713 3228 1878 3297 potuit
1900 3225 1966 3280 de
1988 3224 2166 3296 sepul-

601 3345 696 3386 cro
726 3341 1037 3397 resurgere;
1066 3322 1159 3379 sed
1189 3321 1370 3377 docuit
1395 3335 1490 3374 nos
1516 3318 1655 3373 ferre
1692 3317 2003 3371 insultantes
2024 3357 2038 3380 ,
2066 3315 2167 3371 do-

596 3423 706 3478 cuit
732 3420 986 3474 adversus
1006 3416 1209 3485 linguas
1235 3411 1508 3467 hominum
1531 3425 1650 3465 esse
1675 3413 1954 3478 patientes,
1983 3407 2166 3463 bibere

597 3510 754 3567 modo
783 3509 1002 3564 calicem
1028 3502 1396 3559 amaritudinis
1414 3543 1430 3567 ,
1460 3510 1512 3555 et
1551 3509 1732 3570 postea
1760 3498 2000 3568 accipere
2027 3511 2168 3552 sem-

596 3602 853 3673 piternam
879 3599 1121 3652 salutem.
1155 3593 1303 3660 Bibe,
1330 3607 1491 3662 aeger,
1543 3590 1760 3644 calicem
1802 3604 2061 3654 amarum,
2111 3597 2168 3642 ttt

598 3707 761 3748 sanus
801 3690 893 3750 sis.
914 3687 996 3742 cui
1023 3702 1124 3740 non
1152 3694 1274 3740 sunt
1303 3698 1429 3737 sana
1451 3682 1649 3734 viscera
1684 3697 1696 3733 :
1727 3679 1833 3734 noli
1871 3678 2160 3748 trepidare,

595 3784 717 3854 quia
752 3796 818 3836 ne
845 3777 1160 3848 trepidares,
1201 3775 1345 3844 prior
1377 3773 1509 3827 bibit
1532 3770 1802 3835 medicus;
1831 3769 1881 3824 id
1913 3779 2014 3835 Osi,
2040 3783 2164 3838 pas-

596 3873 762 3929 siouis
801 3869 1203 3925 amaritudinem
1247 3865 1376 3918 bibit
1412 3863 1557 3933 prior
1581 3862 1857 3916 Dominus.
1900 3859 2036 3914 Bibit
2074 3857 2164 3929 qui

605 3974 880 4036 peccatum
907 3976 1010 4014 nou
1040 3957 1286 4024 habebat,
1309 3956 1394 4026 qui
1418 3954 1554 4024 quod
1583 3955 1634 4008 in
1669 3969 1734 4008 eo
1759 3957 2036 4007 sinuaretur
2059 3967 2162 4006 non

597 4055 849 4110 habebat.
876 4049 1201 4107 Bibe'dunec
1223 4044 1763 4102 transeatamaritudo
1783 4043 1938 4114 hujus
1963 4044 2162 4110 saeculi,

596 4159 650 4204 et
677 4147 853 4202 veniat
881 4146 1131 4199 smculum
1163 4140 1249 4194 ubi
1277 4138 1478 4194 nullum
1518 4135 1854 4200 scandalum,
1899 4135 2039 4189 nulla
2065 4134 2162 4202 ira,

597 4239 740 4295 nulla
763 4237 934 4302 tabes,
957 4234 1099 4290 nulla
1121 4230 1436 4295 amaritudo,
1451 4229 1595 4282 nulla
1610 4228 1786 4293 febris,
1803 4227 1974 4280 mtllus
1988 4225 2162 4292 dolus,

601 4329 759 4383 nullae
806 4325 1128 4388 inimicitias,
1155 4321 1297 4376 nuila
1339 4327 1616 4383 senectus,
1650 4317 1785 4370 nulla
1816 4331 1992 4382 mors,
2024 4316 2164 4370 nulla

599 4417 889 4472 contentio.
915 4413 1122 4469 Labora
1153 4411 1256 4472 hic,
1283 4419 1534 4462 venturus
1561 4407 1624 4460 ad
1657 4408 1846 4470 tinent;
1875 4406 2072 4467 labora,
2101 4421 2167 4461 ne

597 4526 716 4566 cum
756 4523 863 4563 non
902 4507 980 4560 vis
1025 4504 1110 4558 hic
1139 4503 1378 4556 laborare
1399 4542 1412 4560 .
1445 4499 1624 4552 venias
1649 4496 1714 4550 ad
1743 4497 1898 4550 linem
1930 4496 2084 4563 vitze,
2115 4504 2170 4550 et

601 4613 871 4668 nunquam
897 4598 1077 4651 venias
1103 4593 1167 4646 ad
1199 4591 1356 4645 liuent
1388 4590 1648 4644 laborum.
1682 4587 1931 4653 Quoniam
1959 4603 2059 4640 non
2095 4586 2172 4640 ui-

605 4690 739 4744 debit
763 4687 1042 4747 interitum,
1064 4699 1178 4736 eum
1205 4680 1383 4734 uiderit
1405 4679 1648 4750 sapientes
1675 4679 1956 4732 morientes.

672 4780 760 4835 η.
803 4775 972 4834 Simul
1011 4755 1300 4844 imprudens
1325 4781 1369 4825 et
1397 4771 1635 4841 insipiens
1661 4770 1909 4839 peribunt.
1933 4767 2060 4836 Quis
2087 4777 2170 4824 est

597 4870 923 4940 imprudens?
945 4867 1043 4936 Qui
1087 4881 1192 4920 non
1229 4862 1330 4920 sibi
1371 4863 1622 4934 prOSpicit
1661 4862 1712 4915 in
1755 4859 2007 4914 futurum.
2040 4859 2168 4926 Quis

600 4969 683 5016 est
708 4955 1106 5027 insipiensiQui
1135 4969 1240 5009 non
1279 4952 1521 5022 intelligit
1563 4952 1614 5005 itt
1653 4965 1759 5020 quo
1795 4951 1936 5004 malo
1975 4949 2061 5004 sit.
2089 4949 2167 5004 Tu

600 5065 728 5105 vero
753 5047 982 5118 intellige
1009 5046 1060 5100 in
1085 5059 1192 5115 quo
1222 5043 1363 5097 malo
1389 5043 1464 5096 sis
1491 5039 1668 5105 modo,
1691 5047 1744 5094 et
1771 5039 2011 5110 prospice
2031 5049 2086 5094 ut
2115 5038 2168 5095 in

599 5141 753 5196 bonis
782 5140 858 5196 sis
883 5139 934 5192 in
959 5143 1251 5209 posterum.
1282 5131 1624 5202 lntclligendo
1663 5133 1714 5184 in
1757 5146 1863 5200 quo
1901 5134 2040 5187 malo
2072 5133 2164 5198 sis,

599 5248 706 5286 non
732 5230 840 5285 eris
865 5228 1156 5296 insipiens:
1183 5221 1552 5294 pr05piciendo
1580 5220 1672 5275 tibi
1705 5222 1756 5276 in
1789 5221 2040 5288 futurum,
2066 5239 2171 5278 non

600 5325 708 5378 eris
752 5320 1076 5390 imprudens.
1105 5316 1236 5384 Quis
1279 5322 1363 5369 est
1401 5315 1488 5386 qui
1526 5314 1624 5368 sibi
1665 5313 1954 5384 prospicit?
1977 5315 2172 5370 Servus
2270 5323 2272 5325 '

601 5415 689 5468 ille
716 5410 799 5466 cui
824 5409 969 5464 dedit
1004 5406 1256 5462 Dominus
1280 5420 1409 5458 suus
1435 5403 1574 5473 quod
1603 5414 1846 5474 erogaret
1866 5445 1881 5469 ,
1908 5412 1963 5458 et
1991 5413 2172 5473 postea

600 5501 735 5557 dixit
761 5503 808 5555 el
834 5516 848 5551 :
876 5497 995 5551 Non
1024 5506 1163 5565 potes
1203 5493 1326 5546 mihi
1369 5509 1534 5562 agere,
1563 5494 1714 5546 redde
1750 5495 1994 5548 rationem
2031 5504 2173 5547 actus

601 5604 697 5646 tut.
729 5589 798 5645 Et
827 5588 914 5644 ille
937 5604 950 5641 :
973 5587 1106 5652 Quid
1133 5585 1302 5656 facio?
1326 5585 1498 5654 fodere
1520 5598 1621 5636 non
1646 5599 1867 5652 possum,
1895 5585 2176 5639 mendicare

603 5679 906 5752 confundor.
931 5677 1036 5733 Sed
1062 5685 1116 5730 et
1143 5674 1210 5729 de
1239 5688 1296 5727 re
1324 5671 1523 5726 domini
1553 5671 1633 5726 sui
1666 5671 1787 5728 fecit
1815 5674 1914 5730 sibi
1953 5674 2172 5743 amicos,

666 5797 683 5829 ⁸
717 5801 782 5844 tu
804 5790 1016 5844 nonnulli
1038 5798 1138 5842 Its.
1159 5788 1270 5838 add.
1287 5799 1425 5848 vero,
1445 5798 1494 5837 se
1516 5787 1749 5839 viderent.

2266 500 2354 568 qui
2377 499 2520 554 illum
2543 498 2858 568 reciperent,
2883 512 3001 554 cum
3029 498 3093 552 de
3117 507 3236 553 actu
3263 501 3628 570 projiceretur.
3653 502 3715 557 Et
3737 507 3815 561 ille

2265 586 2503 644 fraudem
2534 589 2657 644 fecit
2679 590 2894 643 domino
2923 605 3041 651 suo,
3070 600 3126 643 ut
3150 601 3480 658 compararet
3508 593 3607 646 sibi
3633 594 3814 650 amicos

2262 683 2351 750 qui
2380 681 2522 733 illum
2554 681 2884 748 susciperent
2915 695 2928 732 :
2961 689 3016 733 ttt
3049 682 3153 733 noli
3183 682 3371 735 timere
3397 697 3464 736 ne
3492 682 3721 737 fraudem
3747 683 3814 738 fa-

2263 773 2408 836 cias;
2441 773 2552 841 ipse
2579 771 2832 825 Dominus
2863 770 3104 825 hortatur
3133 785 3186 826 ut
3217 772 3396 835 facias,
3427 773 3538 842 ipse
3565 775 3655 827 tibi
3680 774 3810 839 dicit,

2264 861 2368 916 Fac
2398 862 2486 915 tibi
2518 863 2717 915 amicos
2753 861 2820 915 de
2858 877 3154 916 mammona
3200 862 3486 931 iniquitatis
3526 863 3689 934 (Lue.
3715 880 3810 929 svi,

2266 953 2407 1025 1-2).
2431 953 2693 1008 Fortassis
2723 969 2782 1009 ea
2813 970 2930 1024 qua:
2955 954 3242 1023 acquisisti,
3270 956 3337 1010 de
3364 939 3632 1025 iniquitate
3651 960 3814 1025 acqui-

2263 1047 2376 1098 sisti
2399 1062 2411 1107 ;
2443 1053 2533 1100 aut
2561 1045 2785 1099 fortasse
2810 1061 2870 1100 ea
2903 1046 3012 1116 ipsa
3041 1058 3123 1100 est
3146 1047 3410 1116 iniquitas,
3433 1049 3553 1117 quia
3584 1057 3638 1102 tu
3666 1048 3814 1106 babes

2263 1145 2316 1188 et
2340 1135 2476 1190 alter
2503 1150 2606 1189 non
2634 1135 2811 1197 habet,
2851 1147 2904 1189 tu
2942 1137 3179 1191 abundas
3204 1148 3255 1191 et
3284 1137 3418 1191 alter
3451 1150 3588 1208 eget.
3620 1139 3694 1193 De
3727 1140 3812 1195 ista

2262 1239 2561 1280 mammona
2591 1226 2896 1296 iniquitatis,
2926 1226 2991 1281 de
3020 1227 3214 1281 divitiis
3245 1228 3357 1282 istis
3382 1244 3513 1298 quas
3538 1230 3701 1300 iniqui
3726 1246 3813 1284 vo-

2263 1324 2386 1370 Cant
2407 1315 2635 1379 divitias,
2659 1314 2742 1369 fac
2768 1316 2858 1370 tibi
2887 1319 3086 1372 amicos
3113 1328 3165 1372 et
3194 1320 3422 1388 prudens
3443 1321 3548 1374 eris
3574 1336 3812 1391 :cmopa-

2263 1421 2352 1462 ras
2378 1407 2496 1470 tibi,
2528 1423 2633 1462 non
2680 1407 2957 1463 fraudaris.
2993 1410 3149 1464 Modo
3184 1413 3323 1465 enim
3353 1413 3548 1467 videris
3588 1414 3811 1483 perdere.

2263 1497 2524 1577 Numquid
2553 1499 2744 1568 perdes
2772 1500 2821 1552 in
2853 1501 3178 1555 thesaurario
3201 1503 3216 1533 ί
3243 1503 3483 1570 ponens?
3503 1503 3632 1558 Nam
3661 1506 3811 1573 pueri,

2267 1587 2474 1654 fratres,
2507 1589 2646 1643 unde
2682 1590 2779 1644 sibi
2810 1599 2989 1644 emant
3022 1593 3201 1646 nescio
3227 1594 3349 1661 quid
3374 1594 3529 1648 simul
3559 1597 3816 1650 inveniunt

2267 1694 2530 1742 nummos.
2554 1689 2608 1735 et
2635 1691 2833 1750 ponunt
2872 1683 2922 1736 in
2965 1682 3311 1751 thesaurario,
3351 1696 3404 1740 et
3443 1701 3548 1740 non
3591 1690 3818 1756 aperiunt

2267 1771 2367 1825 nisi
2399 1783 2575 1840 postea
2598 1791 2609 1825 :
2630 1773 2880 1842 ttnmquid
2908 1775 3026 1843 quia
3053 1791 3154 1828 non
3181 1776 3359 1831 vident
3387 1779 3526 1848 quod
3556 1780 3815 1850 colligunt,

2269 1861 2388 1916 ideo
2415 1861 2791 1928 perdiderunt?
2815 1864 2930 1917 Noli
2960 1865 3146 1920 timere
3174 1884 3187 1920 :
3217 1877 3415 1935 ponunt
3448 1869 3596 1937 pueri
3637 1871 3686 1924 in
3713 1870 3818 1924 tlte-

2269 1952 2526 2016 saurario,
2554 1961 2607 2005 et
2636 1954 2806 2007 securi
2832 1964 2984 2020 sunt;
3015 1957 3165 2024 ponis
3195 1968 3247 2010 tu
3274 1957 3324 2011 in
3351 1973 3508 2011 manu
3533 1959 3748 2021 Christi.
3771 1969 3820 2014 et

2271 2042 2456 2096 times!
2491 2041 2617 2096 Esto
2649 2043 2896 2112 prudens,
2919 2054 2973 2098 et
2998 2047 3239 2115 proSpice
3265 2047 3355 2101 tibi
3396 2048 3447 2102 in
3484 2059 3750 2118 posterum
3773 2050 3819 2103 in

2269 2126 2422 2186 eoelo.
2449 2132 2575 2186 Esto
2597 2148 2722 2203 ergo
2749 2135 2999 2203 prudens,
3027 2137 3232 2191 imitare
3263 2139 3556 2206 formicam,
3583 2140 3721 2195 sicut
3743 2141 3818 2196 di-

2270 2221 2344 2276 cit
2368 2221 2637 2291 Scriptura
2664 2222 2840 2292 (Prov.
2865 2241 2936 2288 vt,
2955 2224 3009 2291 6,
3031 2236 3078 2279 et
3099 2241 3224 2292 xxx,
3246 2226 3335 2297 25)
3353 2244 3366 2293 ;
3385 2230 3616 2284 reconde
3635 2239 3820 2295 arstate.

2271 2329 2338 2369 ne
2361 2315 2573 2391 esurias
2594 2316 2644 2368 in
2673 2316 2844 2371 hieme
2875 2335 2887 2370 :
2918 2317 3088 2373 hiems
3111 2329 3194 2373 est
3215 2319 3329 2373 dies
3357 2322 3699 2388 novissimus,
3722 2324 3825 2377 dies

2271 2405 2654 2472 tribulationis;
2686 2407 2852 2464 hiems
2877 2419 2959 2464 est
2983 2409 3096 2464 dies
3116 2411 3481 2466 scandalorum
3507 2422 3562 2468 et
3583 2416 3827 2469 amritu-

2270 2497 2407 2554 diuis
2435 2515 2449 2554 :
2477 2499 2665 2570 collige
2692 2501 2832 2570 quod
2869 2501 2939 2556 ibi
2979 2502 3070 2556 tibi
3111 2503 3179 2557 sit
3204 2505 3226 2535 ³
3256 2503 3307 2557 in
3336 2514 3647 2574 posterum;
3674 2508 3716 2560 si
3739 2523 3826 2560 an-

2271 2600 2376 2646 tctn
2407 2605 2511 2646 non
2543 2593 2690 2657 facis,
2718 2593 2876 2648 simul
2902 2594 3210 2663 imprudens
3246 2606 3300 2650 et
3341 2598 3593 2666 insipiens
3621 2599 3825 2669 peribis.

2343 2683 2426 2739 l3.
2470 2683 2574 2738 Sed
2606 2696 2844 2743 mortuus
2870 2697 2950 2740 est
2979 2685 3068 2741 ille
3093 2687 3260 2750 dives,
3285 2697 3337 2742 et
3360 2690 3460 2742 tale
3488 2690 3558 2744 illi
3582 2690 3738 2745 funus
3756 2689 3828 2743 fa-

2272 2785 2412 2830 ctum
2438 2785 2538 2830 est.
2563 2776 2702 2831 Ecce
2727 2794 2833 2847 quo
2861 2794 2920 2832 se
2943 2789 3319 2834 converterunt
3344 2780 3586 2835 homines
3607 2799 3625 2836 :
3643 2797 3742 2835 non
3761 2790 3831 2835 at-

2281 2865 2498 2921 tendunt
2519 2883 2675 2937 quam
2699 2869 2887 2922 malam
2913 2869 3071 2923 vitam
3104 2869 3341 2924 habuerit
3363 2887 3481 2926 cum
3503 2874 3724 2938 viveret,
3745 2873 3829 2927 sed

2272 2973 2429 3028 quam
2478 2974 2722 3028 pompam
2767 2975 2884 3013 cum
2933 2971 3244 3015 moreretur.
3273 2961 3320 3016 0
3348 2962 3471 3016 felix
3511 2979 3674 3033 quem
3714 2964 3831 3018 tanti

2270 3051 2554 3120 plangunt!
2597 3051 2697 3105 lste
2729 3051 2749 3082 ⁸
2778 3067 2904 3105 vero
2953 3053 3029 3106 sic
3079 3053 3210 3106 vixit
3262 3063 3319 3107 ut
3369 3055 3517 3125 pauci
3566 3056 3829 3124 plangant.

2269 3142 2466 3198 Omnes
2494 3145 2632 3197 enim
2661 3143 2914 3197 deberent
2954 3145 3198 3213 plangere
3237 3153 3341 3198 tam
3377 3147 3516 3199 male
3549 3146 3831 3200 viventem.

2270 3232 2373 3288 Sed
2407 3248 2594 3303 pompa
2635 3243 2717 3287 est
2760 3233 2976 3297 funeris,
3008 3235 3268 3303 excipitur
3305 3235 3549 3303 sepulcro
3585 3237 3832 3305 pretioso,

2269 3325 2553 3380 involvitur
2583 3326 2844 3395 pretiosis
2887 3324 3140 3388 vestibus,
3185 3327 3438 3395 sepelitur
3477 3327 3762 3396 unguentis
3787 3336 3838 3378 et

2268 3419 2540 3472 aromatis.
2591 3417 2788 3471 Deinde
2838 3419 3147 3472 memoriam
3192 3419 3400 3486 qualem
3450 3418 3644 3474 habet!
3689 3431 3838 3489 quam

2271 3519 2640 3562 marntoratam
2668 3510 2680 3562 ε
2710 3500 2914 3562 Vivitur
2943 3508 2994 3561 in
3025 3507 3137 3576 ipsa
3167 3508 3466 3562 memoria?
3490 3508 3588 3563 Ille
3617 3509 3686 3564 ibi
3709 3522 3841 3562 mor-

2270 3609 2390 3654 tuus
2423 3609 2504 3653 est
2527 3599 2571 3652 ⁸.
2601 3600 2701 3654 lsta
2735 3610 2976 3668 putantes
3004 3599 3244 3653 homines
3277 3599 3436 3665 bona,
3464 3599 3843 3654 abet-raverunt

2268 3706 2296 3744 a
2328 3691 2452 3752 Deo,
2481 3707 2579 3745 nec
2616 3691 2940 3760 qumsierunt
2976 3705 3121 3755 vera,
3159 3700 3211 3744 et
3251 3690 3455 3759 decepti
3495 3701 3627 3746 sunt
3663 3691 3838 3745 falsis:

2268 3781 2400 3836 adeo
2427 3782 2542 3836 vide
2567 3782 2691 3851 quid
2716 3782 2968 3850 sequitur.
2995 3780 3090 3836 Ille
3116 3782 3201 3851 qui
3222 3797 3322 3835 non
3345 3782 3491 3836 dedit
3511 3782 3743 3852 pretium
3761 3796 3842 3835 re-

2270 3870 2589 3942 demptionis
2619 3871 2810 3926 anima:
2845 3887 2972 3936 suat,
2997 3873 3085 3942 qni
3118 3887 3219 3926 nou
3261 3873 3519 3927 intellexit
3551 3875 3842 3934 interitum,

2269 3965 2386 4032 quia
2413 3963 2543 4017 vidit
2580 3964 2848 4034 sapientes
2886 3965 3193 4026 morientes,
3227 3964 3393 4019 factus
3423 3973 3508 4019 est
3535 3965 3847 4034 imprudrns

2271 4063 2325 4108 et
2373 4055 2648 4124 insipiens,
2691 4065 2747 4108 ut
2783 4055 2939 4109 simul
2973 4055 3188 4124 periret.
3212 4055 3281 4110 Et
3304 4057 3576 4125 quomodo
3605 4058 3849 4127 peribunt

2268 4143 2355 4212 qui
2379 4145 2655 4212 relinquent
2679 4145 2856 4198 alienis
2882 4143 3079 4198 divitias
3103 4160 3222 4198 suas
3237 4145 3263 4198 .9
3289 4144 3456 4199 Simul
3483 4147 3785 4216 imprudens
3809 4157 3852 4200 et

2267 4234 2504 4303 insipiens
2531 4235 2780 4304 peribunt.

2344 4329 2430 4382 l4.
2469 4327 2766 4392 Attendite,
2795 4327 2983 4382 fratres
3007 4345 3019 4380 :
3050 4327 3118 4381 Et
3141 4328 3421 4398 relinquent
3444 4330 3631 4385 alienis
3658 4330 3855 4384 diuitias

2273 4435 2410 4472 suas.
2433 4418 2591 4486 Quasi
2622 4432 2713 4471 eos
2741 4418 2916 4488 posuit
2953 4419 3004 4472 in
3042 4418 3343 4482 maledicto,
3375 4421 3465 4488 qui
3504 4436 3633 4475 cum
3662 4422 3853 4477 mortui

2276 4509 2491 4571 fuerint,
2524 4508 2679 4562 alieni
2712 4507 3056 4577 possidebunt
3084 4523 3172 4563 res
3209 4510 3461 4578 ipSorum.
3494 4512 3648 4583 Ergo
3679 4514 3860 4570 felices

2273 4599 2344 4653 illi
2369 4600 2456 4668 qui
2480 4599 2780 4668 relinquunt
2809 4599 2944 4652 filios
2970 4598 3022 4653 in
3055 4600 3390 4670 possessione
3417 4617 3535 4671 sua,
3559 4606 3764 4676 quibus
3783 4609 3859 4660 sui

2272 4690 2582 4746 succedunt.
2617 4689 2806 4746 llabuit
2848 4691 3003 4752 filios.
3034 4706 3136 4745 non
3182 4702 3262 4748 est
3305 4704 3570 4751 mortuus.
3596 4698 3741 4767 Quid
3774 4698 3866 4753 filii

2273 4781 2471 4852 ipsius?
2498 4781 2563 4834 Et
2593 4780 2690 4850 ipsi
2720 4791 2934 4836 servant
2960 4782 3099 4851 quod
3127 4785 3204 4838 eis
3231 4784 3570 4853 reliquerunt
3615 4801 3866 4860 parentes

2273 4873 2352 4928 sui
2383 4891 2398 4928 :
2426 4888 2609 4944 parum
2657 4874 2740 4928 es‘t
2785 4873 2904 4943 quia
2947 4884 3192 4940 servant;
3226 4883 3279 4929 et
3317 4889 3534 4947 augent.
3567 4879 3790 4948 Quibus
3817 4890 3862 4935 et

2274 4963 2376 5033 ipsi
2406 4962 2660 5017 servant?
2713 4963 2868 5018 Filiis
2899 4963 3030 5028 suis,
3070 4973 3125 5020 et
3165 4965 3239 5021 illi
3286 4965 3429 5033 filiis,
3455 4978 3509 5022 et
3540 4971 3694 5026 tertii
3729 4973 3869 5027 ﬁliis.

2273 5053 2408 5120 Quid
2445 5052 2696 5110 Christo?
2734 5054 2860 5125 quid
2907 5054 3098 5110 anima:
3147 5056 3292 5111 suat?
3318 5055 3507 5113 Omnia
3541 5060 3701 5118 filiis.
3732 5061 3864 5117 lutei

2277 5145 2413 5199 filios
2457 5160 2584 5199 suos
2625 5160 2760 5214 quos
2801 5145 2998 5200 habent
3040 5146 3091 5200 in
3137 5153 3309 5212 terra,
3340 5159 3666 5218 computent
3711 5169 3875 5206 unum

2277 5234 2493 5291 fratrem
2524 5251 2679 5306 quem
2711 5235 2908 5290 habent
2943 5235 2996 5290 in
3033 5237 3170 5291 coelo
3197 5238 3314 5291 :cui
3344 5246 3508 5292 totum
3538 5240 3684 5295 dare
3708 5243 3878 5297 debe-

2341 5368 2357 5400 ι
2391 5374 2521 5426 ων..
2543 5366 2595 5418 in
2612 5365 2912 5418 thesaurars'o
2931 5366 3124 5419 Christi.
3151 5376 3247 5418 vox
3272 5367 3451 5421 Christi
3466 5371 3624 5424 abest
3647 5375 3716 5424 ab
3740 5381 3878 5428 ιιι-..ει

2278 5443 2305 5492 a
2328 5435 2455 5488 Mss,
2471 5429 2552 5490 qui
2577 5445 2588 5491 ι
2609 5429 2797 5492 lerique
2831 5429 3008 5479 habent
3032 5431 3109 5478 hic
3131 5431 3382 5487 thesauro,
3407 5446 3494 5492 pro
3516 5431 3840 5486 tltesuurario
3866 5451 3874 5484 ς

2279 5491 2374 5558 hoc
2401 5501 2519 5539 vero
2555 5504 2612 5538 se
2649 5503 2676 5558 a
2698 5493 2863 5551 pueris
2891 5492 3144 5540 barbarum
3178 5491 3462 5542 vocabulum
3483 5505 3750 5558 usurpare
3772 5501 3890 5548 satis

2279 5553 2457 5614 iudicat
2481 5553 2781 5614 Augustinus.
2877 5611 2888 5614 _
3099 5592 3106 5598 .

2344 5615 2364 5676 ξ
2400 5611 2586 5676 aliquot
2607 5619 2734 5671 Mss,
2758 5611 2922 5676 prosit.

2347 5675 2368 5706 ⁸
2401 5674 2527 5732 Mss},
2549 5674 2632 5724 ita.

2281 5735 2371 5846 cur
2402 5736 2476 5784 sic
2494 5743 2596 5784 ιιιςς.
2617 5739 2672 5784 At
2696 5732 2828 5796 edd,
2855 5733 2975 5787 Vivit
2997 5733 3046 5786 in
3069 5734 3175 5788 iosa
3192 5738 3420 5788 memoria
3441 5735 3528 5788 ille
3556 5741 3649 5790 ubi
3674 5751 3892 5798 mortuus
