4042 6484
224 524 377 589 bant,
399 518 491 578 vel
529 517 771 577 dividant
796 530 916 574 cum
945 513 1059 571 illo.
1222 517 1410 618 tamen
1450 510 1527 567 ait
1559 507 1690 618 mihi
1713 506 1827 618 Iali:

170 666 175 671 .
228 616 385 688 quis:
410 612 556 669 Ecce
581 626 719 683 quos
739 608 1051 666 maledictos
1070 603 1672 714 dixit.Scriptura,.quos
1695 601 1830 714 dixit

173 682 186 707 b
228 682 407 782 perire
432 719 492 764 et
517 707 826 779 relinquere
864 703 1051 759 alienis
1079 701 1288 805 divitias
1319 715 1493 805 .suas;
1522 700 1611 756 ille

224 799 415 859 beatus
442 800 533 872 qui
563 799 678 856 suis
704 797 974 868 relinquit.
1007 794 1118 868 Ego
1142 794 1370 851 discutio
1393 794 1823 900 sensum'istum,

156 913 167 923 ο
220 895 349 968 quia
376 893 578 949 inclino
606 893 662 948 in
690 889 998 965 parabolam
1024 901 1405 994 auremImeam.
1426 902 1441 952 ;
1465 894 1520 944 et
1545 885 1698 994 video
1718 900 1825 994 non

220 989 419 1046 frustra
461 987 541 1044 sic
580 986 726 1058 loqui
751 983 1101 1054 Scripturam.
1126 980 1295 1038 Video
1320 981 1463 1086 enim
1494 980 1687 1037 multos
1716 980 1822 1086 ini:

221 1097 357 1158 quos
396 1080 562 1145 mori,
590 1077 785 1150 quibus
826 1089 1168 1133 successores
1207 1081 1333 1130 sunt
1372 1073 1500 1178 lilii;
1526 1088 1626 1178 nec
1654 1074 1826 1145 potuit

218 1174 300 1231 sic
335 1174 486 1247 loqui
524 1171 824 1243 Scriptura.
851 1177 910 1225 ut
936 1174 1336 1270 separaret
1356 1182 1389 1222 a
1413 1171 1654 1270 miseria,
1684 1179 1822 1270 quo-

218 1281 335 1321 rum
372 1263 545 1323 vitam
583 1262 849 1334 improbat
877 1278 891 1315 :
916 1269 971 1316 et
1006 1258 1387 1365 quid,putatis,
1421 1257 1679 1365 intelligo,

221 1366 350 1424 tres,
380 1355 489 1411 nisi
516 1355 640 1427 quia
680 1368 865 1409 omnes
904 1353 1036 1408 tales
1063 1351 1821 1459 relinquunt-(lividas

217 1450 385 1509 snas?
409 1448 696 1520 Quomodo
720 1448 881 1505 alieni
909 1456 1032 1502 sunt
1060 1445 1189 1548 lilii?
1212 1444 1518 1548 lniq‘uornm
1549 1443 1641 1501 lilii
1661 1445 1821 1548 alieni

215 1552 375 1610 Sunt;
414 1557 540 1597 nam
583 1540 889 1597 invenimus
926 1536 1209 1610 quemdam
1244 1537 1819 1644 extraneum‘pt'Opi-n:

216 1653 383 1711 quum
425 1637 649 1706 factum,
674 1635 798 1707 quia
825 1631 1042 1735 proluit.
1072 1630 1146 1735 Si.
1168 1630 1289 1702 quis
1317 1640 1530 1735 tuorum
1561 1629 1653 1685 tibi
1685 1629 1818 1735 nihil

216 1731 464 1805 prodest,
485 1729 694 1785 alienus
719 1735 819 1783 est.
845 1725 943 1783 Ubi
971 1724 1472 1827 invenimusnnes‘cio
1490 1737 1649 1827 quem
1668 1730 1819 1827 este-

215 1840 335 1881 rum
366 1823 732 1894 propinquum
762 1818 980 1884 factum,
1007 1816 1131 1918 quia
1152 1813 1395 1918 proluit?
1420 1814 1478 1918 In
1502 1814 1813 1918 Evangelia.

215 1916 438 1974 iacebat
465 1911 684 1985 quidam
704 1910 1010 1965 vulneratus
1032 1923 1065 1963 a
1095 1906 1412 1974 latronibus,
1440 1906 1697 1962 Dominus
1721 1921 1815 1961 au-

216 2018 325 2067 tem
350 2008 573 2063 dixerat
596 2003 807 2061 cuidam
832 2020 845 2056 :
872 2000 1064 2072 Diliges
1092 2000 1379 2071 proximum
1407 2007 1548 2053 tuum
1574 2008 1815 2104 tanquam

217 2103 429 2128 ..:_-.....
485 2097 547 2128 Ir.
572 2097 661 2128 ιη..
677 2093 1004 2128 ..ηκηηιιριοηι
1029 2108 1042 2122 ο
1066 2090 1128 2128 Fr
1149 2091 1261 2128 nui.
1285 2099 1358 2128 ρει
1378 2089 1501 2128 mihi
1526 2089 1815 2128 manusua,

214 2103 453 2172 teipsunt.
476 2097 548 2152 Et
572 2097 661 2152 ille
677 2093 1042 2165 responderat:
1060 2090 1128 2147 Et
1148 2091 1261 2162 quis
1285 2099 1358 2144 est
1378 2089 1503 2144 mihi
1524 2090 1802 2161 proximus!

216 2193 281 2249 Et
308 2192 541 2248 narravit
564 2189 812 2244 Dominus
829 2203 848 2241 :
872 2185 1038 2241 Homo
1064 2184 1270 2258 quidam
1296 2184 1622 2238 descendebat
1641 2182 1704 2238 ab
1720 2182 1814 2238 Je-

213 2287 437 2342 rusalem
465 2286 518 2339 in
538 2281 768 2347 Iericho,
796 2289 843 2335 et
870 2278 1046 2333 incidit
1087 2278 1141 2331 in
1175 2277 1528 2380 latrones,‘qui
1557 2293 1669 2380 eum
1698 2276 1811 2380 vult

210 2385 533 2442 nerauerunt,
556 2384 605 2430 et
632 2372 923 2429 semivivum
946 2371 1002 2425 in
1021 2369 1102 2423 via
1121 2368 1429 2440 reliquerunt
1446 2384 1465 2422 :
1487 2368 1812 2425 transierunt

210 2468 533 2544 propinqui;
562 2465 782 2523 Judaeus
805 2462 947 2566 enim
976 2470 1128 2566 erat,
1159 2460 1228 2518 de
1252 2461 1550 2566 derusalem
1580 2460 1809 2566 descen:

214 2564 372 2620 debat
396 2560 618 2618 Jericbo
643 2576 658 2616 :
683 2557 883 2612 transiit
916 2555 1182 2621 sacerdos,
1216 2563 1263 2609 et
1285 2555 1583 2666 .prteteri‘it;
1610 2555 1810 2666 transiit

211 2659 424 2725 Levites,
446 2667 495 2711 et
520 2653 761 2727 prtem-iit
783 2652 935 2707 etiam
964 2651 1108 2723 ipse;
1130 2648 1366 2753 transivit
1391 2648 1598 2719 quidam
1621 2648 1809 2754 Sama-

208 2753 425 2818 rilanus,
447 2746 818 2805 Samaritanus
842 2743 1027 2799 nescio
1054 2740 1194 2813 quis,
1220 2749 1676 2846 estraneuserat;
1698 2743 1808 2846 ipse

206 2845 271 2898 ad
295 2844 443 2898 illum
471 2838 702 2907 accessit,
726 2836 944 2909 inspexit
971 2834 1223 2890 miseriam
1239 2835 1368 2906 ejus,
1386 2841 1432 2938 et
1460 2834 1807 2938 misericordia

207 2935 403 2990 curauit
425 2932 659 2998 vulnera,
688 2929 864 2985 leuauit
889 2928 942 2981 in
961 2928 1348 3029 jnmentumtet
1375 2924 1520 2979 duxit
1549 2925 1602 3028 in
1627 2925 1805 3029 stabn-

210 3028 333 3093 ιω,
363 3022 733 3081 commendavit
774 3017 1072 3075 stabulario.
1103 3016 1234 3086 Quae
1369 3016 1627 3121 mysterio
1662 3018 1803 3121 dicta

207 3128 349 3186 sunt,
387 3126 442 3174 et
483 3115 554 3172 ad
590 3110 982 3170 discutiendum
1016 3124 1159 3216 nunc
1176 3108 1485 3218 “prolixiora
1513 3108 1798 3218 videntur:

205 3222 383 3269 tamen
423 3217 645 3282 propter
677 3205 821 3279 quod
861 3204 1138 3277 proposui,
1173 3203 1489 3310 intres-ait
1521 3204 1798 3310 Dominus,

208 3308 331 3376 Quis
352 3314 429 3361 est
447 3305 659 3359 illarum
681 3301 763 3357 illi
788 3298 1302 3406 sauciatopromimtts
1319 3296 1347 3351 ?
1371 3296 1654 3406 Respondit
1672 3296 1799 3406 ille:

203 3400 386 3468 Credo,
418 3401 650 3472 quicum
678 3395 769 3451 illo
807 3394 928 3465 fecit
965 3389 1573 3501 affetjfortliantilfade,

202 3504 245 3548 et
269 3504 323 3547 tu
356 3497 440 3564 [ac
466 3489 700 3546 similiter
728 3486 879 3560 (Luc.
911 3484 1204 3589 κλῇ-57).
1233 3482 1332 3589 (iui
1375 3482 1797 3589 misericordiam

198 3587 345 3652 lacis,
375 3582 654 3655 proximus
684 3578 779 3635 tibi
818 3585 930 3681 est...
948 3577 1006 3632 Si
1033 3590 1163 3647 ergo
1191 3583 1476 3681 extraneas
1502 3575 1795 3681 Samarita-

200 3692 295 3734 nus
325 3674 572 3733 faciendo
600 3669 1023 3729 misericordiam
1049 3677 1105 3724 et
1130 3666 1494 3774 subveniendo
1518 3669 1795 3774 proximus

199 3770 371 3827 lactus
396 3776 512 3835 est;
551 3766 877 3839 quicumque
903 3761 998 3818 tibi
1040 3761 1096 3817 in
1137 3759 1479 3817 tribulatione
1507 3761 1794 3821 subvenire

200 3880 299 3920 non
327 3868 576 3935 possunt,
606 3857 766 3914 alieni
804 3871 837 3912 a
878 3865 931 3912 te
971 3854 1093 3911 lacti
1129 3862 1274 3910 sunt.
1297 3853 1416 3910 lam
1454 3855 1792 3912 attendamus
1870 3852 1873 3859 ί

198 3958 314 4014 illos
341 3956 536 4013 divites
574 3952 668 4025 qui
702 3951 841 4008 male
870 3950 1137 4015 vixerunt,
1167 3949 1257 4057 qui
1287 3949 1516 4021 superbe
1543 3959 1786 4057 egerunt,

195 4049 391 4106 mortui
418 4054 563 4114 sunt,
592 4053 650 4101 et
682 4044 1032 4115 reliquerunt,
1058 4057 1168 4098 non
1193 4041 1315 4097 dico
1348 4045 1635 4149 extraneis,
1665 4043 1789 4101 ﬁliis

195 4145 301 4200 suis
329 4142 666 4213 reliquerunt
688 4136 923 4203 divitias,
954 4144 1010 4241 et
1037 4134 1397 4245 liliinipsorum
1419 4136 1565 4245 .via‘m
1596 4153 1784 4245 paron-

195 4245 302 4292 tum
332 4248 556 4291 suorum
582 4238 877 4302 sequuntur
904 4245 919 4282 :
949 4228 1089 4284 sicut
1115 4227 1190 4282 illi
1217 4228 1454 4334 superbi,
1485 4230 1558 4333 ita
1583 4239 1639 4334 et
1660 4231 1784 4334 isti;

193 4328 331 4384 sicut
378 4326 455 4381 illi
498 4337 743 4396 rapaces,
784 4321 858 4376 ita
904 4328 961 4376 et
1002 4320 1125 4386 isti;
1165 4317 1337 4424 utilli
1378 4322 1544 4425 avari,
1575 4329 1629 4425 et
1657 4321 1785 4425 isti:

192 4420 355 4477 alieni
390 4418 457 4473 ab
484 4416 592 4472 illis
616 4423 762 4471 sunt.
784 4412 918 4469 Nam
943 4419 1002 4468 ut
1028 4411 1285 4468 noveritis
1306 4412 1428 4483 quia
1451 4413 1612 4469 alieni
1630 4422 1782 4485 sunt,

190 4508 541 4568 subvenirent
578 4505 661 4562 illi
695 4504 845 4561 diviti
879 4503 973 4575 qui
999 4502 1221 4560 ardebat
1246 4502 1301 4558 in
1329 4502 1784 4610 ﬂanima‘succes:

188 4618 342 4660 seres
381 4602 687 4658 divitiarum
725 4597 912 4669 ipsius.
933 4594 1038 4652 Sed
1076 4594 1213 4653 forte
1245 4610 1355 4651 non
1385 4595 1570 4652 habuit
1592 4597 1682 4669 qui
1707 4598 1784 4654 illi

187 4696 559 4761 succederent,
581 4701 641 4749 et
666 4691 828 4748 alieni
854 4689 1206 4763 possederunt
1228 4688 1442 4745 divitias
1467 4689 1670 4761 ipsius?
1694 4691 1784 4748 ln-

178 4792 430 4848 venimus
444 4787 503 4844 in
518 4788 638 4858 ipso
658 4784 947 4856 Evangelia
965 4784 1101 4889 quia‘
1117 4783 1303 4889 habuit
1327 4800 1345 4840 :
1369 4784 1447 4887 ait
1472 4785 1640 4889 enim,
1656 4785 1781 4889 Ἠα-

184 4884 273 4940 ιω
292 4887 522 4955 quinque
540 4884 725 4953 fratres
744 4876 859 4985 (id.
879 4892 992 4943 xvi,
1014 4874 1130 4948 28).
1152 4876 1563 4985 Fratresipsiu‘s

182 4975 301 5031 nire
341 4973 418 5029 illi
452 4970 665 5029 ardenti
689 4969 747 5025 in
771 4967 986 5024 ﬂamma
1020 4982 1128 5023 non
1163 4975 1473 5037 potuerunt.
1506 4969 1642 5037 Quid
1688 4971 1780 5029 tibi

180 5066 391 5123 diceret
429 5064 620 5121 dives?
663 5061 848 5119 Habeo
888 5060 1124 5132 quinque
1150 5059 1362 5168 .l‘rat'res
1386 5061 1438 5116 ις
1468 5077 1632 5168 unum
1670 5063 1782 5120 fra-

180 5168 323 5216 trem
344 5157 477 5214 mihi
496 5156 733 5212 amicum
753 5168 862 5210 non
889 5154 1011 5222 feci,
1032 5153 1123 5225 qui
1141 5153 1352 5224 iacebat
1375 5164 1500 5213 ante
1523 5157 1777 5227 ianuam:

180 5251 263 5307 illi
287 5248 650 5308 mibi‘l'ratres
675 5248 960 5305 subvenire
983 5261 1091 5358 non
1116 5256 1341 5352 possunt
1498 5252 1781 5358 possident

179 5344 401 5399 divitias
444 5356 636 5409 meas;
687 5340 847 5396 alieni
876 5355 907 5395 a
936 5353 1025 5396 me
1064 5338 1190 5396 facti
1231 5349 1375 5397 sunt.
1409 5340 1615 5451 Videtis
1655 5345 1780 5451 quia

177 5451 373 5494 omnes
416 5437 511 5509 qui
557 5432 700 5491 male
744 5433 959 5502 vivunt,
990 5432 1180 5490 alienis
1224 5434 1531 5506 relinquunt
1566 5436 1780 5498 divitias

171 5546 344 5681 mal:
388 5620 539 5697 [verm
569 5618 683 5694 12.]
713 5618 820 5678 Sed
848 5619 1007 5691 plane
1033 5627 1293 5692 praestant
1329 5622 1437 5678 illis
1463 5623 1564 5695 ipsi
1590 5622 1773 5694 alieni,

234 5740 255 5773 s
292 5737 463 5790 ιιι-οδω
500 5743 631 5787 notae
668 5741 798 5807 uss”
824 5733 1125 5807 subuenirent
1158 5735 1233 5807 illi
1265 5737 1458 5807 ardenti
1491 5736 1542 5807 in
1562 5737 1773 5804 ﬂamma.

428 5797 1645 5904 .“fé’fdi‘iisii'dlfgfiiid'i'ﬁms’ﬁm
1672 5811 1775 5904 ,ξεῖ

167 5857 443 5913 Sonnulh:
468 5858 592 5924 Quid
614 5857 700 5911 tibi
723 5857 907 5911 diceret
934 5857 1083 5924 dives,
1108 5860 1227 5927 quid
1249 5857 1426 5926 fratres
1441 5860 1467 5913 7
1494 5857 1645 5916 Unum
1667 5863 1748 5929 [να

170 5931 328 5988 εγω,
360 5931 452 5974 etc.

390 6002 618 6073 Sacr.
647 6008 927 6073 Aususr.
975 6007 1080 6073 IV.

1298 374 1699 455 nutriunto
1730 390 1800 451 nv
1836 390 2165 455 PSALIIUM
2201 395 2434 458 xsvm.

1937 508 2029 579 qui
2058 522 2317 568 vocantur
2350 514 2432 570 sui
2452 515 2477 570 ‘l
2501 515 2697 576 Audite
2721 522 2850 593 quid
2879 523 2985 583 illis
3011 537 3305 601 praestant,
3348 544 3528 595 atten-

1935 598 2048 657 dite
2084 605 2354 673 quomodo
2402 608 2763 669 irrideantur:
2796 615 2965 673 Simul
2991 598 3300 694 imprudens
3314 638 3362 685 et
3397 626 3528 688 insi-

1936 694 2079 764 piens
2104 698 2335 769 peribunt
2351 716 2371 766 ;
2389 712 2438 758 et
2457 705 2737 777 relinquent
2761 709 2942 768 alienis
2960 714 3161 774 divitias
3177 737 3319 778 suas.
3345 725 3527 792 Quare

1934 785 2070 846 dixit
2093 791 2308 849 alienis?
2330 794 2463 865 Quia
2492 798 2627 855 nihil
2662 801 2743 858 eis
2783 805 3041 874 prodesse
3066 823 3311 882 possunt.
3343 785 3414 873 fit
3440 827 3526 875 ta-

1932 894 2056 937 men
2087 882 2140 940 in
2166 900 2273 957 quo
2295 888 2395 944 sibi
2417 889 2662 949 videntur
2680 895 2936 966 prodesse
2958 917 2973 953 :
2999 898 3068 956 Et
3092 907 3327 975 sepulcra
3348 928 3526 973 eorm
3550 934 3559 942 ·

1925 1447 2190 1495 moratam
2212 1452 2303 1499 aut
2322 1449 2652 1521 exsculptam
2677 1452 2873 1525 facere,
2892 1464 3042 1531 quasi
3060 1465 3129 1521 de
3145 1467 3305 1527 domo
3320 1482 3521 1533 aeterna

1924 1530 2156 1601 cogitat;
2193 1536 2345 1606 quasi
2383 1539 2454 1596 ibi
2501 1556 2715 1602 maneat
2742 1548 2833 1606 ille
2865 1530 3036 1611 dives.
3064 1556 3121 1614 Si
3152 1559 3226 1617 ibi
3256 1577 3519 1633 maneret,

1923 1632 2032 1675 non
2074 1622 2288 1681 arderet
2325 1631 2465 1699 apud
2505 1633 2718 1693 inferos.
2752 1638 2852 1697 Ubi
2892 1659 3104 1704 maneat
3129 1651 3350 1724 spiritus
3377 1622 3520 1717 male

1923 1712 2151 1780 agentis,
2182 1729 2287 1772 non
2310 1719 2399 1775 ubi
2428 1735 2656 1793 ponatur
2677 1744 2873 1802 corpus
2900 1739 3145 1807 mortale,
3160 1712 3519 1817 cogitandum

1919 1812 2003 1858 est
2026 1821 2040 1859 :
2065 1806 2161 1883 sed
2187 1808 2367 1867 domus
2387 1829 2561 1872 eorum
2587 1823 2820 1891 sepulcra
2847 1843 3022 1884 eorum
3046 1832 3101 1887 in
3119 1844 3385 1895 aeternum.
3415 1841 3511 1898 Τας

1921 1894 2194 1953 bernacttla
2227 1917 2401 1959 eorum
2432 1907 2489 1962 in
2519 1915 2895 1980 generationem
2922 1931 2970 1975 et
2988 1929 3384 1994 generationem.
3407 1932 3517 1989 Τα-

1919 1985 2212 2060 bernacnla,
2253 1994 2309 2049 in
2361 1999 2553 2069 quibus
2592 2010 2960 2078 temporaliter
2991 1985 3313 2079 inanserunt
3353 2041 3368 2057 ·
3410 2027 3510 2082 do—

1917 2094 2049 2145 ntus,
2088 2081 2144 2138 in
2184 2085 2379 2155 quibus
2420 2095 2571 2163 quasi
2610 2096 2664 2152 in
2698 2110 2959 2161 aeternum
2989 2112 3302 2180 manebunt,
3334 2116 3388 2173 id
3432 2130 3516 2178 est

1917 2173 2182 2241 sepulcra.
2208 2177 2574 2243 Tabernacula
2602 2204 2732 2264 ergo
2757 2198 2869 2252 suis
2888 2199 3181 2273 dimittunt,
3211 2208 3300 2265 ubi
3326 2226 3515 2269 mane-

1914 2260 2046 2319 bant
2063 2280 2182 2323 cum
2207 2271 2467 2345 viverent,
2492 2260 2948 2360 transeuntquasi
2978 2294 3046 2350 ad
3074 2296 3264 2356 domos
3285 2313 3515 2365 aeternas

1914 2353 1983 2409 ad
2023 2359 2289 2428 sepulcra.
2328 2364 2465 2434 Quid
2507 2371 2614 2429 illis
2652 2353 2879 2447 prosunt
2903 2376 3230 2446 tabernacula
3257 2410 3432 2452 eorum
3459 2400 3515 2455 in

1913 2451 2289 2517 generationem
2313 2466 2360 2513 et
2387 2467 2760 2532 generationem
2777 2473 2803 2527 Ρ
2824 2473 2941 2536 Jarn
2967 2485 3245 2550 generatio
3272 2498 3327 2546 et
3350 2506 3514 2563 gene-

1912 2540 2070 2610 ratio,
2112 2554 2257 2615 puta,
2300 2550 2395 2606 lilii
2428 2564 2573 2626 sunt,
2598 2574 2821 2633 ncpmes
2862 2540 3021 2629 erth
3056 2585 3111 2632 et
3146 2540 3510 2654 proneprnes:

1912 2631 2038 2702 quid
2066 2633 2283 2707 faciunt,
2306 2643 2431 2713 quid
2459 2631 2682 2718 prosunt
2712 2658 3054 2721 tabernacula
3083 2631 3271 2728 eorum
3287 2631 3511 2745 lrQuid?

3341 2722 3504 2745 κω...

1910 2722 2049 2779 Audi
2080 2743 2093 2780 :
2121 2726 2439 2791 [avocabant
2486 2744 2694 2800 nomina
2737 2764 2909 2806 eorum
2957 2756 3012 2812 in
3064 2763 3210 2817 terris
3256 2766 3506 2837 ipsorum.

1911 2813 2047 2837 n--:.s
2088 2830 2154 2837 --ρ
2193 2822 2206 2837 ι
2304 2828 2326 2837 Α
2355 2828 2399 2837 -
2438 2831 2471 2837 --

3169 2813 3205 2817 η
3257 2813 3505 2837 ,μμ-η..

1910 2813 2048 2884 Quid
2077 2830 2158 2876 est
2190 2822 2327 2882 hoc?
2355 2828 2566 2891 Tollent
2597 2854 2785 2908 panem
2816 2854 2869 2901 et
2902 2864 3109 2908 merum
3140 2854 3208 2912 ad
3232 2861 3505 2932 sepulcra,

3182 2910 3189 2912 .
3233 2910 3324 2931 -τ
3337 2910 3505 2932 mw.

1911 2916 1966 2962 et
1989 2910 2313 2977 invocabant
2336 2920 2408 2978 ibi
2436 2929 2651 2986 nomina
2677 2947 3030 2999 mortuorum.
3054 2946 3218 3008 Putas
3243 2966 3506 3025 quantum

1907 2999 2210 3063 invocatum
2255 3021 2341 3067 est
2382 3031 2577 3075 nomen
2628 3023 2770 3083 illius
2812 3030 2994 3091 divitis
3038 2999 3274 3112 postea,“
3291 3049 3506 3117 quando

1908 3089 2197 3117 :n-L_!-l._,
2224 3108 2237 3117 .
2389 3107 2402 3117 .
2518 3112 2531 3117 -
2670 3116 2673 3117 ,

2977 3089 2986 3091 ψ
3038 3089 3244 3112 rm--.
3291 3089 3503 3117 .,..........

1907 3089 2243 3155 inebriabant
2282 3118 2343 3160 se
2387 3107 2634 3169 homines
2664 3116 2716 3172 in
2758 3128 3018 3182 memoria
3059 3129 3247 3203 ipsius,
3276 3154 3377 3196 nec
3400 3141 3503 3200 de-

1905 3187 2197 3247 scendebat
2223 3209 2327 3252 una
2357 3209 2503 3270 gutta
2531 3218 2695 3279 super
2735 3203 2973 3286 linguam
3015 3220 3181 3292 ipsius
3221 3230 3502 3292 ardentem

1906 3274 2056 3349 (Luc.
2094 3299 2205 3352 XVI,
2246 3288 2379 3362 24)?
2408 3294 2590 3354 Ventri
2639 3319 2737 3359 suo
2787 3312 3027 3369 serviunt
3076 3317 3340 3394 homines,
3390 3343 3499 3387 non

1906 3371 2169 3394 -..ε-,ηιμ
2501 3388 2512 3394 -
2549 3389 2563 3394 -

3123 3371 3340 3394 -__-_----,
3390 3371 3499 3387 ..νη

1903 3371 2178 3441 spiritibus
2215 3394 2455 3441 suorum.
2484 3388 2566 3446 Ad
2596 3395 2815 3464 spiritus
2846 3413 3178 3466 mortuorum
3223 3430 3328 3471 non
3376 3432 3503 3489 per-

3223 3464 3328 3471 ___--
3377 3464 3497 3489 μ.-

1901 3464 2065 3533 venit,
2099 3466 2200 3525 nisi
2247 3476 2389 3544 quod
2433 3493 2617 3540 secum
2661 3488 2769 3544 vivi
2811 3492 3085 3555 fecerunt:
3113 3504 3159 3559 si
3185 3514 3361 3565 autem
3388 3514 3497 3571 vivi

1900 3564 2081 3610 secum
2110 3574 2215 3617 non
2246 3563 2506 3637 fecerunt,
2542 3574 2611 3630 ad
2648 3589 2889 3640 mortuos
2924 3589 3055 3647 nihil
3098 3602 3357 3664 pervenit.
3386 3602 3497 3663 Sed

1898 3645 2024 3715 quid
2055 3650 2254 3710 faciunt
2280 3656 2399 3714 illi?
2420 3659 2606 3723 Solum
2649 3669 2952 3734 invocabant
2975 3687 3196 3754 nomina
3231 3707 3406 3751 eorum
3439 3698 3495 3754 in

1896 3740 2044 3796 terris
2066 3744 2316 3815 ipsorum.

1969 3855 2055 3913 16.
2090 3857 2250 3933 [rem
2273 3867 2356 3924 l5.
2383 3868 2404 3944 ]
2436 3870 2504 3928 Et
2528 3876 2711 3948 homo,
2742 3899 2861 3941 cum
2901 3889 2957 3945 in
2985 3891 3178 3953 honore
3201 3909 3361 3970 esset,
3388 3920 3494 3961 non

2695 3946 2704 3948 ν
3202 3946 3361 3970 -..η
3389 3946 3493 3961 ..νη

1893 3946 2136 4007 intellexit
2154 3970 2174 4009 :
2203 3973 2526 4030 comparatus
2548 3980 2621 4025 est
2635 3974 2883 4044 jumentis
2910 3981 3178 4044 immotis
3196 4031 3211 4055 ,
3240 4000 3284 4047 et
3309 3994 3493 4053 similis

1864 4118 1871 4123 Ω
1893 4041 2059 4110 factus
2096 4053 2168 4098 est
2213 4048 2338 4106 illis.
2370 4041 2651 4121 Quomodo
2680 4065 2991 4129 insultatum
3022 4087 3109 4134 est
3138 4079 3445 4146 hominibus
3471 4133 3489 4159 ,

1892 4129 1983 4198 qui
2029 4147 2136 4189 non
2185 4137 2562 4205 intellexerunt
2588 4154 2716 4222 quid
2753 4155 2992 4218 lacerent
3035 4166 3104 4224 de
3128 4170 3327 4230 divitiis
3364 4133 3487 4237 eun:

1890 4222 2175 4294 viverent,
2209 4238 2262 4285 et
2287 4243 2540 4301 putarunt
2564 4256 2624 4299 se
2648 4244 2836 4305 beatos
2862 4250 3073 4312 futuros
3094 4300 3112 4326 ,
3143 4262 3189 4316 si
3222 4262 3485 4328 haberent

1891 4320 2206 4377 memoriam
2233 4338 2612 4388 marmoratam
2638 4375 2653 4399 ,
2685 4342 2838 4409 quasi
2860 4354 3117 4405 aeternam
3144 4352 3362 4412 domum
3379 4401 3396 4428 ,
3429 4372 3487 4421 et

2701 4406 2720 4409 _
3154 4406 3161 4407 κ
3191 4406 3396 4428 -------,
3430 4406 3485 4421 ν.

1889 4406 1937 4461 si
1961 4408 2079 4478 sui,
2111 4412 2304 4483 quibus
2339 4419 2682 4491 reliquissent
2722 4431 3076 4494 substantiam
3104 4456 3258 4500 suam
3283 4487 3298 4511 ,
3329 4448 3485 4506 iuro.

1888 4510 2075 4557 carent
2111 4507 2327 4565 nomina
2355 4526 2542 4571 eorum
2583 4517 2639 4573 in
2682 4525 2840 4580 terris
2882 4526 3143 4599 ipsorum.
3170 4536 3484 4603 Debuerunt

1886 4604 2065 4654 autem
2110 4609 2296 4656 contra
2345 4620 2650 4678 praeparare
2692 4615 2795 4674 sibi
2845 4620 3068 4685 domum
3122 4639 3382 4693 aeternam
3425 4638 3480 4698 in

1887 4685 2043 4743 bonis
2084 4693 2336 4760 operibus
2356 4737 2372 4765 ,
2404 4714 2706 4773 praeparare
2740 4710 2843 4768 sibi
2882 4714 3045 4774 vitam
3075 4720 3471 4799 immortalem,

1888 4985 1994 5027 non
2024 4984 2369 5038 contemnere
2394 4983 2665 5043 Christum
2696 5000 2820 5048 ante
2860 4994 3079 5066 ianuam
3127 5005 3434 5068 ulcerosum
3459 5055 3476 5083 ,

2862 5063 2873 5066 -
3232 5063 3239 5064 κ
3459 5063 3476 5083 ν

1885 5063 1976 5132 qui
2004 5065 2138 5123 dixit
2162 5087 2175 5122 :
2199 5070 2325 5125 Cum
2368 5077 2456 5129 uni
2492 5093 2556 5132 ea:
2594 5081 2814 5138 minimis
2838 5088 2961 5144 meis
2988 5094 3207 5164 fecistis,
3238 5101 3366 5155 mihi
3399 5106 3481 5174 fe-

1884 5156 2020 5211 cistis
2037 5159 2246 5229 (Matth.
2276 5180 2403 5233 xxv,
2428 5168 2499 5224 40
2512 5169 2552 5238 ).
2570 5170 2703 5238 Quia
2731 5190 2860 5248 ergo
2888 5156 2999 5237 non
3018 5156 3288 5246 intellexit
3317 5156 3478 5250 homo

1886 5254 1940 5310 in
1957 5254 2159 5312 honore
2176 5260 2400 5329 positus.
2415 5261 2551 5328 Quid
2569 5267 2729 5335 est,in
2748 5269 2951 5331 honore
2965 5281 3195 5348 positus?
3207 5283 3477 5344 Factusad

1884 5347 2167 5420 imaginem
2184 5361 2238 5407 et
2255 5354 2654 5415 similitudinem
2674 5362 2785 5430 Dei,
2810 5362 2972 5421 homo
2998 5371 3251 5438 praelatus
3258 5376 3476 5446 jumen-

1886 5439 1952 5495 tis
1978 5440 2128 5511 (Gen.
2148 5446 2201 5511 l,
2218 5443 2331 5517 26).
2347 5445 2461 5503 Non
2480 5451 2619 5506 enim
2637 5450 2763 5509 fecit
2786 5456 2923 5514 Deus
2943 5473 3021 5515 sne
3036 5439 3328 5534 hominem,
3347 5485 3478 5540 quo-

1882 5533 2044 5589 modo
2066 5534 2498 5610 lecitjumentum
2516 5561 2530 5611 ;
2548 5547 2644 5602 sed
2660 5548 2935 5608 fecitDeus
2957 5551 3233 5615 hominem
3256 5563 3345 5619 cui
3368 5581 3477 5623 ser-

1882 5629 2056 5685 virent
2075 5629 2317 5701 jumenta
2337 5650 2352 5690 :
2374 5636 2630 5708 numquid
2656 5639 2772 5709 ejus
2786 5640 3009 5713 viribus,
3023 5654 3078 5702 et
3110 5662 3221 5706 non
3264 5652 3479 5714 intelle-

1883 5723 2017 5779 ctui?
2028 5723 2120 5782 Ille
2138 5735 2313 5782 autem
2328 5743 2430 5782 non
2444 5729 2719 5787 intellexit:
2735 5735 2884 5804 etqui
2901 5732 3275 5801 factuseratad
3290 5746 3479 5821 imagi-

1883 5832 2006 5876 nem
2028 5817 2124 5874 Dci
2140 5860 2153 5885 ,
2184 5830 2502 5892 comparatus
2526 5833 2600 5879 est
2618 5826 2867 5895 jumentis
2890 5826 3160 5892 insensatis
3174 5873 3194 5903 ,
3216 5844 3268 5891 es
3293 5817 3478 5897 similis

1887 5915 2051 5983 [actus
2071 5922 2142 5968 est
2158 5911 2279 5969 illis.
2298 5913 2448 5972 Unde
2463 5915 2587 5971 alibi
2604 5916 2826 5973 dicitur:
2847 5918 3026 5980 Nolite
3040 5941 3152 5983 esse
3163 5927 3302 5986 sicut
3320 5947 3479 6003 equus

2850 6017 3267 6101 (υἱέε-ἡνία]
