4042 6470
559 520 612 566 et
635 506 804 563 mulus
825 545 840 572 ,
867 501 1049 575 quibus
1073 514 1176 555 non
1202 503 1276 553 est
1314 492 1596 550 intellectus
1623 486 1642 559 (
1667 483 1813 541 Psal.
1854 497 1981 538 xm
2005 521 2020 548 ,
2049 478 2148 549 9).

639 605 727 658 I7.
761 573 917 675 [vers
959 591 1072 668 Νη]
1105 590 1231 647 Hac
1275 590 1356 644 uia
1403 587 1629 658 ipsorum
1669 577 1963 636 scandalum
2005 573 2148 645 ipsis.

567 694 704 767 Ipsis
729 666 799 748 sit
823 666 1164 751 scandalum,
1197 697 1305 738 non
1348 678 1464 734 tibi.
1488 673 1710 744 Quando
1743 677 1919 726 autem
1961 666 2065 722 erit
2098 674 2155 720 et

573 757 710 844 tibi?
737 785 790 841 Si
821 791 976 854 putes
999 776 1140 850 quod
1167 774 1310 832 beati
1341 773 1446 828 sint
1478 769 1628 824 tales.
1653 765 1711 822 Si
1739 761 2000 832 intelligas
2030 757 2154 829 quia

567 894 677 937 non
723 885 852 934 sunt
877 872 1053 937 beati,
1104 869 1234 940 ipsis
1268 866 1370 922 erit
1410 859 1716 919 scandalum
1757 856 1842 911 via
1884 855 2151 924 ipsorum;

570 988 679 1029 non
703 969 918 1025 Christo
941 1008 954 1031 ,
991 978 1095 1019 non
1138 957 1348 1030 corpori
1390 955 1505 1025 ejus
1533 995 1548 1022 ,
1593 965 1700 1006 non
1738 945 1993 1004 membris
2017 941 2151 1013 ejus.

573 1065 642 1121 Et
668 1074 841 1134 postea
866 1061 918 1113 in
946 1074 1031 1113 ore
1055 1071 1146 1110 suo
1177 1044 1630 1114 benedicenLQuid
1657 1051 1768 1110 est,
1794 1047 1964 1112 postea
1993 1038 2047 1090 in
2071 1050 2156 1090 ore

572 1176 667 1216 suo
696 1153 1030 1213 benedicent?
1058 1149 1189 1206 Cum
1232 1146 1356 1202 facti
1396 1142 1591 1198 fuerint
1629 1138 1764 1194 tales
1791 1144 1846 1190 ut
1877 1148 1980 1188 non
2007 1144 2156 1201 quaa-

572 1263 696 1312 rant
722 1251 826 1307 nisi
845 1250 982 1306 bona
1010 1241 1342 1314 temporalia,
1367 1237 1498 1292 ﬁunt
1523 1229 1841 1306 hypocritae;
1871 1237 1926 1283 et
1945 1222 2158 1296 quando

576 1342 899 1401 benedicunt
944 1339 1108 1392 Deum
1126 1313 1149 1400 ί,
1203 1331 1356 1386 labiis
1414 1325 1772 1384 benedicunt,
1822 1333 1928 1373 non
1973 1313 2155 1370 corde.

574 1438 733 1494 Tales
758 1434 884 1490 facti
912 1426 1209 1492 christiani,
1233 1421 1450 1495 quando
1473 1419 1574 1475 illis
1604 1414 1848 1472 laudatur
1869 1411 1977 1466 vita
1999 1417 2158 1463 aeter-

574 1546 645 1588 na
662 1572 676 1597 ,
700 1537 754 1585 et
778 1526 972 1582 dicitur
1000 1521 1105 1578 illis
1133 1523 1527 1586 contemptores
1557 1513 1572 1542 ¹
1601 1507 1902 1565 divitiarum
1926 1517 2048 1559 esse
2068 1499 2162 1556 de-

577 1625 710 1680 bere
741 1623 791 1676 in
834 1617 1050 1674 nomine
1088 1612 1324 1677 Christi,
1357 1612 1609 1677 torquent
1635 1617 1698 1658 os
1741 1601 1792 1655 in
1820 1596 1984 1654 corde
2023 1608 2157 1650 suo:

574 1726 632 1773 et
661 1715 705 1770 si
732 1728 837 1768 non
865 1708 1061 1764 audent
1090 1704 1143 1760 in
1176 1702 1330 1769 facie,
1362 1714 1431 1755 ne
1461 1697 1812 1757 erubescant,
1841 1696 1933 1744 aut
1957 1701 2024 1742 ne
2043 1699 2162 1740 cor-

573 1807 836 1880 ripiantur
864 1804 930 1859 ab
956 1797 1281 1864 hominibus,
1316 1794 1368 1850 in
1395 1791 1557 1849 corde
1607 1787 1661 1843 id
1709 1785 1945 1846 faciunt,
1977 1787 2160 1836 conte-

577 1909 806 1962 mnunt;
835 1906 888 1952 et
917 1901 1157 1950 remanet
1184 1890 1263 1946 eis
1292 1888 1345 1943 in
1377 1901 1470 1942 ore
1493 1879 1816 1945 benedictio,
1839 1884 1892 1932 et
1919 1875 1970 1929 in
2001 1871 2165 1929 corde

575 1990 901 2049 maledictio.
928 1985 996 2042 Et
1025 1994 1198 2056 postea
1233 1982 1286 2036 in
1317 1995 1403 2035 ore
1437 1993 1529 2033 suo
1569 1972 1880 2030 benedicent.
1921 1966 2162 2036 Longum

575 2093 663 2144 est
704 2092 762 2139 ut
789 2081 1059 2139 Psalmum
1102 2076 1347 2133 ﬁniamus
1378 2089 1392 2126 :
1420 2068 1650 2126 sufﬁciat
1677 2061 1936 2121 Charitati
1957 2059 2164 2114 Vestrae

580 2175 724 2248 quod
749 2172 972 2230 audistis
999 2169 1212 2226 interim
1241 2164 1432 2229 hodie;
1463 2175 1601 2228 cras,
1634 2155 1778 2231 quod
1802 2154 2026 2212 Domino
2050 2150 2166 2222 pla-

577 2268 749 2328 euerit
771 2266 1019 2324 audietis.

1251 2385 1422 2431 SERIO
1457 2383 1516 2424 II.

1006 2487 1087 2546 De
1106 2483 1325 2542 secunda
1354 2487 1496 2552 parte
1523 2473 1740 2532 Psalmi.

651 2618 704 2674 I.
735 2613 888 2689 [vers.
909 2606 1024 2682 14.]
1049 2605 1316 2662 Hesterno
1341 2598 1429 2689 die
1457 2602 1634 2666 empto
1663 2588 1875 2647 Psalmo
1903 2583 2168 2641 terminus

580 2677 894 2772 debehatur,
926 2677 1064 2758 sicut
1108 2693 1352 2753 meminit
1389 2687 1634 2746 Charitas
1661 2681 1872 2740 Vestra.
1898 2677 2167 2734 Pervene-

578 2815 762 2860 ramus
791 2767 970 2852 autem
1000 2804 1167 2862 usque
1195 2785 1262 2842 ad
1291 2784 1450 2839 istum
1495 2789 1710 2833 versum
1732 2815 1746 2838 ,
1798 2770 1889 2825 ubi
1930 2767 2170 2838 designat

579 2891 814 2966 Spiritus
843 2887 942 2942 Dei
968 2859 1211 2940 homines
1258 2891 1365 2933 non
1414 2869 1751 2928 attendentes
1801 2861 1906 2918 nisi
1932 2859 1998 2915 ad
2029 2872 2168 2931 prte-

551 2953 754 3046 .sentia
782 2979 1055 3040 szrcularia
1083 2985 1138 3032 et
1165 2984 1395 3036 terrena,
1425 2975 1481 3022 et
1508 2966 1564 3021 in
1590 2969 1861 3036 posterum
1891 2963 2012 3028 post
2031 2953 2170 3009 hanc

581 3081 748 3136 vitam
777 3074 912 3132 nihil
939 3070 1267 3142 cogitantes,
1318 3074 1491 3132 neque
1517 3057 1680 3113 ullam
1709 3052 2014 3110 felicitatem
2049 3060 2170 3104 esse

585 3170 910 3228 arbitrantes
932 3206 948 3233 ,
977 3141 1081 3218 nisi
1107 3155 1316 3214 divitias
1342 3162 1398 3210 et
1426 3152 1662 3206 honores
1689 3145 1851 3216 hujus
1875 3141 2089 3209 saeculi,
2118 3147 2172 3194 et

585 3257 951 3320 transitoriam
979 3253 1231 3308 virtutem
1260 3247 1324 3313 ’ς
1371 3250 1493 3316 post
1540 3239 1744 3296 obitum
1787 3242 1968 3291 autem
2015 3245 2169 3286 suum

588 3368 703 3412 non
726 3347 1084 3412 attendentes,
1112 3341 1215 3398 nisi
1241 3332 1691 3411 quemadmodum
1718 3329 1798 3386 eis
1816 3332 2173 3399 procurentur

585 3447 776 3504 funera
803 3453 1080 3518 ροωροεειν
1108 3443 1164 3493 ει
1190 3431 1517 3527 εθρθηέηιιυτ
1542 3419 1983 3525 ίηωοουηιεῖηίίδ
2011 3431 2174 3487 θνθτθ
2282 3419 2400 3510 rem
2425 3419 2517 3525 (ιιιί
2539 3455 2712 3525 primo
2732 3458 2830 3526 per
2866 3419 3831 3527 ευρετδίέιιίὲεεῖἑιῖζίιῖξῖςῆέξιξξιξ

2282 3474 2400 3510 rem
2425 3474 2517 3525 qut
2539 3474 2712 3561 primo
2732 3474 2830 3526 per
2866 3474 3172 3527 superatam
3204 3474 3403 3516 cadens
3442 3474 3632 3518 tnvmtt
3668 3474 3868 3532 stanti,

2228 3579 2236 3586 -
2281 3559 2339 3604 et
2365 3557 2538 3604 morte
2563 3549 2815 3605 invisibili
2842 3548 3040 3620 dejeeit
3063 3559 3326 3620 stantem,
3353 3564 3411 3608 ut
3438 3554 3598 3610 etiam
3639 3567 3869 3614 mortem

584 3513 819 3598 mirabili
877 3513 1163 3591 exstructis
1192 3568 1207 3594 ,
1253 3533 1309 3581 et
1366 3523 1683 3577 invocentur
1723 3513 1941 3570 nomina
1983 3524 2172 3566 eorum

586 3635 642 3690 in
703 3629 860 3688 terris
904 3628 1141 3700 ipsorum
1183 3636 1213 3675 a
1260 3615 1509 3674 domibus
1556 3623 1779 3674 eorum;
1839 3619 1948 3660 non
1992 3610 2172 3657 autem

585 3724 688 3782 sibi
735 3694 1087 3791 comparant,
1134 3711 1223 3768 ubi
1262 3708 1482 3779 spiritus
1523 3703 1592 3758 sit
1636 3707 1761 3772 post
1800 3697 1939 3752 hanc
1976 3694 2171 3760 vitam,

585 3813 735 3871 stulti
765 3785 878 3865 nou
915 3803 1395 3863 contremiscentes
1430 3807 1616 3850 vocem
1640 3788 1871 3856 Christi,
1898 3785 2130 3843 dicentis
2153 3824 2172 3852 ,

589 3904 790 3971 Stulte,
823 3902 917 3956 hac
954 3906 1098 3953 nocte
1135 3896 1393 3966 auferetur
1434 3887 1606 3941 anima
1647 3892 1735 3937 tua
1771 3897 1805 3936 a
1849 3889 1932 3946 te,
1978 3886 2023 3932 et
2060 3891 2176 3950 qua

589 3994 888 4069 preparasti
938 3991 1087 4063 cujus
1126 3992 1271 4042 erunt
1310 3979 1479 4055 (Luc.
1508 3992 1617 4043 xu,
1645 3973 1795 4043 20)?
1843 3985 1942 4026 nec
1997 3977 2173 4025 atten-

587 4054 779 4148 dentes
803 4093 928 4158 post
953 4054 1140 4154 epulas
1166 4054 1503 4148 quotidianas
1523 4066 1828 4142 splendidas
1847 4107 1863 4132 ,
1891 4071 1944 4120 et
1969 4054 2182 4152 purpu-:

587 4197 705 4240 ram
727 4187 784 4237 et
806 4143 1060 4251 byssum,
1087 4143 1308 4228 divitem
1353 4165 1664 4222 damnatum
1710 4155 1778 4213 ad
1816 4163 2080 4212 tormenta
2123 4143 2182 4208 in'

588 4274 895 4336 infernum;
924 4245 981 4324 et
1007 4273 1126 4337 post
1165 4261 1379 4318 labores
1417 4264 1472 4312 et
1502 4253 1680 4310 ulcera
1711 4257 1765 4306 et
1789 4248 2008 4315 famem,
2042 4243 2190 4337 pau-T

2178 4329 2183 4338 -
2286 4305 2392 4355 est.
2412 4296 2549 4364 Quid
2577 4295 2770 4368 igitur?
2797 4296 2916 4352 iam
2945 4299 2998 4354 in
3033 4299 3172 4354 coelo
3195 4303 3414 4357 sumus?
3435 4302 3490 4358 In
3516 4305 3659 4360 casio
3683 4322 3877 4363 secun-

589 4383 772 4442 perem
803 4361 1228 4435 requiescentem
1261 4355 1319 4410 in
1343 4352 1463 4406 sinu
1490 4345 1719 4402 Abrahae
1745 4341 1864 4415 (Id.
1895 4356 1982 4396 am
2003 4381 2020 4409 ,
2046 4336 2175 4412 I9):

589 4432 691 4517 ista
728 4473 834 4514 non
860 4432 1144 4518 curantes,
1175 4445 1268 4504 sed
1305 4441 1639 4500 attendentes
1677 4435 1744 4493 ad
1771 4434 1824 4492 id
1863 4432 2005 4504 quod
2043 4448 2179 4504 prae-

591 4566 716 4610 sens
738 4557 858 4616 est,
893 4556 945 4603 et
969 4552 1089 4617 post
1107 4542 1246 4598 hanc
1274 4544 1500 4594 mortem
1531 4547 1639 4588 non
1667 4527 2008 4603 providentes
2028 4566 2044 4593 ,
2074 4523 2179 4578 nisi

590 4640 1044 4715 quemadmodum
1091 4646 1286 4690 nomen
1329 4642 1514 4685 eorum
1566 4622 1712 4696 quod
1763 4618 2080 4690 reprobatur
2125 4606 2186 4670 iii

573 4737 747 4802 coelo,
777 4735 1052 4789 invocetur
1079 4727 1133 4783 in
1164 4735 1324 4780 terra.
1351 4717 1670 4777 Describens
1696 4728 1822 4784 ergo
1854 4711 1986 4767 tales
2008 4707 2179 4778 Spiri-

590 4839 681 4885 tus
717 4834 934 4883 sauctus
959 4822 1070 4878 ait:
1110 4817 1236 4874 Hazc
1259 4816 1339 4870 via
1365 4814 1593 4884 ipsorum
1621 4805 1921 4862 scandalum
1946 4801 2100 4873 ipsis,
2132 4808 2189 4868 et,

592 4934 764 4997 postea
789 4923 842 4976 in
870 4935 957 4974 ore
979 4933 1071 4973 suo
1098 4911 1402 4969 benedicent.
1425 4907 1574 4963 Sicut
1598 4902 1731 4960 dixit
1749 4899 2003 4955 Dominus
2024 4887 2187 4952 Jesus‘

590 4989 835 5072 Christus
857 5008 925 5066 de
943 5004 1261 5080 quibusdam
1283 5045 1298 5071 ,
1329 5000 1417 5073 qui
1443 4999 1618 5071 primo
1643 4991 1903 5050 accedunt
1929 4992 1996 5045 ad
2021 4989 2179 5043 ﬁdem
2238 5023 2240 5026 μ

590 5107 831 5168 mandati
858 5104 1020 5161 verbo
1050 5101 1142 5158 Dei
1174 5107 1229 5156 et
1255 5093 1572 5154 exorcismis
1613 5089 1664 5144 in
1691 5086 1906 5142 nomine
1944 5083 2178 5152 Christi,

589 5213 648 5260 ut
676 5200 938 5272 accipiant
980 5195 1210 5268 gratiam
1235 5191 1362 5254 Dei,
1390 5193 1452 5242 ut
1496 5183 1853 5255 naptizentur,
1897 5185 1954 5234 et
1994 5184 2179 5247 postea

587 5295 877 5353 redeuntes
901 5290 966 5346 ad
997 5290 1184 5362 pejora
1211 5282 1350 5340 mala
1376 5293 1534 5351 quam
1580 5284 1736 5331 antea
1763 5274 2178 5336 commiserant,

593 5386 743 5445 Fient
766 5385 869 5441 illis
894 5426 909 5449 ,
941 5361 1150 5453 inquit,
1183 5375 1462 5448 posteriora
1513 5369 1765 5426 deteriora
1818 5364 2072 5438 prioribus
2098 5361 2178 5435 (ll

587 5481 740 5541 .Petr.
765 5496 835 5547 ιι,
853 5475 982 5548 20):
1006 5474 1109 5531 hoc
1136 5471 1326 5527 Petrus
1352 5462 1626 5538 apostolus
1652 5478 1666 5516 :
1696 5459 1953 5516 Dominus
1974 5465 2175 5525 autem,
2268 5465 2280 5496 ε

653 5639 672 5671 ι
705 5645 888 5688 omnes
904 5637 1208 5697 promissa,
1233 5629 1584 5697 contemtum
1901 5630 1941 5697 ,ί
1964 5627 2015 5668 et
2039 5618 2180 5697 paulo

679 5683 960 5762 {tor—(fucat
976 5683 1029 5746 6s
1051 5693 1100 5744 in
1124 5683 1272 5743 corde
1293 5701 1382 5740 suo
1402 5683 1531 5738 :'ubi
1553 5683 1667 5735 add.
1692 5683 1873 5743 ferunt,
1898 5687 2186 5746 torquentur

587 5759 640 5816 in
663 5759 809 5812 carde
827 5759 930 5810 suo.

721 5776 743 5810 ν
841 5774 849 5785 .
918 5796 930 5809 .
2235 5771 2245 5788 .

655 5771 982 5878 ξοπαὲεδῧέεη
1006 5826 1051 5869 et
1073 5813 1401 5878 transitoriam
1431 5811 1596 5878 vitam.
1622 5817 1722 5859 Am.
1738 5845 1751 5866 ,
1772 5805 2181 5878 “etuti-anulariam
2238 5791 2252 5808 ”

585 5869 1009 5958 [ώεᾶἇῖέιηξιὶιῄ
1032 5889 1076 5934 et
1100 5876 1425 5949 transitoriam
1447 5874 1667 5927 virtutem
1691 5878 1737 5924 et
1757 5869 2050 5936 felicitatem.

1803 368 1859 425 8.
1900 358 2268 423 AUGUSTINI
2293 362 2595 422 EPISCOPI

2258 477 2328 532 Et
2355 490 2501 534 erunt
2521 482 2825 576 posteriora,
2853 485 3056 556 inquit,
3086 487 3225 546 illius
3250 491 3468 552 hominis
3494 499 3671 571 peiora
3689 517 3841 576 quam

2260 579 2404 625 erant
2450 574 2620 643 priora
2665 574 2831 645 (Luc.
2858 577 3092 652 11,26).
3123 581 3339 650 Quare?
3383 586 3514 654 Quia
3544 574 3721 660 primo
3760 599 3840 655 vel

2259 675 2473 766 apertus
2501 681 2734 766 paganus
2759 679 2915 766 erat,
2947 681 3130 742 postea
3157 677 3405 746 palliatur
3430 686 3648 742 nomine
3697 691 3841 749 ehri~

2259 758 2452 823 stiano,
2468 758 2567 814 sub
2582 761 2843 818 velamine
2870 766 3139 837 religionis
3170 772 3408 828 occultus
3438 778 3631 835 malus.
3654 782 3725 838 Et
3745 786 3844 842 erit

2261 848 2513 920 deterior,
2541 857 2663 925 quia
2691 859 2933 916 occultus
2959 872 3061 928 est,
3092 863 3231 920 sicut
3258 867 3351 934 ait,
3383 869 3451 924 Et
3483 885 3654 942 postea
3679 877 3732 930 in
3763 895 3844 935 ore

2261 943 2672 1046 suo.be-rtedicertt
2694 965 2712 1003 :
2738 950 2788 1005 id
2813 960 2928 1019 est,
2963 969 3155 1012 nomen
3192 958 3286 1014 Dei
3330 970 3385 1016 et
3425 978 3620 1022 nomen
3647 947 3843 1031 Christi

2262 1034 2412 1090 audis
2439 1037 2491 1092 in
2531 1037 2682 1096 labiis
2707 1083 2723 1110 ,
2755 1042 2806 1097 in
2833 1044 2995 1100 corde
3021 1062 3125 1102 non
3171 1049 3395 1107 invenis.
3421 1053 3494 1110 De
3530 1059 3725 1128 quibus
3763 1062 3840 1118 die

2263 1138 2403 1186 ctum
2447 1143 2527 1187 est
2555 1150 2567 1186 :
2612 1133 2843 1203 Populus
2875 1139 2968 1194 iste
3009 1141 3154 1196 labiis
3183 1159 3261 1198 me
3289 1145 3535 1216 honorat,
3565 1167 3655 1206 cor
3679 1165 3844 1211 autem

2264 1238 2436 1277 eorum
2463 1225 2609 1298 longe
2633 1238 2704 1282 est
2729 1246 2760 1284 a
2789 1230 3046 1305 me(1sai.
3074 1250 3220 1303 xxxx,
3245 1237 3314 1293 15
3331 1239 3372 1309 ).
3397 1239 3512 1298 Huc
3535 1260 3704 1316 usque
3723 1261 3848 1320 ergo

2267 1320 2507 1379 Psalmus
2537 1334 2798 1383 tractatus
2826 1341 2963 1388 erat.

2421 1413 2569 1520 [uie-rs.
2590 1417 2704 1492 45.]
2734 1420 3037 1520 Deinde‘sic
3066 1425 3324 1497 incipiunt
3348 1444 3537 1487 versus
3564 1432 3725 1490 hodie
3745 1434 3848 1493 dis-

2266 1508 2499 1564 cutiendi
2525 1520 2686 1582 atque
2714 1515 2973 1571 tractandi
2998 1534 3011 1570 :
3049 1516 3192 1573 Sicut
3216 1535 3330 1576 oves
3350 1523 3402 1576 in
3427 1523 3627 1596 inferno
3652 1527 3828 1595 posita

2269 1613 2697 1706 prorspastorﬂest
2720 1608 2811 1661 eis.
2839 1608 3087 1675 Quibus?
3121 1610 3229 1666 Illis
3257 1569 3496 1683 quorum,
3513 1617 3592 1671 via
3623 1569 3848 1675 Scauri;

2270 1693 2378 1749 lum
2404 1695 2551 1763 ipsis.
2581 1696 2820 1766 Quibus?
2847 1698 2957 1757 Illis
2980 1703 3068 1771 qui
3100 1706 3380 1772 prmsentia
3406 1707 3516 1762 sola
3547 1709 3829 1766 attendunt

2439 1788 2609 1891 futura
2639 1805 2744 1845 non
2783 1792 3049 1861 cogitant;
3082 1794 3186 1850 illis
3226 1797 3316 1865 qui
3340 1798 3502 1853 vitam
3537 1753 3853 1872 nor;

2271 1885 2372 1980 nisi
2399 1885 2554 1980 istam
2575 1922 2600 1980 ,Ἃ
2621 1896 2738 1952 qua:
2763 1899 2909 1939 mors
2951 1885 3173 1941 dicenda
3200 1899 3298 1943 est.
3327 1887 3444 1945 Non
3474 1890 3633 1961 igitur
3658 1893 3847 1952 imme-

2271 1975 2376 2028 rito
2401 1975 2648 2044 tanquam
2671 1989 2799 2031 oves
2830 1976 2886 2031 in
2911 1977 3153 2046 inferno,
3195 1991 3422 2037 mortem
3454 1981 3651 2040 habent
3674 1996 3851 2058 pasto-

2271 2078 2408 2120 rem.
2437 2063 2573 2130 Quid
2598 2077 2681 2121 est
2700 2109 2714 2133 ,
2743 2077 2967 2124 mortem
2995 2068 3188 2125 habent
3218 2075 3525 2142 pastorem?
3547 2075 3690 2133 Mors
3714 2079 3854 2135 enim

2273 2159 2450 2230 aliqua
2481 2173 2568 2215 res
2601 2168 2721 2228 est,
2753 2171 2843 2217 aut
2869 2162 3046 2234 aliqua
3072 2172 3306 2234 potestas
3331 2169 3458 2224 est?
3501 2171 3644 2228 Mors
3664 2188 3857 2245 nempe

2274 2258 2367 2304 aut
2403 2251 3023 2352 separatio-estanimae
3063 2269 3095 2310 a
3123 2269 3351 2327 corpore
3389 2273 3404 2314 :
3434 2267 3489 2316 et
3525 2275 3588 2316 ea
3642 2263 3856 2334 quidem

2275 2355 2434 2412 quam
2463 2344 2656 2399 timent
2680 2344 2921 2401 homines
2941 2388 2957 2415 ,
2989 2349 3256 2418 separatio
3280 2358 3365 2406 est
3388 2353 3578 2408 animae
3605 2370 3636 2408 a
3662 2371 3852 2430 eor-po.

2274 2447 2373 2488 re:
2405 2449 2551 2536 mors
2573 2444 2752 2536 autem
2771 2452 2898 2493 vera
2925 2453 3083 2509 quam
3114 2455 3217 2495 non
3249 2441 3439 2499 timent
3470 2443 3717 2504 homines
3735 2489 3753 2514 ,
3780 2464 3861 2507 se-

2277 2526 2484 2594 paratio
2512 2535 2596 2582 est
2633 2526 2826 2582 animas
2857 2542 2887 2582 a
2917 2528 3045 2586 Deo.
3078 2529 3144 2585 Et
3170 2531 3481 2604 plerumque
3515 2551 3639 2592 cum
3672 2538 3861 2597 timent

2277 2617 2524 2675 homines
2549 2619 2705 2676 istam
2731 2635 2850 2691 qua:
2878 2632 3090 2692 separat
3113 2624 3350 2681 animam
3375 2642 3405 2682 a
3435 2643 3659 2701 corpore
3683 2673 3702 2702 ,
3735 2630 3862 2690 inci-

2277 2711 2410 2770 dunt
2435 2713 2488 2768 in
2518 2713 2658 2769 illam
2690 2715 2777 2771 ubi
2801 2715 2978 2771 anima
3005 2728 3283 2788 separatur
3306 2735 3337 2776 a
3363 2721 3493 2778 Deo.
3522 2723 3646 2781 llaec
3671 2737 3764 2783 est
3791 2743 3861 2784 er-

2277 2819 2348 2878 go
2373 2818 2537 2862 mors.
2562 2807 2839 2876 Quomodo
2866 2818 3044 2866 autem
3072 2828 3208 2868 mors
3228 2823 3402 2885 pastor
3423 2825 3495 2872 est
3520 2817 3738 2876 illis.’Si
3767 2823 3864 2878 vita

2278 2897 2526 2955 Christus
2553 2908 2637 2956 est
2654 2942 2669 2966 ,
2716 2915 2863 2956 mors
2888 2901 3150 2960 diabolus.
3185 2905 3455 2963 Habemus
3480 2919 3659 2967 autem
3685 2913 3865 2970 multis

2223 3053 2226 3056 ,
2281 2990 2413 3046 locis
2442 2991 2495 3046 in
2526 2981 2799 3063 Scriptura
2819 3035 2833 3062 ,
2860 2995 2983 3066 quia
3010 2995 3118 3052 vita
3141 3006 3224 3053 est
3241 2996 3505 3058 Christus.
3529 3003 3671 3059 Mors
3689 3015 3864 3063 autem

2280 3083 2522 3141 diabolus
2559 3095 2667 3151 est;
2719 3101 2824 3142 non
2857 3088 2979 3158 quia
3005 3087 3120 3158 ipse
3145 3104 3290 3146 mors
3318 3099 3432 3159 est,
3479 3093 3574 3150 sed
3601 3095 3731 3166 quia
3778 3111 3868 3167 per

2221 3227 2225 3234 .
2279 3178 2432 3235 illum
2457 3191 2622 3234 mors.
2659 3176 2784 3235 Sive
2809 3178 2951 3235 enim
2982 3181 3069 3236 illa
3116 3182 3170 3238 in
3207 3197 3311 3254 qua
3337 3183 3519 3256 lapsus
3543 3196 3628 3245 est
3653 3188 3866 3261 Adam,

2283 3270 2451 3341 ipsius
2480 3271 2824 3339 persuasione
2853 3271 3056 3328 homini
3088 3274 3361 3344 propinata
3387 3286 3509 3345 est,
3537 3279 3654 3336 sive
3676 3280 3784 3338 ista
3817 3282 3867 3338 in

2281 3375 2386 3434 qua
2415 3372 2694 3433 separatur
2711 3363 2888 3418 anima
2919 3380 2951 3420 a
2975 3379 3228 3435 corpore,
3261 3366 3435 3438 ipsum
3463 3367 3661 3426 habent
3679 3381 3868 3430 aucto-

2285 3640 2553 3698 visihilem
2581 3641 2838 3711 penderet
2861 3643 2881 3674 ¹
2911 3641 3074 3715 (Gen.
3108 3657 3192 3711 ιιι,
3222 3643 3311 3714 2).
3335 3645 3415 3701 Ad
3442 3661 3564 3702 eum
3593 3650 3866 3718 pertinen-

2285 3743 2394 3802 tes,
2426 3742 2692 3806 pastorem
2721 3746 2947 3792 mortem
2974 3736 3209 3794 habent:
3240 3753 3338 3794 nos
3367 3748 3542 3796 autem
3569 3741 3661 3811 qui
3691 3742 3766 3799 de
3790 3742 3870 3799 fu-

2283 3836 2406 3885 tura
2449 3828 2850 3883 immortalitate
2875 3830 3170 3899 cogitamus
3193 3871 3208 3896 ,
3255 3839 3310 3887 et
3337 3845 3445 3889 non
3472 3833 3589 3890 sine
3612 3849 3779 3891 causa
3822 3838 3870 3892 in

2284 3919 2460 3977 fronte
2485 3920 2692 3992 signum
2718 3921 2891 3976 crucis
2917 3921 3116 3978 Christi
3146 3932 3453 3993 portamus,
3482 3941 3589 3983 non
3612 3928 3874 3987 habemus

2284 4024 2556 4120 pastorem
2600 4014 2705 4120 nisi
2750 4015 2932 4120 vieta.
2966 4016 3259 4072 lnﬁdelium
3291 4027 3473 4089 pastor
3528 4035 3680 4078 mors
3701 4064 3718 4090 ,
3750 4023 3876 4080 ﬁde-

2287 4108 2418 4165 lium
2447 4115 2629 4179 pastor
2652 4108 2782 4164 vita.
2821 4107 2879 4166 Si
2907 4123 3035 4180 ergo
3056 4110 3112 4165 in
3140 4111 3350 4167 inferno
3377 4120 3503 4169 sunt
3530 4129 3663 4172 oves
3686 4117 3877 4189 quibus

2285 4210 2470 4274 pastor
2491 4216 2638 4258 mors
2666 4210 2749 4258 est
2765 4243 2781 4268 ,
2809 4202 2862 4256 in
2888 4202 3028 4259 coelo
3056 4213 3179 4260 sunt
3202 4221 3332 4262 oves
3354 4207 3546 4278 quibus
3563 4221 3754 4281 pastor
3773 4214 3877 4269 vita

2285 4389 2417 4446 dum
2456 4389 2639 4446 ﬁdem.
2668 4389 2726 4446 Si
2769 4405 2900 4461 ergo
2942 4392 2996 4445 in
3039 4392 3213 4460 caelo,
3248 4395 3370 4461 ubi,
3403 4394 3631 4453 Sursum
3663 4400 3795 4455 cor?
3819 4399 3876 4456 Si

2278 4500 2396 4593 .non
2435 4486 2488 4540 in
2527 4485 2720 4588 caelos
2756 4483 2899 4586 unde
2937 4485 3210 4593 apOstolus
3251 4468 3449 4544 Paulus
3479 4489 3649 4557 dicit,
3681 4491 3877 4548 Nostra

2287 4575 2422 4631 enim
2445 4577 2752 4630 conversatio
2776 4577 2831 4629 in
2857 4574 2993 4631 caelis
3021 4586 3091 4630 est
3120 4574 3350 4650 (Philip.
3379 4595 3434 4635 III
3453 4621 3468 4647 ,
3484 4580 3880 4654 20)?Corpore

2281 4669 2621 4759 ambulamus
2648 4669 2701 4724 in
2733 4678 2873 4725 terra
2895 4710 2911 4737 ,
2936 4670 3102 4726 corde
3129 4669 3429 4728 habitamus
3453 4674 3507 4729 in
3531 4675 3695 4732 caelo.
3719 4675 3880 4734 Habi-

2288 4773 2467 4822 tamus
2493 4764 2603 4832 ibi,
2635 4765 2682 4821 si
2706 4765 2832 4821 illuc
2859 4764 3059 4834 aliquid
3100 4766 3362 4822 mittimus
3384 4767 3528 4838 quod
3567 4769 3640 4824 ibi
3675 4785 3778 4827 nos
3802 4780 3881 4828 te-

2288 4867 2433 4936 neat.
2463 4857 2629 4913 Nemo
2664 4857 2804 4912 enim
2850 4855 3111 4912 inhabitat
3130 4856 3293 4913 corde
3312 4899 3328 4924 ,
3354 4859 3455 4913 nisi
3481 4860 3622 4914 unde
3647 4863 3879 4933 cogitat;

2288 4950 2415 5008 inde
2437 4958 2616 5007 autem
2641 4950 2873 5022 cogitat,
2903 4947 2992 5004 ubi
3023 4949 3368 5006 thesaurizat.
3392 4949 3804 5009 Thesaurizavit
3829 4954 3882 5010 in

2290 5051 2453 5108 terra,
2472 5058 2566 5099 cor
2593 5043 2759 5113 ipsius
2781 5056 2810 5095 a
2842 5049 2984 5096 terra
3010 5056 3116 5097 non
3144 5041 3380 5110 recedit,
3414 5043 3804 5101 thesaurizavit
3829 5046 3881 5101 in

2283 5133 2467 5230 calo,
2508 5148 2602 5190 cor
2643 5131 2812 5204 ipsius
2853 5132 2921 5188 de
2973 5133 3112 5188 caelo
3154 5148 3260 5189 non
3299 5134 3610 5192 descendit:
3647 5138 3882 5194 Domino

2281 5223 2472 5317 {aperte
2494 5226 2726 5291 dicente,
2873 5234 2943 5280 est
2971 5225 3237 5284 thesaurus
3261 5236 3398 5297 tuus,
3417 5227 3528 5285 illic
3550 5237 3594 5284 et
3620 5245 3716 5286 cor
3741 5239 3886 5286 tuum

2286 5316 2384 5378 erit
2404 5321 2423 5391 (
2443 5320 2628 5376 Matth.
2660 5334 2745 5386 vt,
2769 5316 2897 5389 21).

2360 5414 2416 5470 5.
2442 5412 2531 5468 Isti
2560 5425 2690 5483 ergo
2716 5411 2910 5482 quibus
2947 5425 3093 5468 mors
3122 5419 3307 5483 pastor
3345 5423 3460 5480 est,
3502 5413 3765 5471 videntur
3790 5415 3886 5474 llo-

2288 5525 2411 5569 rere
2433 5509 2501 5565 ad
2525 5515 2767 5578 tempus,
2803 5514 2858 5563 et
2899 5506 3029 5578 justi
3070 5507 3352 5563 laborare:
3381 5509 3473 5564 sed
3511 5509 3720 5579 quare?
3749 5510 3887 5579 Quia

2288 5617 2396 5658 nox
2420 5609 2502 5656 est
2524 5599 2718 5656 adhuc.
2747 5597 2884 5666 Quid
2910 5606 3025 5664 est,
3056 5612 3164 5653 nox
3187 5599 3306 5654 est?
3331 5599 3446 5654 Non
3478 5610 3749 5670 apparent
3772 5616 3887 5656 me-

2234 5749 2244 5768 ,
2287 5693 2391 5750 rita
2417 5693 2776 5764 justorum,et
2800 5691 2952 5763 quasi
2974 5691 3277 5746 nominatur
3298 5689 3524 5747 felicitas
3567 5692 3886 5762 impiorum.

2326 5804 2478 5876 .{Isie
2499 5803 2712 5876 melioris
2743 5811 2869 5876 notae
2908 5807 3013 5853 Mss.
3041 5799 3257 5876 Nonnulli
3281 5814 3418 5876 'v'ero
3455 5816 3562 5853 cum
3604 5808 3711 5867 Ειη
3735 5807 3892 5858 morte

2291 5865 2460 5920 visibili
2483 5837 2721 5931 perdet-ei.
2749 5837 3376 5928 Αιίονῗῗὶἱιόνῖἴὲἰὶἱᾶὲέὸίῑέ
3390 5837 3654 5931 ἶνεῖἓὶἔὲεἱῗ
3669 5837 3711 5867 ’⁹
