4042 6496
202 477 439 538 Tamdiu
473 475 690 534 videtur
724 473 888 531 herba
915 472 1084 529 laetior
1119 485 1279 544 quam
1313 470 1474 525 arbor
1497 509 1512 535 ,
1553 467 1806 539 quamdiu

203 574 389 631 hiems
403 579 508 628 est.
526 568 706 627 Herba
718 568 859 625 enim
879 581 972 637 per
990 565 1220 620 hiemem
1238 565 1399 634 viget,
1412 563 1570 618 arbor
1585 576 1679 631 per
1695 561 1806 616 hie-

203 678 354 724 mem
381 661 537 734 quasi
563 659 714 718 arida
741 667 861 715 est:
891 672 1012 714 cum
1036 656 1114 712 sol
1143 655 1331 712 exierit
1358 653 1648 709 ferventior
1675 661 1806 708 tem-

202 775 344 833 pore
371 754 774 824 aestatis,arbor
803 767 922 824 qua:
951 767 1045 822 per
1073 749 1303 806 hiemem
1329 747 1476 804 arida
1506 746 1803 815 videbatur,

204 855 462 927 expletur
490 850 656 918 foliis,
679 848 880 920 profert
904 845 1145 908 fructus;
1174 844 1339 900 herba
1371 851 1548 897 autem
1575 842 1803 896 arescit:

204 947 426 1008 videbis
469 948 729 1003 honorem
776 942 984 1001 arboris
1011 983 1027 1008 ,
1073 939 1238 995 herba
1283 937 1431 993 arida
1475 945 1577 993 est.
1621 935 1710 990 Sic
1752 941 1808 990 et

203 1043 374 1103 modo
396 1040 528 1114 justi
553 1039 830 1107 laborant,
858 1045 1143 1107 antequam
1168 1034 1346 1090 veniat
1373 1041 1548 1086 restas.
1574 1029 1672 1085 Est
1697 1029 1804 1084 vita

201 1138 265 1196 in
309 1136 531 1204 radice,
577 1131 814 1191 nondum
845 1139 1066 1202 apparet
1110 1129 1163 1183 in
1197 1126 1380 1183 ramis.
1423 1123 1592 1180 Radix
1621 1131 1803 1178 autem

201 1238 397 1288 nostra
425 1227 662 1286 claritas
685 1234 786 1283 est.
812 1224 881 1279 Et
910 1221 1036 1294 quid
1063 1221 1137 1276 ait
1157 1215 1477 1292 Apostolus?
1501 1215 1568 1271 Ut
1589 1228 1800 1270 sursum

200 1325 505 1383 debeamus
533 1320 731 1377 habere
776 1317 1012 1374 radicem
1030 1358 1046 1383 ,
1075 1323 1132 1372 ut
1161 1316 1266 1368 vita
1293 1311 1365 1367 sit
1393 1317 1573 1382 pastor
1596 1315 1799 1373 noster,

199 1420 330 1491 quia
361 1414 623 1475 habitatio
663 1422 845 1470 nostra
884 1426 990 1466 non
1020 1409 1181 1465 debet
1218 1405 1474 1464 recedere
1513 1403 1580 1459 de
1620 1401 1759 1458 ccelo
1781 1439 1799 1468 ,

199 1511 332 1583 quia
363 1509 423 1565 in
457 1507 559 1565 hac
591 1516 734 1563 terra
770 1503 1033 1561 debemus
1061 1502 1199 1558 sicut
1229 1498 1426 1556 mortui
1466 1495 1740 1553 ambulare
1782 1510 1797 1548 :

199 1613 263 1660 ut
293 1617 464 1673 supra
487 1600 729 1656 viventes
753 1638 768 1663 ,
800 1595 935 1652 inira
965 1594 1163 1650 mortui
1187 1594 1386 1657 simus;
1424 1605 1528 1645 non
1561 1599 1616 1643 ut
1638 1602 1797 1656 supra

199 1694 411 1754 mortui
433 1735 448 1761 ,
470 1693 604 1748 infra
634 1691 892 1747 vivamus.
916 1687 1050 1756 Quia
1076 1700 1204 1756 ergo
1230 1699 1337 1739 non
1359 1681 1519 1738 debet
1544 1680 1800 1735 recedere

200 1790 312 1843 vita
340 1795 529 1842 nostra
553 1793 608 1840 et
635 1796 729 1838 cor
756 1791 998 1847 nostrum
1024 1778 1255 1848 desuper
1279 1777 1294 1808 ¹
1320 1816 1335 1842 ,
1368 1773 1492 1845 quid
1519 1776 1594 1828 ait
1652 1774 1799 1842 Apo-

199 1880 382 1936 stolus
403 1879 431 1934 ἲ
455 1875 646 1932 Μοτιαὶ
671 1875 803 1930 enim
827 1873 984 1928 estis:
1005 1879 1058 1927 et
1094 1886 1164 1927 ne
1199 1869 1444 1936 timeres,
1497 1864 1608 1922 Vita
1639 1874 1798 1919 vestra

199 1970 506 2028 abscondita
532 1977 605 2024 est
629 2009 646 2036 ,
675 1969 788 2034 ait,
814 1981 928 2020 cum
957 1962 1156 2020 Christo
1189 1963 1244 2016 in
1267 1960 1396 2016 Deo.
1424 1959 1562 2016 Ecce
1589 1958 1675 2013 ubi
1715 1965 1798 2012 est

197 2063 356 2120 radix
389 2070 594 2118 nostra.
617 2057 841 2130 Quando
867 2065 1046 2113 autem
1088 2053 1366 2127 apparebit
1405 2052 1576 2108 honor
1615 2058 1798 2106 noster

197 2163 461 2228 tanquam
509 2153 563 2208 in
611 2151 752 2208 foliis
796 2159 850 2204 et
893 2147 1151 2205 fructibus
1181 2188 1195 2213 ,
1244 2144 1485 2217 sequitur
1523 2151 1578 2198 et
1622 2142 1795 2209 dicit,

197 2251 328 2308 Cum
353 2249 590 2305 Christus
615 2245 943 2317 apparuerit,
979 2244 1078 2296 vita
1106 2249 1270 2296 vestra
1289 2281 1303 2305 ,
1358 2249 1476 2293 tunc
1500 2247 1546 2293 et
1573 2253 1657 2292 vos
1681 2251 1796 2291 cum

196 2342 288 2398 illo
315 2338 633 2413 apparebitis
674 2338 727 2391 in
767 2335 932 2408 gloria
961 2331 1194 2408 (Coloss.
1229 2347 1286 2387 nt
1309 2373 1322 2396 ,
1349 2331 1384 2387 ’5
1403 2373 1419 2398 ,
1451 2331 1484 2385 4
1508 2332 1546 2400 ).
1595 2328 1663 2383 Et
1692 2327 1796 2384 erit

196 2449 384 2492 mane.
418 2431 550 2489 Nam
579 2428 741 2486 modo
764 2443 872 2484 non
902 2435 986 2482 est
1013 2439 1191 2480 mane.
1215 2423 1477 2478 Tumeant
1500 2420 1660 2476 modo
1697 2435 1793 2477 su-

197 2526 355 2604 perbi
381 2533 441 2582 ct
476 2524 669 2580 divites
696 2521 853 2592 hujus
878 2517 1094 2584 saeculi,
1126 2514 1274 2586 impii
1316 2514 1470 2569 bonis
1498 2511 1792 2578 insultent,

196 2620 451 2682 inﬁdeles
469 2616 715 2674 ﬁdelibus
733 2655 750 2683 ,
772 2622 826 2670 et
849 2611 1064 2668 dicant:
1091 2609 1229 2677 Quid
1253 2607 1405 2664 vobis
1436 2606 1651 2678 prodest
1671 2605 1795 2676 quia

197 2710 548 2771 credidistis?
570 2706 697 2781 quid
721 2706 841 2778 plus
862 2703 1093 2770 habetis,
1115 2703 1238 2773 quia
1257 2698 1528 2755 Christum
1555 2695 1795 2752 habetis?

197 2804 593 2880 Bespondeant
619 2800 805 2858 ﬁdeles
826 2839 841 2864 ,
880 2799 925 2854 si
957 2810 1086 2853 vere
1108 2794 1292 2850 ﬁdeles
1319 2799 1482 2848 sunt:
1525 2788 1642 2845 Nox
1670 2797 1790 2855 est,

196 2901 446 2962 nondum
477 2896 689 2954 videtur
705 2892 845 2965 quod
877 2899 1139 2946 tenemus.
1172 2885 1291 2944 Non
1307 2885 1588 2957 quiescant
1607 2895 1796 2938 manus

195 2995 252 3055 in
278 2992 443 3050 bonis
477 2987 747 3060 operibus.
779 2983 932 3041 Unde
957 2981 1084 3037 alibi
1104 2979 1333 3036 dicitur:
1382 2974 1449 3030 In
1475 2974 1557 3030 die
1579 2971 1795 3028 tribula-

197 3086 352 3144 tionis
376 3097 506 3138 mea
533 3079 694 3134 Deum
723 3074 968 3147 exquisivi
1009 3071 1243 3127 manibus
1282 3069 1408 3124 meis
1444 3074 1587 3123 nocte
1622 3080 1793 3120 coram

194 3197 257 3240 eo
281 3219 298 3246 ,
325 3188 376 3236 et
399 3193 502 3231 non
527 3189 642 3230 sunt
665 3170 902 3241 deceptus
933 3164 1124 3241 (Psal.
1154 3177 1344 3231 Lxxvt,
1373 3157 1466 3234 ὅ).
1499 3156 1795 3232 Apparebit

198 3272 357 3329 labor
391 3276 579 3325 noster
612 3277 798 3329 mane,
827 3270 885 3317 et
911 3259 1015 3315 erit
1041 3257 1245 3312 fructus
1273 3268 1468 3310 mane:
1496 3259 1556 3308 ut
1592 3250 1670 3306 illi
1702 3249 1795 3320 qui

199 3365 368 3425 modo
394 3362 672 3428 laborant,
702 3365 885 3428 postea
909 3352 1294 3415 dominentur;
1339 3356 1394 3404 et
1416 3345 1491 3401 illi
1518 3345 1608 3416 qui
1633 3342 1795 3399 modo

199 3475 261 3516 se
292 3457 506 3527 iactant
540 3459 600 3508 et
631 3446 976 3519 superbiant,
1027 3451 1209 3513 postea
1244 3438 1612 3508 subiiciantur.
1658 3433 1795 3504 Quid

197 3550 348 3607 enim
371 3542 664 3618 sequitur?
687 3540 836 3598 Sicut
862 3553 976 3592 oves
995 3536 1048 3590 in
1069 3537 1269 3605 inferno
1291 3531 1496 3602 positae,
1514 3546 1649 3585 mors
1701 3545 1796 3600 pa-

197 3652 308 3704 stor
345 3649 426 3698 est
457 3639 547 3693 eis.
581 3634 649 3692 Et
677 3629 1070 3688 dominabuntur
1109 3627 1178 3681 eis
1217 3625 1340 3679 recti
1380 3638 1544 3676 mane.

270 3735 328 3793 4.
369 3733 509 3792 Puto
525 3730 640 3802 jam
667 3726 884 3800 planum
910 3735 1031 3780 esse
1058 3722 1218 3776 istum
1245 3730 1480 3782 versum,
1503 3713 1626 3788 quia
1655 3729 1797 3785 prae-

198 3829 374 3890 locuti
417 3839 646 3886 sumus:
678 3816 1086 3876 nominabuntur
1122 3813 1194 3869 eis
1230 3811 1352 3866 recti
1391 3825 1559 3865 mane.
1606 3808 1798 3865 Tolera

199 3931 444 3987 noctein.
471 3913 717 3974 desidera
744 3923 922 3968 mane.
952 3904 1031 3963 Ne
1060 3911 1214 3976 putes
1240 3901 1363 3974 quia
1391 3914 1499 3956 nox
1525 3898 1689 3956 habet
1714 3899 1798 3954 vi-

200 4023 336 4083 tam,
359 4021 421 4068 et
441 4024 601 4068 mane
625 4021 734 4063 non
761 4002 922 4062 habet
945 3999 1126 4056 vitam.
1157 3995 1298 4066 Ergo
1319 3992 1410 4064 qui
1432 3992 1630 4049 dormit
1648 3991 1798 4062 vivit,

196 4118 259 4166 et
279 4107 377 4180 qui
399 4103 570 4176 surgit
592 4113 699 4157 non
728 4095 898 4154 vivit?
923 4091 1111 4150 Nonne
1151 4087 1244 4160 qui
1267 4085 1466 4143 dormit
1492 4085 1652 4141 morti
1677 4085 1698 4118 ⁹
1724 4085 1800 4141 si-

197 4174 385 4260 milior
412 4174 537 4253 est?
563 4192 634 4249 Et
655 4189 748 4263 qui
790 4194 914 4243 sunt
951 4182 1044 4256 qui
1085 4174 1394 4238 dormiunt?
1435 4177 1580 4245 Quos
1607 4176 1804 4234 excitat

201 4289 488 4364 apostolus
512 4285 708 4343 Paulus
731 4321 749 4351 ,
780 4280 828 4337 si
854 4287 1033 4334 tamen
1062 4271 1225 4329 velint
1250 4268 1523 4342 evigilare.
1567 4267 1801 4337 Quibus-

199 4384 331 4440 dam
359 4380 508 4439 enim
532 4376 665 4434 dicit
690 4392 705 4428 :
737 4372 906 4442 Surge
929 4367 1016 4440 qui
1040 4364 1232 4420 dormis
1249 4403 1264 4429 ,
1295 4372 1344 4417 et
1371 4376 1583 4432 exsurge
1609 4376 1641 4414 a
1669 4375 1804 4414 mor-

204 4477 341 4541 tuis,
367 4483 422 4530 et
459 4466 765 4527 illuminabit
806 4474 853 4518 te
895 4459 1125 4516 Christus
1162 4453 1396 4527 (Ephes.
1425 4468 1457 4507 v
1480 4493 1498 4520 ,
1543 4449 1675 4522 ﬂ).
1703 4450 1804 4520 Qui

201 4581 338 4638 ergo
361 4563 729 4622 illuminantur
747 4573 780 4612 a
803 4553 1036 4617 Christo,
1054 4550 1164 4622 jam
1187 4546 1426 4619 vigilant,
1452 4543 1549 4600 sed
1569 4543 1805 4600 nondum

204 4635 435 4731 appsret
461 4655 665 4712 fructus
707 4648 1001 4720 vigiliarum
1029 4660 1044 4699 :
1071 4654 1230 4697 mane
1255 4637 1565 4710 apparebit,
1597 4635 1650 4690 id
1679 4643 1760 4691 est
1785 4676 1801 4703 ,

203 4725 334 4808 cum
359 4745 548 4805 mli
586 4743 746 4812 hujus
784 4739 982 4798 incerta
1025 4730 1355 4788 transierint.
1385 4727 1503 4798 Ipsa
1545 4735 1629 4784 est
1661 4725 1805 4782 enim

201 4856 319 4898 nox
347 4857 364 4896 :
397 4852 506 4896 non
549 4835 646 4892 tibi
691 4830 836 4888 enim
862 4825 1110 4884 videntur
1145 4820 1297 4892 quasi
1342 4818 1615 4875 tenebrae?
1659 4816 1810 4873 Facit

201 4933 386 4996 male;
420 4928 590 4993 vivit,
619 4925 775 4980 ﬁeret
797 4962 814 4988 ,
859 4925 1060 4983 terret,
1093 4915 1385 4970 honoratur
1417 4929 1432 4968 :
1462 4909 1588 4989 facit
1635 4911 1805 4980 bene;

203 5019 650 5094 reprehenditur,
676 5011 1098 5084 blasphematur,
1123 5010 1424 5072 accusatur,
1446 5003 1671 5070 laborat,
1700 5010 1810 5058 ter-

204 5126 364 5174 retur
396 5132 414 5170 :
443 5111 596 5185 quasi
623 5108 858 5166 tenebrat
905 5111 1051 5162 sunt.
1094 5099 1155 5156 ln
1201 5098 1383 5155 radice
1417 5106 1593 5154 autem
1622 5095 1805 5168 vigor,

207 5207 427 5265 fructm
449 5247 464 5273 ,
495 5200 766 5275 opulentia
795 5215 810 5254 :
841 5197 950 5253 vita
998 5193 1235 5251 nondum
1276 5197 1361 5247 est
1403 5188 1459 5245 in
1487 5188 1686 5256 ramis,
1717 5186 1813 5244 sed

206 5300 373 5358 radix
410 5314 518 5358 non
559 5295 742 5353 aruit:
773 5291 966 5349 similis
1011 5284 1278 5345 arescenti
1319 5291 1436 5350 est;
1469 5280 1565 5339 sed
1605 5289 1814 5353 tempus

207 5392 390 5459 venit,
419 5389 646 5447 vestitur
669 5387 874 5442 honore
902 5394 1023 5449 suo,
1050 5377 1366 5459 fecundatur
1390 5373 1652 5430 fructibus
1677 5372 1812 5430 suis.

209 5457 384 5541 Tunc
404 5481 479 5537 illi
503 5479 572 5537 de
599 5477 792 5550 quibus
814 5473 1015 5531 dictum
1042 5479 1126 5528 est
1161 5476 1221 5525 ut
1265 5457 1372 5523 non
1414 5481 1508 5522 eos
1537 5464 1811 5520 zelemus:

209 5571 352 5644 quid
378 5571 524 5627 enim
550 5569 620 5626 de
646 5567 755 5624 illis
794 5565 870 5622 ait
909 5559 1183 5636 psalmus?
1215 5557 1469 5626 Quoniam
1491 5557 1619 5611 sicut
1643 5558 1817 5628 fenum

210 5665 610 5724 cinerescent.
637 5670 689 5720 et
737 5661 866 5715 sicut
907 5658 1044 5712 olera
1091 5653 1226 5726 prati
1273 5653 1370 5707 cito
1415 5649 1590 5705 cadent
1626 5647 1813 5722 (Psal.

292 5831 313 5865 ι
345 5831 541 5881 sicitas.
567 5831 623 5876 At
643 5820 779 5880 add,
805 5820 866 5870 de
887 5805 1124 5870 silvam.

291 5893 320 5928 ³
347 5896 479 5945 σω
496 5895 601 5952 ιο..
623 5891 828 5938 martuo.

1317 353 1708 414 ENARRATIO
1748 352 1812 410 IN
1847 353 2169 416 PSALMUM
2206 359 2433 418 XLVIII.

3393 373 3498 436 553

1911 487 2091 543 xxxvn,
2127 476 2177 540 1,
2206 475 2270 548 2)
2305 494 2317 530 :
2346 478 2555 545 cadent,
2582 495 2700 535 cum
2721 481 3058 540 videbuntad
3076 485 3350 542 dexteram
3369 501 3494 544 sau-

1909 576 2024 624 ctos
2047 611 2062 635 ,
2091 570 2278 640 quibus
2322 571 2682 630 laborantibus
2725 575 3006 634 insultatur
3027 621 3041 645 ,
3076 588 3124 634 et
3153 579 3330 637 dicent
3359 582 3494 637 intra

1909 673 1968 714 se
1998 662 2364 730 paenitentiam
2402 676 2618 736 agentes
2641 708 2656 732 ,
2689 667 2783 722 scd
2829 671 3192 738 paenitentiam
3233 688 3409 730 seram
3442 683 3497 730 et

1912 750 2306 812 infructuosam.
2338 756 2436 823 Qui
2466 759 2750 814 noluerunt
2777 761 2934 816 modo
2959 778 3114 832 agerc
3143 762 3492 836 fructuosam,

1909 856 2066 916 agent
2091 857 2216 905 tunc
2242 848 2639 906 infructuosam.
2669 851 2803 921 Quid
2825 869 2953 925 ergo
2978 857 3278 928 dicentjam
3301 857 3352 914 in
3383 875 3494 930 pte-

1909 940 2127 996 nitentia
2158 941 2522 1000 infructuosa?
2549 943 2619 998 Ili
2646 954 2762 1001 sunt
2802 963 2926 1016 quos
2963 948 3234 1016 aliquando
3259 950 3311 1004 in
3336 951 3492 1006 risum

1909 1033 2171 1089 habuimus
2191 1078 2204 1100 ,
2236 1047 2281 1090 et
2309 1038 2362 1091 in
2399 1038 2778 1092 similitudinem
2821 1039 3133 1111 improperii.
3165 1039 3339 1097 Verba
3369 1042 3490 1099 dico

1909 1127 2026 1183 libri
2059 1129 2124 1185 de
2154 1130 2420 1200 Sapientia
2453 1150 2466 1185 :
2496 1142 2823 1206 cognoscunt
2864 1133 2953 1204 qui
2993 1149 3054 1190 ea
3081 1134 3258 1189 solent
3283 1134 3488 1191 audire.

1908 1219 2082 1277 Verba
2122 1223 2261 1276 enim
2293 1233 2416 1277 sunt
2456 1224 2715 1278 malorum
2747 1222 2921 1278 futura
2947 1267 2963 1292 ,
2996 1225 3208 1296 quando
3235 1225 3492 1284 videbunt

1901 1313 2134 1386 judicent
2158 1357 2172 1381 ,
2203 1326 2256 1370 et
2277 1315 2387 1384 jam
2413 1331 2600 1370 omnes
2631 1315 2812 1372 fideles
2839 1316 2905 1371 ad
2955 1317 3227 1373 dexteram
3254 1317 3371 1388 ejus
3397 1360 3409 1384 ,
3441 1328 3494 1376 et

1906 1425 2094 1466 omnes
2119 1419 2330 1466 sanctos
2355 1411 2470 1481 ejus
2498 1426 2619 1466 cum
2659 1410 2749 1464 illo
2791 1409 3089 1480 iudicantes
3124 1428 3135 1463 :
3169 1411 3267 1466 hoc
3295 1410 3494 1470 habent.

1904 1502 2103 1569 dicere,
2137 1503 2298 1558 verba
2343 1505 2577 1574 ipsorum
2627 1503 2754 1558 dicit
2782 1501 3091 1575 Scriptura,
3131 1502 3199 1558 Hi
3225 1515 3340 1558 sunt
3369 1521 3492 1575 quos

1903 1594 2180 1664 aliquando
2230 1596 2495 1653 habuimus
2546 1596 2598 1650 in
2645 1597 2806 1650 risum
2836 1637 2853 1662 ,
2908 1606 2954 1650 et
3005 1597 3058 1650 in
3110 1597 3490 1651 similitudinem

1902 1691 2232 1764 improperii;
2258 1708 2349 1747 nos
2387 1693 2624 1747 insensati
2651 1735 2663 1756 ,
2694 1693 2846 1746 vitam
2891 1691 3092 1746 illorum
3118 1691 3490 1747 wstimabamus

1902 1785 2154 1844 insaniam
2180 1783 2334 1858 (Sap.
2362 1801 2414 1849 v,
2447 1785 2499 1850 ὅ,
2530 1783 2612 1855 4).
2645 1782 2775 1839 Cum
2804 1784 2943 1839 enim
2972 1784 3195 1855 crepet-it
3220 1783 3325 1838 Deo
3347 1784 3491 1853 quis-

1902 1892 2008 1950 que
2036 1878 2235 1944 vivere,
2263 1876 2517 1932 mundum
2557 1885 2921 1943 contemnere,
2953 1876 3171 1944 injurias
3197 1891 3319 1929 suas
3347 1874 3491 1930 nolle

1903 1970 2108 2036 ulcisci,
2132 1969 2274 2025 nolle
2297 1968 2385 2024 hic
2408 1968 2637 2034 divitias,
2665 1984 2770 2023 non
2802 1967 2888 2022 hic
2913 1983 3151 2038 quaerere
3180 1965 3486 2022 felicitatem

1901 2071 2189 2127 terrenam,
2218 2071 2565 2118 contemnere
2593 2061 2793 2127 omnia,
2825 2061 3106 2115 Dominum
3139 2059 3310 2115 solum
3340 2058 3487 2130 cogi-

1901 2165 2038 2222 tare,
2062 2158 2200 2211 viam
2219 2153 2419 2210 Christi
2445 2169 2552 2209 non
2579 2153 2850 2218 deserere,
2876 2167 2980 2207 non
3008 2151 3180 2206 solum
3208 2165 3235 2204 a
3266 2150 3491 2221 Paganis

1898 2247 2128 2317 dicitur,
2156 2246 2384 2312 Insanit;
2412 2244 2505 2301 sed
2545 2245 2684 2316 quod
2715 2245 2882 2316 magis
2919 2242 3202 2298 dolendum
3225 2250 3336 2308 est,
3367 2242 3488 2311 quia

1899 2352 1957 2401 et
1983 2345 2124 2398 intus
2148 2340 2300 2396 multi
2327 2339 2601 2395 dormiunt
2629 2346 2683 2392 et
2721 2337 2972 2407 cvigilare
3002 2336 3212 2400 nolunt,
3242 2349 3272 2389 a
3298 2335 3428 2397 suis,
3460 2349 3490 2388 a

1899 2433 2216 2492 Christianis
2244 2431 2502 2498 audiunt,
2539 2429 2675 2497 Quid
2708 2426 2947 2500 pateris?
2975 2426 3190 2482 Fratres
3230 2425 3358 2494 mei,
3391 2423 3489 2479 ho-

1899 2526 2032 2584 mini
2060 2525 2257 2582 viventi
2284 2523 2578 2580 secundum
2604 2523 2743 2577 viam
2772 2519 2968 2576 Christi
2993 2561 3008 2586 ,
3043 2518 3131 2590 qui
3157 2517 3285 2573 dicit
3309 2559 3324 2587 ,
3350 2516 3489 2586 Quid

1899 2618 2142 2692 pateris?
2169 2629 2415 2690 putamus
2439 2616 2564 2687 quid
2593 2616 2753 2670 dicit?
2781 2616 3074 2670 Horremus
3100 2612 3333 2678 Iudaeos,
3366 2611 3490 2682 quia

1899 2713 2150 2771 dixerunt
2201 2711 2424 2766 Domino
2473 2709 2599 2765 Jesn
2655 2708 2905 2773 Christo,
2960 2702 3283 2759 Dazmonium
3337 2701 3490 2759 habes

1902 2804 2080 2880 (Joan.
2111 2819 2224 2868 vut,
2251 2801 2356 2872 48)
2387 2817 2400 2854 :
2434 2809 2490 2856 et
2516 2799 2726 2870 quando
2755 2799 2997 2852 audimus
3025 2794 3372 2867 Evangelium
3400 2809 3489 2850 re-

1899 2898 2074 2964 citari,
2097 2896 2369 2952 tundimus
2394 2903 2607 2965 pectora
2628 2902 2829 2946 nostra.
2856 2889 3179 2946 Sceleratam
3201 2904 3314 2944 rem
3336 2887 3489 2945 dixe-

1899 2999 2026 3048 runt
2064 2988 2232 3046 Judaei
2261 2986 2495 3042 Christo.
2526 2983 2846 3040 Damonium
2887 2982 3039 3037 habes
3068 2999 3086 3038 :
3119 2997 3216 3054 age
3244 2991 3320 3049 tu,
3343 2981 3490 3038 chri-

1899 3082 2110 3155 stiano,
2140 3079 2353 3152 quando
2379 3077 2576 3134 videris
2616 3076 2683 3132 de
2729 3075 2892 3131 corde
2937 3074 3171 3131 hominis
3209 3074 3488 3146 expulsum

1899 3175 2194 3240 diabolum,
2217 3181 2274 3228 et
2297 3170 2593 3226 inhabitare
2615 3166 2905 3235 Christum,
2933 3175 2988 3222 et
3015 3167 3168 3232 dicis,
3185 3165 3324 3233 Quid
3347 3175 3492 3237 pate-

1900 3267 2016 3326 ris?
2053 3265 2375 3322 daemonium
2419 3262 2512 3318 tibi
2552 3260 2762 3316 videtur
2806 3258 3032 3314 habere?
3079 3258 3284 3314 Dictum
3329 3265 3494 3314 estet

1900 3359 1970 3417 de
1997 3359 2114 3429 ipso
2142 3357 2368 3412 Domino
2391 3394 2407 3421 ,
2435 3352 2575 3424 quod
2619 3352 2908 3417 insaniret,
2939 3349 3154 3421 quando
3183 3349 3493 3421 loquebatur

1899 3451 2063 3507 verba
2082 3464 2204 3520 quas
2230 3447 2304 3502 illi
2331 3461 2435 3500 non
2463 3452 2751 3514 caperent;
2781 3442 2981 3497 dictum
3008 3450 3113 3508 est,
3137 3439 3355 3506 Insanit,
3381 3439 3490 3494 da:-

1901 3543 2129 3600 ntonium
2153 3538 2297 3594 habet
2326 3553 2346 3592 :
2375 3547 2428 3592 et
2467 3546 2643 3591 tamen
2671 3534 2829 3605 aliqui
2859 3532 3180 3603 evigilabant
3206 3545 3236 3585 a
3265 3545 3491 3601 somno,

1899 3644 1955 3693 et
1979 3634 2260 3699 dicebant,
2294 3627 2416 3685 Non
2457 3635 2573 3684 sunt
2609 3628 2705 3682 ista
2747 3625 2894 3680 verba
2923 3624 3228 3678 dwmonium
3267 3620 3494 3678 habentis

1903 3725 2015 3802 (Id.
2047 3742 2104 3795 x,
2130 3724 2221 3790 20,
2248 3721 2377 3796 21).
2403 3721 2493 3779 Sic
2523 3728 2579 3777 et
2617 3719 2774 3775 modo
2799 3759 2813 3784 ,
2852 3717 3043 3773 fratres
3063 3755 3081 3786 ,
3112 3713 3363 3786 quamdiu
3387 3713 3492 3773 ista

1900 3821 2066 3878 verba
2092 3819 2316 3876 audiunt
2351 3824 2406 3872 et
2431 3824 2617 3887 gentes
2637 3856 2653 3882 ,
2681 3822 2736 3869 et
2764 3813 2854 3884 qui
2883 3811 3180 3868 inhabitant
3204 3808 3411 3878 orbem,
3440 3819 3496 3868 et

1903 3915 2202 3986 terrigenae,
2224 3919 2279 3967 et
2299 3909 2390 3964 lilii
2417 3907 2712 3973 hominum,
2739 3914 2794 3960 et
2816 3903 2966 3960 dives
2991 3911 3046 3958 et
3070 3918 3289 3974 pauper,
3312 3901 3365 3958 id
3386 3912 3492 3968 est,

1901 4017 1958 4067 et
1984 4007 2076 4080 qui
2107 4003 2370 4076 pertinent
2397 4000 2464 4055 ad
2493 3999 2660 4056 Adam
2679 4038 2696 4066 ,
2723 4005 2778 4052 et
2819 3997 2908 4068 qui
2937 3995 3203 4067 pertinent
3248 3993 3314 4050 ad
3340 3993 3497 4049 Chri-

1901 4112 2067 4166 stum,
2097 4099 2191 4154 alii
2215 4097 2419 4160 dicunt,
2449 4092 2771 4149 Dwmonium
2800 4091 2988 4157 habet;
3016 4090 3104 4144 alii
3133 4088 3338 4157 dicunt,
3371 4087 3495 4145 Non

1902 4205 2022 4253 sunt
2043 4195 2143 4249 ista
2166 4189 2316 4246 verba
2355 4186 2662 4242 damonium
2699 4183 2949 4238 habentis.
2994 4181 3096 4236 Alii
3138 4181 3280 4236 enim
3312 4189 3496 4237 tenent

1905 4289 2044 4344 viam
2071 4282 2275 4348 saeculi,
2301 4289 2356 4338 et
2379 4280 2478 4336 ista
2507 4278 2574 4333 ad
2603 4285 2811 4346 tempus
2836 4273 3059 4330 audiunt
3086 4290 3100 4328 τ
3133 4273 3224 4327 alii
3252 4287 3358 4329 non
3383 4271 3497 4328 fru.

1904 4388 2015 4438 stra
2057 4376 2311 4441 audiunt,
2341 4371 2437 4429 sed
2484 4369 2681 4426 faciunt
2705 4365 2850 4438 quod
2891 4365 3090 4420 dictum
3124 4373 3206 4420 est
3229 4405 3245 4431 ,
3273 4365 3496 4422 Auribus

1906 4471 2149 4545 pereipite
2163 4467 2249 4539 qui
2276 4464 2510 4520 habitatis
2528 4461 2715 4515 orbem.
2743 4458 2949 4514 Etcum
2976 4465 3139 4527 agunt
3161 4455 3284 4526 ista,
3312 4455 3494 4513 incer-

1907 4575 1992 4623 tus
2022 4567 2041 4598 ι
2068 4571 2151 4619 est
2172 4559 2392 4616 fructus.
2419 4554 2525 4614 Sed
2551 4553 2642 4624 qui
2671 4551 2811 4608 male
2835 4559 3034 4622 agunt,
3059 4558 3119 4605 et
3144 4549 3284 4605 viam
3312 4549 3499 4606 saeculi

1905 4660 2111 4730 eligunt
2131 4697 2146 4722 ,
2175 4669 2310 4708 mors
2346 4660 2519 4722 pastor
2545 4655 2619 4703 est
2657 4645 2730 4701 eis
2755 4661 2776 4700 :
2798 4645 2890 4714 qui
2925 4651 3102 4698 autem
3128 4641 3329 4712 eligunt
3355 4641 3496 4698 viam

1907 4753 2003 4811 Dei
2033 4753 2077 4818 ί,
2103 4749 2210 4804 vita
2241 4753 2420 4816 pastor
2448 4747 2532 4797 est
2555 4739 2656 4796 eis.
2683 4735 2870 4793 Veniet
2908 4735 3019 4805 ipsa
3051 4734 3156 4788 vita
3174 4732 3496 4803 judicatura,

1907 4855 1968 4905 et
1995 4846 2304 4901 damnatura
2343 4853 2464 4894 cum
2509 4843 2720 4906 pastore
2761 4845 2857 4886 suo
2894 4841 2988 4884 eos
3027 4827 3220 4898 quibus
3245 4828 3452 4886 dicetur
3479 4846 3498 4885 ε

1913 4939 1995 4996 Ite
2021 4938 2074 4993 in
2112 4937 2282 5009 ignem
2315 4939 2555 4988 internum
2577 4967 2594 4994 ,
2621 4923 2708 4994 qui
2755 4929 3068 4993 praeparatus
3115 4926 3188 4975 est
3229 4918 3430 4976 diabolo
3454 4927 3504 4975 et

1907 5030 2105 5102 angelis
2127 5029 2258 5101 ejus.
2289 5023 2369 5080 Illi
2399 5029 2570 5076 autem
2616 5015 2807 5087 quibus
2836 5010 3147 5070 insultatum
3184 5020 3305 5080 est,
3331 5019 3387 5070 et
3409 5011 3503 5083 qui

1913 5124 2055 5182 irrisi
2081 5130 2206 5177 sunt
2229 5118 2352 5189 quia
2377 5109 2702 5174 credebant,
2733 5104 2953 5162 audient
2973 5102 3043 5160 ab
3068 5103 3182 5174 ipsa
3210 5103 3313 5158 vita
3342 5117 3500 5173 quam

1915 5217 2111 5273 habent
2147 5219 2413 5283 pastorem
2444 5220 2460 5257 :
2499 5200 2694 5265 Venite,
2715 5195 2960 5253 benedicti
3000 5194 3175 5252 Patris
3202 5194 3503 5266 mei,perei-

1913 5311 2020 5382 pits
2045 5319 2255 5378 regnum
2279 5295 2415 5373 quod
2453 5294 2590 5352 nobis
2616 5300 2852 5365 paratum
2891 5299 2965 5346 est
3007 5289 3072 5346 ab
3097 5288 3292 5361 origine
3325 5287 3505 5344 mundi

1919 5380 2146 5475 (Matth.
2173 5408 2280 5451 xxv
2296 5433 2314 5462 ,
2340 5391 2405 5446 tt
2426 5428 2448 5456 ,
2470 5387 2544 5447 st
2562 5386 2603 5459 ).
2642 5383 3054 5440 Dominawa
3089 5395 3219 5452 ergo
3257 5380 3328 5435 eis
3354 5380 3499 5446 recti,

1918 5471 2024 5550 non
2051 5488 2212 5546 modo
2231 5525 2251 5555 ,
2279 5483 2377 5541 sed
2401 5495 2567 5538 mons.
2610 5479 2780 5536 Nemo
2804 5477 2947 5535 dicat
2966 5516 2982 5540 .
3020 5474 3197 5544 Quare
3223 5487 3343 5529 sum
3364 5471 3510 5528 chri-

1919 5579 2161 5642 stianus?
2181 5580 2387 5650 impero
2412 5572 2612 5630 nemini
2636 5571 2679 5639 ³,
2703 5571 2959 5642 imperem
2981 5565 3198 5637 iniquis.
3219 5563 3339 5622 Noli
3363 5557 3536 5622 festi?

1985 5679 2001 5707 ι
2037 5674 2254 5734 Quinque
2275 5678 2401 5734 Mss,
2425 5672 2598 5734 certus.
2728 5732 2734 5734 _
2768 5732 2777 5734 ᾼ
3117 5729 3143 5734 _

1985 5739 2005 5768 ³
2038 5729 2110 5785 sic
2129 5729 2202 5783 Er.
2242 5740 2291 5782 et
2317 5731 2539 5794 plerique
2561 5735 2666 5794 Mss.
2690 5732 2745 5794 At
2763 5732 2891 5794 Lov.,
2912 5734 3080 5794 nomen
3109 5729 3212 5770 Det.

1987 5802 2011 5868 ξ
2039 5780 2218 5846 arma:
2239 5780 2390 5868 [hope
2427 5780 2740 5862 manuscrin
2753 5780 3006 5868 omittunt,1
3023 5782 3208 5868 impero
3229 5780 3432 5868 nemini;
3458 5787 3512 5833 et

1925 5865 2144 5932 quinque
2166 5847 2306 5909 exiis
2328 5847 2452 5918 loco,
2472 5847 2700 5916 imperem
2723 5847 2912 5911 ntiquis,
2932 5847 3142 5906 habent,
3169 5847 3515 5907 impropert‘uttt
