4042 6470
566 381 677 445 B59

565 517 739 563 nare:
769 493 1169 558 dominaberis,
1214 488 1309 546 sed
1352 499 1530 543 mane.
1580 482 1649 538 Et
1694 480 1943 537 auxilium
1987 492 2159 534 eorum

573 604 833 657 setmet
857 580 909 648 in
933 593 1134 662 inferna
1163 603 1194 640 a
1221 583 1385 656 gloria
1422 596 1612 637 eorum.
1644 576 1797 633 Modo
1826 575 2022 678 habetit
2045 572 2159 643 glo-

565 692 740 755 riam;
769 690 825 743 in
852 683 1058 739 inferno
1083 682 1435 735 veterascent.
1476 669 1631 739 Quod
1670 676 1755 770 est
1790 666 2039 770 auatilium
2075 679 2162 766 eo-

568 783 719 840 rum?
747 778 1013 837 Auxilium
1036 773 1105 829 de
1130 769 1375 842 pecunia,
1406 764 1660 820 auxilium
1689 760 1756 816 de
1779 760 1985 824 amicis,
2012 760 2163 810 auxi-

573 879 695 937 lium
724 877 791 931 de
815 874 1011 929 virtute
1053 882 1167 926 sua.
1197 862 1305 920 Sed
1342 874 1464 917 cum
1509 864 1748 911 mortuus
1773 852 1932 907 fuerit
1957 849 2118 905 homo
2140 888 2157 915 ,

567 974 621 1028 in
648 971 737 1025 illa
777 967 864 1023 die
906 963 1155 1036 peribunt
1193 969 1379 1011 omnes
1419 950 1766 1051 cogitationes
1809 945 1925 1051 ejus
1968 940 2156 1051 ςρξαι.

566 1080 725 1130 chv,
749 1060 839 1133 4).
865 1035 1128 1127 Quantam
1152 1052 1299 1107 visus
1324 1056 1408 1104 est
1433 1045 1655 1117 gloriam
1681 1040 1881 1096 habere
1909 1038 2046 1093 inter
2067 1035 2162 1143 lto-

569 1159 763 1220 mines,
794 1169 912 1210 cum
944 1152 1166 1213 viveret,
1202 1152 1401 1199 tantam
1430 1145 1750 1196 vetustatem
1782 1142 1838 1235 et
1859 1140 2160 1235 corruptio:

566 1264 691 1305 nem
717 1244 1099 1316 suppliciorum
1127 1236 1363 1302 habebit,
1394 1246 1515 1289 cum
1545 1237 1784 1285 mortuus
1814 1223 1991 1290 fuerit,
2020 1219 2160 1292 apud

508 1381 514 1387 -
568 1340 788 1396 inferos.

640 1432 693 1487 5.
733 1428 900 1504 [vers.
938 1421 1063 1498 16.]
1109 1419 1465 1474 Verumtamen
1509 1414 1649 1470 Deus
1690 1409 2161 1504 redimetuanimam

567 1501 753 1579 meum.
783 1518 971 1574 Videte
998 1529 1185 1570 vocem
1216 1508 1482 1582 sperantis
1522 1506 1590 1562 de
1635 1504 1855 1563 futuro:
1900 1501 2160 1556 Verumta-

568 1633 683 1670 men
709 1611 849 1667 Deus
874 1608 1084 1664 redimet
1109 1605 1331 1659 animam
1356 1616 1537 1654 meam.
1568 1596 1729 1652 Forte
1752 1609 1855 1649 vox
1881 1601 1962 1648 est
1989 1590 2162 1645 adhuc

567 1707 795 1763 volentis
831 1699 1045 1757 liberari
1074 1697 1142 1753 de
1169 1708 1437 1768 pressura.
1476 1689 1670 1746 Nescio
1710 1687 1828 1758 quis
1870 1686 1921 1740 in
1946 1697 2162 1739 carcere

568 1810 673 1868 est,
704 1797 853 1864 dicit,
885 1795 1029 1850 Deus
1055 1790 1284 1847 redimet
1310 1788 1539 1842 animam
1571 1798 1744 1839 meam
1778 1800 1794 1837 :
1825 1779 2007 1882 nesci-0
2045 1778 2162 1881 quis

568 1893 623 1948 in
651 1900 859 1955 catena,
891 1886 1032 1940 Deus
1070 1881 1298 1938 redimet
1330 1878 1559 1933 animam
1588 1888 1763 1930 meam
1796 1888 1811 1925 :
1837 1878 2017 1927 nescio
2042 1878 2162 1940 quis

567 1979 866 2055 periculum
897 1975 1091 2045 patitur
1134 1972 1187 2026 in
1230 1969 1389 2035 mari,
1415 1962 1936 2063 jactatur-lluctibus
1964 1968 2021 2063 et
2057 1975 2162 2063 sre-

569 2053 837 2130 vieutibus
860 2063 1282 2137 tempestatibus,
1308 2059 1431 2130 quid
1458 2056 1618 2112 dicit?
1646 2055 1785 2110 Deus
1804 2053 2024 2109 redimet
2047 2053 2162 2106 ani-

571 2180 712 2221 mam
744 2176 940 2216 nteant.
969 2154 1206 2212 Liberari
1234 2151 1419 2205 volunt
1446 2147 1510 2201 ad
1538 2147 1693 2200 istam
1718 2144 1923 2243 vitam.“
1940 2141 2055 2197 Non
2081 2148 2165 2243 est

570 2257 673 2312 ista
695 2269 796 2308 vox
822 2250 1001 2320 hujus.
1027 2244 1163 2301 Audi
1189 2242 1315 2314 quid
1338 2240 1577 2310 sequitur
1605 2254 1618 2291 :
1650 2235 1791 2290 Deus
1816 2234 2022 2289 redimet
2050 2234 2165 2285 ani-

571 2363 709 2405 suam
744 2360 908 2398 meam
936 2341 999 2394 de
1037 2353 1191 2392 manu
1215 2332 1401 2403 inferni
1420 2372 1434 2396 ,
1464 2346 1577 2384 cum
1604 2327 1851 2397 acceperit
1887 2342 1985 2379 me.
2018 2324 2165 2425 lianc

570 2435 991 2505 redemptionem
1015 2429 1165 2493 dicit,
1193 2440 1349 2496 quam
1368 2419 1730 2489 Christusjam
1755 2419 1807 2472 in
1830 2431 1888 2472 se
1909 2415 2159 2470 ostendit.

572 2528 858 2588 Descendit
893 2525 1036 2579 enim
1081 2521 1146 2575 ad
1197 2518 1435 2580 inferos,
1465 2525 1519 2570 et
1566 2511 1804 2569 ascendit
1850 2510 1902 2565 in
1946 2510 2159 2565 coelum.

572 2620 726 2692 Quod
755 2618 982 2674 vidimus
1016 2617 1070 2668 in
1106 2611 1299 2681 capite,
1330 2607 1628 2661 invenimus
1656 2604 1709 2658 in
1735 2617 1979 2672 corpore.
2008 2599 2163 2668 Quod

552 2715 713 2770 enim
737 2711 1006 2767 credimus
1031 2707 1083 2761 in
1110 2704 1304 2774 capite,
1331 2700 1420 2772 qui
1450 2699 1712 2763 viderunt,
1738 2697 1839 2765 ipsi
1864 2695 2014 2749 nobis
2062 2710 2162 2748 an-

571 2804 980 2863 nuntiavcrunt;
1012 2808 1066 2853 et
1092 2812 1187 2866 per
1210 2795 1356 2864 ipsos
1371 2792 1620 2855 vidimus,
1644 2788 1766 2858 quia
1786 2802 1950 2842 unum
1969 2801 2164 2855 corpus

571 2910 761 2952 omnes
790 2906 974 2949 sumus
1001 2889 1060 2959 (1
1090 2887 1207 2942 Cor.
1242 2900 1313 2939 xtt
1333 2926 1348 2952 ,
1382 2882 1449 2936 12
1469 2925 1483 2948 ,
1513 2893 1559 2936 et
1599 2880 1751 2951 Rom.
1782 2895 1856 2934 xtl
1880 2920 1892 2944 ,
1923 2878 2013 2950 5).
2056 2878 2162 2933 Sed

571 2988 823 3044 meliores
861 2983 935 3037 illi
964 2982 1053 3052 qui
1081 2980 1327 3034 viderunt
1351 3017 1366 3042 ,
1395 2989 1491 3028 nos
1518 2972 1813 3027 deteriores
1845 2970 2037 3039 quibus
2062 2984 2163 3023 an-

573 3080 870 3136 nuntiatum
897 3073 1021 3130 est?
1063 3072 1177 3128 Non
1217 3070 1321 3124 hoc
1359 3068 1486 3122 dicit
1525 3067 1636 3135 ipsa
1662 3066 1769 3120 vita
1792 3106 1806 3129 ,
1840 3064 1955 3134 ipse
1981 3072 2165 3133 pastor

574 3181 778 3226 noster.
809 3167 1033 3222 insultat
1058 3165 1199 3218 enim
1228 3160 1435 3215 cuidam
1468 3157 1727 3227 discipulo
1756 3171 1853 3211 suo
1876 3150 2159 3224 dubitanti,

572 3269 631 3319 et
648 3260 926 3315 cicatrices
950 3256 1164 3327 palpare
1189 3252 1425 3323 cupienti
1456 3269 1469 3303 :
1502 3260 1554 3304 et
1581 3264 1700 3303 cum
1726 3248 1994 3318 palpasset
2017 3248 2162 3302 cica-

575 3355 756 3419 trices,
785 3360 840 3407 et
867 3349 1239 3413 exclamasset,
1268 3343 1472 3408 dicens,
1504 3340 1756 3395 Dominus
1782 3355 1922 3394 meus
1945 3348 1994 3393 et
2018 3337 2163 3392 Deus

572 3462 754 3511 meus;
780 3444 967 3498 videns
992 3440 1321 3495 dubitantem
1364 3434 1679 3505 discipulum
1701 3473 1715 3499 ,
1748 3442 1803 3487 et
1840 3433 2051 3487 intuens
2076 3440 2161 3485 to-

570 3549 687 3596 tum
714 3537 898 3592 orbem
922 3543 1180 3590 terrarum
1210 3529 1534 3585 crediturum
1555 3569 1569 3593 ,
1596 3527 1729 3593 Quia
1756 3525 1940 3591 vidisti,
1968 3525 2159 3596 inquit,

569 3627 830 3687 credidisti
871 3644 889 3682 :
933 3625 1063 3680 beati
1110 3623 1197 3691 qui
1240 3637 1341 3675 non
1382 3618 1584 3683 vident,
1641 3625 1688 3670 et
1724 3616 1935 3671 credunt
1968 3615 2158 3688 (Joan.

572 3740 668 3790 xx,
693 3722 786 3790 28,
814 3718 939 3790 29).
980 3716 1332 3771 Verumtamen
1359 3709 1500 3764 Deus
1524 3709 1733 3763 redimet
1753 3708 1977 3761 animum
1997 3722 2161 3760 nteant

571 3815 635 3869 de
663 3827 815 3867 manu
856 3807 1078 3878 inferni,
1110 3820 1225 3858 cum
1269 3800 1517 3871 acceperit
1558 3815 1656 3852 me.
1699 3797 1795 3852 llic
1829 3812 1956 3867 ergo
1990 3797 2162 3867 quid?

572 3904 767 3967 Labor,
800 3911 1072 3971 pressura,
1104 3892 1391 3956 tribulatio,
1421 3890 1681 3946 tcntatio:
1710 3889 1841 3943 nihil
1869 3889 2010 3943 aliud
2042 3905 2162 3959 spc-

571 4011 680 4053 rcs.
707 3993 802 4051 Ubi
827 3988 1113 4062 gaudium?
1138 3987 1192 4041 in
1217 4000 1312 4055 spe
1335 3984 1526 4039 futura.
1553 3981 1685 4036 Nam
1705 3981 1835 4036 dicit
1854 3982 2158 4052 Apostolus,

576 4089 790 4157 Semper
815 4082 1107 4156 gaudentes.
1155 4079 1211 4132 in
1252 4076 1413 4131 tantis
1458 4073 1920 4139 tribulationibus,
1951 4089 2163 4144 semper

572 4178 896 4253 gaudentes,
939 4185 1149 4241 semper
1179 4168 1357 4223 tristes
1390 4183 1402 4220 :
1445 4180 1658 4235 semper
1684 4163 2007 4234 gaudentes,
2038 4165 2162 4233 quia

572 4274 689 4344 ipse
717 4269 868 4336 dixit,
903 4264 1061 4331 Quasi
1085 4262 1247 4316 tristes
1265 4300 1281 4327 ,
1309 4274 1504 4328 semper
1523 4264 1692 4310 autem
1718 4255 2008 4327 gaudentes.
2038 4255 2160 4310 Tri-

573 4365 715 4422 stitia
741 4358 1104 4418 nostrahabet
1129 4354 1310 4426 quasi;
1334 4351 1582 4423 gaudium
1608 4360 1850 4405 nostrum
1875 4366 1981 4405 non
2001 4349 2162 4406 habet

573 4458 756 4539 quasi;
786 4454 909 4525 quia
952 4451 1005 4505 in
1054 4464 1151 4518 spe
1193 4454 1338 4501 certa
1379 4453 1481 4499 est.
1524 4442 1701 4511 Quare
1724 4440 1959 4539 tristitia
1979 4451 2162 4539 nostra

575 4532 721 4618 quasi
751 4543 946 4601 habet?
973 4539 1109 4609 Quia
1145 4538 1283 4592 sicut
1324 4548 1545 4591 somnus
1574 4533 1829 4598 transiet,
1857 4540 1902 4586 et
1925 4532 2161 4587 domina-

575 4641 760 4695 buntur
782 4635 904 4690 recti
939 4647 1105 4686 mane.
1149 4629 1305 4683 Novit
1344 4629 1485 4682 enim
1512 4624 1756 4680 Charitas
1784 4623 1973 4680 Vestra
1995 4664 2011 4690 ,
2038 4625 2163 4696 quia

574 4732 668 4805 qui
702 4728 967 4785 somnium
993 4722 1189 4779 indicat
1211 4761 1227 4787 ,
1258 4719 1404 4773 addit
1444 4717 1588 4788 quasi
1614 4736 1628 4771 ς
1660 4716 1822 4783 Quasi
1865 4716 2115 4771 sedebam
2141 4758 2159 4785 ,

577 4823 729 4894 quasi
753 4819 1006 4890 loquebar
1029 4856 1043 4879 ,
1072 4812 1220 4885 quasi
1253 4808 1576 4882 prandebam
1597 4850 1612 4874 ,
1643 4808 1792 4878 quasi
1822 4808 2121 4877 equitabam
2141 4849 2160 4877 ,

577 4915 730 4989 quasi
751 4909 1106 4981 disputabam.
1136 4905 1327 4959 Totum
1355 4901 1541 4973 quasi;
1586 4901 1710 4971 quia
1736 4914 1856 4954 cum
1881 4898 2166 4969 evigilaru-

577 5010 670 5074 rit,
701 5020 807 5060 non
838 5000 1038 5057 invenit
1062 4995 1203 5067 quod
1231 4994 1461 5049 videbat.
1491 4992 1652 5061 Quasi
1684 4992 1990 5049 thesaurum
2017 4996 2164 5052 inve-

580 5111 764 5157 neram
788 5135 806 5164 ,
833 5093 961 5149 dicit
984 5088 1278 5146 mendicus.
1304 5084 1358 5141 Si
1383 5085 1526 5156 quasi
1553 5098 1656 5139 non
1684 5095 1864 5150 esset,
1888 5087 2165 5144 mendicus

579 5206 684 5248 non
718 5192 900 5244 esset:
929 5180 1023 5237 sed
1050 5179 1171 5253 quia
1198 5176 1344 5248 quasi
1377 5184 1525 5243 erat,
1557 5175 1831 5231 mendicus
1856 5185 1957 5233 est.
1984 5176 2165 5248 itaque

579 5283 741 5341 modo
763 5278 853 5350 qui
872 5276 940 5333 ad
965 5274 1174 5330 laetitias
1195 5270 1480 5326 saeculares
1504 5270 1688 5325 oculos
1712 5270 1975 5341 aperiunt,
1998 5281 2053 5327 et
2071 5286 2167 5328 cor

579 5372 863 5435 claudunt,
876 5365 1064 5422 transit
1078 5367 1223 5433 quasi
1242 5376 1449 5427 eorum,
1469 5370 1523 5415 et
1539 5360 1683 5415 venit
1698 5376 1882 5417 verum
1903 5361 2163 5432 ipsorum.

586 5465 745 5534 Quasi
789 5464 1026 5536 ipsorum
1064 5456 1289 5513 felicitas
1327 5462 1412 5509 est
1456 5453 1635 5508 saeculi
1664 5494 1680 5520 ,
1712 5468 1896 5510 verum
1927 5456 2164 5526 ipsorum

586 5572 741 5632 poena
762 5563 864 5613 est.
889 5552 1138 5609 Nostrum
1160 5555 1336 5605 autem
1357 5545 1522 5617 quasi,
1546 5544 1757 5601 tristitia
1776 5556 1887 5613 est;
1916 5548 2164 5621 gaudium

583 5769 777 5837 iniquis.
803 5766 973 5837 muter
1008 5779 1160 5837 scrm.
1184 5764 1265 5827 72,
1284 5763 1344 5814 ad
1381 5769 1572 5814 Fratres
1598 5762 1649 5813 in
1691 5775 1891 5827 eremo,
1924 5768 2010 5832 qui
2039 5776 2170 5822 totus

587 5832 699 5890 hinc
718 5832 992 5895 descriptus
1014 5836 1107 5878 est.

1808 365 1869 423 S.
1897 357 2265 421 AUGUSTINI
2304 358 2610 418 EPISCOPI
3148 370 3196 381 ’-

2968 291 3025 303 η..

3747 366 3857 425 560

2266 492 2371 532 non
2401 485 2484 532 est
2526 491 2692 545 quasi.
2724 474 2841 531 Non
2885 475 3030 532 enim
3076 476 3151 532 ait
3178 476 3496 548 Apostolus,
3531 480 3692 550 Quasi
3715 494 3857 555 gau.

2262 568 2451 625 dentes
2470 611 2484 635 ,
2516 584 2727 639 semper
2751 578 2929 625 autem
2960 570 3172 636 tristes;
3205 580 3296 625 aut
3317 612 3333 637 ,
3364 572 3523 639 Quasi
3552 577 3733 632 tristes
3755 617 3774 643 ,
3803 585 3858 636 et

2262 663 2414 732 quasi
2440 662 2734 733 gaudentes
2762 680 2777 717 :
2807 662 2902 718 sed
2930 664 3025 731 ait,
3057 665 3216 730 Quasi
3243 666 3438 732 tristes,
3467 684 3663 740 semper
3684 682 3859 728 aute».

2263 756 2560 826 gaudentes.
2591 755 2735 810 Sicut
2771 757 2914 828 egeni
2934 774 2953 813 :
2979 768 3030 812 et
3058 758 3129 813 ibi
3154 759 3303 825 sicut,
3336 776 3433 831 pro
3459 765 3621 834 quasi,
3652 767 3856 836 posuit.

2264 846 2460 903 Multos
2512 858 2677 903 autem
2722 848 2959 907 ditantes.
3004 851 3070 907 Et
3110 865 3229 908 cum
3285 853 3388 909 hoc
3430 854 3673 925 diceret,
3723 859 3858 917 nihil

2267 939 2498 995 habebat
2544 942 2876 1011 Apostolus:
2909 944 3086 999 omnia
3138 959 3235 1002 sua
3279 946 3593 1017 dimiserat,
3641 949 3857 1010 divitias

2263 1034 2437 1090 nullas
2463 1035 2785 1104 possidebat.
2813 1035 2881 1091 Et
2900 1037 3025 1107 quid
3050 1027 3265 1095 secutus
3288 1040 3404 1096 ait?
3430 1041 3590 1111 Quasi
3609 1044 3744 1098 nihil
3761 1046 3857 1099 Ita-

2265 1125 2431 1181 benles
2456 1144 2475 1181 :
2494 1137 2547 1182 et
2578 1129 2750 1200 ipsum
2775 1128 2905 1184 nihil
2950 1130 3148 1187 habere
3169 1134 3319 1204 quasi
3344 1134 3581 1204 Apostoli
3609 1146 3751 1193 erat.
3787 1136 3858 1193 Et

2265 1220 2432 1271 omnia
2458 1220 2765 1289 possidentes
2786 1220 2863 1291 (ll
2889 1221 3006 1276 Cor.
3031 1238 3104 1286 v1,
3129 1223 3231 1295 10)
3261 1243 3276 1280 :
3308 1226 3377 1280 ibi
3404 1243 3508 1282 non
3531 1227 3670 1283 dixit
3688 1231 3855 1300 quasi.

2263 1309 2422 1377 Quasi
2463 1311 2684 1381 egebat;
2715 1328 2819 1368 non
2847 1323 3025 1370 autem
3054 1318 3204 1387 quasi
3229 1359 3243 1385 ,
3276 1318 3368 1373 sed
3395 1334 3522 1376 vere
3546 1323 3748 1379 multos
3772 1324 3856 1380 di-

2264 1401 2431 1457 tabat.
2456 1403 2617 1470 Quasi
2640 1403 3054 1463 nihilhabebat:
3083 1422 3191 1462 non
3212 1418 3389 1465 autem
3410 1413 3581 1482 quasi,
3608 1413 3707 1469 sed
3730 1429 3858 1472 vere

2265 1494 2443 1548 omnia
2469 1495 2793 1564 possidebat.
2822 1497 2976 1555 Unde
3002 1514 3129 1556 vere
3155 1503 3334 1558 omnia
3360 1504 3702 1575 possidebat?
3721 1508 3857 1576 Quia

2264 1585 2502 1640 omnium
2531 1585 2801 1643 Conditori
2851 1589 3179 1647 adhmrcbat.
3222 1593 3571 1654 Verumtamen
3594 1639 3609 1664 ,
3645 1599 3854 1670 inquit,

2267 1674 2411 1731 Deus
2433 1676 2640 1733 redimet
2669 1682 2891 1736 animam
2915 1700 3077 1739 meam
3120 1686 3184 1741 de
3206 1703 3361 1743 manu
3383 1689 3606 1762 inferni,
3632 1710 3753 1748 cum
3774 1710 3859 1748 ac-

2265 1773 2448 1842 ceperit
2474 1789 2574 1829 me.

2342 1867 2396 1921 6.
2429 1865 2594 1941 [rem
2629 1868 2754 1944 17.]
2794 1870 2933 1938 Quid
2976 1872 3135 1944 igitur
3161 1874 3250 1947 qui
3298 1876 3386 1933 hic
3408 1878 3595 1935 volunt
3624 1880 3859 1938 florere?

2268 1959 2347 2015 Tu
2383 1962 2592 2018 visurus
2636 1980 2695 2020 es
2734 1965 3009 2023 hominem
3047 1969 3325 2026 ﬂorentem
3374 1974 3570 2030 malum
3596 2016 3612 2040 ,
3644 1986 3700 2032 et
3725 1975 3860 2033 forte.

2268 2051 2570 2108 titubabunt
2597 2055 2761 2124 pedes
2805 2059 2878 2112 tui
2904 2100 2918 2125 ,
2951 2068 3006 2113 et
3049 2059 3289 2117 dicturus
3332 2079 3393 2120 es
3437 2065 3492 2120 in
3536 2067 3715 2122 anima
3748 2078 3857 2138 tua,

2268 2144 2430 2212 Deus,
2458 2161 2557 2216 ego
2584 2149 2704 2203 novi
2731 2148 2868 2203 facta
2896 2149 3053 2221 hujus
3081 2151 3331 2220 hominis,
3361 2171 3479 2224 qua:
3506 2159 3711 2214 scelera
3739 2161 3863 2217 fecit

2268 2237 2368 2293 iste
2393 2238 2576 2305 homo,
2606 2249 2660 2294 et
2687 2256 2811 2297 ecce
2839 2241 2995 2297 ﬂoret
3022 2285 3038 2311 ,
3072 2252 3258 2313 terret,
3289 2246 3612 2316 dominatur,
3645 2252 3862 2309 extolli-

2269 2339 2371 2393 tur,
2407 2343 2566 2399 caput
2596 2331 2670 2386 illi
2697 2349 2803 2387 non
2835 2334 3018 2402 dolet,
3047 2336 3182 2392 nihil
3212 2338 3264 2393 in
3294 2339 3456 2396 domo
3476 2341 3594 2412 ejus
3622 2338 3861 2401 diminu-

2269 2428 2380 2475 tum
2408 2431 2492 2476 est
2521 2412 2613 2478 :et
2637 2425 2874 2493 timebis,
2910 2427 3034 2497 quia
3058 2428 3352 2498 credidisti,
3379 2441 3434 2486 et
3464 2431 3602 2489 forte
3619 2435 3753 2491 dicit
3770 2451 3864 2493 cor

2268 2524 2415 2569 tuum
2443 2557 2458 2581 ,
2486 2516 2569 2571 Me
2597 2519 2888 2576 miserum!
2919 2531 3049 2592 puto
3087 2523 3204 2579 sine
3243 2539 3401 2581 causa
3446 2528 3687 2597 credidi,
3722 2531 3865 2590 Deus

2270 2622 2373 2661 non
2403 2609 2621 2678 respicit
2646 2626 2732 2666 res
2757 2610 3039 2669 humanas.
3073 2614 3285 2671 Excitat
3308 2633 3437 2689 ergo
3464 2634 3563 2675 nos
3594 2622 3740 2679 Deus
3770 2642 3783 2678 :
3812 2632 3865 2681 et

2267 2699 2391 2768 quid
2421 2699 2591 2755 dicit?
2619 2701 2702 2756 Ne
2738 2704 2983 2768 timueris,
3012 2721 3127 2760 cum
3157 2706 3293 2762 dives
3321 2712 3487 2780 factus
3510 2711 3663 2779 fuerit
3688 2713 3861 2770 homo.

2267 2790 2443 2858 Quare
2468 2793 2611 2847 enim
2641 2794 2887 2864 timebas,
2915 2798 3039 2867 quia
3064 2797 3212 2854 dives
3235 2799 3405 2855 factus
3433 2811 3517 2858 est
3539 2802 3704 2860 homo
3721 2806 3748 2861 ?
3770 2807 3866 2863 Ti-

2267 2882 2452 2938 mebas
2479 2899 2546 2938 ne
2583 2886 2699 2941 sine
2739 2901 2899 2943 causa
2927 2888 3213 2958 crederes,
3246 2907 3316 2948 ne
3358 2891 3496 2950 forte
3537 2896 3867 2965 perdidisses

2267 2974 2504 3030 laborem
2556 2976 2676 3032 fidei
2709 2986 2812 3034 tua:
2835 3022 2849 3043 ,
2880 2988 2935 3035 et
2970 2996 3120 3051 spem
3166 2985 3530 3041 conversionis
3557 2996 3660 3043 tua:
3692 3005 3713 3042 :
3743 2991 3868 3061 quia

2270 3066 2404 3121 forte
2434 3067 2656 3123 incurrit
2698 3070 2793 3125 tibi
2830 3070 3036 3127 lucrum
3062 3088 3183 3129 cum
3210 3074 3396 3131 fraude
3417 3117 3433 3142 ,
3462 3086 3517 3132 et
3543 3080 3790 3147 potuisti,
3821 3082 3867 3137 si

2268 3156 2469 3213 faceres
2499 3159 2671 3227 ipsum
2698 3161 2904 3216 lucrum
2933 3178 3055 3217 cum
3087 3163 3294 3233 fraude,
3324 3166 3472 3223 dives
3500 3181 3639 3234 esse,
3667 3179 3731 3226 et
3758 3187 3868 3228 non

2266 3249 2541 3317 laborare;
2573 3262 2628 3306 et
2654 3254 2937 3310 attendens
2978 3255 3107 3325 quid
3150 3258 3381 3315 minatus
3407 3269 3491 3315 est
3516 3260 3656 3317 Deus
3678 3302 3697 3327 ,
3728 3274 3868 3319 tem-

2270 3344 2466 3413 perasti
2492 3361 2523 3400 a
2545 3344 2752 3412 fraude,
2778 3356 2833 3403 et
2861 3351 3231 3420 contempsisti
3258 3352 3462 3407 lucrum
3488 3372 3502 3408 :
3524 3353 3675 3410 vides
3694 3356 3867 3413 alium

2266 3435 2459 3494 fecisse
2484 3438 2688 3494 lucrum
2718 3440 2786 3495 de
2807 3439 3014 3511 fraude,
3042 3452 3099 3497 et
3126 3443 3256 3499 nihil
3290 3446 3415 3501 mali
3443 3447 3578 3516 pati;
3619 3455 3674 3504 et
3702 3449 3867 3506 times

2266 3545 2386 3586 esse
2411 3531 2603 3589 bonus.
2625 3532 2710 3588 Ne
2726 3535 2971 3601 timueris,
2990 3537 3065 3592 ait
3085 3537 3175 3592 tibi
3201 3538 3431 3608 Spiritus
3447 3541 3562 3609 Dei,
3581 3560 3699 3597 eum
3724 3546 3868 3603 diua

2267 3625 2433 3695 factus
2461 3627 2610 3696 fuerit
2659 3627 2829 3682 homo.
2873 3627 3066 3683 Oculos
3105 3643 3208 3683 non
3244 3630 3323 3684 vis
3366 3631 3603 3702 habere,
3653 3635 3765 3692 nisi
3810 3638 3865 3693 in

2266 3717 2584 3784 praesentia?
2614 3716 2812 3773 Futura
2850 3719 3096 3788 promisit
3123 3720 3213 3790 qui
3242 3724 3557 3790 resurrexit,
3588 3739 3781 3793 pacem
3810 3728 3866 3784 in

2267 3805 2367 3861 hac
2393 3815 2534 3865 terra
2561 3818 2616 3864 et
2640 3810 2881 3880 requiem
2906 3811 2961 3866 in
2985 3812 3084 3867 hac
3108 3811 3216 3867 vita
3245 3828 3352 3869 non
3379 3816 3644 3885 promisit.
3667 3817 3867 3876 Omnis

2266 3897 2429 3954 homo
2457 3902 2695 3971 requiem
2734 3901 2962 3973 quaerit;
2993 3903 3188 3959 bonam
3216 3920 3333 3961 rem
3371 3909 3562 3978 quaerit
3581 3950 3595 3975 ,
3625 3911 3725 3966 sed
3754 3928 3869 3969 non

2267 3988 2322 4043 in
2348 3990 2565 4061 regione
2590 4006 2686 4047 sua
2716 3993 2863 4048 illam
2888 3995 3100 4064 quaerit.
3122 3994 3242 4052 Non
3266 4004 3353 4053 est
3379 4013 3480 4069 pax
3510 4001 3571 4056 in
3589 4000 3694 4057 hac
3714 4004 3866 4061 vita:

2265 4080 2318 4135 in
2337 4082 2475 4137 cmlo
2498 4084 2651 4139 nobis
2672 4085 2991 4155 promissum
3011 4096 3095 4143 est
3118 4090 3261 4158 quod
3288 4091 3342 4146 in
3365 4100 3505 4148 terra
3525 4096 3868 4166 quaerimus;

2266 4173 2320 4227 in
2352 4172 2529 4229 futuro
2554 4176 2752 4232 saeculo
2794 4178 3119 4248 promissum
3146 4188 3231 4237 est
3256 4183 3399 4253 quod
3425 4184 3480 4239 in
3526 4186 3630 4243 isto
3657 4191 3872 4246 saeculo

2266 4267 2572 4337 quaerimus.

2338 4358 2389 4411 7.
2421 4357 2589 4431 [vers.
2655 4358 2775 4432 18.]
2828 4360 2910 4414 Ne
2951 4363 3178 4419 timueris
3210 4382 3323 4421 eum
3352 4367 3487 4423 diues
3511 4374 3677 4441 {actus
3707 4376 3871 4445 fuerit

2266 4448 2456 4515 homo;
2483 4458 2528 4503 et
2556 4467 2671 4505 cum
2728 4450 3068 4522 multiplicata
3114 4455 3265 4523 fuerit
3305 4457 3469 4528 gloria
3496 4462 3679 4517 domus
3724 4461 3867 4537 ejus.

2265 4540 2441 4608 Quare
2464 4582 2478 4608 ,
2509 4559 2570 4596 ne
2597 4543 2822 4599 timueris
2848 4544 2873 4597 ?
2914 4543 3170 4609 Quoniam
3193 4565 3294 4605 non
3318 4567 3435 4606 eum
3459 4555 3702 4611 morietur
3719 4601 3739 4627 ,
3776 4576 3873 4616 ae-

2266 4632 2416 4701 cipiet
2467 4633 2658 4687 omnia.
2716 4632 2880 4691 Vides
2926 4636 3195 4694 viventem
3222 4681 3236 4706 ,
3288 4643 3462 4713 cogita
3510 4648 3869 4707 morientem.

2267 4722 2404 4790 Quid
2433 4722 2518 4778 hic
2543 4723 2734 4778 habeat
2762 4725 2994 4782 attendis
3015 4770 3030 4796 ,
3063 4729 3189 4800 quid
3232 4746 3415 4788 secum
3445 4735 3593 4792 tollat
3615 4742 3873 4802 attende.

2267 4813 2406 4881 Quid
2431 4829 2614 4869 secum
2643 4814 2817 4870 tollit?
2849 4816 3070 4873 Multum
3111 4820 3229 4874 auri
3274 4821 3461 4890 habet,
3508 4827 3744 4886 multum
3783 4848 3879 4890 ar-

2267 4906 2410 4976 genti
2440 4905 2628 4971 habet,
2656 4907 2883 4963 multum
2906 4909 3261 4979 praediorum,
3287 4916 3673 4987 mancipiorum
3706 4938 3724 4974 :
3752 4938 3879 4979 mo-
3918 4992 3923 4999 ι

2268 4998 2440 5063 ritur;
2470 5008 2751 5054 remanent
2772 4999 2857 5054 illa
2880 5041 2894 5065 ,
2922 5002 3093 5056 nescit
3117 5003 3328 5074 quibus.
3361 5006 3475 5063 Etsi
3501 5011 3646 5066 enim
3672 5011 3880 5071 dimit-

2270 5091 2333 5147 tit
2357 5091 2549 5161 quibus
2571 5093 2701 5159 vult,
2735 5107 2840 5148 non
2867 5102 3045 5149 servat
3069 5095 3262 5165 quibus
3291 5099 3427 5155 vult.
3457 5100 3608 5158 Multi
3632 5105 3790 5162 enim
3819 5117 3881 5165 et

2269 5199 2378 5240 non
2411 5184 2512 5239 sibi
2549 5184 2767 5241 dimissa
2802 5187 3198 5258 acquisierunt,
3231 5199 3287 5245 et
3322 5193 3477 5248 multi
3502 5194 3605 5250 sibi
3632 5196 3878 5257 dimissa

2268 5275 2637 5346 perdiderunt.
2670 5277 2969 5334 Remanent
2993 5293 3121 5351 ergo
3150 5279 3240 5335 illa
3277 5282 3489 5352 omnia,
3516 5294 3573 5341 et
3604 5288 3758 5345 tollit
3788 5306 3882 5348 se.

2270 5381 2421 5433 cum,
2472 5366 2635 5437 quid?
2678 5366 2838 5424 Forte
2881 5368 3011 5425 dicit
3053 5369 3283 5441 aliquis:
3317 5372 3451 5430 Illud
3493 5390 3676 5434 secum
3730 5383 3884 5440 tollit

2271 5458 2411 5514 unde
2440 5458 2728 5516 involvitur
2752 5503 2768 5529 ,
2795 5471 2850 5518 et
2877 5462 3018 5533 quod
3048 5463 3125 5519 illi
3169 5475 3423 5536 erogatur
3462 5468 3530 5525 ad
3558 5473 3882 5543 pretiosum

2272 5557 2327 5605 et
2368 5558 2747 5605 marmoratum
2795 5553 3130 5623 sepulcrum,
3159 5555 3225 5610 ad
3252 5556 3615 5616 instruendam
3654 5579 3887 5623 memo-

2209 5638 2212 5641 ’
2273 5642 2442 5706 riam,
2477 5641 2577 5696 hoc
2604 5658 2784 5697 secum
2816 5644 2970 5699 tollit.
3015 5646 3127 5715 Ego
3173 5646 3293 5703 dico
3326 5666 3339 5702 :
3370 5648 3480 5706 Nec
3524 5652 3666 5721 hoc;
3713 5660 3885 5713 exui-

2276 5736 2469 5789 bentur
2511 5736 2654 5790 enim
2701 5737 2798 5792 ista
2845 5754 2951 5792 non
2990 5739 3258 5794 sentienti.
3305 5741 3363 5799 Si
3405 5742 3777 5805 dormientem
3826 5761 3888 5809 et

2279 5837 2387 5880 non
2431 5827 2729 5899 vigilantem
2779 5844 2972 5899 ornas,
3020 5831 3075 5887 in
3123 5831 3262 5893 lecto
3311 5848 3493 5897 secum
3538 5837 3628 5899 illa
3659 5838 3885 5903 habet:
