4042 6498
209 386 309 443 561

204 505 341 559 forte
367 511 694 563 ornamenta
736 503 914 561 insunt
939 503 996 560 in
1023 516 1250 575 corpore
1276 504 1508 576 jacentis
1532 546 1547 570 ,
1580 516 1635 561 et
1660 504 1799 561 forte

200 595 299 652 ille
318 596 372 654 in
400 598 613 663 somnis
637 597 692 654 in
718 597 909 668 pannis
949 611 1011 654 se
1038 597 1201 655 videt.
1228 596 1381 665 Quod
1412 600 1573 655 sentit
1600 599 1648 654 ei
1682 599 1801 669 plus

200 698 328 758 est,
352 702 523 761 quam
547 689 693 762 quod
719 704 828 746 non
857 690 1038 745 sentit.
1063 688 1379 761 Quanquam
1407 699 1463 746 et
1499 690 1630 746 illud
1675 705 1797 747 cum

198 781 537 854 evigilaverit
580 798 689 839 non
734 783 838 839 erit
867 800 881 836 :
913 792 1091 839 tamen
1135 782 1421 839 dormienti
1468 783 1639 855 magis
1668 783 1798 839 illud

197 884 314 931 erat
342 874 494 946 quod
535 876 590 932 in
630 877 837 932 somnis
875 875 1126 941 videbat,
1158 891 1319 947 quam
1347 875 1475 932 illud
1518 876 1660 948 quod
1688 891 1796 932 non

196 965 486 1023 sentiebat.
515 965 656 1035 Quid
694 983 857 1041 ergo,
906 966 1100 1025 fratres
1146 966 1351 1041 (dicant
1377 967 1479 1024 sibi
1508 968 1755 1026 homines
1776 1009 1793 1038 ,

196 1057 465 1130 Erogetur
491 1058 560 1115 ad
588 1068 817 1116 mortem
856 1074 1058 1125 meam;
1106 1075 1271 1132 quare
1308 1058 1520 1118 dimitto
1553 1059 1798 1118 hmredes

195 1165 348 1207 meos
377 1151 616 1210 divites?
648 1152 811 1209 Multa
846 1153 1120 1210 habebunt
1159 1154 1228 1211 de
1267 1170 1386 1211 meo
1412 1197 1426 1221 ,
1474 1154 1701 1212 habeam
1741 1164 1799 1213 et

192 1258 293 1314 ego
321 1243 529 1316 aliquid
563 1243 634 1301 de
676 1260 798 1301 meo
824 1286 842 1313 ,
873 1245 928 1302 in
953 1260 1181 1317 corpore
1201 1249 1367 1318 meo),
1414 1245 1540 1318 quid
1574 1244 1799 1304 habebit

191 1349 389 1407 corpus
441 1337 757 1393 mortuum?
808 1336 935 1408 quid
993 1336 1211 1393 habebit
1255 1351 1383 1394 caro
1429 1338 1796 1408 putrescens?

190 1427 316 1497 quid
338 1427 567 1484 habebit
607 1442 736 1484 caro
759 1443 867 1484 non
891 1428 1162 1485 sentiens?
1189 1427 1245 1484 Si
1273 1428 1472 1500 aliquid
1502 1428 1687 1486 habuit
1708 1429 1794 1486 di-

191 1536 285 1577 ves
311 1520 432 1587 ille,
457 1520 616 1592 cujus
643 1521 820 1593 lingua
851 1521 993 1577 sicca
1021 1529 1138 1577 erat
1166 1520 1329 1592 (Luc.
1354 1537 1469 1590 xvi,
1499 1520 1571 1578 24
1590 1521 1631 1595 ),
1666 1532 1793 1580 tunc

192 1614 353 1683 habet
380 1614 551 1670 homo
575 1615 776 1686 aliquid
805 1614 873 1671 de
894 1630 1011 1670 suo.
1046 1612 1294 1681 Fratres,
1325 1614 1580 1685 numquid
1611 1616 1688 1670 sic
1714 1616 1793 1671 le-

186 1708 361 1777 gimus
386 1707 444 1762 in
469 1705 784 1777 Evangelio.
815 1707 938 1777 quia
966 1706 1115 1762 dives
1139 1706 1230 1762 ille
1247 1722 1370 1761 eum
1397 1705 1711 1762 holosericis
1735 1716 1792 1763 et

188 1800 421 1870 byssinis
439 1801 763 1871 tegumentis
789 1799 1079 1871 apparebat
1104 1799 1160 1855 in
1182 1799 1305 1869 igne
1322 1799 1348 1853 ?
1373 1797 1636 1870 Numquid
1658 1815 1790 1869 qua-

188 1893 252 1949 lis
274 1903 393 1949 erat
418 1893 474 1948 in
504 1894 680 1964 epulis
700 1893 768 1949 ad
794 1909 1033 1949 mensam
1052 1933 1069 1960 ,
1099 1892 1220 1948 talis
1256 1900 1371 1947 erat
1399 1901 1453 1948 et
1476 1892 1617 1963 apud
1652 1892 1790 1949 infe-

186 1984 319 2041 ros?
363 1983 503 2041 Cum
553 1985 762 2051 sitiret,
820 1994 876 2041 et
921 1985 1119 2040 stillam
1161 1983 1519 2051 desideraret,
1560 1998 1666 2041 non
1712 1984 1785 2041 ibi

186 2088 337 2132 erant
368 2078 459 2132 illa
501 2077 704 2133 omnia.
730 2077 844 2133 Non
884 2093 1012 2150 ergo
1036 2091 1217 2134 secum
1243 2077 1436 2147 accipit
1463 2076 1625 2133 homo
1663 2091 1785 2133 om-

185 2169 268 2223 nia
292 2210 307 2233 ,
334 2184 439 2226 nec
467 2169 612 2241 quod
642 2170 775 2226 tollit
803 2171 1073 2241 sepultura
1092 2212 1108 2239 ,
1142 2170 1277 2225 tollit
1302 2183 1486 2225 secum
1517 2179 1781 2225 mortuus.

190 2261 282 2318 Ubi
312 2262 460 2318 enim
490 2276 685 2318 sensus
710 2305 725 2326 ,
753 2262 826 2318 ibi
852 2263 1013 2317 homo
1044 2280 1058 2318 :
1087 2262 1177 2317 ubi
1210 2262 1387 2316 nullus
1416 2276 1607 2317 sensus
1629 2303 1644 2328 ,
1674 2277 1780 2317 non

187 2362 267 2408 est
289 2355 476 2412 homo.
507 2354 658 2410 Jacet
683 2369 777 2410 vas
816 2354 959 2425 quod
996 2354 1303 2410 continebat
1336 2354 1605 2409 hominem
1631 2394 1647 2421 ,
1679 2353 1781 2410 do-

185 2461 302 2501 mus
327 2462 451 2518 quae
477 2446 708 2503 habebat
732 2446 1024 2503 hominem.
1046 2446 1255 2518 Corpus
1276 2446 1516 2502 dicamus
1535 2447 1773 2514 domum,

183 2536 425 2608 spiritum
503 2539 747 2595 dicamus
822 2538 1173 2595 habitatorem
1256 2539 1469 2595 domus.
1548 2538 1778 2610 Spiritus

185 2638 460 2700 torquetur
514 2631 656 2702 apud
704 2631 906 2688 inferos
952 2649 967 2685 :
1012 2632 1140 2701 quid
1198 2630 1274 2685 illi
1339 2630 1591 2703 prodest,
1650 2632 1777 2703 quia

182 2739 375 2795 corpus
406 2724 554 2795 jacet
583 2725 635 2781 in
677 2726 938 2781 cinnamis
974 2735 1029 2781 et
1071 2725 1425 2792 aromatibus,
1476 2724 1774 2781 involutum

181 2816 425 2886 pretiosis
454 2818 675 2873 linteis?
719 2818 993 2889 Tanquam
1023 2819 1067 2873 si
1096 2818 1345 2873 dominus
1374 2818 1565 2874 domus
1597 2820 1777 2875 mitta-

179 2917 265 2964 tur
288 2909 340 2964 in
360 2910 640 2975 exsilium,
667 2920 721 2965 et
749 2920 803 2966 tu
828 2925 985 2966 ornes
1010 2911 1240 2982 parietes
1260 2911 1445 2981 ipsius.
1477 2910 1569 2966 Ille
1599 2911 1650 2965 in
1674 2927 1772 2966 ex-

178 3002 298 3057 silio
324 3012 476 3073 eget,
505 3013 560 3059 et
586 3003 725 3060 fame
750 3004 929 3060 delicit
946 3046 962 3074 ,
984 3006 1071 3059 vix
1097 3004 1198 3060 sibi
1218 3021 1378 3060 unam
1403 3005 1593 3060 cellam
1618 3007 1771 3063 inve-

178 3097 257 3151 nit
277 3097 366 3152 ubi
396 3112 644 3153 somnum
674 3098 878 3167 capiat,
922 3107 978 3154 et
1006 3108 1060 3153 tu
1088 3098 1224 3154 diris
1267 3115 1280 3152 :
1311 3098 1463 3154 Felix
1488 3109 1571 3155 est
1595 3141 1610 3166 ,
1645 3113 1766 3155 nam

178 3201 359 3248 ornata
405 3202 489 3248 est
515 3191 708 3247 domus
734 3192 893 3247 illius.
923 3191 1053 3260 Quis
1091 3201 1143 3248 te
1173 3208 1279 3247 non
1324 3201 1415 3247 aut
1444 3192 1614 3263 jocari
1634 3233 1649 3259 ,
1677 3201 1770 3248 aut

177 3285 409 3339 insanire
429 3282 760 3340 arbitretur?
778 3282 949 3338 Ornas
973 3298 1187 3354 corpus,
1219 3292 1497 3355 torquetur
1522 3284 1763 3354 spiritus.

178 3376 251 3431 Da
284 3377 482 3448 aliquid
524 3377 771 3447 spiritui,
817 3388 872 3432 et
918 3376 1109 3433 dedisti
1149 3377 1347 3448 aliquid
1384 3387 1614 3433 mortuo.
1658 3377 1765 3434 Sed

177 3473 296 3543 quid
324 3474 402 3528 illi
429 3473 608 3539 dabis,
642 3471 857 3543 quando
881 3487 1041 3527 unam
1079 3480 1282 3543 guttam
1321 3470 1678 3539 desideravit,
1710 3480 1766 3529 et

178 3580 279 3621 non
303 3564 533 3635 accipit?
560 3565 660 3621 Hic
686 3565 829 3621 enim
856 3564 1179 3635 contempsit
1198 3565 1409 3620 mittere
1433 3573 1557 3620 ante
1586 3580 1645 3620 se
1668 3565 1763 3620 ali-

177 3657 317 3729 quid.
344 3658 522 3725 Quare
544 3657 915 3727 contempsit?
961 3656 1097 3723 Quia
1128 3657 1243 3711 haec
1283 3656 1365 3710 via
1397 3671 1582 3711 eorum
1610 3671 1765 3712 scan-

176 3750 348 3805 dalum
387 3759 469 3805 est
495 3749 622 3805 illis.
650 3747 769 3804 Non
808 3748 1014 3818 putavit
1050 3749 1212 3803 vitam
1256 3748 1359 3803 nisi
1406 3756 1758 3819 przesentem,

177 3858 277 3897 non
304 3842 556 3913 cogitavit
594 3842 699 3897 nisi
743 3841 1191 3912 quemadmodum
1229 3842 1478 3913 pretiosis
1526 3843 1761 3900 vestibus

176 3934 453 3990 obvolutus
479 3934 818 4005 sepeliretur.
848 3933 1038 3989 Ahlata
1065 3942 1148 3989 est
1171 3932 1238 3989 ab
1279 3935 1371 3989 illo
1409 3936 1585 3989 anima
1610 3935 1757 4006 ejus,

176 4028 306 4082 sicut
329 4027 587 4083 Dominus
610 4026 775 4083 dicit:
806 4025 990 4092 Stulte,
1024 4027 1119 4080 hac
1142 4036 1286 4080 nocte
1310 4029 1569 4099 auferetur
1589 4029 1762 4084 anima

176 4131 291 4188 tua,
313 4132 361 4177 et
388 4137 501 4193 qua:
526 4120 851 4193 praeparasti,
874 4122 1020 4194 cujus
1046 4132 1189 4177 erunt
1222 4120 1342 4192 (Id.
1372 4138 1445 4178 xu
1465 4165 1482 4190 ,
1512 4123 1665 4195 20)?
1694 4124 1761 4181 Et

178 4214 444 4284 impletum
475 4224 560 4270 est
602 4215 657 4269 in
681 4214 774 4269 illo
810 4214 953 4284 quod
992 4214 1094 4270 iste
1121 4215 1356 4285 psalmus
1395 4215 1564 4272 dicit:
1588 4216 1762 4274 Neti-

178 4310 381 4375 mueris,
410 4325 525 4363 eum
550 4309 687 4364 diues
708 4309 872 4378 factus
899 4308 1049 4378 fuerit
1075 4308 1227 4364 Itonia
1245 4351 1261 4378 ,
1296 4318 1341 4364 et
1372 4326 1487 4364 cum
1512 4311 1759 4383 multipli-

181 4413 285 4456 cata
316 4404 465 4474 fuerit
488 4403 655 4474 gloria
680 4402 860 4457 domus
884 4405 995 4473 ejus
1016 4419 1036 4457 :
1054 4403 1290 4472 quoniam
1313 4420 1416 4458 non
1435 4419 1548 4458 cum
1569 4406 1758 4460 morie-

180 4504 254 4547 tur
277 4496 487 4566 accipiet
527 4494 701 4549 omnia
719 4535 735 4560 ,
766 4510 926 4565 neque
948 4494 1101 4549 simul
1127 4494 1393 4550 descendet
1421 4513 1537 4551 cum
1559 4513 1617 4553 eo
1644 4498 1758 4569 glo-

179 4588 249 4639 ria
275 4589 401 4659 ejus.

241 4680 292 4735 8.
322 4679 485 4753 [verm
509 4679 634 4755 19.]
660 4682 914 4750 Quoniam
940 4683 1112 4737 anima
1140 4682 1249 4754 ejus
1280 4684 1334 4739 in
1361 4684 1462 4738 vita
1488 4684 1647 4755 ipsius
1672 4684 1759 4741 be-

182 4773 439 4828 nedicatur.
486 4773 731 4829 lntendat
757 4772 999 4830 Charitas
1033 4775 1219 4832 Vestra
1252 4794 1265 4829 :
1298 4776 1551 4842 Quoniam
1587 4780 1758 4833 anima

181 4866 355 4935 ejasin
395 4865 498 4920 sita
524 4867 690 4937 ipsius
732 4866 1065 4923 benedicatur.
1114 4868 1377 4936 Quamdiu
1411 4871 1580 4937 vixit,
1619 4870 1758 4928 bene

180 4957 266 5011 sibi
288 4957 428 5013 fecit.
456 4957 575 5013 Hoc
600 4958 787 5013 dicunt
812 4973 1027 5025 omnes,
1066 4960 1159 5015 sed
1189 4960 1321 5016 falso
1342 4961 1546 5017 dicunt.
1579 4963 1755 5020 Bene-

179 5049 327 5106 dietio
348 5060 431 5106 est
457 5051 525 5106 ah
543 5051 725 5106 animo
745 5051 1127 5117 benedicentis,
1152 5068 1259 5108 non
1277 5053 1349 5110 ab
1371 5054 1481 5124 ipsa
1508 5055 1752 5112 veritate.

179 5141 301 5207 Quid
322 5142 463 5198 enim
491 5142 628 5199 dicis
657 5142 752 5198 tu?
776 5142 913 5210 Quia
956 5144 1299 5200 manducavit
1338 5155 1393 5203 et
1435 5145 1599 5215 bibit,
1630 5149 1754 5218 quia

178 5232 291 5290 fecit
312 5236 451 5306 quod
479 5235 680 5302 voluit,
729 5236 980 5306 quoniam
1029 5236 1307 5308 splendide
1350 5239 1593 5309 epulatus
1629 5249 1752 5309 est,

178 5325 286 5385 ideo
310 5345 494 5387 secum
524 5329 651 5388 fecit
678 5329 853 5386 bene?
882 5330 996 5402 Ego
1021 5331 1141 5387 dico
1168 5350 1182 5386 :
1213 5331 1361 5387 Fecit
1384 5348 1563 5388 secum
1592 5334 1751 5390 male.

171 5419 281 5479 Non
314 5440 414 5496 ego
439 5424 585 5493 dico,
617 5424 713 5482 sed
743 5424 1024 5481 Christus:
1057 5424 1207 5481 Fecit
1234 5442 1417 5483 secum
1462 5427 1620 5483 male.
1653 5428 1749 5485 Et-

173 5514 304 5569 enim
325 5516 475 5573 dives
501 5517 594 5574 llle
615 5516 829 5588 quando
855 5516 1092 5588 quotidie
1116 5518 1428 5590 epulabatur
1450 5519 1751 5601 splendide,

171 5605 302 5663 bene
337 5623 521 5665 secum
552 5609 729 5665 facere
769 5610 1057 5680 putabatur
1085 5628 1100 5666 :
1126 5625 1245 5669 cum
1272 5622 1450 5667 autem
1477 5614 1639 5683 cmpit
1667 5630 1756 5669 ar-

168 5700 290 5758 dere
313 5704 452 5775 apud
480 5702 684 5760 inferos
702 5744 719 5771 ,
749 5712 875 5759 tunc
908 5704 1184 5759 inventum
1212 5712 1297 5760 est
1324 5705 1461 5761 male
1484 5706 1626 5776 quod
1657 5723 1756 5778 pu-

167 5796 371 5853 tabatur
393 5798 547 5856 bene.
572 5797 727 5865 Quod
748 5796 891 5854 enim
913 5798 1327 5856 manducaverat
1347 5798 1483 5870 apud
1507 5815 1754 5877 superos,

164 5889 269 5947 hoc
290 5889 569 5966 digerebat
590 5888 969 5966 apudinferos.
997 5890 1332 5969 iniquitatem
1355 5890 1503 5962 dico,
1534 5890 1751 5972 fratres,

1308 383 1702 444 ENARRATIO
1737 383 1805 443 IN
1842 384 2168 456 PSALHUM
2202 400 2438 462 XLVIII.

3401 429 3509 489 562

1911 527 2069 609 quam
2087 518 2421 588 epulabatur.
2436 520 2784 585 Manducabat
2801 533 3059 600 pretiosas
3074 540 3257 609 epulas
3274 557 3368 599 ore
3386 559 3505 600 ear-

1908 604 2007 671 nis,
2038 622 2132 664 ore
2145 610 2690 705 cordisimanducahat
2711 620 3059 695 iniquitatem.
3080 604 3234 697 Quod
3252 636 3393 705 apud
3411 652 3505 692 -

1906 710 2066 766 peros
2089 715 2184 756 ore
2207 704 2388 760 cordis
2408 708 2778 779 manducabat,
2813 714 2915 771 hoc
2930 719 3070 787 apud
3089 704 3363 782 inferosin
3394 728 3498 784 illis

1905 791 2179 859 suppliciis
2204 793 2494 866 digerebat.
2518 800 2812 873 thuidem
2832 811 3194 878 temporaiiter
3210 818 3499 875 manduca-

1904 893 2084 982 verat,
2116 885 2168 940 in
2196 896 2454 945 mternum
2499 893 2637 947 male
2674 895 2966 968 digerebat.
2997 901 3343 963 Mandncatur
3367 926 3496 982 ergo

1902 972 2153 1075 iniquitas
2247 981 2384 1039 forte
2414 984 2605 1056 aliquis
2633 988 2762 1045 dicit
2793 1008 2808 1045 :
2839 992 2975 1060 Quid
3013 1006 3099 1052 cst
3139 1000 3279 1069 quod
3320 972 3494 1075 loqui-

1906 1068 2034 1123 tur?
2059 1070 2404 1131 Manducatur
2434 1078 2723 1149 iniquitas?
2749 1081 2863 1139 Non
2894 1100 2996 1157 ego
3025 1068 3166 1157 dico,
3197 1093 3319 1148 audi
3351 1068 3497 1152 scri-

1899 1167 2110 1231 pturam
2154 1181 2171 1219 :
2216 1165 2362 1222 Sicut
2390 1185 2488 1224 uva
2509 1174 2691 1227 acerba
2716 1175 2949 1232 dentibus
2973 1183 3170 1237 vexatio
3192 1192 3298 1251 est,
3330 1196 3379 1241 et
3407 1191 3497 1259 fu-

1898 1270 2014 1350 rnus
2039 1258 2202 1313 oculis
2224 1301 2239 1327 ,
2269 1262 2342 1316 sic
2368 1262 2605 1333 iniquitas
2640 1269 2893 1325 utentibus
2932 1288 2991 1325 ea
3033 1271 3239 1342 (Prov.
3263 1293 3327 1344 ,
3357 1258 3428 1334 26
3446 1278 3492 1350 ).

1898 1344 1999 1416 Qui
2027 1350 2428 1410 manducaverit
2446 1358 2586 1411 enim
2609 1358 2957 1431 iniquitatem,
2983 1363 3036 1419 id
3062 1375 3172 1430 est,
3196 1368 3287 1439 qui
3313 1344 3491 1426 liben-

1899 1448 1984 1494 ter
2010 1439 2253 1499 habuerit
2279 1446 2609 1518 iniquitatcm
2634 1492 2650 1518 ,
2683 1466 2787 1508 non
2830 1457 3027 1524 poterit
3055 1459 3379 1519 manducare
3402 1462 3492 1532 ju-

1896 1532 2115 1589 stitiam.
2148 1535 2307 1593 Panis
2344 1540 2488 1595 enim
2521 1541 2727 1612 justitia
2755 1555 2855 1601 est.
2884 1547 3013 1616 Quis
3037 1560 3127 1606 est.
3148 1553 3335 1624 panis?
3372 1553 3489 1628 Ego

1893 1642 2006 1723 sum
2047 1629 2195 1699 panis
2221 1631 2357 1688 vivus
2380 1635 2466 1704 qui
2487 1635 2551 1690 de
2574 1637 2698 1693 caelo
2727 1640 2961 1697 descendi
2989 1644 3008 1716 (
3036 1642 3193 1701 Joan.
3226 1663 3281 1703 vr
3303 1691 3318 1714 ,
3438 1649 3483 1723 ).

1894 1717 2012 1788 Ipse
2036 1730 2119 1776 est
2145 1723 2296 1793 panis
2324 1728 2502 1784 cordis
2530 1732 2719 1787 nostri.
2751 1733 3034 1801 Quomodo
3063 1739 3153 1809 qui
3196 1717 3488 1800 manducet

1892 1826 1989 1867 ore
2018 1817 2259 1885 corporis
2285 1833 2413 1874 uvas
2441 1821 2663 1878 acerbas
2686 1866 2702 1891 ,
2746 1825 3085 1897 obrigescunt
3132 1839 3187 1887 et
3224 1831 3484 1904 obstupe-

1890 1914 2047 1961 scunt
2070 1907 2258 1965 dentes
2278 1911 2395 1981 ejus
2414 1954 2431 1981 ,
2453 1922 2507 1968 et
2531 1916 2708 1971 minus
2732 1917 2952 1976 idoneus
2980 1920 3039 1976 fit
3061 1920 3126 1977 ad
3153 1925 3482 1984 manducan-

1888 1997 2014 2054 dum
2042 2016 2231 2071 panem
2258 2046 2275 2073 ,
2321 2014 2376 2062 et
2412 2018 2656 2065 remanet
2674 2008 2756 2067 illi
2787 2012 3010 2070 laudare
3037 2018 3179 2086 quod
3212 2018 3392 2089 videt,
3423 2030 3482 2080 et

1887 2094 2212 2152 manducare
2242 2114 2348 2154 non
2378 2115 2534 2170 posse
2562 2120 2576 2155 :
2605 2103 2684 2159 sic
2705 2112 2759 2159 et
2783 2106 2871 2176 qui
2903 2107 3177 2180 iniquitate
3218 2126 3343 2167 usus
3371 2120 3477 2182 est,

1887 2195 1941 2243 et
1966 2200 2147 2258 pastus
2177 2195 2409 2262 peccatis
2447 2195 2499 2250 in
2538 2197 2733 2263 corde,
2766 2199 2950 2271 incipit
2987 2217 3095 2258 non
3123 2218 3284 2274 posse
3326 2222 3481 2263 mau-

1884 2279 2083 2337 ducare
2133 2297 2363 2354 panem,
2414 2285 2595 2341 laudat
2644 2289 2865 2345 verbum
2915 2293 3048 2357 Dei,
3080 2304 3135 2349 et
3180 2312 3286 2351 non
3330 2295 3476 2354 facit.

1885 2369 2037 2428 Unde
2079 2389 2185 2430 non
2216 2375 2384 2431 facit?
2407 2378 2539 2446 Quia
2568 2395 2689 2435 cum
2716 2383 2941 2452 cmperit
2986 2384 3191 2455 facere,
3238 2388 3476 2455 laborat;

1883 2467 2151 2535 quomodo
2173 2469 2432 2527 sentimus
2457 2471 2701 2530 laborare
2725 2474 2911 2532 dentes
2933 2488 3051 2547 post
3076 2494 3203 2535 uvas
3228 2481 3474 2549 acerbas,

1881 2572 2001 2615 cum
2030 2562 2352 2631 coeperimus
2388 2579 2580 2636 panem
2608 2568 2952 2625 manducare.
2983 2571 3089 2628 Sed
3116 2574 3241 2645 quid
3273 2573 3475 2632 faciunt

1880 2650 1953 2705 illi
1981 2652 2172 2723 quibus
2203 2655 2591 2728 obswpuerunt
2628 2660 2860 2718 dentes?
2905 2664 3230 2736 Temperant
3269 2684 3330 2724 se
3374 2670 3477 2726 ali-

1878 2756 2135 2816 quantum
2162 2749 2230 2804 ab
2254 2752 2368 2805 uvis
2392 2754 2629 2819 acerbis,
2659 2764 2712 2810 et
2741 2756 2965 2812 redeunt
2994 2758 3184 2816 dentes
3207 2761 3274 2816 ad
3302 2763 3472 2819 stabi-

1877 2837 2080 2893 litatem
2111 2856 2282 2908 suam,
2307 2853 2361 2898 et
2386 2845 2700 2901 incumbunt
2716 2849 2860 2918 pani.
2880 2849 2971 2905 Sic
2989 2859 3043 2905 et
3064 2867 3162 2908 nos
3190 2852 3469 2911 laudamus

1869 2931 2128 3002 justitiam
2155 2953 2168 2990 :
2192 2935 2287 2990 scd
2316 2936 2361 2991 si
2390 2938 2634 2993 volumus
2660 2940 2983 2999 manducare
3000 2942 3260 3014 justitiam
3282 2988 3297 3013 ,
3334 2956 3472 3003 tem-

1873 3039 2122 3095 peremus
2151 3042 2249 3083 nos
2291 3028 2359 3085 ab
2385 3029 2782 3101 iniquitatibus;
2833 3045 2887 3090 et
2929 3037 3165 3093 nascitur
3204 3039 3256 3095 in
3304 3040 3469 3098 corde

1873 3134 1981 3173 non
2008 3119 2181 3174 solum
2202 3119 2497 3191 delectatio
2513 3123 2761 3181 laudandi
2784 3127 3066 3197 justitiam,
3096 3131 3190 3187 sed
3212 3134 3372 3189 etiam
3390 3133 3468 3189 fas

1871 3209 2043 3266 cilitas
2084 3212 2460 3270 manducandi.
2502 3215 2635 3273 Nam
2665 3218 2709 3273 si
2755 3219 2883 3275 dicit
2908 3220 3279 3294 Christianus,
3325 3227 3468 3286 Deus

1870 3302 2019 3358 novit
2039 3304 2160 3375 quia
2184 3304 2411 3364 delectat
2433 3323 2549 3379 me,
2582 3310 2676 3366 sed
2700 3327 2806 3368 non
2828 3328 3044 3383 possum
3064 3315 3242 3375 facere
3266 3336 3279 3373 :
3305 3336 3469 3391 quas-

1869 3406 2015 3451 satos
2035 3394 2224 3454 dentes
2246 3399 2431 3467 habet,
2458 3401 2546 3457 diu
2575 3405 2913 3463 manducavit
2940 3409 3291 3481 iniquitatem.
3320 3412 3468 3485 Ergo

1868 3496 1919 3543 et
1940 3489 2147 3560 justitia
2184 3492 2575 3550 manducatur?
2605 3497 2661 3553 Si
2703 3514 2808 3553 non
2857 3502 3311 3573 manducaertur,
3350 3521 3462 3564 non

1868 3581 2070 3638 diceret
2101 3584 2359 3641 Dominus
2391 3603 2405 3640 :
2431 3585 2578 3642 Beati
2595 3591 2682 3660 qui
2698 3594 2925 3647 esuriant
2946 3604 2992 3649 et
3010 3596 3187 3652 sitiunt
3200 3598 3461 3668 justitiam

1869 3672 2085 3745 (Matth.
2117 3692 2171 3742 ,
2197 3677 2293 3750 6).
2326 3679 2467 3752 Ergo
2491 3682 2729 3753 quoniam
2750 3685 2921 3741 anima
2940 3687 3077 3744 illius
3099 3690 3153 3744 in
3181 3690 3281 3747 vita
3302 3692 3465 3763 ipsius

1867 3769 2186 3826 benedicelur
2213 3788 2233 3827 :
2260 3772 2312 3827 in
2358 3774 2462 3829 vita
2505 3775 2887 3849 benedicetur,
2937 3779 2994 3838 in
3022 3791 3196 3841 morte
3238 3792 3462 3858 torque-

1866 3860 2030 3916 bitur.

1936 3954 1990 4010 9.
2033 3955 2362 4026 Contebitur
2388 3959 2508 4029 tibi,
2538 3978 2651 4017 cum
2678 3962 2801 4019 bene
2820 3963 2999 4035 feceris
3019 3966 3083 4022 ei.
3106 3968 3383 4029 Attendite
3406 3981 3463 4031 et

1867 4047 2179 4119 pascimini,
2222 4049 2424 4108 haereat
2450 4052 2506 4108 in
2543 4056 2798 4113 cordibus
2827 4058 3054 4131 vestris;
3106 4062 3461 4135 manducata,

1865 4141 2044 4198 videte
2076 4142 2209 4199 tales
2229 4184 2244 4209 ,
2275 4153 2329 4201 et
2358 4147 2524 4203 nolite
2549 4164 2669 4205 esse
2704 4150 2836 4207 tales
2867 4163 3092 4210 :cavete
3119 4154 3244 4211 talia
3273 4158 3458 4214 verba.

1867 4233 2198 4303 Contebitur
2216 4235 2323 4303 tibi,
2339 4254 2454 4293 euut
2481 4238 2603 4294 bene
2638 4241 2819 4311 feceris
2845 4244 2909 4299 ei.
2940 4244 3110 4312 Quam
3158 4248 3308 4304 multi
3332 4260 3463 4308 sunt

1864 4326 2179 4393 christiani,
2233 4328 2465 4399 fratres,
2521 4334 2611 4403 qui
2659 4341 2787 4390 tunc
2841 4335 2951 4391 Deo
2997 4339 3195 4406 gratias
3247 4351 3453 4410 agunt,

1864 4419 2076 4491 quando
2102 4420 2204 4476 illis
2230 4422 2423 4478 accidit
2450 4423 2652 4478 lucrum
2678 4424 2691 4478 !
2723 4425 2834 4481 Hoc
2858 4435 2960 4492 est,
2991 4425 3320 4498 Contebitur
3340 4431 3457 4501 tibi,

1863 4529 1977 4566 eum
2003 4510 2127 4566 bene
2150 4514 2327 4583 feceris
2355 4515 2401 4568 ei
2427 4530 2445 4568 :
2484 4515 2720 4571 laudabit
2747 4525 2798 4572 te
2817 4559 2832 4582 ,
2863 4527 2917 4573 et
2941 4516 3113 4586 dicet,
3158 4517 3302 4577 Vere
3327 4503 3455 4593 quia

1864 4614 1921 4661 tu
1953 4620 2012 4661 es
2042 4606 2178 4661 Deus
2213 4622 2403 4662 meus:
2432 4607 2676 4663 liberavit
2700 4624 2787 4664 me
2828 4608 2896 4665 de
2944 4625 3192 4680 carcere,
3231 4614 3459 4671 confite-

1862 4697 1962 4752 bor
1987 4697 2080 4752 illi.
2109 4695 2269 4753 Venit
2296 4698 2370 4753 illi
2410 4698 2615 4755 lucrum
2639 4742 2656 4768 ,
2687 4700 3007 4768 confitetur;
3039 4705 3182 4760 venit
3222 4703 3458 4764 haeredic

1864 4800 1944 4845 tas
1966 4832 1980 4855 ,
2012 4790 2297 4846 confitetur
2324 4809 2337 4846 :
2366 4794 2561 4863 patitur
2588 4792 2876 4858 damnum,
2925 4794 3278 4866 blasphemat.
3306 4798 3457 4868 Qua-

1861 4883 1927 4939 lis
1957 4882 2094 4938 lilius
2122 4898 2203 4953 es,
2232 4885 2320 4955 qui
2402 4884 2613 4957 quando
2642 4895 2691 4940 te
2719 4896 2867 4955 pater
2889 4887 3140 4944 emendat.
3163 4933 3178 4957 ,
3210 4899 3337 4948 tunc
3362 4893 3459 4951 tibi

1861 4975 2147 5046 displicet?
2175 4976 2515 5045 Emendarct,
2537 4977 2636 5032 nisi
2664 4977 3012 5048 displiceres?
3040 4990 3131 5036 aut
3159 4982 3202 5037 si
3234 4983 3312 5039 sic
3336 4983 3452 5040 dis-

1864 5070 2090 5140 pliceres
2128 5082 2187 5124 ut
2225 5069 2459 5134 odisset,
2491 5070 2649 5125 vellet
2703 5070 3078 5128 emendare'?
3106 5071 3316 5131 Gratias
3354 5091 3455 5148 age

1862 5176 1991 5232 ergo
2018 5159 2347 5217 cmendatori
2368 5202 2383 5229 ,
2416 5170 2473 5216 ut
2513 5162 2743 5233 accipias
2772 5161 3138 5222 limrcditatem
3170 5183 3198 5221 a
3226 5167 3336 5223 Deo
3362 5169 3458 5239 qui

1866 5263 1916 5308 te
1961 5252 2230 5308 emendat.
2284 5252 2524 5308 Erudiris
2571 5254 2749 5324 enim,
2807 5272 2931 5313 cum
2973 5259 3298 5318 emendaris.
3348 5260 3457 5319 Sed

1862 5346 2084 5402 multum
2112 5345 2398 5413 emendat,
2444 5346 2566 5419 quia
2596 5364 2847 5421 magnum
2874 5360 2957 5408 est
2993 5353 3135 5424 quod
3166 5353 3329 5410 habes
3358 5370 3457 5413 ac-

1861 5438 2065 5511 cipere.
2113 5436 2246 5493 Nam
2289 5439 2334 5495 si
2378 5440 2651 5521 appendas
2695 5441 2839 5513 quod
2886 5444 3193 5502 emendaris
3220 5459 3343 5503 cum
3390 5460 3461 5507 eo

1861 5533 2004 5605 quod
2047 5542 2364 5605 accepturus
2410 5549 2491 5604 es,
2546 5534 2786 5596 invenies
2830 5539 2954 5612 quia
3004 5537 3138 5596 nihil
3183 5548 3267 5597 est
3310 5532 3459 5615 quod

1980 5714 2112 5781 add,
2136 5715 2265 5780 quia.
2289 5723 2347 5767 At
2362 5724 2468 5768 Mss.
2483 5715 2585 5781 qui.

1980 5776 2133 5828 .
2298 5776 2594 5844 emendaret,
2618 5778 2712 5831 nisi
2734 5776 3019 5844 displiceres
3048 5786 3165 5833 :aut
3188 5795 3232 5834 ss
3269 5782 3341 5836 sic
3363 5780 3462 5836 dis-

1898 5839 2087 5901 liceres,
2126 5848 2178 5892 ut
2197 5839 2390 5900 odisset,
2407 5854 2498 5891 non
2520 5841 2603 5893 ille
2626 5849 2672 5893 te
2689 5839 2986 5895 emendaret.
3009 5850 3114 5896 Mss.
3145 5858 3263 5899 vero
3284 5845 3462 5900 habet!

1885 5906 2128 5959 actionem
2161 5904 2253 5959 hac
2274 5904 2326 5955 in
2363 5904 2580 5957 editione
2613 5906 2906 5959 restitutam.
