4042 6476
592 441 700 500 865

589 553 910 610 emendaris.
944 549 1230 624 Apostolus
1260 547 1455 605 Paulus
1481 543 1581 600 hoc
1610 542 1739 600 dicit
1769 559 1780 596 :
1814 539 2011 594 Etenim
2040 533 2173 600 quod

595 647 657 700 sd
687 662 905 717 praesens
926 654 997 699 est
1024 641 1296 712 temporale
1311 640 1414 694 leve
1437 634 1770 692 tribulationis
1790 643 2003 697 nostrae,
2021 633 2177 700 juxta

587 738 931 793 incredibilem
962 734 1167 790 modum
1214 741 1460 788 aeternum
1487 730 1664 802 gloria:
1699 726 1895 798 pondus
1939 734 2177 796 operatur

587 830 752 886 nobis.
781 827 890 885 Sed
918 827 1170 900 quando?
1213 823 1336 880 Non
1376 819 1758 893 respicientibus
1782 861 1797 888 ,
1826 817 2032 888 inquit,
2062 827 2177 886 que

589 923 820 978 videntur
838 965 855 992 ,
887 921 976 977 sed
998 937 1112 993 qute
1133 936 1233 974 non
1261 919 1493 973 videntur
1510 933 1527 983 ;
1559 932 1661 970 non
1695 928 1808 986 qua:
1838 910 2136 982 temporalia
2156 949 2174 976 ,

588 1018 677 1072 sed
704 1032 818 1089 qua:
840 1025 1047 1072 (eterna.
1089 1013 1218 1083 Qua:
1243 1014 1374 1067 enim
1401 1010 1633 1067 videntur
1650 1050 1666 1074 ,
1699 1006 1998 1080 temporalia
2017 1011 2176 1069 sunt;

587 1123 702 1179 qua!
724 1117 890 1164 autem
915 1123 1016 1162 non
1053 1105 1504 1173 videntur,teterna
1524 1102 1542 1173 (
1561 1101 1606 1156 ll
1635 1098 1752 1156 Cor.
1782 1114 1834 1154 1v
1856 1139 1870 1165 ,
1902 1099 1967 1153 i7
1986 1139 2000 1165 ,
2042 1094 2173 1168 18).

587 1201 658 1258 Ει
681 1202 872 1258 iterum
903 1220 919 1257 :
948 1198 1068 1254 Non
1093 1208 1210 1254 sunt
1238 1198 1503 1269 condigna:
1527 1195 1785 1267 passiones
1805 1193 1958 1263 hujus
1982 1201 2176 1261 tempo-

586 1295 658 1351 ris
679 1337 694 1362 ,
721 1295 792 1350 ad
812 1295 1035 1367 futuram
1061 1293 1276 1366 gloriam
1295 1307 1407 1363 quae
1429 1287 1724 1345 revelabitur
1743 1288 1794 1340 in
1823 1285 1963 1340 nobis
1988 1282 2172 1355 (Rom.

587 1403 703 1456 vui,
734 1385 852 1458 l8).
879 1385 1016 1456 Quid
1039 1394 1123 1442 est
1147 1399 1276 1456 ergo
1301 1383 1439 1455 quod
1463 1381 1693 1453 pateris?
1714 1378 1817 1434 Sed
1845 1390 2054 1446 semper
2080 1389 2174 1444 pa-

587 1478 737 1536 teris.
768 1478 1037 1535 Concedo.
1071 1476 1151 1532 Ex
1196 1492 1302 1548 quo
1338 1484 1490 1529 natus
1521 1489 1599 1540 es,
1645 1487 1738 1542 per
1774 1458 1962 1524 omnes
1993 1475 2176 1522 anates

588 1577 708 1627 tuas
753 1585 922 1640 usque
950 1569 1019 1625 ad
1053 1575 1322 1624 senectam
1357 1577 1499 1622 tuam
1529 1605 1544 1632 ,
1575 1580 1682 1634 quo
1712 1577 1878 1633 usque
1908 1558 2174 1626 morieris,

585 1671 714 1735 puta
743 1662 865 1734 quia
891 1660 994 1717 hoc
1023 1659 1223 1730 pateris
1242 1658 1385 1730 quod
1412 1667 1495 1713 est
1535 1670 1722 1727 passus
1759 1653 1893 1720 Job;
1921 1650 2061 1722 quod
2088 1648 2177 1706 ille

587 1768 778 1826 passus
799 1761 882 1809 est
899 1750 1321 1823 aliquotdiebus,
1345 1748 1536 1820 aliquis
1547 1743 1854 1818 patiaturab
1875 1744 1987 1814 ipsa
2008 1739 2180 1797 infan-

591 1847 667 1902 tia
692 1863 705 1901 :
729 1845 870 1917 quod
898 1845 1096 1916 pateris
1117 1844 1325 1909 transit,
1345 1843 1559 1907 ﬁnitur;
1591 1839 1734 1910 quod
1759 1843 2072 1907 accepturus
2094 1849 2174 1903 es,

589 1937 750 1994 linem
778 1954 884 1994 non
905 1937 1141 1993 habebit.
1172 1935 1306 1992 Nolo
1321 1935 1431 2006 jam
1452 1949 1631 2006 aequas
1652 1945 1866 2005 pmnam
1891 1944 2010 1985 cum
2035 1943 2175 2000 prae-

585 2030 699 2087 mio
724 2046 738 2085 :
764 2037 1008 2101 tempora
1029 2043 1180 2101 azqua
1203 2027 1486 2083 aeternitati
1506 2068 1522 2093 ,
1553 2025 1598 2080 si
1622 2034 1770 2094 potes
1798 2024 1815 2055 ί
1846 2062 1860 2077 .

658 2121 749 2178 10.
775 2120 1107 2191 Conﬁtebitur
1131 2119 1240 2186 tibi,
1267 2133 1382 2173 cum
1411 2119 1531 2172 bene
1558 2115 1734 2190 feceris
1759 2115 1826 2170 ei.
1857 2113 2029 2168 Nolite
2055 2126 2177 2168 esse

587 2213 764 2279 tales,
807 2210 1039 2268 fratres:
1067 2209 1242 2267 videte
1265 2209 1388 2281 quia
1425 2217 1709 2280 propterea
1754 2205 1982 2261 dicimus
2023 2203 2172 2273 haec,

586 2316 871 2381 propterea
901 2313 1211 2370 cantamus,
1258 2311 1536 2374 propterea
1565 2305 1855 2366 tractatur,
1893 2307 2176 2371 propterea

583 2400 809 2459 elidatur
829 2417 843 2454 :
862 2398 1025 2455 nolite
1047 2397 1222 2454 facere
1239 2397 1357 2451 ista.
1375 2394 1596 2466 Negotia
1612 2402 1788 2450 vestra
1806 2407 1902 2449 vos
1914 2392 2172 2464 probant:

583 2490 873 2562 aliquando
903 2489 956 2546 iu
984 2489 1199 2560 negotio
1226 2496 1410 2544 vestro
1447 2486 1642 2542 auditis
1669 2501 1854 2542 verum
1884 2487 1905 2518 ³
1935 2529 1950 2555 ,
1978 2493 2031 2543 et
2057 2485 2173 2543 bla-

583 2581 917 2654 sphematis,
971 2580 1262 2637 Ecclesiam
1313 2577 1713 2650 blasphematls.
1763 2563 1988 2648 Quare?
2039 2577 2173 2646 Quia

582 2672 863 2734 christiani
881 2673 1029 2730 estis.
1051 2671 1108 2730 Si
1131 2672 1212 2729 sic
1233 2681 1316 2728 est
1331 2714 1348 2742 ,
1376 2671 1513 2728 duco
1532 2687 1617 2727 me
1637 2672 1689 2726 in
1712 2679 1916 2742 partem
1937 2669 2130 2726 Donati
2156 2688 2172 2726 :

581 2783 823 2842 paganus
846 2769 966 2826 volo
993 2782 1132 2825 esse.
1164 2767 1379 2835 Quare?
1420 2765 1553 2837 Quia
1578 2767 1914 2824 momordisti
1937 2781 2130 2838 panem
2151 2807 2169 2836 ,

582 2870 641 2921 et
664 2863 1071 2919 dolentdentes.
1102 2860 1327 2930 Quando
1347 2861 1566 2934 videbas
1592 2861 1764 2933 ipsum
1809 2876 2020 2932 panem,
2053 2861 2169 2916 lau-

581 2954 782 3023 dabas;
808 2955 1018 3026 etepisti
1046 2955 1403 3023 manducare,
1433 2963 1488 3011 et
1516 2955 1698 3011 dolent
1723 2955 1912 3011 dentes
1939 2972 1952 3009 :
1983 2953 2037 3010 id
2065 2962 2169 3022 est,

579 3047 796 3120 quando
834 3047 1089 3104 audiebas
1125 3062 1427 3104 sermonem
1477 3046 1609 3114 Dei,
1641 3045 1978 3102 collaudabas
2001 3087 2016 3112 ,
2047 3061 2171 3103 eum

580 3141 678 3198 tibi
704 3141 932 3211 dicitur,
977 3140 1085 3197 Fac
1127 3140 1262 3210 hoc,
1308 3139 1665 3211 blasphemas.
1712 3139 1831 3195 Noli
1871 3140 1948 3197 sic
1987 3141 2170 3197 velle:

580 3233 685 3292 hoc
705 3234 823 3304 die,
851 3235 1031 3292 Bonus
1054 3244 1138 3291 est
1165 3235 1340 3306 panis,
1368 3234 1462 3291 sed
1486 3249 1584 3306 ego
1615 3249 1720 3290 non
1769 3249 1985 3305 possum
2020 3235 2169 3291 illum

579 3327 925 3386 manducare.
952 3327 1105 3386 Nunc
1131 3337 1311 3384 autem
1339 3327 1385 3383 si
1407 3328 1575 3384 oculis
1599 3327 1771 3396 vides,
1807 3326 2022 3385 laudas:
2046 3343 2167 3384 cum

578 3421 812 3493 cmperis
838 3421 1030 3478 dentes
1057 3435 1301 3491 premere
1319 3461 1334 3488 ,
1362 3419 1515 3487 dicis,
1547 3419 1714 3474 Malus
1743 3429 1824 3477 est
1850 3420 2003 3491 panis
2028 3421 2130 3477 iste
2151 3463 2168 3490 ,

575 3520 634 3570 ct
648 3512 820 3584 qualis
845 3520 929 3570 est
967 3512 1056 3570 ille
1093 3513 1183 3584 qui
1211 3513 1358 3567 illum
1385 3509 1553 3568 fecit?
1578 3511 1653 3568 lla
1682 3511 1738 3568 lit
1768 3523 1826 3568 ut
1863 3513 2172 3572 confitearis

578 3604 773 3672 Deum,
822 3605 1036 3677 quando
1076 3605 1168 3660 tibi
1204 3604 1340 3660 bene
1385 3603 1510 3660 facit
1548 3605 1720 3671 Deus;
1764 3615 1818 3662 et
1856 3607 2167 3676 mentiaris,

577 3695 793 3768 quando
815 3705 1000 3752 cantas
1018 3739 1033 3764 ,
1063 3694 1368 3750 Benedicam
1389 3694 1660 3750 Dominum
1688 3698 1740 3750 in
1761 3697 1897 3751 omni
1924 3706 2168 3768 tempore,

578 3804 777 3861 semper
794 3789 908 3842 laus
927 3788 1034 3859 ejus
1061 3789 1113 3841 in
1134 3803 1220 3842 ore
1249 3803 1357 3843 meo
1384 3786 1404 3858 (
1427 3785 1573 3841 Psal.
1599 3803 1786 3853 χχχιιι,
1808 3787 1898 3858 2).
1931 3789 2170 3860 Exigitur

579 3879 651 3934 de
683 3877 846 3934 corde
886 3886 975 3933 tuo
1000 3880 1233 3934 cantatio
1271 3877 1531 3932 labiorum
1575 3888 1784 3932 tuorum
1811 3897 1824 3934 :
1849 3879 2076 3935 cantasti
2114 3879 2171 3935 in

579 3967 840 4037 Ecclesia,
880 3967 1185 4024 Benedicam
1215 3970 1488 4024 Dominum
1507 3970 1560 4024 in
1581 3971 1720 4024 omni
1739 3979 1961 4041 tempore
1989 3988 2003 4025 :
2031 3987 2169 4042 quo-

578 4060 743 4118 modo
766 4062 818 4116 in
835 4061 973 4117 omni
987 4060 1247 4131 tempore?
1266 4060 1323 4117 Si
1347 4060 1492 4115 omni
1515 4069 1755 4131 tempore
1777 4061 2002 4130 lucrum,
2021 4063 2170 4119 omni

580 4163 827 4224 tempore
852 4152 1216 4210 benedicitur:
1240 4153 1285 4208 si
1312 4152 1597 4224 aliquando
1623 4163 1706 4208 est
1734 4153 1988 4210 damnum
2014 4195 2027 4220 ,
2060 4169 2168 4212 non

577 4244 946 4316 benedicitur,
995 4246 1092 4304 sed
1139 4247 1558 4319 blasphematur.
1599 4247 1757 4304 Certe
1802 4248 2072 4306 benedicis
2113 4251 2169 4306 in

577 4341 725 4396 onmi
749 4351 1009 4411 tempore,
1033 4350 1178 4397 certe
1204 4341 1318 4396 laus
1339 4341 1454 4412 ejus
1475 4355 1686 4413 semper
1713 4343 1766 4398 in
1784 4358 1877 4400 ore
1898 4354 1986 4398 tuo
2009 4351 2091 4399 est
2107 4344 2170 4401 ³ἳ

577 4432 701 4490 Eris
723 4433 842 4490 talis
867 4433 1078 4505 qualem
1105 4433 1264 4490 modo
1280 4433 1533 4490 describit
1557 4453 1570 4489 :
1592 4431 2038 4504 Conﬁtebiturtibi,
2055 4451 2168 4490 cum

576 4522 701 4580 bene
719 4526 895 4596 feceris
915 4525 982 4580 ei.

651 4618 739 4674 11.
781 4615 947 4692 [υενε.
985 4617 1074 4682 20,
1097 4615 1220 4690 2L]
1250 4615 1488 4672 Introibit
1515 4635 1671 4688 usque
1698 4619 1751 4673 in
1779 4619 2041 4690 progenies
2067 4636 2165 4690 pa-

577 4718 712 4766 trum
732 4726 939 4766 suorum
962 4711 1052 4767 :id
1081 4720 1184 4778 est,
1205 4711 1495 4767 imitabitur
1523 4721 1699 4782 patres
1728 4726 1874 4768 suos.
1917 4712 2052 4780 Quia
2068 4714 2169 4769 ini-

577 4803 670 4872 qui
697 4803 791 4875 qui
815 4803 976 4859 modo
1017 4815 1175 4868 sunt,
1221 4803 1420 4860 habent
1459 4804 1682 4873 fratres,
1728 4804 1927 4860 habent
1965 4815 2163 4877 patres.

574 4897 799 4970 Antiqui
836 4897 1023 4968 iniqui,
1055 4906 1230 4969 patres
1261 4907 1383 4952 sunt
1413 4899 1783 4969 praesentium;
1814 4905 1868 4953 et
1894 4897 2055 4955 modo
2075 4901 2165 4971 qui

574 4986 747 5065 iniqui
769 4998 914 5058 sunt,
941 5001 1118 5063 patres
1138 5000 1261 5046 sunt
1287 4999 1620 5061 posterorum
1650 4989 1947 5061 iniquorum
1983 5009 1996 5046 :
2028 5008 2165 5063 quo-

573 5087 740 5146 modo
764 5095 944 5159 patres
962 5085 1227 5156 justorum
1249 5085 1449 5156 antiqui
1475 5082 1624 5154 justi,
1647 5093 1827 5154 patres
1847 5094 1976 5140 sunt
1989 5085 2164 5156 justo-

571 5196 692 5244 rum
707 5181 798 5255 qui
817 5178 977 5237 modo
991 5187 1141 5248 sunt;
1163 5188 1217 5235 et
1227 5179 1316 5250 qui
1329 5178 1487 5234 modo
1498 5187 1639 5244 sunt,
1655 5185 1832 5249 patres
1845 5190 1968 5235 sunt
1979 5194 2164 5236 eorum

571 5275 667 5348 qui
681 5275 844 5334 futuri
859 5282 1035 5332 erunt.
1064 5272 1356 5331 Ostendere
1390 5273 1556 5329 voluit
1573 5272 1800 5343 Spiritus
1814 5283 2026 5329 sanctus
2040 5274 2163 5345 quia

571 5362 684 5436 non
699 5377 781 5429 est
794 5369 932 5426 mala
943 5366 1402 5440 mquitas,quando
1417 5365 1483 5422 ad
1500 5366 1641 5421 illam
1656 5382 1826 5422 murm
1835 5377 2019 5422 uratur
2034 5381 2050 5422 :
2067 5367 2165 5423 sed

570 5459 626 5526 hi
644 5464 713 5524 ab
728 5464 935 5537 origine
947 5479 1117 5536 usque
1139 5462 1206 5519 ad
1227 5462 1533 5534 progeniem
1555 5470 1759 5532 patrum
1781 5470 1985 5532 patrem
2007 5475 2163 5516 suum

634 5581 658 5617 ι
689 5584 767 5633 ιιι.
792 5584 846 5632 et
863 5579 961 5631 duo
977 5585 1110 5641 κει,
1135 5591 1247 5629 cum
1278 5574 1479 5641 praemio
1501 5574 1748 5639 temporali
1765 5587 1944 5641 ,_a:qua
1966 5574 2162 5626 (eterni-

571 5641 686 5708 ω,
724 5641 768 5695 si
809 5637 1104 5708 potes._t_tm.,
1144 5653 1255 5691 cum
1280 5637 1823 5708 'prwmio;_temporalc
1862 5637 2030 5708 tl'qtta,
2063 5646 2157 5688 etc.
2191 5649 2197 5698 ε

1067 5699 1236 5768 (equa,
1279 5699 1372 5752 etc.
1417 5709 1468 5750 At
1507 5699 1733 5764 plerique
1776 5699 2161 5764 Mss.,'tempora

569 5823 582 5830 ι
713 5801 730 5830 9
759 5829 763 5830 ,
833 5801 847 5816 '
1172 5825 1183 5830 -

748 5801 847 5842 tow-

631 5833 656 5924 :
915 5825 1292 5940 insiluifiii'r'ii'
1308 5888 1420 5951 quia
1442 5901 1532 5936 non
1555 5886 1795 5939 benedicis
1817 5904 1868 5939 ιη
1893 5887 2017 5938 mni
2041 5891 2157 5938 m-

565 5965 707 6022 pore,
724 5959 854 6007 certe
871 5951 986 6018 quia
1007 5963 1100 6003 non
1123 5964 1306 6016 semper
1323 5950 1453 6012 laus,
1482 5958 1576 6001 etc.

1832 427 1888 485 S.
1921 411 2282 482 AUGUSTth
2322 421 2628 483 EPISCOPI

3769 433 3878 494 565

2285 535 2499 594 habent.
2540 541 2685 597 Duos
2719 539 2902 613 genuit
2935 539 3135 610 Adam,
3165 549 3221 600 et
3259 541 3314 600 in
3358 558 3468 602 uno
3507 545 3789 620 iniquitas,
3819 549 3877 608 in

2283 646 2388 688 uno
2409 632 2612 702 justitia
2647 652 2660 689 :
2688 634 2936 706 iniquitas
2961 636 3016 691 in
3042 636 3173 692 Cain
3191 678 3207 704 ,
3231 637 3437 708 justitia
3466 639 3522 695 in
3546 640 3704 698 Abel.
3735 641 3879 700 Prat-

2284 726 2516 784 valuisse
2553 727 2760 785 videtur
2786 730 3036 802 iniquitas
3057 746 3220 803 super
3238 732 3500 804 justitiam
3518 774 3536 802 ,
3577 736 3702 808 quia
3726 736 3876 794 occi-

2281 819 2359 875 dit
2381 817 2509 875 Cain
2537 820 2760 892 injustus
2785 822 2918 879 Abel
2933 823 3134 894 justum
3159 824 3214 880 in
3236 835 3393 882 nocte
3419 826 3436 857 ί
3485 825 3650 902 (Gen.
3677 842 3754 896 tv,
3777 827 3873 902 8).

2280 909 2546 982 Numquid
2567 928 2723 970 mane
2743 914 2767 970 ΐ
2791 914 2896 971 Sed
2926 915 3322 972 dontinabuntur
3339 919 3413 976 eis
3430 919 3554 972 recti
3567 935 3737 978 πωπω.
3766 919 3875 978 Ve-

2282 1005 2394 1062 niet
2421 1020 2596 1072 mane,
2626 1013 2684 1062 et
2708 1005 2975 1064 videbitur
3000 1009 3091 1064 ubi
3118 1009 3189 1064 sit
3213 1009 3368 1075 Abel,
3398 1018 3454 1066 et
3483 1009 3573 1068 ubi
3595 1007 3754 1068 Cain.
3784 1009 3877 1067 Sic

2281 1112 2470 1154 omnes
2497 1099 2588 1169 qui
2617 1098 2909 1155 secundum
2939 1099 3106 1170 Cain,
3150 1109 3206 1158 et
3238 1101 3316 1158 sic
3341 1116 3530 1160 omnes
3556 1103 3647 1174 qui
3679 1117 3873 1161 secun-

2279 1188 2407 1245 dum
2426 1191 2559 1246 Abel
2581 1206 2748 1262 usque
2769 1190 2821 1246 in
2841 1191 3000 1248 linem
3018 1192 3220 1249 saeculi.
3243 1191 3480 1249 Introibit
3495 1210 3652 1266 usque
3671 1195 3724 1252 in
3745 1211 3874 1268 pro-

2281 1283 2448 1352 genies
2479 1291 2679 1352 patrum
2705 1299 2912 1339 suorum
2948 1299 2970 1340 .°
2996 1300 3153 1356 usque
3175 1284 3232 1340 in
3257 1294 3502 1342 aternum
3543 1302 3646 1342 non
3685 1285 3875 1348 videbit

2281 1373 2470 1431 lumen.
2501 1375 2632 1442 Quia
2661 1384 2715 1431 et
2740 1375 2827 1433 hic
2849 1391 2973 1434 cum
3015 1383 3179 1445 esset,
3211 1376 3266 1432 in
3296 1376 3532 1434 tenebris
3556 1387 3710 1446 erat,
3736 1391 3874 1450 gau-

2280 1465 2414 1524 dens
2454 1466 2602 1524 falsis
2629 1469 2784 1524 bonis
2805 1511 2819 1535 ,
2850 1480 2904 1526 et
2941 1485 3049 1527 non
3078 1484 3264 1526 amans
3289 1468 3429 1526 bona
3458 1485 3620 1537 vera;
3666 1479 3723 1534 et
3751 1470 3875 1527 ideo

2282 1558 2410 1616 hinc
2435 1560 2504 1617 ad
2551 1569 2804 1617 tartarqu
2852 1563 2949 1620 ibit
2979 1581 2994 1618 :
3025 1578 3055 1618 a
3098 1563 3331 1620 tenebris
3360 1564 3690 1634 somniorum
3720 1565 3871 1622 exci-

2281 1654 2429 1723 pient
2453 1669 2576 1711 eum
2604 1656 2840 1713 tenebrat
2864 1665 3271 1712 tormentorum.
3305 1655 3448 1726 Ergo
3474 1672 3631 1727 usque
3654 1657 3708 1711 in
3731 1667 3875 1712 ater-

2280 1763 2402 1802 num
2442 1765 2544 1804 non
2569 1748 2750 1805 videbit
2777 1750 2966 1806 lumen.
2995 1751 3102 1807 Sed
3130 1766 3294 1822 quare
3325 1749 3463 1806 hoc?
3493 1749 3646 1821 Quod
3689 1750 3875 1823 posuit

2280 1837 2335 1893 in
2361 1839 2540 1895 medio
2568 1839 2799 1907 Psalmo,
2826 1843 2928 1898 hoc
2947 1849 3001 1897 et
3020 1842 3074 1897 in
3101 1842 3206 1896 line
3232 1859 3245 1896 :
3271 1840 3440 1896 Homo
3465 1859 3581 1896 cum
3604 1843 3659 1898 in
3678 1843 3875 1900 [tonare

2281 1939 2437 1996 esset,
2461 1947 2560 1986 non
2585 1932 2863 2000 intellexit;
2884 1943 3205 2001 comparatus
3226 1941 3298 1988 est
3312 1933 3559 2004 jumentis
3578 1933 3870 2000 insensatis,

2279 2032 2327 2079 et
2347 2023 2525 2078 similis
2551 2026 2716 2097 factus
2737 2034 2807 2080 est
2833 2025 2958 2082 illis.
2989 2023 3099 2082 Vos
3127 2035 3304 2081 autem
3327 2065 3345 2092 ,
3373 2023 3587 2093 fratres,
3617 2024 3874 2082 conside-

2278 2125 2394 2170 rate
2420 2130 2516 2171 vos
2559 2115 2804 2173 homines
2833 2116 2999 2173 factos
3032 2115 3099 2173 ad
3137 2117 3424 2186 imaginem
3463 2124 3518 2172 et
3557 2114 3871 2172 similitudi-

2279 2222 2401 2265 nem
2431 2207 2525 2263 Dei
2552 2206 2677 2279 (Id.
2701 2223 2740 2276 ι,
2771 2207 2893 2279 26).
2926 2207 3104 2281 Imago
3127 2209 3220 2264 Dei
3251 2209 3394 2266 intus
3418 2218 3541 2275 est,
3572 2224 3681 2264 non
3706 2217 3795 2266 est
3817 2208 3874 2264 iu

2278 2313 2503 2370 corpore
2528 2317 2542 2354 :
2574 2315 2682 2357 non
2708 2310 2790 2357 est
2809 2301 2862 2358 in
2885 2302 3101 2358 auribus
3129 2302 3245 2357 istis
3266 2315 3400 2372 quas
3426 2299 3636 2367 videtis,
3661 2308 3718 2356 et
3741 2313 3875 2356 ocu-

2276 2390 2362 2459 lis,
2391 2401 2446 2448 et
2473 2391 2710 2461 naribus,
2737 2401 2790 2448 et
2814 2392 3010 2464 palato,
3039 2401 3096 2450 et
3117 2391 3382 2460 manibus,
3409 2400 3463 2448 et
3483 2391 3747 2462 pedibus:
3779 2389 3875 2448 sed

2275 2482 2524 2540 estfacta
2563 2492 2739 2540 tamen
2770 2502 2784 2538 :
2817 2485 2906 2542 ubi
2929 2494 3012 2541 est
3049 2484 3382 2552 intellectus,
3415 2484 3504 2539 ubi
3546 2492 3629 2540 est
3671 2498 3872 2552 mens,

2277 2575 2368 2632 ubi
2397 2578 2533 2632 ratio
2558 2577 2938 2649 investiganda:
2963 2577 3205 2634 veritatis
3234 2579 3256 2610 ⁸
3287 2618 3305 2646 ,
3338 2577 3428 2634 ubi
3455 2584 3538 2632 est
3561 2575 3694 2632 fides
3715 2617 3734 2644 ,
3784 2573 3873 2632 ubi

2275 2679 2358 2726 est
2384 2685 2509 2742 spes
2535 2681 2709 2728 vestra
2730 2713 2744 2738 ,
2774 2671 2864 2728 ubi
2900 2671 3136 2729 charitas
3174 2680 3351 2728 vestra
3373 2712 3388 2738 ,
3435 2671 3507 2726 ibi
3538 2671 3701 2727 habet
3727 2669 3875 2726 Deus

2275 2762 2562 2832 imaginem
2584 2779 2738 2822 suam
2763 2783 2778 2819 :
2805 2763 2892 2822 vel
2919 2765 2994 2821 ibi
3023 2764 3316 2836 intelligitis
3334 2772 3389 2820 et
3409 2763 3600 2819 videtis
3618 2762 3743 2836 quia
3772 2762 3874 2819 ista

2276 2865 2581 2924 transeunt,
2627 2859 2752 2929 quia
2779 2858 2860 2914 sic
2887 2857 3023 2914 dixit
3051 2859 3106 2914 in
3132 2857 3238 2914 alio
3267 2857 3477 2930 psalmo
3494 2897 3510 2924 ,
3560 2855 3873 2927 Quanquam

2274 2947 2329 3004 in
2371 2949 2591 3021 imagine
2630 2948 2849 3005 ambulet
2888 2952 3069 3018 homo,
3117 2959 3284 3005 tamen
3322 2965 3450 3005 vane
3493 2945 3830 3002 conturbatur
3854 2961 3875 3001 :

2276 3041 2604 3109 thesaurizat,
2631 3052 2680 3098 et
2703 3043 2860 3098 nescit
2875 3043 2956 3098 cui
2983 3043 3305 3115 congregabit
3336 3058 3397 3098 ea
3420 3039 3604 3115 (Psal.
3628 3055 3873 3109 xxxvut,

2274 3134 2364 3207 7).
2407 3133 2523 3190 Non
2571 3135 2885 3204 turbemini,
2930 3137 3054 3208 quia
3103 3135 3511 3206 qualiacumque
3556 3141 3684 3188 sunt
3730 3132 3871 3202 ista,

2274 3228 2584 3284 transitoria
2613 3237 2777 3296 sunt,
2807 3230 2854 3283 si
2896 3228 3140 3285 homines
3182 3229 3314 3285 estis
3346 3228 3397 3282 in
3439 3225 3645 3282 honore
3673 3225 3871 3296 positi,

2274 3331 2331 3382 et
2356 3320 2667 3393 intelligitis.
2697 3322 2830 3378 Nam
2857 3324 2902 3378 si
2949 3323 3194 3378 homines
3218 3323 3271 3377 in
3303 3320 3509 3378 honore
3551 3318 3718 3391 positi
3760 3333 3874 3376 non

2274 3415 2566 3487 intelligitis
2587 3457 2604 3484 ,
2633 3417 3018 3488 comparamini
3053 3416 3309 3489 jumentis
3355 3413 3675 3484 insensatis,
3705 3421 3765 3470 et
3789 3412 3871 3469 si-

2274 3509 2429 3566 miles
2448 3509 2721 3566 eflicimini
2751 3509 2878 3565 illis.

2275 3645 3878 3672 .—-—-———————-————————-————-.

2672 3729 2754 3790 IN
2797 3727 3178 3791 PSALMUM
3218 3727 3428 3791 XLIX

2862 3849 3279 3907 ENARRATIO.

2790 3981 2962 4023 88810
3004 3983 3072 4022 ΔΙ)
3122 3981 3346 4022 PLBBEI.

2357 4105 2412 4160 1.
2464 4101 2618 4180 [verm
2671 4102 2751 4178 1.]
2791 4103 3056 4171 Quantum
3101 4102 3258 4158 nobis
3297 4100 3473 4158 valeat
3534 4113 3721 4156 sermo
3773 4099 3873 4157 Dei

2271 4198 2340 4256 ad
2364 4198 2754 4256 correctionem
2782 4197 2906 4253 vita}
2931 4205 3150 4265 nostrae,
3177 4206 3232 4252 et
3257 4194 3324 4251 ad
3348 4192 3613 4266 speranda
3641 4194 3876 4264 praemia

2271 4294 2393 4366 ejus
2415 4306 2706 4364 pmnasque
2733 4290 3070 4358 metuendas,
3103 4288 3468 4360 unusquisque
3495 4286 3552 4341 in
3580 4300 3642 4342 se
3665 4284 3876 4342 metia-

2270 4386 2435 4453 tur';
2479 4395 2534 4442 et
2575 4385 2956 4443 conscientiam
2999 4397 3152 4440 suam
3195 4389 3321 4438 ante
3360 4380 3546 4437 oculos
3585 4378 3706 4449 ejus
3752 4378 3878 4435 sine

2269 4479 2401 4537 dolo
2426 4486 2624 4550 ponat,
2669 4491 2770 4533 nec
2805 4477 2908 4534 sibi
2945 4475 3248 4532 blandiatur
3289 4473 3344 4528 in
3392 4479 3542 4528 tanto
3583 4470 3876 4541 periurio;

2270 4572 2524 4646 quoniam
2553 4579 2609 4627 et
2637 4572 2753 4641 ipse
2791 4569 3048 4625 Dominus
3093 4567 3234 4624 Deus
3277 4572 3461 4621 noster
3498 4561 3696 4618 videtis
3744 4561 3877 4632 quia

2272 4666 2401 4722 nulli
2452 4665 2721 4721 blanditur
2762 4682 2774 4717 :
2819 4672 2873 4718 et
2911 4665 2958 4719 si
3003 4662 3312 4718 consolatur
3352 4672 3452 4714 nos
3501 4655 3879 4727 promittendo

2271 4758 2413 4816 bona
2441 4772 2557 4823 sua,
2605 4765 2658 4811 et
2695 4751 3064 4812 confirmando
3105 4766 3259 4821 spem
3307 4757 3580 4812 nostram;
3612 4745 3765 4801 male
3797 4746 3882 4800 vi-

2269 4851 2518 4910 ventibus
2564 4858 2766 4914 tamen,
2817 4856 2871 4903 et
2913 4843 3379 4901 contemnentibus
3429 4840 3652 4897 verbum
3703 4851 3882 4894 suum

2269 4943 2492 5005 omnino
2534 4957 2642 4998 non
2673 4941 2860 5013 parcit.
2904 4936 3202 5010 lnterroget
3246 4950 3309 4993 se
3347 4932 3722 5004 unusquisque
3747 4947 3883 4989 cum

2269 5049 2482 5111 tempus
2521 5047 2605 5096 est
2628 5079 2644 5106 ,
2675 5045 2730 5093 et
2756 5035 2936 5092 videat
2960 5034 3049 5090 ubi
3080 5035 3188 5100 sit,
3231 5041 3286 5090 et
3318 5038 3411 5086 aut
3455 5036 3778 5100 perseveret
3826 5027 3886 5084 in

2269 5132 2449 5200 bono,
2479 5141 2572 5188 aut
2596 5137 2832 5186 mutetur
2858 5142 2889 5182 a
2926 5127 3089 5183 malo.
3136 5125 3286 5182 Sicut
3323 5123 3465 5180 ettim
3505 5122 3635 5178 dicit
3671 5119 3736 5176 in
3771 5121 3885 5177 hoc

2270 5226 2496 5298 psalmo,
2526 5239 2635 5279 non
2663 5223 2987 5294 quicumque
3018 5219 3198 5282 homo,
3231 5224 3322 5272 aut
3350 5215 3670 5287 quicumque
3701 5226 3887 5285 ange-
3961 5283 3964 5287 .

2268 5317 2374 5386 lus,
2407 5316 2502 5373 sed
2531 5313 2669 5369 Deus
2692 5313 2903 5369 deorum
2943 5309 3194 5365 Dominus
3227 5309 3424 5364 locutus
3449 5316 3540 5362 est.
3568 5304 3887 5376 Loqume

2268 5418 2447 5468 autem
2475 5407 2602 5479 quid
2627 5405 2778 5479 egit?
2812 5404 3016 5461 Vocavit
3044 5412 3231 5459 terram
3259 5418 3289 5456 α
3326 5399 3450 5456 solis
3478 5407 3589 5453 ortu
3615 5413 3792 5454 usaue
3811 5398 3886 5451 ad

2267 5516 2520 5558 omum.
2568 5497 2672 5567 Qui
2699 5497 2910 5554 vocavit
2950 5504 3148 5552 terram
3185 5509 3215 5547 a
3258 5489 3388 5547 solis
3428 5498 3762 5556 ortu_usque
3813 5489 3888 5544 ad

2266 5612 2534 5664 occasum,
2570 5594 2828 5651 Dominus
2853 5601 3035 5649 noster
3060 5600 3114 5646 et
3138 5587 3388 5646 Salvator
3413 5593 3496 5641 est
3519 5583 3678 5640 Iesus
3708 5581 3855 5640 (ἱειτὶ

2329 5758 2347 5790 ι
2381 5757 2456 5806 Sic
2477 5752 2693 5804 melioris
2713 5758 2842 5802 notae
2863 5757 2969 5814 Mss.
2993 5749 3112 5814 miti
3127 5759 3264 5806 vero,
3287 5743 3598 5814 innocentem.

2303 5803 2561 5890 Joannes
2579 5815 2833 5890 [ει-θριξὶ,
2859 5810 3038 5890 sedeat
3062 5811 3187 5875 facta
3211 5803 3361 5870 mens,
3389 5804 3472 5857 ubi
3487 5808 3576 5865 est,
3597 5811 3695 5854 etc.
3727 5803 3892 5856 Paulo

2265 5889 2378 5948 post
2402 5895 2414 5930 :
2441 5877 2755 5944 invigilandw
3043 5935 3054 5946 ,

2330 5946 2352 5981 ³
2383 5951 2490 5996 Mss.
2517 5942 2664 5992 vatio.
2691 5947 2743 5992 et
2759 5946 2894 6003 Reg,
2922 5936 3196 5988 meditetur.
