4042 6490
213 509 339 555 stus.
369 495 617 556 Verbum
657 510 787 556 caro
813 494 1036 566 factum,
1079 504 1136 555 ut
1176 495 1502 556 inhabitaret
1535 495 1590 552 in
1620 491 1797 556 nobis.

212 590 463 648 Dominus
503 605 638 659 ergo
675 597 858 648 noster
895 589 1052 646 Jesus
1096 588 1340 648 Christus
1387 588 1528 646 Deus
1578 593 1802 648 deorum

210 693 325 749 est;
356 683 481 755 quia
510 698 608 754 per
636 683 809 754 ipsum
850 681 988 738 facta
1019 692 1144 740 sunt
1175 682 1354 740 omnia
1378 723 1396 750 ,
1438 689 1496 738 et
1526 681 1642 738 sine
1685 679 1804 750 ipso

210 777 403 833 factum
438 785 523 832 est
564 776 717 832 nihil.
762 774 990 832 Verbum
1032 775 1162 842 Dei,
1195 774 1240 830 si
1286 774 1430 830 Deus
1467 781 1588 840 est,
1619 771 1804 843 utique

209 870 348 925 Deus
395 868 622 925 deorum
653 877 776 925 est:
810 877 984 924 utrum
1015 878 1194 926 autem
1232 869 1304 925 sit
1341 869 1514 934 Deus,
1562 867 1806 938 Evange-

209 961 331 1016 lium
362 959 684 1030 respondet,
716 958 784 1018 In
809 960 1060 1032 principio
1087 969 1194 1016 erat
1231 958 1472 1024 Verbum,
1495 967 1542 1015 et
1579 957 1801 1014 Verbum

209 1061 311 1108 erat
331 1053 473 1124 apud
502 1052 688 1122 Deum,
718 1061 766 1109 et
796 1053 928 1112 Deus
951 1063 1056 1110 erat
1095 1053 1306 1110 Verbum
1332 1053 1511 1123 (Ioan.
1535 1068 1573 1118 ι,
1601 1051 1691 1119 Η,
1721 1051 1797 1122 1).

210 1144 273 1201 Et
299 1145 346 1202 si
375 1147 558 1202 omnia
589 1161 686 1216 per
715 1145 888 1216 ipsum
910 1146 1048 1205 tacta
1069 1155 1210 1211 sunt,
1241 1147 1378 1202 sicut
1404 1153 1799 1216 consequenter

209 1238 372 1308 dicit,
402 1249 460 1296 et
487 1238 564 1295 dii
589 1239 634 1296 si
669 1241 759 1311 qui
803 1240 922 1297 facti
963 1249 1120 1306 sunt,
1165 1255 1260 1311 per
1299 1241 1469 1310 ipsum
1502 1239 1624 1296 facti
1651 1247 1796 1294 sunt.

210 1332 356 1390 Unus
380 1334 530 1388 enim
563 1333 703 1388 Deus
734 1349 838 1389 non
872 1334 1061 1399 factus,
1090 1343 1142 1389 ct
1169 1348 1290 1389 vere
1318 1332 1458 1389 Deus
1486 1333 1599 1403 ipse
1629 1333 1796 1389 solus.

210 1424 320 1496 Ipse
344 1436 527 1482 autem
553 1424 699 1482 solus
723 1425 884 1494 Deus,
917 1425 1070 1482 Pater
1089 1433 1146 1482 et
1167 1425 1332 1483 Filius
1353 1433 1407 1482 et
1427 1425 1656 1496 Spiritus
1676 1440 1802 1481 san-

209 1528 318 1576 ctus
331 1559 349 1586 ,
378 1533 516 1574 unus
547 1518 709 1576 Deus.

268 1611 326 1668 2.
359 1611 443 1667 Dii
474 1626 606 1683 ergo
631 1627 858 1683 quorum
887 1611 1027 1669 Deus
1049 1620 1132 1668 est
1151 1627 1314 1668 verus
1341 1612 1501 1679 Deus,
1529 1610 1619 1682 qui
1647 1620 1792 1679 sunt,

211 1709 296 1758 aut
323 1703 416 1759 ubi
446 1704 614 1759 sunt?
645 1703 780 1760 Dicit
819 1704 954 1761 alius
985 1704 1223 1775 psalmus
1253 1722 1266 1760 :
1305 1703 1445 1760 Deus
1473 1704 1603 1758 stetit
1627 1705 1682 1758 in
1707 1720 1798 1774 sy-

208 1811 400 1867 nagoga
422 1795 673 1863 deorum;
711 1797 765 1851 in
787 1797 952 1852 medio
975 1807 1142 1853 autem
1166 1799 1287 1854 deos
1322 1797 1578 1853 discernit.
1611 1797 1801 1855 Adhuc

209 1887 478 1943 nescimus
505 1903 574 1944 ne
600 1886 740 1944 forte
777 1889 847 1944 dii
885 1890 1048 1961 aliqui
1080 1891 1133 1945 in
1163 1891 1302 1946 caelo
1332 1892 1635 1962 congregati
1667 1891 1794 1958 sint,

209 1978 337 2036 etin
360 1993 553 2035 eorum
573 1982 1007 2052 congregatione,
1031 1979 1136 2037 hoc
1161 1990 1243 2037 est
1262 1982 1403 2038 enim
1428 1981 1480 2036 in
1507 1996 1795 2053 synagoga,

209 2070 351 2128 stetit
376 2069 520 2127 Deus
550 2071 856 2129 discernere
887 2073 1028 2128 illos.
1062 2073 1251 2129 Videte
1287 2075 1338 2128 in
1369 2074 1557 2129 eodem
1592 2075 1798 2144 psalmo

209 2162 394 2234 quibus
416 2162 563 2218 dicat
586 2181 598 2217 :
623 2163 736 2235 Ego
755 2165 882 2231 dixi,
910 2164 994 2219 Dii
1018 2165 1152 2230 estis,
1178 2175 1224 2220 et
1244 2166 1340 2235 [itii
1366 2163 1566 2220 Excelsi
1590 2181 1761 2220 omnes
1777 2181 1797 2221 .°

208 2268 285 2310 vos
304 2264 482 2309 autem
500 2264 555 2309 ut
576 2256 800 2312 homines
825 2257 1130 2323 moriemini,
1153 2267 1199 2312 et
1219 2259 1347 2313 sicut
1372 2275 1504 2312 unus
1523 2275 1585 2313 ea:
1608 2259 1799 2330 princi-

210 2347 349 2416 pibus
375 2346 569 2402 cadetis
592 2346 765 2419 (Psat.
792 2365 981 2415 um,
1014 2351 1039 2405 1
1066 2392 1081 2415 ,
1113 2349 1146 2406 6
1171 2392 1186 2417 ,
1217 2350 1292 2422 7).
1335 2349 1672 2406 Manifestum
1715 2359 1800 2408 est

208 2452 349 2511 ergo,
376 2439 501 2510 quia
529 2438 776 2496 homines
801 2440 935 2496 dixit
961 2441 1095 2499 deos
1120 2484 1135 2509 ,
1165 2457 1228 2498 ex
1258 2443 1428 2512 gratia
1455 2457 1550 2498 sua
1573 2441 1797 2498 deiﬁca-

211 2538 305 2598 tos,
339 2546 448 2588 non
479 2530 548 2587 de
577 2532 870 2588 substantia
906 2548 1001 2589 sua
1035 2543 1209 2589 natos.
1236 2532 1331 2590 Ille
1351 2535 1493 2590 enim
1519 2534 1793 2604 justiticat,

207 2623 290 2692 qui
319 2639 418 2694 per
438 2625 787 2696 semetipsum
816 2640 921 2682 non
942 2641 1006 2682 ex
1033 2626 1140 2680 alio
1153 2625 1328 2696 justus
1347 2635 1466 2691 est;
1495 2635 1549 2682 et
1569 2626 1657 2682 ille
1685 2627 1798 2682 dei-

211 2715 363 2781 ﬁcat,
410 2716 503 2786 qui
553 2732 649 2787 per
693 2718 930 2789 seipsum
975 2735 1080 2773 non
1121 2717 1344 2773 alterius
1393 2718 1798 2788 participatione

211 2807 345 2865 Deus
369 2819 477 2865 est.
505 2809 605 2877 Qui
634 2820 808 2866 autem
837 2811 1111 2878 justiticat,
1142 2813 1256 2881 ipse
1287 2812 1520 2879 deiticat,
1553 2814 1674 2883 quia
1706 2811 1798 2882 ju-

207 2901 506 2969 stiticando,
535 2902 677 2958 ﬁlios
705 2902 797 2959 Dei
830 2903 970 2959 facit.
1003 2903 1155 2958 Dedit
1175 2905 1310 2958 enim
1331 2907 1402 2958 eis
1425 2913 1713 2974 potestatem
1734 2903 1800 2973 ﬁ-

208 2993 298 3049 lios
330 2993 428 3048 Dei
453 2994 565 3064 ﬁeri
591 2993 770 3070 (Joan.
803 3012 841 3060 ι,
877 2995 990 3068 12).
1020 2997 1074 3052 Si
1104 2996 1196 3051 ﬁlii
1225 2997 1319 3054 Dei
1349 2996 1471 3052 facti
1500 3011 1715 3064 sumus,
1745 3004 1800 3052 et

207 3086 277 3142 dii
300 3087 428 3144 facti
459 3077 646 3145 sumus
673 3107 687 3144 :
719 3089 812 3146 sed
853 3091 954 3146 hoc
981 3091 1168 3162 gratia:
1207 3103 1289 3148 est
1329 3092 1660 3163 adoptantis,
1690 3108 1798 3150 non

209 3189 412 3236 natura:
453 3182 778 3252 generantia.
823 3182 1020 3238 [Inicus
1059 3184 1203 3240 enim
1244 3183 1338 3239 Dei
1369 3183 1537 3240 Filius
1577 3184 1717 3241 Deus
1745 3194 1800 3242 et

208 3288 325 3330 cum
351 3275 507 3331 Patre
527 3291 664 3331 unus
683 3276 840 3342 Deus,
872 3277 1128 3333 Dominus
1152 3287 1205 3332 et
1229 3276 1471 3350 Salvator
1496 3288 1676 3335 noster
1700 3278 1794 3336 Je-

208 3381 295 3423 sus
333 3365 615 3432 Christus,
662 3369 714 3424 in
752 3369 1011 3439 principio
1041 3370 1268 3426 Verbum
1307 3380 1362 3426 et
1401 3370 1633 3428 Verbum
1658 3373 1798 3444 apud

214 3458 399 3524 Deum,
443 3458 676 3516 Verbum
722 3460 880 3517 Deus.
933 3461 1122 3517 Cmteri
1177 3462 1267 3532 qui
1314 3461 1443 3519 ﬁunt
1485 3463 1580 3531 dii,
1629 3466 1800 3536 gratia

211 3549 377 3621 ipsius
406 3551 578 3618 ﬁunt,
605 3567 713 3608 non
741 3551 810 3609 de
833 3553 1126 3610 substantia
1155 3554 1271 3624 ejus
1295 3563 1588 3610 nascuntur
1613 3566 1670 3610 ut
1698 3555 1800 3613 hoc

207 3641 312 3698 sint
337 3642 484 3714 quod
509 3643 602 3699 ille
623 3685 641 3712 ,
683 3643 778 3700 sed
808 3653 863 3700 ut
887 3660 982 3716 per
1017 3645 1338 3701 beneﬁcium
1381 3648 1693 3716 perveniant
1730 3649 1799 3705 ad

213 3749 326 3790 etim
354 3777 369 3801 ,
398 3745 455 3792 et
481 3736 591 3791 sint
614 3735 924 3794 cohaeredes
949 3737 1166 3794 Christi.
1204 3738 1372 3794 Tanta
1397 3740 1539 3796 enim
1567 3741 1800 3797 charitas

209 3836 289 3881 est
335 3827 393 3882 in
441 3827 535 3882 illo
580 3827 812 3895 haerede,
862 3841 920 3885 ut
961 3830 1188 3887 voluerit
1225 3831 1425 3888 habere
1466 3834 1797 3891 cohaarcdes.

205 3917 336 3985 Quis
363 3921 467 3976 hoc
489 3936 682 3978 avarus
707 3922 868 3980 homo
894 3925 1052 3991 velit,
1083 3925 1281 3982 habere
1306 3926 1658 3984 cohaeredes?
1693 3929 1801 3986 Sed

197 4020 264 4070 et
286 4015 680 4085 qui'invenitur
705 4016 842 4072 velle
860 4058 875 4084 ,
906 4017 1105 4074 dividet
1132 4034 1254 4073 cum
1282 4019 1362 4074 cis
1395 4019 1760 4076 hmreditatem
1781 4063 1798 4089 ,

211 4107 385 4162 minus
406 4107 610 4165 habens
632 4110 747 4180 ipse
766 4109 1010 4166 dividens
1035 4126 1194 4182 quam
1218 4113 1262 4166 si
1289 4112 1437 4167 solus
1459 4114 1758 4183 possideret
1782 4134 1796 4171 :

211 4198 496 4258 hat-editas
535 4210 718 4258 autem
762 4203 815 4257 in
849 4217 951 4273 qua
994 4203 1305 4259 eohmredes
1345 4204 1540 4260 Christi
1571 4223 1756 4265 sumus
1779 4247 1797 4276 ,

210 4309 314 4351 non
354 4296 614 4352 minuitur
657 4296 809 4366 copia
849 4311 1236 4366 possessorum,
1289 4313 1388 4354 nec
1427 4299 1486 4354 ﬁt
1527 4302 1802 4371 angustior

211 4389 592 4445 numerositate
610 4387 950 4445 coheredum
977 4406 991 4454 ;
1015 4391 1109 4445 sed
1136 4400 1278 4446 tanta
1301 4403 1383 4447 est
1407 4394 1584 4449 multis
1603 4404 1800 4465 quanta

205 4481 410 4550 paucis,
441 4488 590 4536 tanta
617 4481 842 4553 singulis
868 4491 1065 4553 quanta
1092 4485 1360 4539 omnibus.
1403 4483 1596 4551 Videte,
1631 4487 1801 4558 inquit

210 4574 498 4643 apostolus,
536 4573 737 4646 qualem
769 4574 1079 4629 dilectionem
1107 4577 1246 4630 nobis
1267 4576 1403 4630 dedit
1426 4575 1564 4631 Deus
1583 4620 1596 4643 ,
1629 4589 1681 4632 ut
1707 4580 1804 4647 ﬁlii

211 4663 303 4722 Dei
339 4684 575 4722 vocemur
608 4677 657 4722 et
697 4668 870 4723 simus.
914 4669 977 4724 Et
1012 4670 1065 4724 in
1103 4669 1207 4724 alio
1247 4669 1365 4725 loco
1397 4687 1410 4723 :
1440 4669 1800 4740 Dilectissimi,

211 4757 303 4826 lilii
326 4759 420 4814 Dei
445 4777 636 4827 sumus,
669 4769 716 4816 et
743 4763 970 4815 nondum
994 4762 1234 4831 apparuit
1274 4761 1395 4830 quid
1418 4763 1626 4818 erimus.
1661 4764 1802 4836 Ergo

208 4863 391 4908 sumus
419 4854 471 4907 in
499 4868 597 4922 spe
620 4895 634 4918 ,
663 4852 904 4908 nondum
933 4853 985 4908 in
1017 4868 1094 4909 re.
1129 4853 1331 4909 Scimus
1367 4862 1533 4908 autent
1558 4897 1570 4919 ,
1607 4855 1798 4925 inquit,

203 4945 443 5011 mnium
480 4961 596 4998 cum
626 4947 959 5016 apparuerit,
997 4944 1184 5000 similes
1225 4947 1270 5000 ei
1305 4946 1525 5012 erimus,
1563 4949 1802 5017 quoniam

200 5035 484 5091 videbimus
510 5053 625 5091 eum
653 5037 799 5092 sicuti
824 5048 895 5093 est
924 5037 970 5109 (I
997 5036 1154 5093 Joan.
1183 5053 1274 5104 ιιι,
1301 5041 1355 5105 1,
1383 5039 1466 5110 2).
1500 5039 1699 5097 Unicus
1723 5043 1802 5098 si-

205 5127 348 5183 milis
371 5128 666 5195 nascendo,
697 5143 794 5184 nos
820 5129 1023 5186 similes
1059 5129 1290 5186 videndo
1319 5131 1359 5184 ι.
1402 5131 1519 5188 Non
1559 5134 1701 5189 enim
1729 5135 1800 5190 ita

204 5220 406 5276 similes
435 5230 493 5276 ιιι
518 5222 628 5285 ille,
660 5223 749 5294 qui
796 5222 900 5279 hoc
937 5231 1025 5280 est
1064 5223 1205 5294 quod
1250 5224 1341 5280 ille
1385 5241 1416 5280 a
1456 5241 1564 5296 quo
1587 5228 1802 5298 genitus

201 5321 288 5367 est
321 5329 337 5368 :
367 5328 466 5370 nos
491 5314 637 5370 enim
661 5315 882 5381 similes,
918 5331 1022 5370 non
1049 5317 1282 5386 aequales
1311 5335 1325 5370 :
1360 5317 1447 5373 ille
1468 5319 1589 5388 quia
1616 5335 1800 5390 mqua-
1832 5339 1837 5346 ·

205 5403 311 5472 Iis,
345 5405 466 5462 ideo
491 5407 704 5462 similis.
735 5406 1052 5464 Audivimus
1089 5409 1178 5478 qui
1213 5409 1320 5465 sint
1343 5409 1414 5465 dii
1445 5411 1568 5465 facti
1603 5411 1799 5482 justiﬁ-

199 5496 332 5560 eati,
361 5499 482 5568 quia
511 5497 606 5553 ﬁlii
636 5498 732 5555 Dei
760 5498 1048 5565 dicuntur;
1081 5509 1135 5554 et
1163 5500 1235 5554 dii
1276 5502 1365 5571 qui
1397 5517 1502 5556 non
1528 5513 1654 5556 sunt
1681 5503 1754 5557 dii
1781 5545 1796 5569 ,

201 5589 399 5662 quibus
439 5591 529 5647 ille
579 5591 719 5647 Deus
759 5591 984 5648 deorum
1031 5593 1286 5648 terribilis
1325 5605 1427 5650 est.
1476 5594 1613 5650 Dicit
1652 5596 1796 5651 enim

201 5685 344 5753 alius
390 5685 628 5756 psalmus
655 5684 963 5743 :~Terribitis
1009 5696 1081 5742 est
1125 5704 1278 5757 super
1325 5703 1498 5744 omnes
1543 5691 1682 5744 deos.
1730 5689 1800 5744 Et

199 5779 358 5854 quasi
385 5793 689 5852 quaereres,
716 5779 862 5847 Quos
890 5779 1060 5836 deos?
1090 5781 1340 5850 Quoniam
1368 5798 1538 5838 omnes
1577 5783 1651 5838 dii
1675 5799 1799 5855 gen-

265 5915 296 5951 ⁶
322 5921 397 5967 sa:
417 5922 523 5969 luis.
550 5922 606 5970 At
626 5915 757 5981 ωε,
777 5913 990 5968 sitiendo.

1311 376 1710 442 ENARRATIO
1746 372 1815 440 ιιι
1847 375 2178 450 NALMW
2207 385 2394 446 XLIX.

3391 401 3499 464 5.66

1906 497 2032 554 tium
2056 501 2308 562 dtemonia
2333 500 2504 575 (Psat.
2530 519 2655 572 xcv,
2684 507 2738 573 4,
2769 509 2845 578 5).
2873 510 2984 570 Diis
3003 515 3262 586 gentium,
3291 516 3497 576 daemo-

1903 592 2008 650 niis
2028 595 2281 652 terribilis
2307 611 2321 661 ;
2348 595 2450 652 diis
2479 612 2509 653 a
2536 612 2596 654 se
2626 597 2798 668 factis,
2825 602 2948 660 ﬁliis
2969 607 3231 665 amabilis.
3256 610 3490 670 Proinde

1904 683 2220 744 conﬁtentes
2247 687 2583 758 majestatem
2611 690 2705 747 Dei
2733 702 2989 766 utrosque
3017 697 3232 758 invenio
3251 743 3268 770 ,
3295 711 3349 759 et
3375 704 3492 764 da:-

1902 779 2081 836 monia
2103 779 2352 838 confessa
2371 791 2496 840 sunt
2515 783 2808 855 Christum,
2831 796 2885 844 et
2909 787 3096 847 ﬁdeles
3116 794 3346 854 contessi
3365 809 3492 856 sunt

1902 871 2194 931 Christum.
2240 876 2318 934 Tu
2337 894 2388 934 es
2411 876 2640 936 Christus
2667 879 2836 938 Filius
2865 883 2958 940 Dei
2983 887 3097 953 viui,
3129 889 3262 946 dixit
3301 893 3492 952 Petrus

1903 962 2113 1035 (Matth.
2143 983 2234 1025 xvi
2257 1011 2273 1036 ,
2315 969 2424 1042 16).
2458 971 2661 1030 Scimus
2698 975 2784 1046 qui
2824 976 2894 1032 sis
2922 993 2943 1032 :
2967 989 3024 1034 tu
3064 996 3115 1044 es
3156 979 3326 1040 Filius
3353 984 3448 1040 Dei
3475 1026 3492 1050 ,

1901 1057 2150 1116 dixerunt
2174 1062 2446 1122 daemones
2474 1063 2667 1135 (Marc.
2689 1083 2742 1135 v,
2771 1070 2849 1140 7).
2872 1069 3061 1126 Parem
3087 1073 3246 1130 audio
3274 1077 3492 1134 confes-

1901 1152 2127 1219 sionem,
2178 1156 2273 1212 sed
2320 1172 2426 1214 non
2467 1173 2651 1229 parem
2702 1161 2916 1220 invenio
2959 1164 3336 1238 dilectionem;
3382 1173 3493 1229 imo
3543 1151 3549 1155 ’

1900 1259 2032 1302 vero
2056 1245 2144 1302 hic
2172 1248 2534 1315 dilectionem,
2565 1252 2635 1308 ibi
2665 1254 2932 1312 timorem.
2960 1256 3164 1326 Quibus
3187 1275 3316 1333 ergo
3341 1277 3492 1318 ama-

1902 1337 2046 1403 bilis,
2078 1340 2170 1395 tilii
2199 1351 2358 1406 sunt;
2395 1345 2586 1415 quibus
2612 1347 2890 1414 terribilis,
2923 1350 3016 1406 ﬁlii
3039 1367 3144 1412 non
3177 1364 3300 1410 sunt
3331 1374 3344 1410 :
3373 1357 3488 1428 qui-

1899 1431 2002 1487 bus
2022 1434 2283 1500 amabilis,
2315 1436 2447 1495 deos
2487 1440 2606 1496 illos
2635 1441 2790 1510 fecit;
2822 1444 3017 1514 quibus
3041 1448 3297 1506 terribilis
3319 1493 3336 1521 ,
3379 1467 3491 1510 non

1883 1538 2022 1612 esse
2043 1524 2174 1582 deos
2197 1529 2480 1586 convincit.
2525 1532 2588 1590 Hi
2615 1533 2757 1598 enim
2789 1534 2863 1592 dii
2895 1535 3054 1605 ﬁunt,
3087 1539 3161 1596 illi
3187 1541 3260 1596 dii
3287 1550 3491 1613 putan-

1903 1626 1987 1673 tur
2019 1637 2030 1672 :
2063 1618 2160 1675 hos
2184 1620 2315 1678 deos
2341 1621 2470 1680 facit
2496 1626 2712 1695 veritas,
2753 1628 2876 1686 illos
2903 1646 3058 1688 error
3085 1633 3376 1692 existimat.

1971 1713 2024 1768 5.
2068 1713 2205 1771 Deus
2247 1732 2374 1787 ergo
2421 1717 2631 1776 deorum
2681 1721 2933 1786 Dominus
2983 1726 3180 1785 locutus
3231 1739 3326 1785 est.
3370 1729 3484 1790 Lo-
3535 1785 3538 1788 .

1898 1813 2053 1862 cutus
2097 1817 2179 1864 est
2219 1811 2400 1869 multis
2449 1812 2642 1872 modis.
2685 1816 2790 1875 Per
2831 1818 3066 1891 Angelos
3115 1822 3231 1893 ipse
3275 1823 3486 1884 locutus

1898 1907 2018 1966 est,
2074 1914 2170 1969 per
2214 1901 2508 1972 Prophetas
2552 1907 2666 1976 ipse
2705 1908 2911 1966 locutus
2964 1922 3064 1979 est,
3103 1930 3200 1984 per
3240 1929 3304 1972 os
3354 1932 3485 1988 pro-

1898 1991 2071 2062 prium
2125 1993 2241 2064 ipse
2291 1996 2498 2054 locutus
2541 2007 2662 2068 est,
2715 2015 2810 2072 per
2864 2003 3152 2074 Apostolos
3196 2021 3323 2065 suos
3371 2009 3488 2080 ipse

1899 2083 2106 2141 locutus
2132 2096 2246 2154 est,
2273 2104 2369 2159 per
2393 2090 2578 2150 ﬁdeles
2612 2107 2741 2151 suos
2779 2094 2894 2167 ipse
2939 2097 3176 2169 loquitur
3198 2142 3214 2169 ,
3254 2116 3352 2172 per
3395 2102 3488 2160 hu-

1899 2177 2176 2235 militatem
2221 2194 2494 2250 nostram,
2552 2201 2678 2242 cum
2733 2188 2932 2260 aliquid
2988 2206 3172 2248 verum
3235 2194 3486 2265 dicimus,

1897 2270 2014 2340 ipse
2059 2273 2310 2344 loquitur.
2357 2275 2546 2334 Videte
2598 2280 2797 2351 itaque,
2851 2283 3118 2356 loquendo
3176 2287 3488 2360 multiplici-

1900 2373 2000 2433 ter,
2029 2368 2208 2425 multis
2237 2370 2429 2437 modis,
2463 2387 2561 2443 per
2578 2375 2742 2432 multa
2772 2391 2919 2445 vasa,
2944 2394 3040 2448 per
3060 2381 3225 2437 multa
3257 2396 3490 2454 organa,

1898 2457 2013 2528 ipse
2036 2468 2213 2518 tamen
2253 2471 2412 2520 sonat
2450 2464 2687 2536 ubique,
2735 2470 3002 2540 tangendo
3025 2512 3041 2539 ,
3089 2473 3445 2530 modiﬁcando
3469 2516 3490 2544 ,

1899 2548 2212 2621 inspirando
2241 2571 2256 2608 :
2290 2553 2466 2614 videte
2491 2558 2620 2628 quid
2647 2561 2839 2630 egerit.
2869 2560 3093 2618 Locutus
3131 2573 3204 2619 est
3245 2566 3411 2634 enim,
3443 2577 3493 2623 et

1898 2645 2091 2698 vocavit
2114 2653 2318 2700 terram.
2340 2646 2508 2714 Quam
2531 2657 2728 2705 terram
2749 2651 2773 2704 1
2793 2651 2876 2708 An
2899 2652 3032 2709 forte
3058 2655 3289 2710 Africam
3312 2657 3336 2712 ?
3364 2672 3492 2728 pro-

1899 2742 2016 2803 pter
2037 2750 2131 2791 cos
2159 2737 2248 2806 qui
2279 2738 2480 2806 dicunt,
2515 2741 2755 2798 Ecclesia
2785 2743 2985 2802 Christi
3011 2761 3134 2817 pars
3163 2747 3358 2804 Donati
3385 2759 3489 2819 est,

1899 2825 2078 2882 Solam
2104 2828 2319 2898 quidem
2349 2830 2581 2890 Africam
2624 2849 2731 2890 non
2762 2839 3004 2908 vocavit,
3036 2840 3130 2895 sed
3172 2849 3225 2897 et
3252 2841 3494 2901 Africam

1899 2933 2006 2974 non
2044 2922 2330 2991 separavit.
2370 2923 2473 2992 Qui
2515 2927 2658 2982 enim
2703 2929 2894 2983 vocavit
2933 2939 3119 2985 terram
3153 2949 3185 2986 a
3225 2934 3348 2989 solis
3375 2944 3494 2990 ortu

1899 3027 2056 3082 usque
2081 3014 2149 3067 ad
2177 3030 2430 3083 occasum,
2458 3017 2635 3078 nullas
2664 3019 2971 3091 relinquens
3013 3035 3192 3096 partes
3217 3041 3352 3097 quas
3384 3041 3493 3084 non

1900 3103 2144 3171 vocarit,
2189 3105 2245 3161 in
2283 3121 2378 3164 sua
2417 3110 2701 3166 vocatione
2725 3110 2961 3169 Africam
3001 3116 3222 3172 invenit.
3251 3117 3496 3175 Gaudeat

1899 3211 2029 3268 ergo
2059 3199 2110 3253 in
2140 3201 2343 3256 unitate
2365 3242 2381 3267 ,
2415 3217 2521 3257 non
2549 3205 2822 3275 superbiat
2845 3206 2899 3260 in
2925 3206 3204 3265 divisione.
3237 3210 3379 3267 Bene
3407 3211 3494 3267 di-

1900 3291 2072 3346 cimus
2096 3293 2219 3362 quia
2249 3309 2352 3349 vox
2381 3295 2475 3351 Dei
2504 3296 2727 3354 deorum
2757 3308 2811 3355 et
2838 3299 2892 3355 in
2923 3299 3158 3358 Africam
3186 3304 3350 3371 venit,
3384 3320 3494 3361 non

1901 3383 1955 3444 in
1982 3383 2160 3440 Africa
2191 3389 2470 3444 remansit.
2523 3387 2730 3446 Vocavit
2762 3391 2906 3448 enim
2949 3403 3137 3450 terram
3173 3413 3204 3450 a
3233 3398 3355 3452 solis
3377 3408 3494 3454 ortu

1900 3491 2056 3547 usque
2077 3478 2145 3531 ad
2171 3494 2424 3547 occasum,
2454 3480 2574 3540 Non
2595 3492 2679 3540 est
2702 3484 2788 3540 ubi
2820 3484 3020 3542 lateant
3045 3487 3251 3544 insidiae
3282 3490 3494 3546 haereti-

1900 3581 2082 3623 corum
2108 3609 2124 3635 ,
2173 3586 2280 3626 non
2311 3571 2602 3640 habentia
2639 3592 2740 3647 qua
2771 3593 2831 3634 se
2877 3579 3061 3635 umbra
3091 3580 3338 3640 falsitatis
3364 3584 3492 3641 abs-

1895 3662 2133 3717 condant
2181 3681 2194 3717 :
2230 3680 2329 3721 nec
2370 3667 2511 3722 enim
2555 3677 2639 3724 est
2679 3671 2769 3740 qui
2810 3687 2869 3728 se
2912 3672 3204 3730 abscondat
3242 3690 3273 3730 a
3312 3677 3494 3734 calore

1897 3753 2015 3823 ejus
2041 3754 2210 3826 (Psat.
2235 3773 2380 3825 xvm,
2412 3758 2488 3831 7).
2515 3759 2617 3830 Qui
2640 3770 2836 3818 terram
2861 3768 3087 3833 vocavit,
3115 3775 3170 3824 ει
3196 3774 3358 3824 totam
3385 3777 3494 3823 ter-

1901 3863 2017 3904 ram
2058 3852 2267 3907 vocavit
2307 3871 2320 3907 :
2361 3854 2452 3925 qui
2503 3863 2700 3912 terram
2747 3861 2990 3927 vocavit,
3038 3869 3237 3918 tantam
3277 3865 3496 3920 vocavit

1901 3953 2154 4013 quantam
2197 3945 2492 4004 fabricavit.
2551 3950 2688 4017 Quid
2746 3952 2876 4008 mihi
2925 3966 3218 4028 exsurgunt
3259 3959 3493 4028 pseudo-
3523 3963 3536 3974 '

1901 4041 2090 4097 ehristi
2117 4049 2171 4098 et
2201 4041 2714 4113 pseudoprOphette?
2739 4045 2864 4117 quid
2894 4056 2977 4104 est
3015 4049 3156 4119 quod
3197 4065 3284 4108 me
3315 4051 3496 4108 verbis

1903 4135 2156 4203 captiosis
2180 4133 2468 4205 illaqueare
2493 4135 2804 4202 moliuntur,
2835 4137 3108 4208 dicentes,
3150 4140 3290 4216 Ecce.
3309 4144 3392 4199 hic
3417 4152 3495 4200 est

1901 4227 2150 4294 Christus,
2175 4245 2287 4284 ecce
2321 4231 2430 4285 illic
2467 4240 2540 4285 est
2570 4230 2783 4302 (Matth.
2809 4249 2956 4302 xxxv,
2991 4237 3129 4305 25)?
3165 4237 3281 4294 Non
3333 4240 3494 4297 audio

1901 4322 2245 4377 ostendentes
2274 4331 2453 4391 partes
2482 4341 2496 4378 :
2532 4323 2670 4379 Deus
2707 4325 2928 4382 deorum
2957 4335 3125 4384 totum
3153 4330 3283 4387 mihi
3311 4342 3494 4390 osten-

1903 4415 1981 4470 dit
2012 4415 2135 4486 :qui
2165 4416 2354 4469 uocauit
2384 4426 2569 4471 terram
2594 4434 2627 4470 a
2665 4418 2786 4472 solis
2815 4429 2928 4473 ortu
2956 4436 3111 4490 usque
3133 4422 3201 4476 ad
3225 4439 3488 4494 occasum,

1906 4515 2076 4563 totum
2116 4507 2388 4576 redemit;
2446 4517 2624 4579 partes
2681 4518 2858 4566 autem
2917 4511 3304 4572 calumniantes
3353 4530 3491 4576 con-

1903 4601 2192 4659 demnavit.

1975 4699 2028 4754 4.
2058 4697 2207 4772 [υεη.
2233 4696 2316 4773 2.]
2345 4696 2450 4755 Sed
2478 4698 2821 4770 audierimus,
2861 4716 2891 4756 a
2927 4701 3056 4758 solis
3083 4711 3203 4759 ortu
3231 4718 3402 4776 usque
3427 4706 3497 4762 ad

1903 4809 2154 4850 occasum
2181 4803 2423 4850 vocatam
2447 4802 2645 4851 terram
2675 4813 2688 4850 :
2717 4795 2856 4853 unde
2880 4797 3044 4868 coepit
3062 4811 3257 4856 vocare
3287 4800 3376 4870 qui
3403 4815 3500 4858 vo-

1903 4887 2084 4942 cavit?
2133 4887 2199 4942 Et
2228 4887 2329 4944 hoc
2352 4887 2574 4944 audite:
2606 4888 2687 4945 Ea:
2727 4889 2857 4946 Sion
2899 4891 3090 4963 specie:
3129 4891 3325 4950 decoris
3365 4894 3499 4965 ejus.

1904 4977 2064 5037 Certe
2111 4980 2402 5037 concordat
2451 4981 2692 5038 Psalmus
2745 4981 3035 5054 Evangelia
3080 4983 3278 5040 dicenti
3325 5003 3336 5040 :
3393 4985 3500 5040 Per

1905 5089 2077 5129 omnes
2113 5083 2285 5146 gentes
2306 5115 2322 5141 ,
2359 5072 2716 5143 incipientibus
2742 5073 2805 5127 ab
2830 5072 3139 5130 Jerusalem.
3171 5075 3343 5141 Audi,
3391 5074 3500 5130 Per

1905 5183 2077 5223 omnes
2102 5175 2272 5238 gentes
2302 5181 2322 5220 :
2360 5163 2560 5220 Vocauit
2589 5175 2775 5221 terram
2799 5182 2834 5220 a
2857 5167 2978 5223 solis
2999 5178 3113 5222 ortu
3141 5185 3296 5240 usque
3322 5167 3391 5224 ad
3413 5184 3498 5224 oc-

1903 5276 2098 5315 casum.
2127 5259 2286 5324 Audi,
2311 5257 2674 5328 Ineipientibus
2693 5256 2755 5312 ab
2781 5257 3067 5314 Jerusalem
3089 5275 3108 5313 :
3129 5258 3210 5314 Ea;
3234 5259 3359 5314 Sion
3381 5263 3528 5328 spe-'

1903 5353 2004 5409 cies
2034 5352 2226 5406 decoris
2253 5351 2382 5421 ejus.
2416 5350 2579 5421 Ergo,
2616 5348 2824 5406 Vocauit
2852 5360 3088 5406 terrama
3117 5348 3239 5406 solis
3263 5359 3376 5412 ortu
3406 5367 3496 5406 us-

1903 5463 2000 5517 que
2027 5445 2094 5499 ad
2134 5461 2390 5511 occasum,
2418 5443 2710 5500 concordat
2753 5444 2930 5500 verbis
2969 5443 3183 5498 Domini
3220 5442 3446 5503 dicentis
3477 5459 3493 5496 :

1907 5538 2182 5609 Oportebat
2211 5536 2462 5592 Christum
2497 5537 2638 5608 pati,
2684 5546 2729 5592 et
2757 5551 3015 5608 resurgere
3050 5551 3083 5589 a
3109 5537 3319 5590 mortuis
3349 5536 3495 5589 tertia

1903 5633 1986 5687 die
2010 5673 2022 5695 ,
2057 5640 2102 5686 et
2128 5629 2396 5699 prazdicari
2422 5631 2474 5683 in
2500 5629 2700 5683 nomine
2735 5629 2844 5699 ejus
2874 5635 3217 5700 penitentiam
3245 5637 3291 5682 et
3315 5627 3495 5682 remis-

1902 5727 2091 5781 sionem
2119 5733 2434 5792 peccatorum
2465 5739 2553 5790 per
2593 5738 2763 5776 omnes
2789 5730 2959 5792 gentes
2991 5719 3141 5791 (Luc.
3173 5735 3302 5776 xxxv
3325 5762 3340 5788 ,
3382 5719 3488 5787 46,

1901 5819 2015 5887 47).
2045 5817 2244 5874 Omnes
2272 5817 2414 5871 cnim
2457 5824 2646 5886 gentes
2673 5823 2801 5870 sunt
2833 5828 2866 5869 a
2905 5814 3034 5871 solis
3072 5826 3192 5871 ortu
3226 5830 3392 5885 usque
3423 5813 3492 5870 ad

1900 5925 2168 5971 occasum.
2199 5908 2351 5978 Quod
2394 5922 2526 5966 vero
2571 5905 2655 5962 Ea:
2699 5905 2828 5964 Sion
2868 5908 3058 5979 species
3106 5907 3302 5966 decoris
3335 5909 3486 5982 ejus,
