4042 6476
539 509 683 585 quod
725 505 853 564 inde
895 500 1062 573 erepit
1097 497 1263 555 decus
1298 489 1571 564 Evangelii
1611 485 1951 585 eius,un
1979 482 2123 585 inde

541 580 849 664 annuntiari
875 597 1039 668 erepit
1061 593 1337 665 speciosus
1362 587 1532 644 forma
1556 599 1671 656 pra:
1700 582 1821 638 ﬁliis
1847 580 2128 637 hominum

545 702 715 777 (Psal.
742 711 866 753 xciv
890 735 906 762 ,
953 691 1008 765 '5)
1035 733 1049 756 ,
1078 683 1368 746 concordat
1394 680 1571 737 verbis
1611 676 1820 733 Domini
1859 672 2088 777 dicentis
2109 710 2127 738 ,

540 762 908 862 incipientibus
936 762 998 838 ab
1018 778 1326 836 Jerusalem.
1349 772 1649 827 Concinunt
1672 781 1808 862 nova
1834 762 2126 862 veteribus,

543 856 727 943 vetera
753 879 907 937 novis
935 893 950 930 :
979 875 1166 932 dicunt
1188 870 1254 926 ad
1285 867 1513 924 invicem
1539 860 1808 932 seraphim
1835 857 1961 925 duo,
1999 856 2132 912 San-

542 988 673 1039 ctus,
695 982 920 1037 sanctus,
948 974 1151 1023 sanctus
1179 960 1430 1017 Dominus
1455 956 1595 1011 Deus
1620 951 1848 1010 Sabaoth
1868 948 2024 1021 (Isai.
2051 962 2126 1014 γι,

542 1068 620 1144 3).
662 1068 731 1130 Et
773 1066 1073 1120 consonant
1103 1056 1211 1113 duo
1238 1053 1580 1109 Testamenta
1605 1087 1621 1115 ,
1664 1052 1720 1100 et
1754 1057 1914 1144 unam
1940 1050 2128 1142 vocem

543 1131 746 1217 habent
767 1157 877 1213 duo
901 1154 1245 1209 Testamenta
1274 1161 1289 1198 :
1320 1142 1566 1198 audiatur
1589 1152 1693 1194 vox
1731 1131 2129 1191 concinentium

542 1254 1032 1312 Testamentorum,
1054 1257 1160 1298 non
1182 1234 1622 1296 calumniantium
1642 1227 2127 1287 exhaeredatorum.

544 1346 695 1403 Fecit
718 1357 847 1414 ergo
887 1340 986 1395 ista
1015 1337 1156 1392 Deus
1193 1332 1415 1388 deorum
1439 1370 1453 1394 ,
1497 1324 1704 1380 Vocavit
1743 1331 1929 1375 terram
1950 1334 1983 1371 a
2010 1314 2133 1414 solis

543 1450 659 1497 ortu
707 1410 867 1509 usque
901 1432 969 1487 ad
1005 1444 1238 1487 occasum
1259 1466 1275 1491 ,
1320 1440 1385 1480 ex
1428 1421 1557 1478 Sion
1595 1416 1919 1509 procedente
1952 1410 2134 1509 specie

545 1546 661 1589 sua.
691 1532 767 1587 lbi
783 1506 930 1587 enim
952 1531 1106 1582 erant
1125 1519 1393 1591 discipuli,
1416 1515 1507 1588 qui
1526 1518 1847 1583 acceperunt
1872 1506 2133 1578 Spiritum

545 1634 791 1683 sanctum
820 1616 1259 1694 quinquagesimo
1287 1619 1408 1684 post
1432 1606 1879 1665 resurrectionem
1906 1600 2023 1694 ejus
2045 1598 2134 1694 die

544 1723 768 1777 missum
807 1690 873 1773 de
897 1690 1036 1771 etelo
1067 1711 1203 1784 (Act.
1231 1723 1305 1772 ιι,
1333 1702 1409 1779 4).
1442 1701 1571 1756 Inde
1595 1696 1962 1768 Evangelium,
2007 1690 2135 1747 inde

544 1811 884 1885 praedicatio,
921 1806 1045 1863 inde
1071 1801 1323 1872 impletus
1351 1797 1501 1854 orbis
1526 1802 1789 1851 terrarum
1806 1830 1821 1858 ,
1849 1798 1903 1845 et
1932 1784 2036 1842 hoc
2076 1784 2133 1840 in

544 1907 712 1979 gratia
745 1902 890 1959 ﬁdei.
1306 1985 1314 1987 4
1561 1982 1571 1987 _
1676 1986 1679 1987 ν
1804 1976 1817 1987 _

617 2001 669 2057 5.
711 1998 843 2053 Nam
873 2008 996 2051 cum
1020 1991 1135 2061 ipse
1164 1985 1424 2044 Dominus
1451 1982 1708 2045 venisset,
1731 1982 1854 2048 quia
1875 1982 2132 2046 passurus

544 2092 713 2158 venit,
741 2087 982 2144 occultus
1007 2083 1186 2140 venit:
1210 2089 1265 2136 et
1292 2094 1413 2134 eum
1438 2082 1583 2131 esset
1607 2071 1760 2128 fortis
1785 2069 1837 2124 in
1863 2082 1924 2124 se
1941 2109 1954 2132 ,
1983 2064 2138 2158 inﬁr-

545 2199 667 2242 mus
698 2156 751 2238 in
777 2194 939 2238 carne
966 2174 1230 2248 apparuit.
1283 2169 1579 2240 Oportebat
1602 2165 1746 2221 enim
1772 2175 1895 2218 eum
1925 2156 2137 2224 videri,

548 2287 608 2333 ut
634 2291 741 2331 non
769 2272 1185 2342 intelligeretur;
1216 2262 1506 2323 contemni.
1538 2267 1597 2313 ut
1631 2256 1983 2313 occideretur.
2013 2252 2143 2307 Erat

550 2371 733 2443 gloriae
762 2366 968 2438 species
998 2364 1051 2417 in
1068 2358 1378 2421 divinitate;
1405 2353 1501 2410 sed
1530 2354 1647 2408 haec
1669 2349 1866 2406 latebat
1889 2348 1944 2402 in
1956 2359 2138 2443 carne.

549 2437 608 2523 Si
660 2437 802 2521 enim
851 2457 1247 2531 cognovissent,
1296 2461 1569 2521 nunquam
1623 2444 1908 2501 Dominum
1957 2437 2142 2511 gloria:

547 2556 943 2617 cruciﬁxissent
979 2550 1041 2625 (l
1066 2549 1186 2605 Cor.
1211 2562 1270 2615 ιι,
1296 2546 1330 2601 8
1360 2544 1399 2615 ).
1432 2542 1524 2599 Sic
1546 2554 1676 2612 ergo
1721 2538 1860 2593 inter
1891 2533 2142 2600 Judaaos,

550 2656 693 2712 inter
718 2651 962 2709 inimicos
988 2641 1283 2701 ambulavit
1299 2638 1561 2701 occultus,
1590 2634 1726 2691 mira
1752 2631 1972 2697 faciens,
2001 2627 2143 2683 mala

551 2751 781 2822 patiens,
814 2746 989 2799 donec
1031 2736 1449 2811 suspenderetur
1484 2732 1538 2786 in
1571 2730 1751 2801 ligno;
1794 2725 2145 2794 videntesque

552 2821 880 2914 pendentem
911 2835 1079 2893 Judaei
1106 2831 1276 2902 magis
1310 2827 1586 2898 magisque
1625 2821 2148 2914 contemtmrent,_et

555 2908 680 2991 ante
707 2946 922 2988 crucem
951 2935 1111 2998 caput
1143 2925 1426 2995 agitantes,
1450 2919 1689 2974 dicerent
1716 2932 1731 2968 :
1761 2913 1820 2969 Si
1850 2911 2016 2967 Filius
2048 2908 2148 2964 Dei

555 3039 650 3095 est,
681 3024 948 3081 descendat
973 3021 1036 3075 de
1058 3033 1205 3073 cruce
1236 3012 1449 3089 (Matth.
1476 3024 1651 3073 xxvn,
1685 3007 1775 3071 '58,
1805 3004 1918 3075 59).
1952 3000 2148 3057 Occul-

558 3132 645 3177 tus
672 3133 799 3190 ergo
828 3124 943 3173 erat
964 3114 1105 3167 Deus
1129 3108 1376 3173 deorum,
1408 3110 1464 3159 et
1482 3114 1639 3156 voces
1668 3097 1860 3154 edebat
1886 3095 2053 3190 magis
2081 3108 2151 3190 ex

559 3187 932 3283 compassione
960 3212 1165 3270 nostra,
1194 3215 1355 3271 quam
1397 3213 1463 3252 ex
1511 3193 1789 3262 majestate
1830 3206 1952 3283 sua.
1995 3187 2150 3283 [inde

560 3279 702 3362 enim
729 3304 833 3359 illze
855 3314 1037 3365 voces,
1070 3295 1170 3350 nisi
1202 3308 1265 3347 ex
1295 3291 1448 3346 nobis
1477 3294 1785 3356 assumpta),
1818 3282 1974 3345 Deus,
2008 3279 2146 3335 Deus

560 3414 718 3465 meus,
744 3391 920 3465 utquid
945 3406 1023 3443 me
1050 3380 1359 3455 dereliquiin
1401 3380 1420 3450 (
1457 3376 1599 3430 Psal.
1634 3391 1754 3441 XXI,
1782 3373 1818 3428 9.
1838 3382 1928 3465 ,Aet
1960 3370 2148 3465 Illattlt.

560 3462 728 3552 χχιιι,
759 3462 826 3539 46
855 3482 893 3555 ).
925 3476 1148 3550 Quando
1192 3482 1370 3528 autem
1414 3470 1570 3524 Pater
1613 3466 1806 3521 Filium
1848 3462 2150 3555 dereliquit,

563 3590 654 3639 aut
673 3550 842 3636 Filius
855 3550 1117 3630 ’Patrem?
1142 3566 1329 3622 Nonne
1355 3575 1493 3619 unus
1512 3561 1672 3624 Deus,
1698 3556 1867 3612 Filius
1885 3563 1939 3609 et
1959 3550 2154 3608 Pater?

566 3686 744 3728 nonne
773 3664 1132 3728 verissimum,
1164 3657 1277 3729 Ego
1300 3665 1346 3710 et
1380 3652 1537 3707 Pater
1563 3665 1718 3704 unum
1743 3662 1916 3701 smnus
1941 3645 1960 3715 (
1992 3643 2150 3698 Joan.

566 3780 626 3828 Χ,
651 3762 721 3817 30
739 3758 757 3831 )
775 3759 801 3812 ἲ
823 3755 978 3813 Unde
1005 3766 1157 3822 ergo,
1181 3747 1338 3811 Deus,
1380 3742 1517 3798 Deus
1545 3755 1707 3831 meus,
1728 3736 1912 3792 utauid
1937 3750 2017 3831 me
2062 3732 2158 3789 de-

566 3825 831 3924 reliquisti,
865 3846 966 3902 nisi
995 3844 1117 3915 quia
1144 3842 1199 3895 in
1227 3851 1388 3894 carne
1416 3825 2160 3924 infirmitatis-agnoscebatur

507 3928 519 3939 ’
566 3919 684 4001 νοί
701 3936 1031 4014 peccatoris?
1053 3932 1155 4002 Qui
1177 3932 1320 3986 enim
1345 3924 1578 3994 suscepit
1602 3919 2001 4014 similitudinem
2017 3932 2159 4014 car-

571 4037 656 4091 nis
681 4008 882 4106 peccati
910 4027 1084 4102 (Rom.
1102 4038 1216 4087 vni,
1238 4018 1316 4091 '5),
1339 4032 1436 4073 cur
1465 4030 1571 4070 non
1598 4012 1894 4106 susciperet.
1913 4008 2161 4064 similitu-

572 4101 754 4185 dinem
783 4101 930 4179 vocis
957 4115 1201 4192 peccati?
1229 4110 1481 4169 Occultus
1505 4120 1633 4177 ergo
1675 4105 1817 4160 Deus
1859 4101 2080 4158 deorum
2106 4107 2161 4157 ct

572 4240 693 4282 cum
722 4222 861 4277 inter
889 4215 1133 4273 homines
1162 4204 1471 4269 ambulavit,
1505 4210 1560 4258 et
1595 4214 1718 4255 cum
1755 4195 1977 4254 esurivit
2004 4203 2059 4250 et
2083 4194 2161 4251 si-

573 4318 708 4383 tivit,
744 4323 797 4372 et
821 4327 941 4369 eum
965 4308 1208 4378 fatigatus
1253 4299 1413 4366 sedit,
1444 4305 1500 4353 et
1533 4310 1655 4351 cum
1700 4292 1913 4383 lassate
1938 4303 2164 4361 corpore

573 4382 845 4473 dormivit,
869 4412 1069 4460 etcum
1099 4393 1466 4471 apprehensus
1488 4429 1504 4457 ,
1538 4395 1592 4444 et
1617 4401 1737 4441 cum
1768 4382 2083 4455 ﬂagellatus,
2110 4388 2167 4438 et

576 4517 695 4559 cum
724 4507 847 4553 ante
870 4494 1101 4567 iudicem
1127 4487 1351 4560 positus,
1369 4492 1424 4540 et
1447 4496 1565 4538 cum
1593 4475 1918 4549 superbienti
1943 4488 2169 4544 reSpon-

574 4595 676 4663 dit,
709 4592 834 4647 Non
854 4589 1059 4644 haberes
1086 4587 1141 4640 in
1166 4601 1246 4638 me
1271 4587 1583 4653 potestatem,
1610 4575 1707 4630 nisi
1740 4573 1859 4627 data
1880 4573 2054 4663 fuisset
2072 4570 2165 4625 de-

578 4662 731 4757 super
759 4681 955 4757 (Joan.
979 4693 1097 4745 ιιι,
1126 4676 1188 4731 ll
1222 4674 1242 4746 )
1276 4689 1293 4729 :
1319 4681 1375 4728 et
1397 4668 1536 4741 quod
1557 4667 1747 4723 ductus
1775 4663 1841 4757 ad
1872 4662 2161 4757 victimant,

576 4750 1031 4835 coram‘tondente
1057 4783 1116 4824 se
1139 4780 1247 4822 non
1271 4761 1479 4834 aperuit
1503 4772 1565 4813 os
1582 4771 1738 4812 suum
1767 4751 1918 4828 (Isai.
1949 4767 2058 4819 LIII,
2087 4750 2164 4823 7),

578 4881 635 4927 et
659 4867 798 4941 quod
822 4864 1127 4928 cruciti'sus,
1154 4867 1209 4915 et
1238 4853 1380 4927 quod
1402 4849 1664 4923 sepultus,
1687 4859 1902 4941 semper
1929 4842 2169 4941 occultus

581 4932 728 5018 Deus
776 4957 1016 5013 deorum.
1047 4949 1187 5021 Quid
1213 4954 1395 5018 postea
1424 4955 1585 5014 quam
1630 4935 1954 4994 resurrexit?
1998 4932 2170 4989 Mirati

582 5049 853 5123 discipuli,
870 5055 924 5103 et
949 5044 1122 5117 primo
1142 5044 1160 5075 ⁸
1187 5056 1293 5096 non
1317 5034 1684 5099 crediderunt,
1708 5030 1880 5087 donec
1897 5032 2173 5098 tangerent

584 5156 747 5218 atque
771 5142 1048 5216 palparent
1072 5136 1092 5208 (
1118 5132 1245 5189 Luc.
1273 5147 1399 5188 xxiv
1422 5128 1467 5204 ).
1494 5125 1603 5186 Sed
1626 5139 1754 5182 caro
1779 5127 2171 5186 resurrexerat,

586 5243 712 5314 quia
736 5249 862 5294 caro
888 5241 1098 5289 mortua
1123 5236 1238 5286 erat
1266 5225 1553 5283 :divinitas
1581 5237 1702 5295 quae
1731 5218 1870 5314 mori
1920 5231 2025 5314 non
2073 5229 2173 5314 po-

585 5305 747 5397 terat,
776 5326 951 5385 adhuc
972 5319 1212 5380 etiamin
1252 5333 1413 5375 carne
1461 5311 1789 5383 resurgentis
1829 5308 2046 5365 latebat.
2080 5305 2176 5361 Vi-

589 5424 703 5481 deri
733 5421 902 5476 forma
929 5414 1121 5488 potuit,
1151 5411 1322 5467 teneri
1353 5408 1610 5470 membra,
1629 5402 1838 5477 palpari
1857 5399 2134 5458 cicatrices
2158 5412 2173 5450 :

591 5516 826 5571 Verbum
854 5525 949 5582 per
968 5506 1109 5579 quod
1156 5503 1291 5560 facta
1319 5508 1444 5559 sunt
1482 5499 1682 5561 omnia,
1714 5496 1833 5566 quis
1856 5492 2036 5549 videt?
2058 5489 2178 5563 quis

591 5602 921 5676 tenet?quis
948 5598 1159 5672 palpet?
1216 5597 1280 5651 Et
1326 5605 1501 5649 tamen
1553 5588 1786 5643 Verbum
1826 5600 1954 5641 caro
1980 5585 2179 5676 factum

593 5706 694 5764 est,
721 5706 776 5752 ct
802 5674 1057 5750 habitavit
1081 5690 1134 5745 in
1162 5685 1318 5742 nobis
1343 5681 1521 5756 (Joan.
1549 5696 1588 5747 ι,
1621 5678 1730 5749 li).
1760 5678 1827 5733 Et
1849 5679 1939 5747 qui
1968 5674 2182 5731 tenebat

658 5832 675 5902 ξ
709 5828 948 5955 Belgicus.
976 5864 989 5879 .
1008 5824 1098 5892 Qui
1118 5830 1426 5895 posteaquam
1445 5814 1746 5903 resurrexit,
1769 5813 1934 5867 mirati
1956 5808 2185 5882 discipuli

658 5905 785 5955 "non

594 5905 785 5989 primo"

1778 368 1838 431 S.
1874 360 2249 430 AUGUSTINI
2282 364 2591 429 EPISCOPI

2234 482 2506 542 hominem
2523 484 2776 553 Thomas,
2803 483 3128 557 intelligebat
3159 492 3220 541 ut
3243 492 3454 556 poterat
3475 483 3667 541 Deum.
3695 482 3814 540 Pal-

2228 578 2366 649 patis
2385 580 2527 635 enim
2552 579 2907 644 cicatricibus,
2932 578 3250 635 exclamavit
3277 595 3291 632 :
3318 577 3567 634 Dominus
3606 592 3748 633 meus
3767 586 3817 633 et

2230 667 2371 725 Deus
2391 687 2530 726 meus
2553 671 2726 743 (Joan.
2759 686 2853 737 xx,
2869 670 2986 743 28).
3009 669 3333 727 Ostendebat
3360 680 3537 726 tamen
3562 670 3820 726 Dominus

2232 776 2350 818 eam
2381 762 2603 819 formam
2625 804 2640 829 ,
2682 778 2908 835 eamque
2952 778 3168 820 carnem
3195 770 3354 834 quam
3392 762 3447 819 in
3484 777 3647 819 cruce
3674 762 3819 821 vide-

2233 862 2372 921 rant,
2399 870 2519 925 quae
2542 855 2597 910 in
2622 857 2890 926 sepultura
2925 857 3098 928 posita
3140 855 3329 913 fuerat.
3375 856 3525 913 Fecit
3551 857 3571 890 ¹
3595 872 3720 913 cum
3742 858 3820 915 eis

2235 946 2579 1017 quadraginta
2607 947 2740 1004 dies.
2768 947 2948 1020 lmpiis
2970 948 3168 1005 Judzeis
3186 963 3295 1005 non
3314 962 3376 1005 se
3401 947 3817 1006 demonstravit:

2235 1039 2341 1095 illis
2363 1040 2747 1097 demonstravit
2769 1056 2846 1107 se,
2866 1043 2955 1113 qui
2975 1043 3027 1098 in
3041 1057 3163 1098 eum
3180 1041 3517 1098 crediderant
3535 1049 3822 1112 antequam

2235 1132 2667 1202 cruciﬁgeretur;
2700 1141 2757 1189 ut
2795 1150 2931 1205 quos
2962 1134 3249 1191 cruciﬁxus
3271 1135 3550 1191 dimiserat
3587 1133 3822 1189 tituban-

2236 1230 2339 1290 tes,
2370 1239 2654 1296 resurgens
2682 1223 2894 1294 (faeeret
2940 1226 3123 1283 fortes.
3178 1226 3381 1284 Deinde
3418 1225 3824 1297 quadragesimo
3868 1250 3869 1253 η

2237 1314 2325 1371 die
2352 1316 2735 1372 commendans
2776 1318 3069 1374 Ecclesiam
3113 1333 3288 1388 suam,
3343 1319 3397 1374 id
3442 1328 3529 1375 est
3572 1327 3822 1375 vocatam

2237 1415 2436 1463 terram
2463 1424 2495 1463 a
2518 1409 2648 1464 solis
2686 1417 2809 1465 ortu
2833 1426 3004 1481 usque
3046 1410 3112 1465 ad
3138 1425 3417 1477 occasum,
3451 1425 3520 1466 ne
3566 1410 3826 1465 haberent

2237 1501 2630 1557 excusationem
2656 1503 2744 1573 qui
2770 1502 2956 1557 volunt
2979 1502 3033 1555 in
3053 1500 3339 1557 schismate
3361 1501 3624 1571 deperire,
3641 1515 3829 1556 ascen-

2238 1591 2317 1649 dit
2343 1592 2395 1647 in
2422 1592 2639 1661 caelum,
2670 1592 2853 1649 dicens
2878 1593 2978 1661 eis,
3022 1592 3181 1646 Erilis
3211 1592 3337 1646 mihi
3369 1601 3513 1648 testes
3537 1592 3593 1646 in
3618 1592 3829 1647 Jerusa-

2242 1683 2359 1755 lem(
2392 1684 2534 1740 unde
2561 1685 2747 1757 species
2776 1685 2969 1739 decoris
2998 1683 3153 1756 ejus),
3176 1694 3225 1739 et
3253 1685 3307 1738 in
3337 1695 3491 1739 totam
3517 1683 3759 1740 Judteam
3782 1695 3827 1743 et

2243 1774 2555 1845 Samariam,
2581 1787 2627 1830 et
2653 1791 2810 1847 usque
2845 1777 2899 1831 in
2926 1786 3082 1831 totam
3114 1786 3318 1831 terram.
3352 1777 3446 1833 His
3480 1778 3625 1834 enim
3649 1778 3824 1848 dictis,

2243 1869 2414 1925 nubes
2440 1870 2675 1940 suscepit
2693 1885 2836 1925 eum.
2868 1870 3215 1926 lntuebantur
3238 1871 3315 1926 illi
3338 1886 3496 1942 quem
3522 1881 3783 1928 noverant
3807 1889 3826 1931 :

2243 1970 2506 2017 noverant
2542 1970 2722 2018 tamen
2751 1963 2805 2017 in
2832 1961 3165 2030 humilitate,
3198 1964 3434 2021 nondum
3467 1964 3523 2019 in
3568 1964 3826 2022 claritate.

2245 2054 2460 2110 Etcum
2502 2057 2572 2112 ab
2611 2056 2690 2112 eis
2732 2056 2835 2112 iret
2875 2057 2927 2111 in
2968 2057 3185 2125 calum,
3238 2057 3495 2114 admoniti
3533 2068 3659 2115 sunt
3704 2075 3832 2118 voce

2246 2147 2486 2216 angelica
2510 2147 2758 2204 dicente:
2790 2147 2926 2215 Quid
2965 2149 3129 2217 statis,
3160 2149 3256 2204 uiri
3277 2148 3521 2206 Galilei?
3549 2150 3653 2206 Hic
3679 2151 3828 2208 Iesus

2246 2256 2392 2311 quem
2421 2240 2599 2295 uidetis
2629 2240 2726 2306 ire,
2752 2240 2827 2294 sic
2851 2241 3011 2295 ueniet
3042 2240 3466 2311 quemadmodum
3507 2243 3704 2299 vidiuis
3727 2261 3834 2298 eum

2247 2340 2443 2386 euntem
2469 2332 2521 2386 in
2547 2331 2748 2386 caelum.
2802 2332 3061 2388 Ascendit
3082 2347 3211 2403 ergo
3229 2322 3248 2385 ἰ
3279 2334 3511 2404 regressi
3546 2334 3624 2389 illi
3652 2335 3836 2390 lmtan-

2248 2431 2360 2490 tes,
2408 2432 2716 2479 manserunt
2761 2423 2816 2478 in
2860 2423 3095 2491 civitate,
3145 2423 3437 2480 secundum
3477 2426 3594 2495 ejus
3640 2440 3837 2496 praece-

2247 2523 2420 2587 ptum,
2445 2515 2613 2571 donec
2638 2515 2989 2587 implerentur
3010 2515 3209 2587 Spiritu
3233 2525 3416 2572 sancto
3440 2516 3572 2589 (Act.
3600 2533 3638 2583 ι,
3657 2518 3836 2591 5-12).

2249 2607 2386 2679 Quid
2410 2618 2588 2664 autem
2609 2607 2809 2664 dictum
2846 2617 2964 2664 erat
2989 2608 3210 2664 Thomas
3248 2608 3517 2679 palpanti?
3547 2608 3684 2677 Quia
3712 2610 3841 2664 uidi-

2249 2701 2335 2764 sti,
2366 2700 2623 2755 credidisti
2641 2715 2660 2765 ;
2679 2700 2808 2755 beati
2835 2701 2921 2772 qui
2948 2717 3050 2755 non
3077 2700 3266 2767 vident,
3300 2708 3349 2755 et
3375 2701 3583 2755 credunt
3605 2703 3626 2733 ³
3661 2699 3837 2771 (Joan.

2253 2807 2349 2860 xx,
2375 2790 2493 2863 29).
2534 2791 2783 2848 Priedicti
2827 2806 3033 2848 sumus.
3084 2791 3254 2848 Terra
3294 2793 3384 2847 illa
3426 2800 3612 2848 vocata
3639 2806 3672 2846 a
3718 2792 3842 2849 solis

2252 2892 2375 2939 ortu
2401 2899 2571 2955 usque
2593 2884 2660 2939 ad
2684 2897 2933 2940 occasum
2959 2898 3067 2939 non
3093 2883 3258 2952 videt,
3280 2892 3335 2940 et
3357 2883 3546 2940 credit.
3589 2881 3843 2940 Occultus

2254 2988 2384 3047 ergo
2410 2975 2551 3030 Deus
2575 2974 2821 3044 deorum,
2848 2983 2903 3031 et
2922 2975 3000 3030 eis
3025 2975 3166 3030 inter
3191 2989 3328 3046 quos
3340 2974 3649 3042 ambulavit,
3691 2985 3750 3031 et
3768 2974 3844 3032 eis

2254 3082 2287 3123 ι
2311 3066 2505 3140 quibus
2531 3067 2821 3123 cruciﬁxus
2845 3075 2959 3135 est,
2986 3074 3042 3122 et
3067 3067 3146 3122 eis
3174 3065 3243 3121 ad
3274 3079 3502 3138 quorum
3545 3067 3736 3140 oculos
3760 3082 3844 3123 re-

2256 3137 2509 3226 surrexit,
2548 3166 2604 3214 et
2649 3158 2802 3215 nobis
2839 3159 2931 3229 qui
2974 3158 3242 3215 credimus
3284 3137 3341 3215 in
3380 3158 3518 3215 caelo
3545 3137 3844 3229 sedentem,

2255 3266 2417 3323 quem
2439 3265 2545 3305 non
2574 3249 2807 3306 vidimus
2831 3250 2886 3304 in
2918 3259 3059 3305 terra
3084 3248 3467 3307 ambulantem.
3499 3249 3606 3307 Sed
3634 3252 3742 3307 etsi
3766 3250 3846 3307 vi-

2257 3342 2528 3408 deremus,
2556 3356 2737 3397 nonne
2770 3341 2872 3397 boc
2906 3342 3213 3399 videremus
3229 3342 3373 3414 quod
3403 3342 3574 3400 Judaei
3601 3343 3851 3400 viderunt

2258 3443 2317 3491 et
2336 3434 2752 3490 cruciﬁxerunt?
2774 3433 2898 3489 Plus
2919 3443 3003 3490 est
3017 3434 3160 3506 quod
3187 3449 3295 3490 non
3316 3433 3563 3491 videntes
3576 3432 3847 3492 Christum

2259 3526 2530 3583 credimus
2560 3527 2751 3595 Deum,
2771 3541 2928 3597 quam
2957 3526 3100 3597 quod
3132 3526 3207 3582 illi
3236 3525 3477 3584 videntes
3501 3528 3724 3584 nonnisi
3751 3526 3850 3585 be-

2260 3618 2462 3674 minem
2506 3625 2842 3689 putaverunt.
2876 3618 2956 3673 llli
2982 3617 3213 3689 denique
3248 3619 3389 3675 male
3426 3618 3665 3690 putando
3705 3634 3851 3677 mor-

2262 3712 2618 3777 tiﬁcaverunt,
2640 3725 2741 3766 nos
2766 3711 2905 3767 bene
2929 3710 3199 3767 credendo
3217 3711 3565 3768 vivilicamur.

2335 3804 2391 3858 6.
2422 3802 2573 3875 [vcrs.
2614 3801 2694 3875 5.]
2722 3801 2862 3871 Quid
2885 3816 3036 3874 ergo,
3064 3801 3406 3859 lratres?.llle
3438 3803 3579 3860 Deus
3606 3804 3848 3872 deorum,

2263 3904 2322 3952 et
2341 3902 2466 3950 tunc
2494 3894 2757 3962 occultus,
2789 3903 2844 3950 et
2880 3892 3042 3950 modo
3066 3893 3327 3961 occultus,
3356 3893 3613 3966 numquid
3643 3910 3857 3968 semper

2266 3988 2541 4046 occultus?
2576 3987 2692 4044 Non
2720 3988 2920 4059 plane:
2948 3988 3073 4045 audi
3107 3989 3383 4059 sequentia
3412 4006 3427 4044 :
3455 3987 3594 4044 Deus
3641 3993 3859 4064 manife-

2266 4091 2374 4137 stus
2398 4081 2578 4136 veniet.
2619 4081 2720 4147 Qui
2767 4080 2914 4136 venit
2954 4081 3224 4159 occultus,
3269 4080 3448 4137 veniet
3488 4081 3856 4143 manifestus:

2267 4177 2417 4233 venit
2441 4175 2680 4233 occultus
2704 4173 3045 4245 iudicandus,
3074 4174 3254 4231 veniet
3295 4173 3611 4231 manifest
3647 4175 3859 4246 judica-

2269 4276 2451 4335 turus;
2528 4267 2676 4323 venit
2753 4266 2994 4322 occultus
3052 4274 3111 4321 ut
3170 4275 3296 4323 ante
3361 4265 3597 4337 judicent
3652 4276 3858 4337 staret,

2269 4362 2450 4418 veniet
2500 4358 2814 4415 manifestus
2868 4366 2929 4413 ut
2969 4358 3130 4414 etiam
3178 4357 3247 4415 de
3292 4356 3560 4429 iudicibus
3610 4358 3860 4429 iudicet:

2280 4454 2456 4509 Veniet
2501 4453 2799 4524 manifestus
2839 4460 2887 4506 et
2937 4468 3040 4506 non
3077 4452 3261 4507 silebit.
3307 4450 3444 4521 Quid
3469 4452 3666 4508 enim?
3702 4452 3863 4510 modo

2272 4548 2432 4605 silet?
2473 4548 2541 4602 Et
2582 4546 2723 4602 unde
2769 4554 2893 4601 sunt
2938 4559 3059 4615 quae
3103 4544 3374 4600 dicimus?
3403 4544 3544 4600 unde
3589 4545 3697 4601 ista
3725 4561 3865 4617 prae

2273 4642 2461 4713 cepta?
2496 4640 2635 4695 unde
2686 4640 2789 4695 ista
2826 4637 3066 4695 monita?
3107 4637 3248 4693 unde
3293 4638 3394 4693 ista
3427 4638 3552 4693 tuba
3601 4637 3867 4695 terroris?

2273 4735 2389 4792 Non
2415 4734 2559 4801 silet,
2588 4741 2647 4789 et
2669 4732 2791 4789 silet
2817 4749 2831 4786 :
2856 4746 2962 4787 non
2990 4730 3115 4788 silet
3154 4745 3185 4785 a
3214 4729 3504 4797 monendo,
3538 4730 3663 4787 silet
3688 4747 3723 4787 a
3751 4733 3871 4787 vin-

2274 4826 2533 4893 dicando;
2567 4840 2673 4882 non
2705 4824 2831 4879 silet
2866 4838 2898 4878 a
2941 4832 3234 4893 praecepto,
3260 4822 3383 4879 silet
3409 4837 3441 4876 a
3460 4820 3686 4892 judicio.
3722 4822 3871 4879 Pati-

2274 4928 2362 4976 tur
2389 4918 2531 4973 enim
2555 4922 2863 4987 peccatores
2903 4912 3140 4984 quotidie
3181 4912 3320 4968 mala
3364 4909 3663 4977 facientes,
3699 4914 3872 4971 Deum

2275 5026 2384 5070 non
2414 5019 2683 5075 curantes,
2728 5022 2839 5064 non
2880 5006 2932 5061 in
2971 5004 3296 5061 conscientia
3336 5018 3451 5071 sua,
3482 5020 3590 5061 non
3622 5006 3680 5060 in
3707 5005 3871 5075 celo,

2277 5121 2385 5163 non
2411 5106 2629 5161 interra
2654 5121 2669 5158 :
2695 5116 2801 5158 non
2818 5115 2941 5157 eum
2967 5100 3133 5156 latent
3148 5099 3263 5155 haec
3290 5099 3490 5167 omnia,
3512 5106 3569 5155 et
3593 5100 3877 5156 universa-

2281 5202 2404 5259 liter
2431 5214 2621 5258 omnes
2666 5196 2941 5263 admonet,
2964 5202 3021 5251 et
3043 5193 3256 5265 quando
3298 5193 3507 5263 aliquos
3535 5192 3781 5263 ﬂagellat
3822 5194 3879 5248 in

2283 5303 2449 5361 terra,
2481 5290 2774 5349 admonitio
2798 5296 2899 5356 est,
2920 5286 3156 5343 nondum
3185 5284 3479 5341 damnatio.
3504 5284 3642 5341 Silet
3688 5300 3822 5357 ergo
3848 5299 3881 5341 ε

2278 5385 2502 5458 judicio,
2526 5382 2766 5441 occultus
2795 5381 2849 5436 in
2888 5380 3027 5436 ctelo
3075 5387 3180 5443 est,
3223 5376 3397 5433 adhuc
3442 5377 3757 5446 interpellat
3786 5392 3885 5449 pro

2285 5480 2442 5538 nobis
2472 5495 2486 5531 :
2514 5476 2720 5545 patiens
2746 5482 2831 5529 est
2869 5486 3035 5543 super
3064 5477 3372 5541 peccatores
3392 5510 3409 5537 ,
3456 5482 3563 5524 non
3607 5482 3885 5525 exercens

2286 5571 2442 5633 iram.
2467 5566 2564 5623 sed
2588 5573 2904 5635 exspectans
2952 5560 3337 5633 ptenitentiam.
3386 5560 3523 5616 Dicit
3564 5560 3674 5616 alio
3717 5561 3886 5618 loco:

2351 5685 2368 5716 ί
2403 5680 2540 5740 add,
2564 5680 2670 5744 fuit.
2697 5685 2753 5730 At
2767 5690 2942 5728 omnes
2972 5682 3098 5737 Mss,
3120 5675 3264 5739 fecit;
3288 5687 3384 5726 nec
3405 5672 3561 5733 male,
3588 5686 3683 5736 pro
3723 5679 3891 5726 trans-

2284 5756 2379 5841 e91:
2384 5780 2537 5855 .Mda
2566 5803 2701 5872 acati
2736 5802 2820 5867 qui
2842 5817 2933 5872 non
2973 5800 3196 5854 uiderunt
3216 5807 3263 5852 et
3299 5796 3637 5852 crediderunt.
3665 5803 3728 5853 At
3759 5804 3898 5872 id...

2291 5871 2375 5941 qui
2396 5882 2488 5924 non
2509 5869 2669 5923 rident
2693 5873 2737 5925 ct
2754 5867 2973 5923 credunt.
