4042 6484
236 384 337 451 569

233 503 412 574 Tacui,
437 503 697 577 nmquid
705 521 903 580 semper
917 505 1088 563 tacebo
1107 503 1263 579 (lsai.
1283 520 1417 574 xm,
1446 504 1576 576 l4)?
1600 503 1825 572 Quando

235 615 357 673 ergo
386 616 499 657 non
524 602 743 669 tacebit,
785 601 927 658 Deus
965 603 1262 676 manifestus
1292 600 1467 655 ueniet.
1492 598 1621 679 Quis
1649 596 1828 654 Deus?

235 692 369 747 Deus
398 707 591 749 noster.
616 694 684 750 Et
708 694 822 765 ipse
848 694 1013 755 Deus.
1044 694 1134 754 oui
1161 695 1301 749 Deus
1328 700 1538 748 noster:
1558 706 1662 745 non
1684 690 1827 745 enim

234 787 372 842 Deus
401 793 505 851 est,
540 788 633 857 qui
666 803 772 843 non
799 799 881 845 est
909 797 1095 845 noster
1121 789 1281 844 Deus.
1313 785 1391 841 Dii
1409 785 1551 842 enim
1575 783 1827 840 Gentium

234 878 498 934 daemonia
522 895 539 933 :
572 880 713 935 Deus
733 881 1181 949 Christianorum,
1202 896 1379 936 verus
1408 880 1568 936 Deus.
1596 878 1712 949 Ipse
1731 892 1825 933 ve-

235 970 360 1037 niet,
392 970 490 1026 sed
513 970 855 1037 manifestus,
887 988 995 1028 non
1023 972 1198 1029 adhuc
1240 970 1564 1036 illudendus,
1598 985 1704 1025 non
1732 968 1828 1025 ad-

235 1060 335 1117 huc
364 1062 736 1134 exalapandus
764 1074 819 1120 et
838 1063 1221 1136 flagellandus;
1248 1064 1448 1130 veniet,
1481 1061 1577 1118 sed
1607 1060 1828 1116 manife-

235 1162 366 1221 stus,
397 1170 507 1210 non
546 1154 723 1212 adhuc
748 1156 953 1213 calamo
991 1157 1045 1213 iu
1082 1158 1255 1227 capite
1282 1153 1677 1229 percutiendus,
1718 1167 1829 1208 non

234 1248 408 1305 adhuc
436 1251 864 1324 erucifigendus,
911 1253 1257 1321 occidendus,
1307 1247 1828 1323 sepeliendus:quia

235 1341 346 1398 haec
374 1344 558 1399 omnia
598 1346 841 1402 occultus
870 1345 1016 1403 Deus
1038 1346 1146 1419 pati
1174 1344 1360 1402 voluit.
1416 1342 1586 1399 Veniet
1612 1340 1829 1412 manife-

235 1443 358 1501 stus,
387 1445 438 1492 et
458 1453 563 1491 non
582 1436 763 1493 silebit.

301 1529 354 1585 7.
395 1528 533 1597 Quia
565 1544 695 1586 vero
722 1529 788 1586 ad
806 1530 1065 1601 judicium
1084 1531 1286 1598 veniet,
1308 1530 1586 1600 sequentia
1607 1526 1818 1581 docent.

234 1618 371 1688 Ignis
399 1630 528 1677 ante
578 1636 700 1676 eum
732 1621 981 1693 pracibit(
1014 1621 1161 1676 Psal.
1192 1637 1342 1687 xcvr,
1367 1622 1402 1676 5
1430 1618 1468 1692 ).
1507 1619 1781 1674 Timemus
1801 1616 1826 1668 ?

235 1711 519 1780 Mutemur,
566 1721 623 1767 et
667 1729 773 1769 non
813 1714 1137 1770 timebimus.
1188 1713 1367 1785 Ignem
1412 1712 1561 1782 palea
1595 1711 1820 1765 timeat:

233 1820 360 1859 auro
410 1805 543 1877 quid
595 1806 754 1862 facit?
784 1807 880 1862 Est
903 1818 1083 1863 autem
1125 1823 1268 1863 nunc
1314 1807 1369 1860 in
1399 1810 1663 1876 potestate
1696 1800 1824 1874 quid

233 1897 412 1965 facias,
442 1916 515 1955 ne
544 1900 672 1954 illud
703 1900 845 1971 quod
869 1908 924 1956 et
942 1908 995 1956 te
1012 1900 1229 1955 nolente
1255 1906 1538 1955 venturum
1566 1905 1650 1952 est
1668 1938 1681 1961 ,
1714 1910 1822 1950 non

232 1999 508 2044 correctus
539 1991 853 2060 experieris.
882 1991 938 2047 Si
965 1991 1107 2047 enim
1154 2004 1436 2062 possemus
1479 1988 1676 2053 facere,
1709 1987 1821 2043 fra-

234 2094 360 2147 tres,
389 2092 451 2137 ut
480 2082 599 2138 dies
620 2083 807 2154 judicii
835 2098 943 2140 non
973 2084 1219 2150 veniret,
1261 2092 1393 2155 puto
1423 2084 1547 2154 quia
1601 2095 1700 2136 nec
1743 2080 1822 2136 sic

231 2176 509 2231 eratmale
534 2177 840 2234 vivendum.
888 2178 943 2234 Si
975 2194 1081 2233 non
1107 2179 1313 2234 veniret
1343 2177 1480 2249 ignis
1502 2177 1590 2232 die
1610 2175 1817 2246 judicii,

229 2276 279 2322 et
302 2267 418 2323 sola
448 2254 835 2338 peccatoribus
853 2269 1157 2325 immineret
1181 2270 1447 2340 separatio
1465 2284 1495 2324 a
1536 2267 1673 2323 facie
1698 2266 1816 2335 Dei,

228 2361 278 2415 in
319 2362 563 2432 qualibet
590 2370 773 2419 essent
796 2363 1068 2420 afﬂuentia
1105 2363 1415 2420 deliciarum
1441 2405 1456 2429 ,
1488 2379 1592 2417 non
1623 2362 1815 2416 viden-

228 2461 306 2509 tes
328 2469 357 2506 a
386 2469 495 2526 quo
542 2456 708 2511 creati
750 2465 894 2523 sunt,
927 2465 985 2511 et
1020 2458 1251 2527 separati
1284 2458 1352 2511 ab
1395 2456 1482 2511 illa
1528 2456 1816 2512 dulcedine

227 2544 509 2602 ineﬂ‘abilis
536 2548 716 2602 vultus
741 2548 877 2618 ejus,
908 2549 961 2604 in
989 2549 1226 2619 qualibet
1249 2548 1547 2605 aeternitate
1562 2557 1618 2604 et
1645 2548 1820 2620 impu-

227 2636 387 2691 nitate
416 2638 645 2707 peccati,
666 2638 917 2708 plangere
936 2654 996 2696 se
1016 2639 1291 2698 deberent.
1321 2640 1428 2697 Sed
1450 2642 1575 2712 quid
1604 2642 1815 2713 loquar,

225 2743 311 2786 aut
362 2732 558 2803 quibus
595 2733 821 2804 loquar?
852 2733 977 2790 llme
1018 2735 1321 2791 amantibus
1368 2751 1525 2806 pmna
1552 2744 1673 2805 est,
1706 2751 1817 2792 non

224 2826 711 2882 contemnentibus.
741 2826 839 2894 Qui
870 2826 1207 2884 dulcedinem
1229 2828 1505 2899 sapientia:
1533 2838 1589 2885 et
1614 2829 1815 2885 verita-

225 2916 291 2971 tis
314 2926 605 2989 utcumque
634 2920 835 2976 sentire
864 2931 1166 2991 coeperunt,
1197 2929 1462 2977 noverunt
1500 2922 1641 2993 quod
1668 2922 1812 2991 dico,

224 3018 420 3078 quanta
451 3024 609 3079 paena
656 3010 726 3064 sit
764 3012 1131 3067 tantummodo
1158 3029 1188 3067 a
1228 3012 1363 3067 facie
1392 3011 1491 3068 Dei
1530 3013 1767 3083 separari
1796 3031 1810 3069 :

225 3101 309 3171 qui
335 3109 516 3156 autem
547 3101 692 3156 illam
720 3101 1059 3159 dulcedinem
1084 3118 1190 3159 non
1211 3112 1577 3175 gustaverunt,
1606 3105 1652 3161 si
1676 3121 1815 3161 non-

224 3194 348 3249 dum
377 3194 689 3251 desiderant
712 3196 807 3252 Dei
830 3196 1041 3264 faciem,
1068 3198 1292 3254 timeant
1319 3199 1404 3254 vel
1444 3199 1657 3271 ignem;
1681 3216 1806 3270 sup-

222 3286 379 3356 plicia
402 3295 639 3342 terreant
664 3304 822 3359 quem
864 3289 1081 3359 praemia
1133 3306 1237 3344 non
1288 3289 1529 3346 invitant.
1562 3291 1679 3348 Vile
1720 3294 1812 3350 tibi

223 3389 303 3435 est
331 3379 477 3449 quod
504 3380 647 3435 Deus
674 3380 973 3450 pollicetur,
1004 3383 1359 3439 contremisce
1382 3384 1524 3454 quod
1554 3385 1806 3442 minatur.

221 3468 412 3526 Veniet
437 3470 667 3527 dulcedo
706 3472 1036 3542 prmsentize;
1064 3490 1168 3529 non
1205 3475 1449 3543 mutaris,
1478 3491 1584 3532 non
1616 3478 1813 3533 excita-

218 3562 311 3628 ris,
341 3578 449 3617 non
477 3563 736 3633 suspiras,
769 3579 874 3619 non
897 3564 1172 3622 desideras
1205 3584 1220 3621 :
1248 3567 1569 3637 amplexaris
1594 3579 1811 3639 peccata

221 3666 304 3711 tua
342 3664 399 3712 et
433 3656 655 3713 delicias
691 3657 870 3713 carnis
899 3665 1024 3727 tum,
1055 3659 1304 3730 stipulam
1336 3659 1404 3714 ad
1449 3669 1501 3717 te
1541 3664 1809 3734 congeris,

218 3749 400 3804 veniet
424 3750 583 3821 ignis.
625 3747 773 3822 Ignis
800 3752 854 3806 in
881 3763 1152 3824 conspectu
1174 3753 1287 3826 ejus
1312 3754 1528 3809 ardebit.
1568 3755 1685 3813 Non
1711 3759 1814 3814 erit

218 3841 316 3897 iste
346 3840 490 3912 ignis
517 3841 656 3899 sicut
680 3842 833 3899 focus
860 3854 1016 3911 tuus;
1044 3860 1149 3915 quo
1171 3852 1350 3901 tamen
1379 3847 1424 3902 si
1446 3863 1663 3904 manum
1688 3850 1815 3907 mit-

218 3942 333 3991 tere
379 3935 608 4006 cogaris.
639 3934 802 3992 facies
826 3936 1083 4008 quidquid
1111 3938 1338 3993 voluerit
1374 3938 1466 4009 qui
1501 3939 1603 3997 hoc
1642 3943 1815 3999 mina-

218 4035 321 4081 tur.
377 4026 432 4083 Si
474 4027 571 4081 tibi
617 4026 785 4095 dicat,
837 4027 1025 4084 Scribe
1053 4038 1237 4084 contra
1284 4040 1441 4101 caput
1494 4033 1659 4103 patris
1716 4035 1808 4105 tui,

217 4119 392 4175 scribe
416 4129 603 4175 contra
633 4120 805 4191 capita
830 4120 1063 4176 filiorum
1093 4130 1341 4191 tuorum;
1372 4139 1495 4180 nam
1522 4126 1566 4181 si
1606 4142 1713 4183 non
1737 4126 1816 4184 fe-

216 4211 380 4278 ceris,
412 4226 633 4266 manum
665 4222 810 4267 tuam
856 4213 1011 4268 mitto
1041 4213 1094 4267 in
1119 4212 1294 4269 focum
1329 4224 1515 4270 tuum:
1549 4216 1712 4273 facies
1743 4236 1813 4277 ne

214 4302 615 4358 ardeat-manus
647 4311 768 4370 tua,
805 4319 875 4361 ne
911 4304 1098 4361 ardeat
1140 4304 1207 4360 ad
1246 4314 1459 4377 tempus
1505 4309 1810 4367 membrum

216 4403 366 4451 tuum
394 4438 410 4463 ,
450 4412 558 4451 non
590 4411 804 4467 semper
831 4398 884 4453 in
911 4397 1096 4454 dolore
1123 4396 1379 4454 futurum.
1427 4399 1655 4457 Minatur
1680 4418 1811 4475 ergo

217 4479 468 4544 inimicus
497 4497 604 4544 tam
636 4489 761 4545 leve
786 4490 983 4545 malum
1002 4532 1017 4556 ,
1048 4499 1102 4546 et
1129 4490 1261 4547 facis
1291 4492 1493 4546 malum
1527 4508 1541 4546 :
1576 4494 1811 4551 minatur

214 4579 359 4636 Deus
383 4588 645 4636 aeternum
686 4580 907 4647 malum,
940 4591 994 4639 et
1017 4598 1126 4639 non
1156 4584 1289 4640 facis
1315 4584 1545 4641 bonum!
1575 4586 1658 4641 Ad
1690 4602 1809 4643 ma-

214 4672 326 4729 lum
361 4673 664 4730 faciendum
692 4690 794 4731 nec
832 4677 991 4731 mina:
1027 4687 1077 4732 te
1092 4677 1416 4747 compellere
1444 4678 1703 4735 deberent
1732 4698 1746 4735 :
1775 4696 1809 4738 a

208 4765 355 4824 bono
399 4768 644 4826 faciendo
681 4782 782 4824 nec
821 4768 980 4823 mina:
1010 4777 1063 4825 te
1091 4769 1366 4826 deterrere
1400 4769 1674 4826 deberent.
1708 4771 1808 4827 Mi-

208 4863 293 4920 nis
314 4872 497 4919 autem
528 4862 649 4929 Dei,
682 4861 842 4917 minis
869 4863 1057 4917 aeterni
1082 4862 1218 4933 ignis
1248 4863 1549 4933 prohiberis
1587 4880 1616 4919 a
1644 4865 1806 4931 malo,

208 4954 455 5012 imitaris
483 4956 552 5011 ad
575 4955 792 5011 bonum.
824 4953 973 5011 Unde
991 4956 1153 5027 piget,
1177 4955 1282 5011 nisi
1307 4957 1430 5027 quia
1457 4971 1561 5011 non
1596 4956 1808 5013 credis?

209 5050 462 5107 Excutiat
486 5063 617 5120 ergo
645 5048 1016 5119 unusquisque
1059 5063 1153 5103 cor
1177 5063 1355 5117 suum,
1394 5057 1448 5104 et
1482 5048 1660 5104 videat
1680 5049 1806 5121 quid

207 5144 278 5198 ibi
307 5141 443 5197 fides
469 5148 653 5197 teneat
679 5140 721 5194 ί.
742 5138 797 5195 Si
816 5138 1083 5195 credimus
1114 5139 1352 5195 futurum
1376 5139 1670 5210 judicium,
1697 5140 1808 5197 fra-

207 5243 342 5303 tres,
372 5234 509 5289 bene
540 5232 803 5288 vivamus.
834 5231 1068 5302 Tempus
1096 5231 1481 5288 misericordim
1514 5249 1656 5288 nunc
1697 5242 1802 5300 est,

206 5337 424 5398 tempus
446 5324 634 5396 judicii
660 5333 786 5379 tunc
820 5323 943 5379 erit.
994 5323 1163 5379 Nemo
1192 5322 1351 5379 dicet.
1384 5322 1596 5379 Revoca
1625 5340 1712 5379 me
1736 5323 1807 5383 ad

204 5426 421 5493 priores
440 5434 627 5476 annos.
663 5419 951 5476 Penitebit
969 5428 1023 5475 et
1049 5426 1196 5487 tunc,
1224 5419 1318 5475 sed
1350 5419 1543 5476 frustra
1577 5420 1801 5490 poenite-

118 5556 123 5561 .
200 5516 283 5572 bit
344 5532 359 5568 :
409 5511 574 5569 modo
616 5512 894 5582 pmniteat,
948 5526 1073 5567 cum
1114 5509 1319 5566 fructus
1348 5520 1432 5566 est
1477 5511 1800 5581 pcenitendi;

196 5604 366 5661 modo
402 5606 725 5662 adhibeatur
773 5603 840 5659 ad
866 5603 1074 5660 radices
1123 5602 1330 5659 arboris
1369 5602 1633 5674 cophinus
1658 5611 1800 5659 ster-

203 5700 381 5767 coris,
431 5699 608 5756 cordis
641 5699 818 5754 Iuctus
860 5706 915 5752 et
959 5696 1340 5768 lacrymarum,
1382 5711 1452 5750 ne
1490 5695 1667 5751 veniat
1695 5698 1715 5728 ³
1745 5706 1802 5754 ει

265 5820 285 5883 t
326 5817 635 5883 Plurestttssq
655 5814 785 5883 quid
803 5813 870 5865 ibi
891 5812 1009 5878 ﬁdei
1025 5818 1164 5883 terget.

264 5882 290 5933 ἓ
325 5880 461 5947 att,
478 5894 536 5932 ne
561 5875 717 5950 veniat
736 5875 900 5939 ventus
917 5883 962 5931 ct
976 5875 1204 5933 eradicet.
1232 5875 1379 5929 Abest
1401 5879 1561 5933 ventus
1582 5888 1611 5935 a
1632 5883 1734 5933 Mss.
1808 5950 1809 5955 γ

1321 378 1717 441 ENARRATIO
1752 377 1824 438 IN
1858 378 2182 444 PSALMUH
2216 383 2406 444 XLIX.

3416 402 3521 464 570

1933 505 2169 601 eradicet
2198 506 2220 580 (
2247 506 2374 566 Luc.
2399 511 2515 579 xlu,
2546 511 2646 585 8).
2686 514 2819 574 Cum
2842 522 2986 578 enim
3009 521 3221 582 eradica
3232 524 3386 597 verit,
3408 530 3523 601 jam

1933 596 2071 670 ignis
2096 611 2455 671 exspectatur.
2486 604 2640 675 Modo
2668 610 2769 667 etsi
2795 611 2956 670 fracti
2971 629 3096 674 sunt
3120 623 3278 687 rami,
3298 596 3523 692 possunt

1933 704 2119 747 rursus
2149 694 2349 749 inseri:
2382 705 2507 753 tunc
2552 704 2727 757 omnis
2751 703 2912 760 arbor
2938 724 3056 777 qua:
3094 726 3198 766 non
3247 712 3373 769 facit
3413 714 3521 771 ἴτυς

1933 791 2076 838 ctum
2105 784 2323 854 bonum,
2349 789 2643 860 excidetur,
2670 802 2726 849 et
2753 794 2806 850 in
2836 796 3010 869 ignem
3038 800 3278 861 mittetur
3303 804 3520 876 (Matth.

1932 890 2013 943 Ill,
2044 877 2129 944 IO,
2163 878 2309 953 Ignis
2329 881 2381 936 in
2403 896 2671 955 conspectu
2697 888 2808 960 ejus
2831 891 3049 948 ardebit.

2003 968 2058 1024 8.
2092 969 2159 1025 Et
2179 974 2231 1027 in
2260 975 2473 1030 circuitu
2500 980 2608 1050 ejus
2644 990 2913 1054 tempestas
2937 988 3127 1043 valida.
3157 990 3343 1048 Valida
3376 1004 3513 1053 tem-

1933 1068 2132 1129 pestas,
2172 1066 2492 1123 ventilatura
2520 1078 2627 1127 tam
2668 1088 2913 1145 magnam
2941 1093 3144 1136 arcam.
3173 1081 3284 1141 Hac
3312 1095 3519 1159 tempe-

1903 1158 2070 1208 .state
2111 1155 2211 1210 erit
2258 1157 2347 1213 illa
2394 1163 2690 1230 ventilatio,
2740 1182 2843 1238 qua
2884 1174 3219 1239 separabitur
3246 1192 3275 1230 a
3320 1155 3522 1241 sanctis

1933 1248 2480 1320 omneimmundum,
2511 1270 2539 1309 a
2568 1256 2813 1315 fidelibus
2839 1263 3014 1318 omnis
3041 1265 3333 1337 simulatio,
3363 1287 3391 1325 a
3420 1271 3522 1342 piis

1932 1344 1987 1392 et
2013 1341 2361 1397 trementibus
2386 1344 2606 1401 verbum
2653 1348 2745 1404 Dei
2771 1353 2946 1407 omnis
2975 1365 3313 1427 contemptor
3341 1374 3393 1417 et
3422 1341 3517 1419 su-

1930 1432 2147 1502 perbus.
2178 1435 2335 1492 Modo
2377 1440 2519 1495 enim
2567 1442 2795 1499 mixtura
2841 1447 3083 1516 quaedam
3123 1451 3269 1520 jacet
3311 1469 3342 1510 a
3394 1458 3523 1514 solis

1930 1532 2048 1579 ortu
2091 1541 2262 1597 usque
2304 1530 2370 1585 ad
2418 1546 2689 1589 occasum.
2733 1534 3025 1595 Videamus
3078 1558 3207 1615 ergo
3250 1551 3522 1616 quomodo

1929 1613 2085 1672 faciet
2126 1619 2215 1687 qui
2260 1629 2513 1679 venturus
2557 1635 2659 1693 est,
2699 1636 3018 1699 tempestate
3054 1613 3159 1691 illa?
3183 1613 3308 1708 quid
3350 1639 3521 1698 factu-

1927 1720 2040 1775 rus,
2067 1725 2185 1779 qua:
2211 1712 2313 1767 erit
2340 1713 2393 1768 in
2419 1715 2627 1771 circuitu
2652 1719 2759 1789 ejus
2800 1729 3066 1793 tempestas
3102 1727 3290 1784 oahaa.
3324 1732 3518 1791 Procu.

1926 1799 2087 1857 dubio
2115 1802 2214 1860 ista
2238 1814 2526 1878 tempestas
2566 1796 2849 1880 quamdam
2891 1818 3285 1887 separationem
3311 1821 3517 1882 factura

1926 1902 2029 1953 est.
2055 1895 2157 1951 Ista
2182 1908 2266 1954 est
2293 1900 2380 1955 illa
2412 1906 2698 1973 separatio,
2732 1922 2890 1976 quam
2938 1925 3044 1965 non
3068 1926 3518 1985 exspectaverunt

1925 1987 2014 2057 qui
2061 2000 2344 2061 antequam
2389 1994 2456 2049 ad
2499 1995 2645 2053 littus
2686 2000 2950 2067 venirent,
2997 2005 3131 2061 retia
3173 2005 3517 2080 disruperunt

1926 2079 2079 2174 (Luc.
2110 2098 2165 2147 v,
2192 2081 2270 2156 ϐ).
2298 2084 2354 2140 In
2382 2085 2470 2142 illa
2494 2103 2623 2144 vero
2660 2094 2997 2174 separatione
3024 2094 3084 2153 fit
3126 2079 3367 2169 quaedam
3396 2119 3515 2160 ma-

1924 2171 2097 2231 lorum
2125 2182 2181 2230 et
2203 2175 2465 2233 bonorum
2496 2179 2786 2239 distinetio.
2819 2171 2921 2240 Alii
2949 2196 3074 2245 sunt
3114 2190 3256 2246 enim
3283 2207 3516 2266 sequen-

1924 2270 2007 2319 tes
2043 2281 2187 2322 nunc
2224 2265 2515 2338 Christum,
2548 2274 2812 2344 expeditis
2861 2276 3100 2336 humeris
3144 2283 3262 2338 sine
3305 2287 3516 2345 sarcina

1925 2371 2170 2415 curarum
2209 2364 2565 2431 saecularium,
2611 2368 2701 2437 qui
2746 2383 2849 2424 non
2882 2369 3082 2429 frustra
3125 2376 3423 2449 audierunt,
3454 2382 3516 2439 Si

1923 2448 1999 2504 vis
2026 2467 2131 2505 esse
2161 2454 2428 2524 perfectus.
2454 2458 2600 2527 vade,
2630 2460 2786 2514 vende
2809 2463 2980 2517 omnia
3007 2481 3120 2535 quas
3159 2468 3332 2538 habes,
3372 2482 3421 2527 et
3446 2473 3517 2528 da

1922 2545 2247 2613 pauperibus,
2278 2556 2324 2601 et
2353 2546 2554 2602 habebis
2604 2551 2894 2606 thesaurum
2919 2554 2973 2607 in
3016 2554 3161 2625 caelo,
3197 2568 3245 2613 et
3270 2561 3401 2630 veni,
3431 2580 3515 2635 seg-

1920 2653 2071 2706 quere
2094 2655 2174 2693 me
2200 2654 2218 2693 :
2242 2640 2485 2711 qualibus
2523 2642 2738 2712 dicitur,
2778 2645 3028 2702 Sedebitis
3069 2666 3222 2720 super
3246 2652 3515 2711 duodecim

1919 2729 2079 2793 sedes,
2099 2730 2388 2811 judicantes
2430 2733 2693 2790 duodecim
2735 2737 2891 2792 tribus
2934 2737 3102 2795 Israel
3138 2739 3353 2813 (Matth.
3397 2762 3509 2814 XIX.

1918 2822 2010 2889 2|,
2035 2822 2151 2893 28).
2182 2824 2286 2879 Alii
2315 2841 2441 2898 ergo
2470 2837 2626 2883 erunt
2647 2828 2948 2897 judicantes
2976 2846 3099 2887 cum
3127 2832 3352 2892 Domino
3377 2856 3390 2893 :
3419 2838 3512 2897 alii

1920 2930 2052 2971 vero
2083 2915 2378 2985 judicandi,
2409 2919 2503 2974 sed
2545 2919 2611 2974 ad
2638 2920 2912 2977 dexteram
2944 2924 3201 2992 ponendi.
3225 2926 3357 2982 Nam
3386 2931 3510 3001 quia

1918 3017 2075 3064 erunt
2095 3010 2308 3080 quidam
2329 3011 2630 3081 judicantes
2654 3029 2774 3069 cum
2799 3015 3047 3083 Domino,
3080 3016 3340 3076 habemus
3364 3037 3510 3093 aper—

1918 3101 2182 3157 tissimum
2241 3103 2602 3159 testimonium
2648 3105 2793 3177 quod
2840 3108 3000 3163 modo
3048 3113 3505 3169 commemoravi:

1919 3193 2171 3248 Sedcbitis
2211 3210 2363 3265 super
2410 3194 2678 3249 duodecim
2719 3196 2881 3264 sedes,
2916 3198 3209 3268 judicautes
3246 3201 3511 3260 duodecim

1918 3284 2075 3338 tribus
2107 3282 2294 3341 Israel.

1989 3375 2040 3429 9.
2072 3374 2176 3431 Sed
2206 3375 2334 3430 dicit
2375 3377 2565 3449 aliquis
2597 3395 2611 3432 :
2640 3377 2922 3436 duodecim
2964 3380 3074 3438 illic
3100 3381 3343 3453 Apostoli
3370 3401 3505 3445 con-

1916 3466 2195 3534 sedebunt,
2226 3484 2329 3523 non
2360 3470 2606 3540 amplius.
2637 3471 2736 3528 Ubi
2778 3487 2906 3544 ergo
2935 3474 3037 3530 erit
3064 3478 3338 3545 apostolus
3362 3480 3508 3537 Pau-

1915 3557 2036 3612 lus?
2065 3557 2333 3629 Numquid
2358 3558 2482 3615 inde
2508 3570 2784 3630 separatus
2811 3563 2956 3618 erit?
2984 3564 3141 3622 Absit
3159 3575 3220 3623 ut
3240 3568 3342 3624 hoc
3367 3569 3509 3627 dice.

1915 3664 2055 3715 mus,
2087 3649 2224 3706 absit
2252 3659 2310 3706 ut
2338 3650 2439 3707 hoc
2466 3653 2550 3707 vel
2582 3653 2741 3708 tacite
2767 3654 3082 3724 cogitemus.
3129 3658 3266 3726 Quid
3304 3659 3352 3715 si
3380 3676 3509 3734 ergo

1913 3740 1971 3798 in
2014 3743 2133 3799 loco
2161 3741 2311 3799 Judte
2352 3744 2467 3814 ipse
2507 3745 2797 3802 residebit‘l
2824 3745 2934 3804 Sed
2973 3749 3333 3808 manifestavit
3360 3752 3510 3811 Scri-

1916 3842 2071 3905 ptura
2098 3832 2297 3902 divina,
2326 3835 2447 3905 quis
2490 3834 2542 3890 in
2584 3834 2737 3892 Iudae
2782 3837 2903 3895 loco
2933 3839 3004 3895 sit
3026 3839 3303 3900 ordinatus
3330 3861 3344 3899 :
3372 3844 3510 3904 Mat-

1918 3927 2056 3983 tliias
2081 3928 2223 3983 enim
2252 3936 2335 3985 est
2359 3942 2612 3999 expresse
2634 3931 2937 3988 nominatus
2962 3934 3016 3990 in
3034 3935 3259 3994 Actibus
3282 3937 3510 4010 Aposto-

1918 4018 2113 4087 lorum,
2143 4028 2203 4075 ut
2239 4019 2306 4076 de
2334 4020 2427 4076 illo
2452 4020 2695 4078 dubitare
2717 4038 2823 4080 non
2852 4039 3134 4095 possemus
3161 4027 3297 4100 (Act.
3326 4046 3367 4099 ι,
3392 4030 3511 4105 26).

1916 4107 2154 4168 Cadente
2193 4127 2320 4183 ergo
2360 4112 2532 4179 Juda,
2561 4113 2811 4185 impletus
2850 4126 2933 4173 est
2957 4133 3210 4175 numerus
3231 4120 3512 4181 duodena-

1916 4204 2049 4259 rius.
2077 4203 2212 4260 Cum
2240 4220 2369 4275 ergo
2397 4205 2487 4262 ille
2515 4223 2768 4264 numerus
2793 4208 3150 4268 duodenarius
3170 4219 3513 4287 occupaverit

1915 4295 2199 4353 duodecim
2230 4297 2406 4366 sedes,
2439 4314 2544 4354 non
2567 4300 2825 4370 judicabit
2853 4303 3048 4359 Paulus
3074 4308 3385 4376 apostolus?
3423 4312 3509 4371 An

1915 4386 2053 4443 forte
2073 4396 2221 4443 stans
2245 4388 2546 4458 judicabit?
2576 4390 2693 4446 Non
2718 4392 2792 4447 ita
2817 4402 2899 4448 est
2927 4413 2940 4449 :
2971 4410 3079 4457 non
3103 4395 3263 4454 faciet
3292 4400 3394 4457 hoc
3416 4403 3510 4461 ille

1909 4478 2129 4549 justitite
2170 4479 2458 4536 retributor
2489 4500 2503 4536 :
2534 4498 2643 4539 non
2685 4484 2903 4542 omnino
2943 4495 3094 4544 stans
3123 4488 3386 4560 iudicabit
3413 4497 3507 4568 qui

1912 4570 2034 4641 plus
2060 4571 2305 4627 omnibus
2335 4572 2439 4628 illis
2459 4573 2717 4631 laboravit
2744 4573 2787 4650 (l
2817 4576 2934 4632 Cor.
2964 4594 3063 4648 xv,
3094 4581 3204 4654 10).
3232 4582 3393 4643 Certe
3418 4588 3507 4646 vel

1914 4661 2015 4718 iste
2044 4678 2180 4718 unus
2206 4664 2480 4733 apostolus
2506 4665 2701 4722 Paulus
2729 4669 2869 4740 cogit
2897 4685 2997 4727 nos
3022 4670 3330 4746 diligentius
3362 4680 3508 4753 cogi-

1914 4764 2029 4811 tare
2053 4764 2107 4812 et
2132 4758 2473 4826 perscrutari,
2504 4774 2668 4830 quare
2698 4760 2853 4817 dictm
2881 4761 2988 4818 sint
3015 4764 3295 4823 duodecim
3324 4771 3504 4830 sedes.

1914 4846 2217 4904 Invenimus
2242 4848 2384 4903 enim
2413 4857 2469 4905 et
2489 4850 2623 4907 alios
2653 4866 2904 4908 numeros
2933 4853 2988 4908 in
3014 4852 3303 4928 Scripturis
3327 4864 3507 4920 multi-

1915 4939 2151 4995 tudinem
2177 4939 2561 5012 significantes.
2589 4942 2834 5015 Quinque
2874 4944 3106 5017 virgines
3133 4949 3503 5023 admittuntur,

1912 5031 2144 5103 quinque
2185 5033 2540 5090 excluduntur
2569 5033 2778 5104 (Matth.
2824 5052 2953 5107 xxv,
2998 5039 3087 5107 l0,
3118 5040 3236 5114 l2).
3271 5043 3507 5103 Ubilibet

1912 5123 2148 5194 intelligo
2189 5125 2421 5195 virgines
2449 5144 2462 5180 :
2491 5126 2604 5182 sive
2633 5126 2688 5182 in
2715 5129 2959 5187 castitate
3002 5139 3162 5204 atque
3202 5134 3505 5207 integritate

1910 5218 2106 5282 cordis,
2139 5218 2230 5274 ubi
2278 5218 2436 5274 debet
2464 5219 2613 5290 virgo
2650 5236 2771 5278 esse
2816 5226 2924 5279 tota
2952 5224 3210 5295 Ecclesia,
3250 5229 3333 5283 cui
3365 5228 3503 5286 dici-

1911 5320 2016 5371 tur,
2046 5308 2363 5380 Desponsavi
2386 5327 2471 5365 vos
2496 5313 2582 5366 uni
2622 5312 2747 5381 viro,
2777 5314 3018 5393 virginem
3041 5328 3232 5372 castam
3271 5320 3505 5379 exhibere

1910 5402 2108 5459 Christo
2134 5401 2198 5473 (ll
2225 5401 2343 5457 Cor.
2385 5420 2465 5471 χι,
2489 5404 2581 5475 2);
2613 5405 2725 5461 sive
2762 5410 2813 5462 in
2841 5407 2926 5462 Itis
2953 5407 3163 5464 feminis
3192 5426 3309 5480 qua:
3339 5411 3501 5469 etiam

1910 5494 2264 5564 integritatem
2293 5496 2465 5550 carnis
2495 5495 2723 5552 dicatam
2754 5498 2951 5553 habent
2978 5498 3088 5555 Deo
3118 5517 3131 5555 :
3164 5503 3418 5573 numquid
3447 5504 3503 5562 in

1911 5596 1986 5641 tot
2014 5586 2245 5640 millibus
2275 5586 2403 5642 sola:
2428 5588 2660 5659 quinque
2703 5590 2868 5644 sunt?
2895 5588 2999 5646 Sed
3028 5590 3082 5646 in
3125 5592 3370 5663 quinario
3397 5610 3500 5650 nu-

1909 5694 2059 5733 mero
2081 5678 2392 5750 intelligitur
2417 5683 2740 5737 continentia
2763 5683 2995 5754 quinque
3016 5700 3266 5742 sensuum
3296 5688 3495 5746 carnis.

1908 5771 2117 5827 Etenim
2147 5772 2328 5827 multis
2370 5775 2516 5829 venit
2540 5777 2810 5846 corruptio
2836 5791 2929 5846 per
2953 5778 3159 5846 oculos,
3194 5781 3373 5836 multis
3402 5796 3503 5854 per

1911 5880 2114 5938 aurem,
2158 5864 2339 5921 multis
2368 5881 2462 5941 per
2490 5867 2729 5931 illicitum
2772 5866 3044 5949 olfactum,
3075 5870 3254 5933 multis
3282 5886 3380 5947 per
3404 5888 3502 5939 neq
