4042 6478
492 429 589 490 5Ἡ

495 544 683 600 furium
711 544 945 611 gustum,
991 533 1171 591 multis
1210 545 1306 604 per
1332 527 1682 586 adulterinum
1724 521 2066 594 amplexum:

495 637 561 692 ab
590 636 670 690 his
696 632 941 689 omnibus
965 629 1198 700 quinque
1236 624 1410 694 ianuis
1437 618 1789 690 corruptionis
1832 615 2074 685 quicum-

495 743 601 800 que
625 741 684 782 se
710 723 1004 787 continent,
1033 728 1088 776 et
1112 718 1188 774 sic
1213 716 1487 772 continent
1513 722 1568 767 ut
1598 712 1651 766 in
1681 724 1775 765 sua
1799 707 2072 800 conscien-

498 795 571 876 tia
613 817 837 890 gloriam
864 813 1113 880 habeant,
1144 825 1248 865 non
1295 807 1502 862 Iaudem
1530 804 1596 858 ah
1638 795 1952 857 hominibus
1985 813 2079 852 ex-

500 919 761 983 spectent,
793 908 1026 980 quinque
1067 912 1192 960 sunt
1234 901 1464 970 virgines
1504 895 1790 966 sapientes,
1819 890 2079 983 habentes

500 981 676 1059 oleum
700 1013 901 1056 secum.
929 995 1065 1065 Quid
1095 1002 1194 1059 est,
1224 992 1397 1047 oleum
1424 988 1682 1044 habentes
1707 982 1928 1041 secum?
1954 981 2080 1038 Glo-

506 1095 579 1152 ria
605 1100 787 1149 nostra
830 1089 946 1144 hzee
972 1095 1074 1154 est,
1117 1083 1473 1141 testimonium
1501 1077 1842 1136 conscientiae
1886 1082 2082 1130 nostrae

507 1185 570 1257 (II
589 1185 704 1239 Cor.
723 1199 761 1250 ι,
780 1182 868 1252 12)
881 1224 893 1236 .
915 1181 1114 1234 Rursus
1127 1178 1214 1231 ille
1227 1178 1313 1245 qui
1327 1175 1465 1246 apud
1481 1172 1679 1228 inferos
1705 1167 2078 1240 torquebatur:

510 1278 706 1343 Habeo,
738 1275 928 1347 inquit,
957 1273 1173 1344 quinque
1202 1274 1380 1343 fratres
1411 1267 1560 1340 (Luc.
1592 1282 1700 1332 xvr,
1730 1264 1844 1335 28).
1891 1261 1965 1316 lbi
1999 1259 2080 1313 in-

507 1369 760 1439 telligitur
790 1366 1010 1436 populus
1055 1363 1356 1420 Judarorum
1401 1361 1498 1415 sub
1539 1359 1654 1428 lege
1687 1355 1886 1426 positus
1920 1371 1932 1406 :
1963 1350 2083 1420 quia

507 1459 714 1532 Moyses
763 1458 1031 1530 Iegislator
1082 1456 1311 1526 quinque
1359 1453 1521 1507 libros
1566 1447 1899 1515 conscripsit.
1956 1443 2084 1496 Item

508 1553 762 1608 Dominus
793 1561 912 1622 post
930 1550 1373 1607 resurrectionem
1389 1547 1536 1616 jubet
1563 1542 1700 1599 mitti
1726 1541 1855 1596 retia
1884 1539 1933 1592 in
1953 1536 2086 1591 dex-

509 1653 676 1701 teram
707 1653 942 1714 partem,
976 1643 1216 1698 levantur
1255 1641 1426 1711 pisces
1456 1646 1668 1693 centum
1713 1629 2088 1704 quinquaginta

451 1736 485 1813 ’ᾖ
510 1745 636 1790 tres.
663 1734 732 1790 Et
757 1750 878 1790 cum
906 1743 1013 1788 tam
1057 1731 1232 1803 magni
1254 1739 1453 1796 essent,
1484 1729 1557 1782 ait
1580 1723 1925 1796 evangelista,
1956 1718 2089 1774 retia

511 1841 618 1881 non
644 1833 771 1881 sunt
815 1825 1050 1894 disrupta
1098 1822 1275 1897 (Joan.
1320 1838 1434 1886 xxr,
1477 1821 1532 1886 ϐ,
1572 1818 1684 1890 Η).
1733 1815 1938 1872 Etenim
1970 1819 2092 1866 ante

515 1918 810 1985 passionem
837 1917 996 1987 jussit
1021 1916 1155 1970 mitti
1186 1915 1335 1980 retia,
1371 1929 1476 1968 non
1520 1912 1702 1967 dicens
1735 1909 1785 1962 in
1817 1908 2090 1962 dexteram

514 2019 715 2080 partem
747 2025 918 2081 neque
959 2011 1012 2064 in
1044 2009 1313 2064 sinistram
1355 2026 1366 2060 :
1405 2010 1524 2077 quia
1557 2007 1599 2060 si
1629 2005 1681 2058 in
1709 1997 1979 2058 dexteram
2010 1999 2093 2052 di-

511 2114 675 2171 ceret,
705 2107 848 2162 solos
879 2107 1047 2162 bonos
1085 2106 1441 2176 signiﬁcaret;
1475 2103 1517 2156 si
1549 2102 1600 2155 in
1631 2100 1920 2163 sinistram,
1953 2095 2096 2148 solos

517 2200 686 2253 malus
717 2219 730 2254 :
762 2199 848 2254 ubi
877 2208 1050 2254 autem
1098 2206 1301 2254 tacetur
1343 2197 1561 2249 dextera
1591 2201 1643 2246 et
1668 2191 1900 2254 sinistra,
1946 2185 2095 2240 mixti

512 2291 792 2359 Capiuntur
818 2290 938 2344 boui
966 2298 1019 2344 et
1058 2287 1201 2343 mali.
1231 2287 1383 2356 Capti
1414 2294 1535 2339 sunt
1579 2291 1754 2337 autem
1787 2289 1931 2345 tunc,
1964 2278 2100 2332 sicut

517 2381 788 2453 Evangelii
814 2384 1008 2437 veritas
1033 2390 1332 2445 attestatur,
1363 2388 1468 2432 tam
1508 2377 1660 2432 multi
1689 2385 1746 2429 ut
1791 2375 1922 2428 retia
1948 2387 2096 2426 rum-

516 2483 768 2550 perentur
797 2474 948 2548 (Luc.
987 2489 1042 2543 ν,
1075 2475 1152 2545 6).
1199 2472 1538 2543 Significabat
1582 2470 1723 2525 enim
1754 2469 1841 2522 illa
1880 2474 2098 2536 captura

517 2567 619 2622 hoc
641 2577 848 2637 tempus
875 2585 889 2622 :
913 2567 1042 2622 retia
1067 2573 1219 2636 rupta
1243 2563 1605 2634 significabant
1634 2560 2021 2616 conscissiones
2047 2566 2102 2613 et

514 2661 876 2715 conscissuras
923 2659 1292 2715 haereticorum
1336 2666 1390 2713 et
1428 2655 1905 2710 schismaticorum.
1949 2650 2101 2718 Quod

514 2763 691 2808 autem
721 2761 840 2822 post
867 2752 1311 2808 resurrectionem
1343 2764 1491 2804 suam
1525 2748 1779 2802 Dominus
1810 2745 1952 2812 fecit,
1980 2751 2102 2814 post

515 2845 960 2901 resurrectionem
985 2853 1219 2898 nostram
1245 2842 1396 2896 nobis
1424 2841 1654 2895 futurum
1681 2837 2013 2909 significavit,
2048 2835 2098 2889 in

517 2936 608 2990 illo
656 2951 877 2991 numero
906 2936 1056 3007 regni
1100 2935 1378 3000 calorum,
1430 2934 1517 2986 ubi
1550 2933 1724 2986 nullus
1763 2932 1865 2987 erit
1909 2930 2098 2984 malus.

518 3025 806 3096 I’r0ptcrea
833 3027 963 3081 retia
992 3041 1110 3095 quae
1136 3026 1190 3079 in
1219 3025 1495 3080 dexteram
1531 3031 1736 3093 partem
1765 3022 1924 3075 missa
1956 3028 2098 3082 sunt,

517 3117 766 3172 dexteras
807 3124 1218 3186 expresserunt,
1269 3116 1490 3170 remotis
1535 3113 1784 3167 sinistris.
1835 3110 2102 3181 Numquid

517 3221 694 3266 iamen
725 3207 775 3260 in
821 3206 924 3260 illis
952 3205 1152 3260 dextris
1193 3214 1404 3258 centum
1434 3202 1807 3274 quinquaginta
1855 3210 1962 3256 tres
2006 3201 2102 3255 soli

518 3301 642 3372 justi
671 3299 864 3356 erunt?
892 3299 1048 3354 Millia
1081 3299 1297 3352 millium
1339 3296 1611 3368 Scriptura
1639 3295 1900 3368 signiﬁcat
1941 3295 2101 3367 (Dan.

519 3412 614 3463 vn,
666 3394 790 3469 10).
836 3394 1021 3465 Legite
1069 3391 1440 3463 Apocalypsim
1477 3409 1490 3445 :
1523 3391 1813 3446 duodecies
1861 3391 2104 3446 duodena

520 3489 683 3548 millia
727 3487 971 3547 fortasse.
1007 3485 1142 3542 sicut
1168 3484 1236 3538 ibi
1280 3481 1609 3554 intelligitur,
1645 3497 1709 3537 ex
1756 3481 1870 3536 solo
1911 3481 2106 3552 populo

520 3581 823 3641 Iudaeorum
853 3581 1027 3637 futura
1059 3591 1181 3635 sunt
1209 3578 1394 3650 (Apoc.
1424 3592 1512 3642 vn,
1560 3577 1637 3646 It).
1667 3576 1936 3631 Attenditc
1961 3591 2105 3628 mar-

522 3685 696 3749 tyrum
742 3675 1179 3730 numerositatem
1212 3691 1224 3726 :
1260 3671 1371 3728 sola
1403 3672 1453 3724 in
1487 3670 1729 3738 proximo
1757 3686 1874 3739 qua:
1917 3668 2108 3723 dicitur

525 3768 692 3827 Massa
713 3765 938 3823 candida
969 3763 1069 3838 (α),
1093 3765 1210 3834 plus
1235 3764 1575 3832 habet'quam
1604 3773 1819 3816 centum
1848 3762 2109 3832 quinqua-

523 3862 665 3931 ginta
701 3868 811 3914 tres
837 3867 1116 3930 martyres.
1164 3857 1442 3913 Postremo
1487 3865 1689 3924 septem
1722 3855 1808 3910 illa
1841 3856 2001 3908 millia
2043 3856 2109 3911 de

524 3949 716 4021 quibus
750 3947 1104 4018 respondetur
1151 3947 1302 4012 Elite,
1337 3946 1537 4016 Reliqui
1567 3947 1690 4000 mihi
1730 3955 1916 4016 septem
1949 3947 2110 4001 millia

524 4043 765 4106 uirorum,
787 4041 874 4111 qui
897 4055 999 4094 non
1025 4047 1349 4094 curvaverant
1375 4056 1539 4111 genua
1565 4049 1680 4093 (inte
1701 4037 1833 4092 Bual
1858 4039 1948 4110 (III
1982 4040 2106 4111 Reg.

527 4149 636 4199 xtx,
678 4130 789 4207 l8),
835 4131 992 4203 longe
1041 4131 1200 4186 istum
1246 4132 1468 4202 piscium
1505 4146 1785 4186 numerum
1835 4143 2108 4203 superant.

524 4224 746 4280 Centum
785 4239 913 4295 ergo
955 4223 1330 4295 quinquaginta
1374 4231 1484 4280 tres
1530 4224 1701 4294 pisces
1747 4239 1853 4278 non
1901 4233 2108 4279 tantum

527 4332 806 4372 numerum
849 4323 1153 4372 sanctorum
1195 4314 1491 4386 signiﬁcat;
1523 4315 1615 4370 sed
1657 4315 1962 4371 universum
1989 4331 2111 4370 san-

525 4418 731 4464 ctorum
757 4416 811 4464 et
847 4409 1112 4479 iustorum
1149 4423 1431 4464 numerum
1475 4419 1620 4464 certa
1653 4423 1810 4464 causa
1845 4419 1988 4464 tanto
2014 4427 2112 4465 nu-

527 4517 680 4557 mero
706 4499 967 4572 signiﬁcat
1007 4500 1298 4570 Scriptura,
1347 4511 1403 4555 ut
1445 4515 1633 4556 onmcs
1667 4501 2031 4572 intelligantur
2057 4503 2108 4558 in

529 4595 636 4650 illis
680 4604 894 4649 centum
934 4595 1311 4667 quinquaginta
1345 4595 1512 4649 tribus
1558 4597 1884 4667 pertinentes
1913 4597 1976 4652 ad
2021 4614 2110 4655 re-

527 4684 912 4746 surrectionem
938 4685 1059 4740 vitae
1087 4695 1319 4742 aeternae.
1365 4685 1576 4742 Etenim
1607 4687 1713 4742 Lex
1742 4689 1902 4744 habet
1927 4689 2110 4745 decem

530 4785 792 4848 praecepta
819 4795 834 4832 :
861 4776 1092 4848 Spiritus
1129 4785 1302 4834 autem
1347 4779 1553 4848 gratiae,
1602 4793 1697 4849 per
1743 4796 1899 4850 quam
1943 4783 2110 4838 solam

531 4870 644 4928 Lex
675 4869 938 4941 impletur,
962 4870 1287 4942 septiformis
1313 4870 1672 4943 legitur(Isai.
1707 4889 1784 4939 xi,
1811 4874 1866 4939 2,
1895 4873 1970 4946 5).
1992 4876 2112 4931 Dis-

529 4961 813 5017 cutiendus
865 4970 946 5016 est
987 4976 1115 5032 ergo
1143 4978 1414 5026 numerus,
1449 4962 1574 5032 quid
1606 4963 1703 5020 sibi
1731 4965 1895 5020 velint
1922 4967 2108 5022 decem

530 5063 587 5111 et
631 5061 880 5124 septem:
912 5053 1097 5108 decem
1145 5055 1197 5108 in
1242 5056 1540 5125 przrceptis,
1594 5067 1795 5126 septem
1848 5057 1899 5112 in
1945 5061 2112 5130 gratia

531 5144 764 5218 Spiritus
789 5146 998 5213 sancti;
1030 5161 1123 5216 per
1151 5163 1304 5217 quam
1337 5150 1558 5219 gratiam
1591 5151 1878 5221 implentur
1915 5169 2115 5224 przece-

530 5249 641 5313 pta.
673 5241 863 5296 Decem
893 5255 1022 5312 ergo
1049 5249 1102 5296 et
1125 5249 1325 5310 septem
1355 5251 1535 5299 tenent
1565 5259 1750 5301 omnes
1789 5248 2115 5317 pertinentes

531 5334 597 5390 ad
625 5334 1088 5400 resurrectionem,
1120 5334 1185 5390 ad
1207 5334 1466 5405 dextram,
1492 5339 1556 5394 ad
1584 5355 1802 5411 regnum
1830 5344 2110 5410 caelorum,

531 5425 597 5482 ad
630 5427 788 5482 vitam
826 5437 1118 5492 aztemam;
1151 5428 1200 5484 id
1230 5439 1310 5486 est
1335 5431 1528 5501 Legem
1568 5431 1844 5504 implentes
1874 5451 1970 5506 per
1997 5452 2116 5508 gra-

532 5521 659 5577 tiam
691 5521 939 5593 Spiritus,
971 5537 1077 5578 non
1107 5523 1253 5594 quasi
1287 5539 1382 5594 per
1409 5539 1542 5594 Opus
1583 5541 1735 5582 suum
1766 5538 1856 5583 aut
1883 5546 1976 5600 per
2005 5546 2116 5588 me-

533 5612 692 5669 ritum
723 5628 900 5668 suum.
934 5615 1124 5670 Decem
1152 5624 1329 5670 autem
1359 5625 1409 5669 ct
1434 5626 1661 5687 Septem,
1706 5621 1749 5675 si
1777 5638 2022 5679 numeres
2047 5625 2115 5679 ab

533 5719 640 5760 uno
669 5719 836 5776 usque
877 5704 942 5760 ad
987 5706 1170 5762 decem
1200 5716 1254 5762 et
1302 5717 1525 5777 septem,
1575 5710 1818 5766 addendo
1864 5729 2114 5769 numeros

532 5811 720 5854 omnes
746 5799 1028 5870 gradatim,
1056 5810 1111 5855 ut
1137 5800 1203 5856 ad
1230 5817 1391 5856 unum
1423 5801 1586 5857 addas
1625 5804 1752 5874 duo,
1783 5805 1944 5863 addas
1973 5808 2066 5863 tria
2093 5849 2110 5875 ,

593 5887 672 5956 (ιι)
693 5895 840 5942 Im
856 5891 1072 5944 candida.
1095 5892 1214 5944 vide
1233 5899 1386 5946 Serm.
1410 5908 1554 5959 cum,
1576 5907 1624 5946 ιι.
1651 5894 1699 5946 2.

1717 409 1774 467 S.
1816 401 2182 465 AUGUSTINI
2219 400 2523 459 EPISCOPI

3657 391 3766 455 στ’

2181 517 2345 573 addas
2387 525 2631 588 quatuor,
2659 524 2716 571 ut
2745 516 2875 572 ﬁant
2915 515 3123 582 decem,
3173 512 3420 570 addendo
3443 513 3678 585 quinque
3703 523 3761 572 ut

2181 607 2308 662 ﬁant
2334 608 2656 679 quindecim,
2703 608 2949 664 addendo
2988 624 3080 664 sex
3112 617 3169 664 ut
3196 606 3322 662 ﬁant
3349 607 3534 678 viginti
3559 623 3723 662 unum
3743 649 3762 674 ,

2181 701 2424 756 addendo
2449 713 2651 772 septem
2682 711 2738 757 ut
2771 701 2898 756 ﬁant
2921 702 3102 772 viginti
3126 711 3266 765 octo,
3294 700 3540 756 addendo
3560 712 3682 756 octo
3710 710 3770 756 ut

2183 796 2310 850 ﬁant
2340 795 2551 867 triginta
2599 810 2716 863 sex,
2762 795 3004 852 addendo
3045 810 3233 850 novem
3266 802 3324 849 ut
3362 796 3489 848 fiant
3530 793 3770 864 quadra-

2182 889 2325 960 ginta
2353 891 2607 960 quinque,
2654 889 2898 945 addendo
2923 888 3109 945 decem
3152 896 3208 943 ut
3237 887 3362 942 ﬁant
3387 887 3769 958 quinquaginta

2183 984 2436 1053 quinque,
2485 983 2728 1039 addendo
2770 983 3016 1038 undecim
3060 992 3116 1039 ut
3156 983 3285 1037 ﬁant
3322 983 3594 1053 sexaginta
3633 997 3773 1050 sex,

2186 1074 2428 1129 addendo
2453 1075 2727 1131 duodecim
2751 1088 2808 1131 ut
2839 1075 2965 1130 ﬁant
2988 1076 3316 1146 septuaginta
3345 1083 3487 1140 octo,
3516 1072 3772 1130 addendo

2189 1165 2439 1219 tredecim
2468 1177 2525 1221 ut
2552 1166 2680 1221 ﬁant
2708 1167 2992 1238 nonaginta
3031 1183 3218 1232 unum,
3249 1165 3494 1221 addendo
3517 1174 3777 1236 quatuor-

2189 1253 2360 1309 decim
2392 1264 2449 1310 ut
2479 1257 2605 1311 ﬁant
2628 1267 2839 1313 centum
2885 1259 3136 1329 quinque,
3193 1257 3437 1312 addendo
3465 1257 3774 1328 quindecim

2190 1356 2249 1401 ut
2291 1347 2417 1401 fiant
2445 1358 2656 1404 centum
2703 1349 2910 1419 viginti,
2957 1349 3203 1405 addendo
3248 1349 3516 1405 sexdecim
3545 1360 3604 1402 ut
3648 1349 3779 1404 ﬁant

2191 1448 2403 1496 centum
2453 1441 2662 1511 triginta
2723 1456 2857 1509 sex,
2903 1440 3149 1497 addendo
3194 1441 3378 1496 decem
3422 1449 3476 1496 et
3522 1450 3730 1511 septem
3762 1482 3778 1506 ,

2193 1531 2496 1588 efﬁciuntur
2533 1541 2745 1588 centum
2789 1533 3172 1604 quinquaginta
3229 1533 3325 1588 tria
3357 1550 3370 1587 :
3402 1533 3643 1588 invenies
3693 1531 3781 1586 in-

2191 1634 2402 1695 gentem
2434 1642 2712 1681 numerum
2758 1628 2992 1681 omnium
3042 1635 3345 1680 sanctorum
3399 1624 3666 1694 pertinere
3714 1622 3784 1678 ad

2195 1716 2334 1773 hunc
2361 1734 2635 1774 numerum
2668 1719 2888 1790 piscium
2916 1734 3226 1788 paucorum.
3260 1717 3539 1786 Quomodo
3570 1731 3703 1788 ergo
3729 1717 3784 1771 in

2195 1812 2426 1885 quinque
2456 1812 2742 1883 virginibus
2783 1811 3198 1867 innumerabiles
3231 1811 3483 1881 virgines,
3514 1808 3788 1880 quomoda

2197 1906 2250 1962 in
2278 1908 2509 1977 quinque
2530 1905 2778 1963 fratribus
2800 1907 2939 1962 illius
2977 1907 3068 1978 qui
3110 1907 3454 1977 torquebatur
3483 1905 3622 1976 apud
3648 1903 3789 1961 infe-

2197 2015 2290 2055 ros
2333 2001 2493 2054 millia
2541 2002 2718 2070 populi
2763 1999 3092 2064 Jud:eorum,
3141 1999 3408 2070 quomodo
3457 1999 3508 2053 in
3559 2013 3790 2055 numero

2199 2100 2411 2146 centum
2442 2092 2814 2162 quinquaginta
2867 2092 3026 2146 trium
3071 2091 3295 2162 piscium
3345 2090 3510 2144 millia
3560 2089 3790 2144 millium

2201 2193 2503 2238 sanctorum
2536 2203 2547 2239 :
2583 2185 2658 2240 sic
2687 2186 2738 2239 in
2785 2184 3065 2240 duodecim
3112 2184 3326 2240 sedibus
3370 2200 3474 2238 non
3503 2183 3792 2241 duodecim

2201 2274 2466 2342 homines,
2499 2277 2589 2330 sed
2622 2293 2840 2347 magnus
2867 2285 2950 2333 est
2978 2292 3232 2332 numerus
3268 2275 3649 2347 perfectorem.

2276 2369 2362 2424 IO.
2403 2369 2506 2423 Sed
2532 2369 2686 2425 video
2715 2369 2838 2440 quid
2879 2379 3272 2440 consequenter
3313 2369 3616 2440 requiratur
3639 2383 3668 2423 a
3695 2383 3793 2425 no-

2202 2459 2284 2515 bis
2314 2479 2324 2514 :
2353 2460 2631 2528 Quomodo
2656 2460 2724 2517 de
2751 2461 2987 2532 quinque
3013 2461 3304 2531 virginibus
3350 2459 3554 2515 reddita
3586 2469 3668 2515 est
3700 2475 3795 2516 ra-

2205 2555 2298 2621 tio,
2328 2571 2492 2626 quare
2517 2555 2583 2610 ad
2617 2556 2851 2626 quinque
2881 2557 3060 2610 multm
3087 2555 3406 2624 pertineant,
3436 2564 3488 2610 et
3531 2569 3698 2624 quare
3727 2553 3799 2610 ad

2205 2650 2436 2721 quinque
2465 2649 2582 2703 illos
2610 2649 2759 2703 multi
2801 2647 2991 2714 Iud-.ei,
3021 2660 3074 2704 et
3114 2663 3278 2718 quare
3304 2647 3368 2701 ad
3397 2656 3607 2702 centum
3635 2647 3798 2717 quin-

2205 2744 2452 2814 quaginta
2485 2752 2591 2799 tres
2636 2743 2788 2798 multi
2834 2741 3077 2813 perfecti,
3121 2741 3343 2797 ostende
3387 2757 3549 2813 quare
3579 2752 3800 2813 etquo-

2203 2835 2366 2891 modo
2392 2835 2456 2890 ad
2479 2835 2755 2890 duodecim
2777 2835 2948 2901 sedes,
2977 2851 3083 2889 non
3105 2834 3384 2890 duodecim
3414 2835 3674 2900 homines,
3702 2836 3801 2892 sed

2206 2930 2356 2986 multi
2393 2931 2715 3000 pertineant.
2745 2929 2879 2998 Quid
2928 2929 3025 2984 sibi
3069 2929 3254 2984 volunt
3289 2927 3564 2986 duodecim
3597 2928 3760 2985 sedes
3782 2971 3798 2996 ,

2206 3037 2326 3093 quae
2364 3022 2663 3093 signiﬁcant
2688 3037 2873 3077 omnes
2903 3021 3134 3092 undique
3160 3021 3248 3092 qui
3279 3031 3383 3076 tam
3428 3019 3648 3091 perfecti
3675 3036 3804 3078 esse

2207 3116 2496 3186 potuerint,
2526 3131 2682 3186 quam
2715 3115 2962 3185 perfectis
2987 3115 3184 3170 dictum
3214 3123 3296 3169 est
3326 3131 3340 3168 :
3374 3113 3620 3169 Sedebitis
3645 3128 3806 3184 super

2209 3209 2470 3264 duodecim
2516 3209 2676 3276 sedes,
2702 3209 2991 3281 judicantes
3022 3209 3282 3263 duodecim
3312 3207 3465 3262 tribus
3495 3206 3660 3263 Israel
3680 3209 3710 3263 7
3735 3208 3806 3266 Et

2207 3319 2372 3374 quare
2445 3318 2632 3358 omnes
2691 3303 2921 3373 undique
2967 3303 3032 3357 ad
3080 3302 3459 3358 duodenarium
3518 3317 3804 3359 numerum

2208 3395 2518 3465 pertinent?
2547 3394 2679 3463 Quia
2706 3395 2878 3465 ipsum
2907 3394 3141 3464 undique
3162 3395 3301 3464 quod
3323 3394 3566 3457 dicimus,
3594 3394 3662 3450 de
3687 3404 3805 3452 toto

2209 3485 2410 3540 mundo
2440 3485 2666 3540 dicimus
2697 3503 2709 3538 :
2742 3486 2888 3541 orbis
2913 3494 3088 3542 autem
3122 3495 3379 3541 terrarum
3411 3495 3638 3557 quatuor
3665 3486 3809 3544 desi-

2209 3578 2381 3647 gnatis
2408 3577 2644 3646 partihus
2687 3579 3007 3644 continetur,
3036 3580 3262 3642 oriente,
3305 3579 3600 3644 occidente,
3639 3583 3810 3635 meri-

2211 3669 2391 3733 diano,
2424 3679 2478 3724 et
2503 3669 2752 3741 aquilone
2785 3688 2798 3724 :
2831 3669 2898 3725 ab
2944 3669 3028 3724 bis
3067 3671 3314 3725 onmibus
3359 3672 3596 3741 partibus
3626 3674 3809 3728 vocati

2213 3761 2265 3816 in
2293 3761 2571 3826 Trinitate,
2613 3770 2670 3818 et
2701 3759 2916 3832 perfecti
2946 3761 3048 3816 ﬁde
3089 3771 3141 3815 et
3187 3770 3454 3832 praecepto
3480 3762 3759 3819 Trinitatis
3784 3806 3802 3830 ,

2212 3854 2460 3922 quoniam
2486 3862 2565 3907 ter
2589 3853 2830 3923 quaterni
2849 3852 3129 3908 duodecim
3154 3853 3305 3919 ﬁunt,
3327 3854 3611 3924 agnoscitis
3634 3870 3813 3924 quare

2211 3945 2278 3999 ad
2307 3954 2470 3999 totum
2496 3946 2677 3999 orbem
2703 3946 3001 4016 pertineant
3026 3945 3216 4011 sancti,
3247 3945 3339 4016 qui
3358 3945 3620 4001 sedebunt
3642 3961 3816 4018 super

2213 4037 2492 4094 duodecim
2511 4039 2666 4095 sedes
2691 4039 2977 4109 iudicaturi
2993 4037 3274 4094 duodecim
3288 4039 3454 4094 tribus
3473 4037 3661 4105 Israel;
3681 4041 3815 4111 quia

2213 4138 2268 4185 et
2290 4129 2568 4185 duodecim
2599 4131 2765 4186 tribus
2796 4130 2978 4198 Israel,
3011 4131 3173 4186 totius
3201 4130 3362 4186 Israel
3389 4130 3670 4186 duodecim
3701 4135 3810 4188 tri-

2214 4225 2314 4281 bus
2339 4235 2482 4282 sunt.
2510 4226 2658 4281 Sicut
2685 4227 2826 4282 enim
2853 4225 3141 4297 iudicaturi
3172 4243 3238 4282 ex
3265 4235 3376 4282 toto
3402 4227 3620 4291 mundo,
3650 4227 3734 4283 sic
3760 4237 3818 4284 et

2209 4318 2481 4389 iudicandi
2505 4334 2573 4374 ex
2595 4329 2706 4374 toto
2729 4320 2950 4377 mundo.
2981 4320 3269 4390 Apostolus
3289 4319 3357 4376 de
3380 4335 3438 4375 se
3463 4319 3659 4374 Paulus
3683 4335 3818 4376 cum

2215 4421 2460 4482 argueret
2502 4412 2687 4468 fideles
2732 4412 2916 4480 laicos,
2946 4413 3066 4483 quia
3094 4411 3292 4482 judicia
3340 4427 3432 4467 sua
3466 4427 3572 4466 non
3603 4411 3669 4466 ad
3703 4411 3818 4469 Ec-

2215 4502 2430 4558 clesiam
2452 4502 2783 4571 deferebant,
2811 4503 2904 4559 sed
2930 4503 2995 4559 ad
3021 4503 3286 4573 publicum
3314 4502 3694 4572 pertrahehant
3718 4519 3820 4560 eos

2214 4609 2337 4651 cum
2364 4595 2554 4665 quibus
2581 4595 2848 4650 habebant
2877 4595 3112 4666 negotia,
3144 4595 3218 4649 ait
3248 4612 3260 4648 :
3299 4593 3518 4649 Nescitis
3548 4596 3664 4664 quia
3706 4596 3823 4650 An-

2215 4688 2352 4760 gelos
2372 4687 2718 4759 judicabimus
2757 4687 2800 4762 (I
2837 4687 2954 4744 Cor.
2985 4704 3060 4754 vr,
3103 4687 3206 4760 5)?
3236 4679 3420 4743 Videte
3461 4687 3824 4758 quemadmo-

2215 4779 2341 4845 dpm
2363 4780 2594 4850 iudicem
2614 4795 2671 4835 se
2689 4779 2840 4846 fecit;
2872 4795 2975 4835 non
3002 4779 3175 4835 solum
3205 4793 3282 4848 se,
3311 4778 3405 4836 sed
3426 4788 3480 4836 et
3506 4793 3694 4835 omnes
3723 4781 3825 4852 qni

2215 4880 2362 4927 recte
2389 4871 2626 4941 judicant
2662 4871 2715 4926 in
2749 4870 3008 4927 Ecclesia.

2288 4963 2374 5017 II.
2406 4960 2538 5017 Cum
2568 4979 2695 5034 ergo
2722 4962 3058 5018 manifestum
3088 4963 3178 5031 sit,
3209 4962 3402 5018 multos
3428 4977 3548 5018 cum
3580 4961 3826 5021 Domino

2211 5052 2562 5125 iudicaturos,
2593 5055 2726 5110 alios
2752 5070 2899 5122 vero,
2929 5071 3034 5110 non
3076 5064 3250 5110 tamen
3288 5071 3355 5110 ex
3381 5069 3554 5125 aequo,
3588 5054 3681 5110 sed
3723 5071 3830 5126 pro

2216 5147 2421 5202 meritis
2441 5145 2782 5217 iudicandos;
2810 5163 2932 5204 cum
2957 5147 3205 5202 omnibus
3234 5147 3449 5218 Angelis
3475 5146 3584 5201 suis
3612 5147 3828 5209 veniet,

2217 5242 2429 5313 quando
2446 5253 2568 5298 ante
2585 5257 2706 5298 eum
2721 5243 3183 5314 congregabuntur
3193 5257 3381 5298 omnes
3394 5252 3578 5313 gentes
3593 5241 3828 5308 (.lfattlt.

2219 5353 2349 5401 xxv,
2381 5337 2472 5403 31,
2503 5336 2618 5405 52),
2647 5344 2702 5390 et
2721 5336 2859 5390 inter
2877 5351 3063 5392 omnes
3086 5336 3318 5406 Angelos
3337 5336 3622 5406 deputandi
3653 5347 3832 5394 erunt

2218 5429 2316 5494 illi,
2345 5429 2431 5499 qui
2465 5438 2568 5482 tam
2598 5426 2815 5497 perfecti
2844 5427 3037 5482 fuerint
3061 5437 3119 5482 ut
3141 5427 3388 5482 sedentes
3417 5442 3578 5495 super
3604 5426 3825 5483 duode-

2217 5522 2322 5578 cim
2353 5521 2505 5576 sedes
2546 5520 2783 5589 judicent
2827 5520 3106 5576 duodecim
3156 5520 3326 5575 tribus
3367 5520 3552 5575 Israel.
3603 5521 3832 5578 Etenim

2219 5614 2461 5670 homines
2478 5612 2600 5666 dicti
2630 5622 2753 5667 sunt
2775 5613 2944 5682 angeli
2973 5631 2986 5666 :
3012 5612 3295 5681 Apostolus
3321 5610 3388 5666 de
3409 5625 3466 5665 se
3491 5611 3638 5670 dicit,
3665 5609 3832 5667 Sicut

2217 5705 2451 5778 angelum
2499 5703 2589 5757 Dei
2617 5707 2899 5775 suscepistis
2927 5722 3003 5758 me
3037 5703 3174 5774 (Gal.
3210 5718 3282 5767 Iv,
3332 5702 3440 5775 14).
3491 5704 3567 5758 De
3607 5703 3834 5763 Joanne

2221 5801 2453 5869 Baptista
2485 5798 2675 5852 dicitur
2697 5819 2708 5852 :
2731 5796 2860 5852 Ecce
2880 5799 3020 5851 mitto
3043 5795 3278 5868 angelwn
3299 5813 3465 5851 meum
3487 5807 3605 5851 ante
3630 5807 3834 5869 [actem

2221 5899 2377 5958 tuam,
2405 5890 2488 5962 qui
2518 5890 2820 5961 prteparabit
2861 5888 2994 5944 viam
3029 5896 3168 5944 luant
3211 5897 3326 5945 ante
3355 5898 3402 5946 te
3430 5886 3782 5964 (Malach._ut
3806 5931 3831 5963 ,
