4042 6484
254 562 311 629 1.
332 568 381 620 st
420 555 616 616 Hatth.
658 553 734 623 xi,
760 553 871 626 10).
914 553 1057 626 Ergo
1094 565 1216 611 cum
1243 553 1491 610 omnibus
1517 552 1736 624 Angelis
1760 565 1852 606 ve-

255 657 432 723 niens,
459 651 626 711 simul
661 665 846 709 secum
886 647 1102 707 habebit
1124 658 1180 705 et
1206 658 1439 704 sanctos.
1484 649 1682 717 Aperte
1708 645 1851 702 enim

255 745 698 809 dicitetlsa'ns:
735 739 1852 815 Venieladjudieiunteumsenioribuspo-

254 841 367 918 με
391 838 553 916 (Issi.
578 850 658 907 nt,
686 835 800 910 is).
828 834 922 895 uti
947 848 1079 909 ergo
1117 833 1361 893 seniores
1385 832 1587 906 populi,
1619 831 1705 888 nu
1740 831 1853 901 jam

258 934 453 1009 moli
495 932 780 1000 nominati,
810 931 910 989 ista
956 929 1122 987 millia
1160 929 1450 985 multorum
1497 926 1853 998 perfecturum

258 1029 325 1089 de
347 1033 469 1085 toto
491 1025 627 1085 orbe
652 1022 1002 1090 venientium,
1029 1020 1224 1079 emtum
1251 1028 1530 1077 vocantur.
1567 1018 1659 1075 illa
1686 1030 1816 1074 vero
1833 1056 1850 1084 ,

260 1130 423 1185 tam.
448 1117 551 1177 sed
573 1116 863 1177 fructuosa.
887 1112 1023 1182 Quae
1047 1123 1189 1171 terra
1225 1110 1540 1169 fructuosa?
1577 1109 1635 1166 In
1663 1108 1852 1166 dextra

260 1212 530 1288 ponenda,
559 1211 650 1269 cui
675 1209 903 1275 dicetur,
936 1206 1159 1272 Esuriui,
1186 1214 1235 1263 et
1259 1204 1464 1263 dedistis
1493 1204 1617 1261 mihi
1644 1202 1855 1260 ntanduo

257 1324 374 1365 cere
399 1324 420 1363 :
449 1319 582 1364 vene
629 1314 773 1363 terra
815 1301 1105 1370 fructuosa,
1153 1300 1240 1357 eui
1282 1298 1479 1372 gaudet
1521 1297 1811 1368 Apostolus
1831 1336 1852 1365 ,

227 1398 475 1507 ‘qnando
515 1398 568 1455 ei
609 1395 872 1497 miserunt
897 1392 967 1453 ad
991 1392 1356 1507 Jnecessitates
1394 1391 1511 1461 ejus
1540 1388 1709 1507 :DNon
1735 1390 1856 1494 quia

257 1505 429 1563 quem
464 1487 665 1555 datum,
710 1485 901 1557 inquit,
931 1483 1021 1543 sed
1061 1483 1262 1555 ι’εᾴκὲνο
1285 1486 1523 1555 fructum.
1551 1481 1619 1538 Et
1656 1481 1856 1553 gratias

256 1581 366 1653 Iin
389 1579 581 1641 dicens
611 1596 624 1633 :
657 1577 792 1645 Qstia
830 1577 1034 1634 tandem
1075 1576 1349 1646 aliquando
1394 1575 1734 1647 repullulastis
1762 1591 1855 1646 pro

256 1687 543 1743 stenpere
570 1668 829 1742 (Philipp.
860 1683 939 1736 tv,
967 1668 1052 1734 l7,
1081 1666 1194 1740 10).
1228 1666 1596 1747 Repullulastt's
1618 1675 1676 1722 ut
1697 1666 1857 1723 arbo-

259 1764 407 1827 ribus
430 1762 584 1827 dicit,
626 1776 749 1833 quae
794 1759 1073 1819 sterilitate
1113 1758 1342 1830 quadam
1373 1765 1715 1817 exaruerunt.
1748 1757 1854 1815 Ve-

259 1853 414 1911 niens
437 1853 619 1924 itaque
650 1851 905 1907 Dominus
928 1849 994 1905 ad
1016 1848 1295 1921 judicium,
1325 1857 1384 1905 ut
1406 1848 1515 1920 jam
1543 1850 1810 1907 Psalmum
1834 1892 1851 1918 ,

256 1946 470 2013 fratres,
492 1945 795 2012 audiamus,
816 1942 943 2015 quid
963 1941 1200 2000 facturus
1225 1942 1350 1999 est?
1378 1941 1654 2001 Advocaln't
1672 1942 1856 1999 calum

255 2055 457 2101 sursum
480 2054 500 2093 :
516 2036 740 2106 celum,
762 2048 948 2093 omnes
973 2042 1190 2091 sanctos
1209 2031 1475 2104 perfectos
1498 2034 1851 2105 judicaturos;

251 2130 537 2195 advocabit
584 2143 681 2186 eos
721 2142 935 2185 sursum
959 2168 976 2193 ,
1020 2140 1263 2184 cessares
1300 2140 1482 2183 secum
1524 2124 1855 2196 judicaturos

251 2221 540 2281 duodecim
570 2221 739 2277 tribus
767 2218 952 2277 Israel.
980 2216 1262 2288 Quomodo
1283 2217 1429 2276 enim
1454 2216 1730 2273 Advocabit
1751 2234 1854 2274 co:-

250 2314 361 2375 lust
385 2330 609 2383 sarum,
635 2328 758 2371 cum
776 2326 992 2385 semper
1010 2324 1221 2369 sursum
1240 2310 1310 2367 sit
1328 2310 1522 2368 coelum
1542 2309 1567 2364 ?
1595 2309 1702 2367 Sed
1721 2325 1856 2382 quos

251 2403 341 2473 hic
374 2405 573 2463 ctelum
599 2404 750 2474 dicit,
796 2404 1015 2463 eosdem
1050 2401 1218 2461 cmlos
1261 2402 1387 2459 alibi
1430 2401 1681 2473 appellat.
1709 2402 1855 2470 Quos

251 2495 462 2559 culos?
489 2496 593 2567 Qui
636 2504 890 2555 enarrant
928 2495 1155 2566 gloriam
1186 2494 1278 2551 Dei
1307 2513 1319 2549 :
1349 2491 1477 2551 Cati
1514 2495 1659 2551 enim
1703 2510 1854 2550 enar-

250 2601 370 2653 rsttt
390 2592 610 2666 gloriam
633 2589 731 2649 Dei
755 2607 775 2647 :
798 2590 867 2647 de
889 2589 1083 2660 quibus
1103 2587 1320 2654 dicitur,
1347 2584 1417 2643 In
1442 2602 1641 2657 omnem
1665 2595 1856 2642 terram

250 2687 376 2747 sciit
409 2702 570 2745 sonus
602 2700 795 2750 eorum,
823 2693 873 2740 et
906 2684 961 2738 in
989 2682 1119 2752 fines
1155 2681 1290 2738 orbis
1319 2689 1467 2736 terra:
1507 2680 1656 2735 verba
1683 2695 1856 2734 eorum

251 2780 431 2852 (Psal.
478 2795 628 2847 xvm,
654 2779 714 2847 3,
741 2778 821 2850 5).
848 2776 1040 2834 Videte
1076 2775 1222 2832 enim
1249 2759 1642 2830 discernentem
1670 2773 1855 2828 Domi-

254 2887 387 2935 Iltn
429 2871 489 2929 in
508 2870 712 2945 judicio
740 2888 753 2923 :
780 2868 1062 2925 Advocabit
1094 2867 1278 2924 calum
1317 2852 1552 2933 sursum,
1587 2874 1635 2920 et
1668 2875 1855 2921 terram

252 2965 538 3021 discernere
564 2959 809 3035 populum
834 2977 1004 3018 suum.
1043 2959 1085 3015 A
1122 2958 1335 3031 quibus,
1367 2957 1472 3013 nisi
1492 2972 1521 3012 a
1552 2955 1747 3013 malis?
1775 2956 1856 3015 De

249 3058 447 3130 quibus
488 3055 577 3113 hic
600 3063 785 3126 postea
822 3068 930 3111 non
958 3053 1019 3109 fit
1043 3052 1266 3113 mentio,
1292 3050 1403 3121 jam
1433 3057 1684 3120 tanquam
1712 3048 1855 3120 diju-

252 3149 445 3209 dicatis
471 3146 539 3205 ad
563 3160 801 3220 mam.
830 3144 966 3201 Istos
990 3144 1163 3201 bonos
1188 3140 1330 3209 vide,
1358 3150 1411 3197 et
1437 3139 1726 3212 distingue.
1750 3139 1858 3195 Ad-

251 3240 919 3304 scubitctelumsursunt,“
934 3244 1121 3293 terram
1135 3234 1414 3292 discentem
1427 3231 1671 3304 populum
1685 3247 1853 3287 suum.

254 3331 427 3391 Vocat
451 3340 509 3390 et
535 3338 757 3396 terram.
801 3342 907 3389 non
935 3336 1115 3385 tamen
1144 3324 1593 3392 concernendam,
1620 3323 1716 3381 sed
1742 3322 1856 3379 dis-

251 3421 602 3485 cutiendam.
634 3421 819 3477 Primu
842 3420 987 3479 enim
1031 3425 1317 3475 concretos
1342 3414 1549 3473 vocavit
1577 3415 1617 3481 ι,
1643 3411 1857 3486 quando

251 3513 457 3577 locum
482 3522 558 3573 est
590 3512 729 3571 Deus
750 3514 980 3581 deorum,
1024 3521 1072 3567 et
1096 3511 1288 3567 uocauit
1311 3519 1501 3571 terrm
1538 3525 1573 3565 a
1594 3508 1715 3567 solis
1741 3516 1857 3565 orttt

254 3609 530 3679 usa-ead
566 3624 839 3674 «eoum;
878 3606 1123 3665 nondum
1165 3605 1492 3662 discreverat
1520 3621 1534 3659 :
1563 3606 1706 3665 servi
1734 3602 1810 3660 illi
1834 3603 1857 3637 ’

251 3701 407 3761 missi
448 3708 605 3758 erant
628 3701 854 3757 invitare
895 3699 963 3759 ad
1000 3698 1235 3771 nuptias,
1264 3697 1356 3769 qui
1404 3706 1860 3778 congregaverant

249 3792 429 3859 bolos
446 3800 503 3853 et
523 3793 695 3851 malos
722 3787 929 3865 (llattlt.
957 3808 1086 3860 χιιι,
1116 3790 1228 3864 10).
1256 3790 1389 3851 Cum
1411 3804 1543 3849 vero
1560 3790 1702 3849 Deus
1728 3790 1862 3850 dco-

253 3899 380 3951 nln
402 3885 701 3957 manifestus
725 3884 905 3952 vestiet.
935 3893 985 3940 et
1012 3901 1116 3940 non
1147 3883 1331 3948 silebit,
1356 3882 1439 3940 sic
1468 3882 1730 3941 advocabit
1753 3898 1855 3939 cc-

253 3976 368 4037 ιω
390 3993 614 4043 mm,
642 3986 705 4033 ut
726 3976 927 4049 judicet
954 3992 1076 4033 cum
1106 3977 1219 4034 illo.
1249 3975 1405 4045 Quod
1446 3975 1590 4033 enim
1618 3975 1814 4033 omium
1838 4017 1855 4044 ,

253 4070 361 4139 ipsi
388 4069 547 4135 cmii;
588 4069 729 4126 sicut
771 4084 891 4139 qua:
934 4077 1110 4132 terra,
1155 4068 1286 4138 ipsas
1330 4075 1527 4133 terrae;
1557 4067 1697 4123 sicut
1737 4082 1859 4139 qua

252 4160 524 4230 Ecclesia,
552 4160 684 4231 ipsa!
721 4159 996 4218 Ecclesia.
1043 4158 1320 4214 Adoocabit
1362 4159 1542 4215 calum
1566 4175 1784 4226 sursum,
1812 4168 1861 4214 et

255 4264 449 4315 turma
471 4253 754 4310 diseanae
789 4249 1035 4324 populum
1075 4267 1243 4307 muas.
1272 4249 1390 4307 Jam
1419 4265 1541 4307 cum
1585 4250 1725 4307 caelo
1754 4259 1869 4306 ter-.

254 4363 377 4411 ram
398 4347 699 4415 discernit,
725 4345 781 4404 id
808 4354 913 4412 est,
941 4344 1143 4407 cmlnm
1167 4358 1290 4405 cum
1317 4342 1408 4401 illo
1432 4351 1632 4400 terram
1658 4341 1861 4398 discer-

256 4441 358 4497 nit.
401 4438 685 4510 Quomodo
730 4438 987 4496 discernit
1034 4436 1275 4494 terram?
1300 4434 1371 4494 Ut
1409 4435 1544 4495 alios
1588 4443 1752 4506 ponat
1792 4434 1861 4493 ad

250 4533 531 4600 dextram,
576 4532 713 4589 alios
749 4530 817 4591 ad
845 4531 1137 4589 sinistram.
1170 4528 1351 4586 Terrae
1393 4535 1572 4587 autem
1611 4526 1860 4585 discretas

252 4624 390 4698 quid
414 4624 588 4683 dicit?
619 4622 796 4679 Venite
837 4623 1084 4683 benedicti
1122 4620 1298 4677 Patris
1336 4620 1453 4686 mei,
1500 4620 1742 4692 percipi“
1776 4635 1859 4675 re-

250 4734 419 4792 gnum
437 4716 576 4790 quod
599 4716 739 4773 vobis
760 4726 996 4786 ptumum
1018 4723 1090 4771 est
1114 4713 1179 4769 ab
1198 4713 1392 4785 origine
1422 4712 1621 4767 mundi.
1655 4710 1862 4767 Esurici

252 4812 416 4880 asia,
440 4809 714 4867 etdedistis
738 4809 861 4867 mihi
880 4812 1207 4871 mducare,
1226 4816 1281 4864 et
1300 4813 1515 4863 cetera.
1546 4804 1625 4860 illi
1645 4812 1860 4860 autem:

256 4901 484 4972 Quaado
509 4910 558 4959 te
579 4901 817 4967 vidium,
842 4898 1109 4971 inquiunt,
1134 4897 1473 4957 esurientem?
1498 4896 1569 4952 Et
1588 4895 1709 4951 ille:
1735 4894 1861 4950 Cum

254 4995 352 5051 uti
377 5010 441 5051 es
461 4994 688 5051 πιᾶναι-ιιι
712 4996 836 5051 meis
851 4992 1061 5062 fecistis,
1091 4991 1216 5047 mihi
1244 4990 1430 5064 fecistis
1455 4985 1568 5063 (Id.
1583 4974 1731 5056 'xxv,
1760 4989 1860 5047 st-

253 5083 380 5160 (0).
408 5086 617 5145 Ctelum
646 5094 807 5143 terrai
830 5083 1064 5141 ostendit
1092 5083 1344 5139 minimos
1362 5096 1489 5138 suos
1511 5081 1622 5152 jam
1646 5096 1859 5139 sursum

256 5187 502 5248 vocatos,
533 5187 591 5236 et
614 5178 683 5235 ab
711 5177 1011 5234 humilitate
1037 5174 1302 5233 exaltatos
1330 5192 1343 5228 :
1374 5173 1502 5230 Cum
1544 5173 1634 5228 uni
1674 5189 1738 5228 ex
1766 5172 1863 5227 mi-

254 5272 416 5331 nimis
437 5271 562 5328 meis
588 5270 798 5343 fecistis,
827 5268 953 5325 mihi
980 5267 1188 5341 fecistis.
1215 5264 1494 5321 Aduocabit
1526 5280 1655 5337 ergo
1682 5264 1867 5320 calum

257 5381 489 5433 sursum,
515 5372 567 5420 et
589 5371 778 5420 terram
807 5361 1091 5417 discernere
1120 5358 1365 5430 populum
1390 5372 1557 5413 suum.

346 5456 437 5515 12.
469 5454 622 5531 [κη.
654 5451 738 5527 5.]
786 5452 1101 5524 Congregate
1139 5450 1218 5506 illi
1255 5452 1425 5521 justas
1460 5449 1591 5520 ejus.
1629 5445 1743 5503 Vox
1774 5444 1860 5502 di-

256 5551 397 5608 xina
423 5556 481 5606 et
504 5547 842 5621 prophetica,
866 5545 1054 5602 videns
1080 5544 1256 5600 futura
1282 5551 1532 5614 tanquam
1560 5538 1864 5611 praesentia,

268 5642 593 5709 mm
619 5639 856 5711 Anlicius
878 5646 1295 5710 congregantes.
1319 5636 1494 5693 liittet
1517 5634 1659 5691 enim
1685 5634 1865 5705 Ange-

333 5782 357 5816 ι
390 5782 465 5833 sic
483 5779 714 5845 plerique
732 5781 846 5845 lies.
866 5783 921 5827 At
937 5782 1074 5845 μιν..
1097 5786 1192 5824 iam
1212 5777 1376 5845 tangit
1394 5768 1755 5845 contere-udam,
1779 5769 1868 5821 sed

690 5839 857 5892 Primo
871 5836 1000 5906 enim
1020 5850 1131 5889 cum
1450 5832 1651 5906 vocavit.
1743 5893 1756 5905 .
1783 5891 1795 5904 .

880 5900 1016 5966 add,
1039 5899 1256 5953 nondum
1277 5896 1607 5950 discreverunt
1627 5893 1756 5949 servi
1774 5890 1870 5961 illi,

258 5968 362 6035 ά
378 5968 515 6023 nisti
534 5973 693 6033 erant,
720 5972 819 6019 etc.

1346 429 1747 491 ENAKRA'I'IO
1781 428 1851 488 IN
1886 427 2211 496 PBALMUII
2246 437 2436 499 XLIX.

3431 460 3541 526 574

1960 551 2045 656 los
2071 570 2197 656 suos
2216 599 2231 625 ,
2261 569 2318 616 et
2335 563 2803 656 congregabantur
2826 580 2953 631 ante
2986 588 3109 634 eum
3137 593 3326 639 omnes
3354 594 3543 656 gentes

1963 645 2170 750 (allii.
2191 668 2315 721 xxv,
2331 654 2757 732 32).Congregate
2772 664 2851 719 illi
2852 666 3022 738 justas
3040 673 3167 744 ejus.
3186 673 3329 745 Quos
3344 645 3542 750 iustos,

1960 739 2061 832 nisi
2090 742 2330 803 viventes
2355 763 2424 805 ex
2452 750 2557 808 fide
2574 794 2590 821 ,
2618 752 2876 814 facientes
2910 739 3075 832 opera
3119 739 3543 830 misericordiasl

1959 828 2172 890 Etenim
2201 852 2364 910 opera
2391 842 2478 898 illa
2499 885 2515 911 ,
2538 847 2760 916 justitiat
2785 828 3118 921 opera—amt.
3154 859 3327 919 Habes
3360 828 3545 923 Evari-

1957 926 2153 997 gelium
2182 949 2198 987 :
2231 931 2410 991 Cauete
2430 938 2680 1007 justitiam
2705 952 2921 1000 uestram
2941 946 3109 1017 facere
3125 967 3299 1009 coram
3316 956 3540 1014 homini-

1958 1017 2085 1122 ραι,
2114 1031 2173 1122 at
2198 1024 2471 1122 videamini
2497 1031 2561 1085 ab
2589 1034 2679 1089 eis.
2722 1035 2787 1090 Et
2812 1038 2963 1107 quasi
2992 1053 3341 1113 quaereretur,
3372 1047 3543 1116 Quam

1954 1112 2253 1208 justitiam?
2277 1115 2403 1174 Cum
2429 1136 2548 1193 ergo
2572 1125 2702 1195 facis
2718 1125 3109 1202 eleemosynam,
3139 1134 3310 1206 inquit
3336 1112 3446 1208 (Id.
3469 1154 3546 1206 vr,

1967 1201 2117 1307 52)..
2154 1205 2298 1279 Ergo
2325 1210 2695 1287 eleemosyuas
2723 1232 2884 1289 opera
2904 1221 3126 1293 justitite
3146 1201 3264 1283 esse
3284 1201 3552 1301 significa;

1960 1295 2056 1351 vit.
2084 1295 2232 1369 ipsos
2259 1315 2578 1378 congregato
2599 1308 2774 1379 justos
2797 1312 2913 1385 ejus
2947 1331 2963 1370 :
2990 1331 3086 1374 eos
3114 1295 3436 1392 congregato
3459 1324 3551 1394 qui

1960 1393 2225 1461 compassi
2254 1404 2382 1451 sunt
2402 1398 2547 1471 in0pi
2567 1441 2583 1467 ,
2608 1401 2699 1473 qui
2725 1404 3103 1465 intellexerunt
3132 1427 3294 1483 super
3320 1393 3551 1486 egenum

1958 1492 2014 1539 et
2042 1499 2334 1557 pauperem
2359 1507 2373 1546 :
2397 1502 2717 1566 congregata
2742 1497 2861 1553 illos
2884 1543 2900 1569 ,
2929 1512 3213 1560 conservet
3240 1519 3335 1561 eos
3367 1505 3549 1564 Domi-

1962 1591 2083 1670 nus.
2111 1587 2170 1634 et
2190 1580 2421 1638 viviiicet
2445 1598 2542 1640 eos
2568 1584 2591 1658 (
2618 1586 2759 1643 Psal.
2784 1606 2873 1655 ιι,
2899 1591 2957 1659 2,
2988 1593 3023 1648 ὅ
3043 1591 3087 1667 ).
3114 1593 3432 1670 Congregate
3471 1599 3556 1655 illi

1948 1669 2119 1740 justas
2152 1674 2260 1744 ejus
2282 1677 2408 1747 :qui
2432 1677 2710 1748 disponunt
2734 1691 3083 1741 testamentum
3121 1690 3235 1760 ejus
3269 1705 3425 1762 super
3463 1707 3554 1748 sa-

1957 1765 2153 1855 criﬁcia
2174 1782 2194 1821 :
2219 1766 2277 1825 id
2298 1778 2400 1836 est,
2428 1772 2520 1841 qui
2546 1775 2783 1845 cogitant
2806 1776 2876 1834 de
2904 1780 3183 1849 promissis
3224 1782 3343 1853 ejus
3386 1796 3554 1855 super

1952 1853 2050 1910 illa
2080 1872 2197 1927 qua:
2222 1870 2529 1930 operantur.
2563 1863 2680 1935 Ipsa
2703 1867 2846 1924 enim
2870 1877 2995 1925 sunt
3023 1871 3305 1940 sacrificia,
3336 1853 3555 1930 Deo—di-

1953 1955 2131 2014 cente,
2162 1948 2563 2010 Misa-icordiam
2581 1955 2694 2011 volo
2723 1959 2839 2031 plus
2864 1976 3017 2032 quam
3058 1964 3368 2034 sacriﬁcium
3398 1963 3555 2039 (Osee

1956 2053 2033 2146 vi,
2077 2041 2130 2106 6,
2174 2051 2223 2098 et
2268 2044 2576 2146 Matt-lum,
2614 2050 2729 2124 l3).
2779 2051 2882 2121 Qui
2906 2054 3182 2128 disponunt
3207 2066 3556 2116 testamentum

1952 2140 2071 2205 ejus
2094 2152 2248 2206 super
2265 2140 2538 2209 sacriﬁcia.

2032 2248 2119 2305 i5.
2161 2248 2311 2323 [vers.
2341 2251 2420 2326 6.]
2464 2252 2530 2308 Et.
2570 2257 2942 2314 annuntiabunt
2984 2260 3097 2316 cali
3130 2261 3384 2335 justitiam
3419 2262 3555 2334 ejus.

1958 2339 2099 2397 Vere
2143 2342 2278 2399 hanc
2302 2343 2562 2415 justitiam
2600 2347 2696 2404 Dei
2728 2349 2850 2407 caeli
2892 2350 3045 2407 nobis
3082 2353 3554 2422 annuntiaverunt,

1960 2433 2313 2506 Evangelislm
2349 2440 2728 2509 praedixerunt.
2760 2442 2864 2499 Per
2884 2443 3003 2500 illos
3028 2444 3325 2502 audivimus
3353 2446 3558 2504 futuros

1954 2527 2215 2596 quosdam
2243 2527 2308 2583 ad
2338 2529 2600 2599 dextram,
2629 2534 2820 2604 quibus
2857 2535 2984 2592 dicit
3022 2536 3422 2608 paterfamilias,
3458 2535 3557 2595 Ve.

1954 2617 2079 2684 nite,
2107 2618 2350 2675 benedicti
2392 2621 2566 2679 Patris
2604 2625 2721 2690 mei,
2771 2627 3029 2699 percipite.
3078 2628 3214 2698 Quid
3262 2628 3558 2701 percipitef

1959 2707 2211 2783 Regnum.
2247 2712 2349 2769 Pro
2393 2730 2497 2786 qua
2534 2716 2630 2773 rei
2666 2715 2892 2787 Esurivi,
2934 2730 2980 2775 et
3009 2721 3219 2778 dedistis
3252 2723 3379 2779 milii
3404 2740 3553 2779 num-

1958 2803 2163 2861 durare.
2207 2807 2344 2876 Quid
2392 2815 2502 2864 tam
2548 2811 2674 2877 vile,
2722 2809 2850 2884 quid
2899 2821 3005 2868 tam
3052 2823 3342 2884 terrenum,
3392 2831 3556 2889 quam

1958 2896 2204 2971 frangere
2244 2914 2434 2969 panem
2462 2901 2755 2958 esurienti?
2793 2902 2946 2959 Tanti
2976 2904 3116 2960 valet
3137 2920 3359 2978 regnum
3386 2906 3555 2964 cmlo~

1958 3006 2099 3047 rum.
2139 2992 2347 3065 Frange
2373 2995 2631 3050 esurienti
2675 3009 2867 3067 panem
2899 3006 3068 3067 tuum,
3100 3006 3155 3055 et
3180 3012 3410 3072 egenum
3437 2998 3557 3061 sine

1960 3093 2102 3143 tecto
2133 3087 2290 3143 induc
2315 3088 2369 3143 in
2395 3086 2612 3144 domum
2643 3097 2820 3156 tuam;
2850 3091 2894 3146 si
2931 3091 3130 3149 videris
3169 3092 3392 3162 nudum,
3419 3092 3558 3153 vesti

1961 3177 2116 3252 (Isai.
2133 3193 2282 3246 LVIII,
2304 3179 2383 3253 7).
2416 3180 2522 3237 Sed
2540 3196 2646 3238 non
2667 3180 2833 3239 habes
2846 3181 3148 3241 facultatem
3163 3182 3439 3257 frangendi
3459 3199 3557 3256 pa-

1961 3285 2104 3335 nem,
2125 3285 2231 3325 non
2245 3269 2410 3328 habes
2421 3270 2639 3328 domum
2664 3288 2773 3345 quo
2794 3273 3035 3343 inducas,
3053 3289 3159 3331 non
3176 3274 3342 3333 habes
3353 3284 3557 3334 vestem

1960 3378 2064 3434 qua
2093 3366 2369 3437 cooperias
2404 3383 2417 3420 :
2444 3364 2511 3421 da
2536 3367 2757 3424 calicem
2788 3382 2941 3439 aqua:
2982 3368 3186 3441 frigidas
3216 3367 3430 3442 (Matth.
3469 3385 3502 3425 x
3536 3407 3555 3439 ,

1958 3455 2074 3527 42),
2106 3457 2257 3512 mitte
2278 3457 2385 3514 duo
2414 3458 2616 3514 minuta
2644 3458 2700 3514 in
2729 3458 3169 3532 gazophylacium
3221 3460 3415 3533 (Marc.
3443 3475 3518 3517 xtl
3537 3500 3556 3529 ,

1957 3545 2074 3621 42).
2097 3547 2327 3604 Tantum
2352 3549 2651 3605 emitvidua
2666 3549 2875 3606 duobus
2892 3551 3130 3620 minutis,
3149 3558 3405 3622 quantum
3427 3549 3560 3608 emit

1960 3639 2151 3698 Petrus
2178 3639 2484 3713 relinquens
2507 3642 2640 3697 retia
2672 3641 2883 3714 (Matth.
2912 3658 2984 3709 tv,
3007 3641 3123 3715 20),
3152 3650 3407 3715 quantum
3427 3638 3561 3697 emit

1956 3732 2251 3792 lacchaaus
2262 3733 2439 3791 dando
2455 3734 2731 3791 dimidium
2752 3736 3129 3807 patrimonium
3150 3734 3307 3807 (Luc.
3328 3736 3445 3804 xix,
3474 3731 3556 3807 8).

1959 3827 2118 3886 Tanti
2143 3828 2304 3897 valet,
2335 3837 2590 3900 quantum
2621 3829 2891 3885 habueris.
2918 3828 3306 3887 Annuntiabunt
3326 3827 3440 3883 coeli
3454 3826 3555 3900 ju-

1958 3922 2152 3977 stitiam
2174 3923 2284 3994 ejus
2312 3962 2328 3979 .
2353 3923 2592 3994 quoniam
2613 3921 2752 3978 Deus
2769 3922 2937 3997 judea:
2954 3931 3051 3980 est.
3082 3921 3221 3979 Vere
3233 3920 3419 3994 judex,
3451 3934 3561 3979 non

1960 4028 2291 4071 concernens
2321 4017 2363 4083 ',
2403 4015 2496 4072 sed
2536 4014 2868 4075 discernens.
2914 4015 3070 4072 Novit
3107 4016 3247 4072 enim
3302 4013 3561 4071 Dominus

1960 4107 2049 4178 qui
2077 4117 2199 4163 sunt
2225 4106 2341 4178 ejus
2369 4106 2436 4182 (li
2464 4104 2599 4162 Tim.
2630 4123 2690 4176 ιι,
2719 4108 2830 4179 19).
2855 4107 2966 4164 Etsi
2996 4122 3157 4179 grana
3188 4106 3352 4162 latent
3380 4105 3434 4160 in
3460 4119 3560 4179 pa-

1960 4198 2065 4267 lea,
2095 4200 2342 4271 agricolze
2389 4208 2514 4255 nota
2554 4207 2698 4256 sunt.
2747 4198 2914 4256 Nemo
2949 4200 3135 4256 timeat
3174 4212 3294 4254 esse
3331 4211 3560 4269 granum

1963 4292 2123 4346 etiam
2168 4290 2306 4347 inter
2335 4292 2573 4362 paleam;
2607 4306 2713 4346 non
2759 4291 3016 4346 falluntur
3059 4289 3198 4345 oculi
3229 4288 3562 4347 ventilatoris

1959 4384 2151 4439 nostri.
2180 4382 2295 4438 Noli
2324 4383 2532 4450 timere,
2565 4399 2632 4439 ne
2653 4384 2738 4440 illa
2766 4390 3057 4454 tempestas
3085 4396 3202 4453 quae
3229 4382 3330 4437 erit
3369 4380 3420 4435 in
3448 4382 3559 4436 cir-

1961 4475 2105 4531 cuitu
2136 4476 2273 4546 ejus,
2304 4482 2591 4532 concernat
2628 4483 2681 4531 te
2706 4489 2826 4531 cum
2854 4473 3027 4545 palea.
3068 4470 3227 4529 Certe
3259 4468 3429 4525 valida
3458 4469 3563 4526 erit

1963 4574 2288 4636 tempestas;
2317 4565 2518 4621 nullum
2547 4573 2723 4621 tamen
2746 4579 2969 4636 granum
2995 4562 3141 4618 tollet
3165 4576 3193 4615 a
3224 4568 3372 4632 parte
3398 4559 3563 4617 tritici

1964 4662 2029 4717 ad
2067 4662 2273 4732 paleam
2300 4679 2312 4714 :
2346 4660 2465 4731 quia
2499 4675 2604 4715 non
2637 4659 2857 4731 quilibet
2894 4657 3125 4714 rusticus
3154 4670 3274 4711 cum
3305 4653 3559 4719 tridente,

1965 4754 2059 4811 sed
2090 4755 2230 4811 Deus
2257 4753 2490 4810 Trinitas
2530 4752 2695 4824 judex
2720 4761 2820 4807 est.
2855 4748 2920 4805 Et
2947 4748 3317 4803 annnntiabunt
3337 4747 3449 4803 caeli
3467 4746 3562 4820 ju-

1963 4849 2152 4905 stitiam
2182 4849 2292 4921 ejus
2330 4847 2612 4919 :quoniam
2645 4844 2782 4901 Deus
2810 4845 2977 4916 judex
3001 4851 3092 4898 est.
3135 4842 3272 4897 Eant
3296 4841 3441 4909 cmli,
3465 4855 3565 4896 an-

1966 4942 2212 4998 nunticnt
2239 4940 2380 5005 caeli,
2412 4940 2466 4994 in
2497 4954 2711 4996 omnem
2744 4945 2939 4991 terram
2974 4943 3131 4990 exeat
3160 4946 3325 4989 sonus
3353 4946 3563 5001 eorum,

1966 5044 2021 5091 et
2055 5034 2109 5089 in
2156 5034 2290 5089 fines
2320 5033 2463 5089 orbis
2495 5042 2649 5087 terrae
2676 5028 2837 5084 verba
2868 5043 3052 5084 eorum
3077 5024 3253 5102 (Psal.
3276 5041 3426 5093 xvnl,
3460 5023 3515 5096 5)
3548 5041 3563 5078 :

1967 5135 2023 5184 et
2046 5126 2183 5183 dicat
2211 5126 2336 5180 illud
2367 5138 2577 5193 corpus,
2620 5118 2700 5176 De
2727 5120 2913 5191 ﬁnibus
2950 5129 3097 5176 terr:
3138 5118 3207 5173 ad
3243 5127 3291 5173 te
3330 5115 3591 5185 clamari,t

1967 5233 2086 5272 cum
2134 5224 2400 5289 angeretur
2433 5230 2522 5269 cor
2564 5229 2734 5267 meum
2761 5210 2941 5284 (Psal.
2974 5226 3069 5277 ιι,
3114 5210 3195 5281 3).
3237 5207 3395 5265 Modo
3422 5193 3593 5298 enim)

1968 5316 2280 5365 concretum
2320 5304 2504 5378 gemit,
2551 5304 2839 5360 discretum
2884 5302 3153 5375 gaudebit.
3181 5300 3389 5356 Clamet
3416 5314 3567 5372 ergo,

1970 5408 2027 5456 et
2048 5398 2227 5455 dicat:
2258 5395 2342 5453 Ne
2368 5395 2666 5469 comperdas
2704 5412 2816 5451 cum
2859 5393 3030 5466 impiis
3054 5394 3277 5447 animam
3308 5407 3488 5457 meam,
3524 5399 3569 5445 et

1971 5510 2085 5550 cum
2117 5493 2235 5549 viris
2261 5493 2568 5566 sanguinum
2591 5492 2743 5546 vitam
2782 5505 2943 5544 meam
2973 5485 3143 5560 (Psal.
3175 5501 3301 5551 xxv,
3337 5481 3416 5558 9).
3452 5481 3572 5540 Non

1972 5586 2289 5657 comperdit,
2319 5586 2441 5656 quia
2486 5585 2622 5641 Deus
2641 5583 2805 5655 judex
2835 5590 2936 5638 est.
2960 5578 3169 5636 Clamet
3202 5577 3299 5647 illi,
3327 5584 3381 5633 et
3405 5575 3572 5642 dicat,

1972 5679 2161 5737 Judica
2186 5696 2283 5741 me,
2313 5677 2528 5734 Domine
2545 5721 2560 5746 ,
2593 5686 2638 5733 et
2666 5677 2893 5731 discerne
2916 5689 3123 5727 causam
3148 5688 3310 5726 meam
3337 5670 3401 5726 de
3420 5678 3571 5742 gente

1973 5790 2075 5829 non
2096 5782 2270 5829 sancta
2298 5770 2467 5845 (Psal.
2492 5787 2619 5837 xui,
2655 5769 2709 5841 l)
2738 5788 2751 5824 :
2781 5768 2951 5831 dicat,
2978 5766 3142 5823 faciet
3170 5765 3261 5822 ille
3293 5784 3310 5822 :
3339 5779 3568 5838 congre-

1978 5890 2216 6021 p“twn-es
2242 5887 2776 5951 ttss.,conterens:et
2804 5878 3349 5949 pauloinl’t-a,canterat
3380 5884 3430 5937 te
3465 5889 3577 5935 calt
