4042 6490
502 427 610 486 8⁸15

502 541 767 614 gahuntur
806 540 855 599 ei
882 540 1012 612 justi
1048 539 1187 613 ejus.
1222 538 1442 598 Vocavit
1476 542 1696 606 terram,
1742 546 1802 595 ut
1822 537 2092 596 discernat

504 634 758 706 populum
782 649 959 691 suum.

572 728 659 782 14.
702 724 851 801 [vers.
881 724 958 800 7.]
993 726 1148 794 Audi,
1203 726 1423 799 populus
1468 742 1627 794 meus,
1668 734 1716 781 et
1757 725 1935 797 loquar
1981 724 2089 780 tibi.

500 819 597 876 Ille
621 820 712 891 qui
735 820 912 875 veniet
933 829 988 876 et
1015 835 1117 875 non
1140 819 1355 889 silebit,
1385 818 1563 875 videte
1586 818 1707 889 quia
1734 828 1789 874 et
1814 817 1977 875 modo
1998 859 2015 885 ,
2045 816 2092 873 si

499 911 730 976 auditis,
776 926 883 967 non
925 912 1046 968 silet
1088 929 1101 965 :
1152 912 1313 980 Audi,
1353 912 1571 982 populus
1621 927 1798 977 meus,
1837 919 1883 965 et
1913 911 2093 983 loquar

499 1006 606 1061 tibi.
639 1004 770 1062 Nam
799 1004 844 1061 si
871 1019 977 1060 non
993 1003 1165 1071 audis,
1194 1019 1300 1059 non
1331 1004 1518 1074 loquar
1538 1003 1652 1060 tibi.
1674 1002 1810 1057 Audi
1835 1012 1881 1057 et
1909 1003 2091 1075 loquar

497 1099 605 1153 tibi.
636 1098 767 1153 Nam
799 1098 843 1152 si
869 1113 972 1153 non
1001 1096 1174 1164 audis,
1201 1096 1298 1152 etsi
1326 1095 1535 1166 loquar,
1578 1110 1685 1152 non
1718 1096 1831 1151 tibi.
1862 1093 2086 1162 Quando

496 1205 624 1261 ergo
649 1189 740 1245 tibi
767 1189 997 1259 loquar?
1021 1189 1077 1244 Si
1103 1188 1276 1244 audis.
1312 1187 1535 1256 Quando
1561 1188 1749 1244 audis?
1772 1188 1830 1245 Si
1857 1187 2086 1259 populus

496 1299 649 1342 meus
674 1301 754 1342 es.
785 1285 921 1340 Audi
946 1285 1109 1353 enim,
1140 1285 1358 1356 populus
1383 1301 1522 1340 meus
1547 1300 1567 1341 :
1591 1298 1697 1340 non
1718 1283 1892 1351 audis,
1921 1283 1965 1338 si
1993 1297 2089 1352 po-

500 1379 656 1449 pulus
692 1379 914 1434 alienus.
964 1378 1122 1445 Audi,
1184 1378 1402 1450 populus
1429 1395 1587 1444 meus,
1637 1389 1685 1433 et
1726 1379 1913 1449 loquar
1956 1377 2089 1444 tibi;

495 1471 684 1543 Israel,
713 1482 760 1529 et
794 1474 1098 1543 testiﬁcabor
1135 1473 1240 1528 tibi.
1263 1471 1446 1540 Israel,
1467 1472 1589 1529 audi
1614 1490 1630 1540 ;
1660 1472 1887 1545 populus
1912 1486 2086 1539 meus,

494 1565 639 1621 audi.
693 1565 856 1622 Israel
904 1581 1096 1621 nomen
1134 1564 1410 1622 electionis
1454 1573 1538 1621 est
1577 1581 1592 1619 :
1642 1563 1767 1619 Non
1813 1563 2084 1630 vocaberis,

498 1657 589 1722 ait,
619 1654 803 1725 Iacob,
832 1657 921 1712 sed
949 1656 1200 1712 vocaberis
1226 1655 1392 1711 Israel
1413 1656 1566 1729 (Gen.
1594 1671 1777 1724 χχχιι,
1798 1655 1916 1726 28).
1944 1655 2088 1727 Ergo

496 1748 622 1805 audi
659 1750 797 1805 sicut
838 1749 1023 1819 Israel,
1066 1750 1203 1806 sicut
1244 1748 1431 1805 videns
1478 1750 1682 1815 Deum;
1715 1749 1815 1804 etsi
1852 1748 2087 1804 nondum

496 1841 695 1911 specie,
725 1842 818 1898 sed
843 1842 957 1913 jam
985 1841 1110 1898 lide.
1140 1842 1255 1898 Hoc
1291 1843 1437 1897 enim
1479 1842 1861 1913 interpretatur
1900 1840 2086 1908 Israel,

496 1931 695 1990 Videns
741 1934 927 1990 Deum.
994 1934 1095 2004 Qui
1148 1933 1309 1991 habet
1361 1948 1519 1990 aures
1564 1932 1847 1999 audiendi,
1908 1932 2089 1988 audiat

496 2022 709 2094 (Matth.
742 2041 816 2091 χι,
848 2026 975 2097 l5);
1016 2035 1071 2080 et
1097 2026 1186 2095 qui
1214 2024 1378 2081 habet
1402 2025 1588 2080 oculos
1612 2023 1861 2090 videndi,
1886 2024 2086 2081 videat.

493 2114 652 2182 Audi,
673 2114 859 2183 Israel,
900 2125 948 2170 et
987 2116 1293 2186 testiﬁcabor
1321 2116 1431 2171 tibi.
1476 2114 1631 2184 Quod
1677 2130 1888 2171 sursum
1931 2114 2085 2183 dixit,

499 2206 721 2279 papulus
751 2223 925 2273 meus;
967 2208 1071 2262 hoc
1110 2208 1162 2263 in
1205 2208 1588 2279 consequenti,
1620 2207 1785 2264 Israel
1819 2224 1839 2263 :
1865 2217 1919 2264 et
1945 2209 2089 2278 quod

498 2297 632 2353 dixit
655 2312 889 2359 sursum.
920 2298 1099 2368 loquar
1127 2299 1250 2365 tibi;
1294 2299 1397 2354 hoc
1422 2300 1476 2354 in
1503 2299 1877 2370 consequenti,
1907 2300 2087 2370 testiﬁ-

496 2389 648 2444 cabor
671 2389 776 2445 tibi.
807 2389 942 2457 Quid
971 2391 1217 2461 loquetur
1242 2391 1498 2446 Dominus
1530 2392 1667 2448 Deus
1689 2400 1872 2448 noster
1889 2392 2088 2462 pepulo

494 2497 593 2537 suo
610 2483 635 2534 ?
662 2480 843 2538 lsracli
871 2498 968 2537 suo
991 2483 1117 2553 quid
1146 2482 1549 2540 testiﬁcabitur?
1574 2483 1865 2539 Audiamus
1890 2500 1902 2537 :
1923 2483 2081 2553 Deus,

493 2572 636 2630 Deus
657 2583 772 2631 tuus
794 2592 887 2647 ego
910 2593 1042 2630 sum.
1076 2576 1217 2631 Deus
1244 2591 1343 2646 ego
1371 2590 1513 2643 sum,
1554 2583 1610 2631 et
1638 2574 1779 2630 Deus
1799 2584 1919 2631 tuus
1942 2590 2084 2631 sum.

496 2666 775 2736 Quomodo
802 2666 943 2723 Deus
964 2684 1053 2740 ego
1072 2668 1227 2724 sum?
1251 2667 1401 2723 Sicut
1428 2668 1598 2740 Moysi
1620 2667 1817 2723 dictum
1841 2675 1943 2735 est,
1970 2666 2084 2740 Ego

494 2775 606 2813 sum
648 2760 733 2829 qui
776 2776 888 2815 sum
935 2760 1130 2832 (Exod.
1170 2775 1245 2827 nt,
1295 2760 1410 2832 14).
1455 2758 1736 2830 Quomodo
1781 2757 1925 2815 Deus
1966 2768 2084 2816 tuus

492 2849 645 2904 sum?
672 2849 784 2919 Ego
812 2865 930 2905 sum
957 2850 1095 2906 Deus
1120 2849 1410 2918 Abraham,
1434 2859 1489 2907 et
1509 2851 1651 2907 Deus
1676 2851 1842 2919 Isaac,
1866 2859 1920 2907 et
1941 2849 2084 2908 Deus

494 2940 680 2998 Jacob.
711 2941 839 2998 Sum
866 2943 1026 3007 Deus.
1056 2952 1111 2999 et
1139 2952 1262 2999 tuus
1288 2959 1406 2999 sum
1434 2944 1576 3000 Deus
1605 2962 1618 2999 :
1660 2953 1715 2999 et
1748 2944 1794 2999 si
1821 2952 1944 2999 tuus
1968 2958 2078 2999 non

493 3031 595 3087 sim
621 3031 781 3098 Deus,
811 3048 928 3088 sum
957 3033 1117 3089 Deus.
1145 3034 1297 3091 Bono
1322 3049 1443 3091 meo
1470 3050 1589 3091 sum
1608 3035 1790 3103 Deus,
1820 3036 1962 3091 malo
1993 3045 2084 3092 tuo

492 3139 598 3179 non
625 3138 742 3179 sum
773 3124 913 3180 Deus
941 3133 1079 3181 tuus.
1110 3126 1321 3182 Etenim
1345 3124 1489 3182 Deus
1513 3135 1649 3195 tuus,
1675 3128 1725 3183 ei
1756 3127 1969 3198 proprie
2003 3127 2086 3183 di-

490 3215 628 3270 citur
651 3230 809 3286 quem
836 3213 1147 3273 familiarius
1171 3218 1333 3274 habet
1358 3219 1520 3286 Deus,
1558 3228 1807 3289 tanquam
1836 3219 1889 3273 in
1926 3234 2082 3275 man-

488 3306 629 3377 cipio
673 3321 791 3374 suo,
822 3316 1069 3379 tanquam
1111 3308 1166 3364 in
1203 3309 1410 3379 peculio
1449 3324 1565 3365 suo.
1609 3307 1774 3378 Deus,
1797 3308 1940 3365 Deus
1964 3319 2083 3366 tuus

488 3414 603 3453 sum
629 3415 739 3471 ego.
767 3399 903 3468 Quid
933 3400 1013 3455 vis
1036 3402 1301 3472 amplius?
1326 3402 1610 3458 Praemium
1648 3404 1846 3474 quaeris
1885 3418 1915 3458 a
1946 3404 2076 3473 Deo,

488 3498 550 3546 ut
597 3491 795 3563 aliquid
830 3492 922 3548 tibi
963 3493 1055 3549 det
1084 3494 1244 3561 Dens,
1290 3503 1350 3550 ut
1392 3494 1534 3566 quod
1574 3495 1668 3551 tibi
1697 3495 1907 3554 dederit
1933 3506 2082 3554 tuum

489 3583 590 3638 sit?
619 3583 759 3640 Ecce
788 3584 903 3656 ipse
929 3586 1069 3642 Deus
1097 3586 1186 3657 qui
1228 3585 1393 3657 dabit,
1427 3596 1550 3645 tuus
1586 3594 1688 3642 est.
1720 3587 1857 3658 Quid
1895 3603 1962 3644 eo
1995 3588 2071 3645 di-

491 3675 597 3731 tius
626 3676 693 3731 ίῖ
752 3677 900 3733 Dona
948 3680 1265 3749 quwrehas,
1317 3680 1492 3752 ipsum
1547 3681 1863 3740 donatorem
1890 3682 2078 3742 habes.

487 3763 647 3834 Deus,
677 3765 818 3824 Deus
843 3778 957 3825 tuus
980 3786 1071 3842 ego
1096 3788 1228 3827 sum.

561 3858 648 3914 15.
691 3856 841 3931 [vers.
874 3858 952 3932 8.]
994 3860 1132 3930 Quid
1173 3862 1363 3934 quaerit
1405 3864 1476 3921 ab
1517 3860 1756 3935 homine,
1777 3866 2076 3926 videamus.

490 3949 631 4005 Deus
653 3959 855 4017 noster,
886 3952 1178 4023 imperator
1200 3963 1253 4011 et
1293 3970 1388 4011 rex
1414 3966 1600 4012 noster
1619 3998 1633 4022 ,
1666 3957 1808 4029 quod
1850 3960 2078 4033 vectigal

488 4042 646 4099 nobis
665 4042 885 4111 indicit;
914 4046 1164 4116 quoniam
1201 4046 1374 4102 voluit
1402 4063 1521 4105 esse
1546 4064 1642 4105 rex
1667 4060 1871 4119 noster,
1906 4062 1961 4110 et
1984 4069 2079 4111 vo-

487 4134 588 4193 luit
611 4151 708 4193 nos
733 4153 853 4197 esse
877 4140 1209 4211 provinciam
1231 4155 1381 4198 suam
1397 4144 1421 4199 ?
1440 4144 1735 4202 Audiamus
1760 4146 2077 4209 indietiones

391 4304 395 4309 τ
488 4231 625 4302 ejus.
670 4232 786 4289 Non
814 4235 1044 4307 trepidet
1082 4252 1286 4311 pauper
1310 4240 1409 4296 sub
1440 4240 1730 4299 indictione
1758 4243 1855 4301 Dei
1886 4263 1899 4301 :
1933 4245 2077 4317 quod

487 4322 589 4380 sibi
626 4324 769 4383 Deus
806 4325 920 4383 dari
950 4326 1153 4394 indicit,
1188 4330 1302 4401 ipse
1344 4331 1492 4402 prius
1517 4331 1680 4388 donat
1719 4335 1809 4405 qui
1846 4334 2072 4393 indicit:

485 4429 583 4471 vos
607 4425 808 4474 tantum
844 4418 1021 4475 devoti
1047 4429 1237 4476 estote.
1265 4420 1382 4477 Non
1419 4423 1581 4495 exigit
1609 4425 1750 4482 Deus
1783 4426 1926 4498 quod
1967 4442 2074 4484 non

486 4506 653 4577 dedit,
682 4518 737 4566 et
766 4510 1014 4567 omnibus
1051 4511 1200 4569 dedit
1233 4514 1372 4584 quod
1412 4517 1593 4588 exigit.
1621 4518 1758 4584 Quid
1778 4519 1922 4574 enim
1958 4520 2075 4576 exi-

485 4598 604 4668 git?
631 4599 922 4657 Audiamus
945 4602 1055 4672 jam
1082 4620 1096 4657 :
1131 4603 1253 4659 Non
1282 4622 1434 4678 super
1459 4608 1712 4679 sacriﬁcia
1743 4618 1833 4665 tua
1860 4627 2073 4683 arguam

487 4698 550 4744 te.
579 4689 693 4744 Non
726 4692 821 4747 tibi
850 4693 1021 4748 dicam
1048 4711 1062 4748 :
1093 4695 1270 4763 Quare
1295 4711 1401 4752 non
1428 4699 1557 4753 mihi
1586 4699 1834 4772 pinguem
1861 4710 2071 4760 taurum

485 4781 767 4837 mactasti?
804 4800 972 4854 quare
1011 4802 1116 4841 non
1161 4786 1228 4842 de
1265 4803 1426 4859 grege
1465 4799 1554 4844 tuo
1580 4792 1837 4861 optimum
1866 4792 2072 4851 hircum

486 4872 731 4943 elegisti?
756 4889 921 4945 quare
942 4878 1083 4933 aries
1110 4878 1200 4934 ille
1229 4879 1463 4935 ambulat
1492 4881 1544 4935 in
1571 4882 1758 4938 ovibus
1782 4884 1903 4952 tuis,
1937 4895 1991 4941 et
2017 4887 2072 4943 in

485 4979 575 5018 ara
601 4979 719 5020 mea
741 4981 847 5021 non
877 4967 1129 5037 ponitur?
1162 4969 1277 5026 Non
1300 4970 1471 5025 dicam
1498 4990 1511 5026 :
1550 4971 1756 5045 Inspice
1776 4990 1931 5046 agros
1954 4985 2073 5033 tuos

484 5063 537 5110 et
574 5053 816 5110 chortem
860 5065 1025 5124 tuam,
1071 5069 1125 5114 et
1168 5075 1397 5130 parietes
1437 5071 1576 5132 tuos,
1616 5066 1906 5134 quaerendo
1945 5068 2071 5138 quid

485 5146 612 5200 mihi
648 5146 765 5203 des.
816 5146 941 5202 Non
975 5166 1126 5220 super
1165 5158 1415 5223 sacrificia
1458 5164 1546 5225 tua
1571 5173 1785 5230 arguam
1826 5169 1890 5214 tc.
1935 5160 2071 5229 Quid

482 5241 651 5308 ergo?
678 5239 791 5294 Non
814 5250 1062 5311 acceptas
1090 5243 1346 5299 sacriﬁcia
1377 5247 1532 5302 mea?
1564 5246 1880 5305 llolocausta
1905 5264 2069 5308 autem

482 5337 568 5383 tua
604 5332 658 5384 in
701 5342 971 5402 conspectu
998 5349 1108 5388 meo
1149 5347 1267 5390 sunt
1305 5353 1520 5409 semper.
1566 5339 1884 5398 llolocausta
1923 5361 2071 5416 quaa-

481 5420 625 5488 dam,
647 5422 714 5479 de
739 5424 931 5496 quibus
957 5426 1009 5481 in
1038 5426 1144 5482 alio
1165 5429 1369 5499 psalmo
1393 5430 1607 5499 dicitur,
1641 5433 1701 5488 Si
1727 5436 1965 5493 voluisses
1984 5456 2070 5494 sa-

480 5513 748 5582 criﬁcium,
789 5516 1036 5574 dedissem
1072 5521 1279 5592 utique;
1322 5522 1629 5580 holocaustis
1658 5542 1760 5581 non
1785 5527 2067 5586 delectabe-

482 5605 552 5658 ris
584 5622 602 5660 :
629 5615 683 5661 et
726 5623 908 5664 rursus
949 5613 1213 5667 convertit
1257 5628 1337 5678 se,
1375 5615 1696 5684 Sacriﬁcium
1722 5617 1834 5677 Deo
1860 5624 2068 5693 spiritus

480 5688 881 5767 contribulatus;
921 5720 1007 5758 cor
1036 5708 1304 5760 contritum
1341 5715 1387 5760 et
1429 5710 1751 5767 humiliatum
1787 5711 1930 5769 Deus
1956 5732 2059 5771 non

484 5842 689 5959 “"18ng
716 5838 838 5901 Quid
875 5853 933 5895 eo
951 5840 1181 5896 dulcius?
1202 5843 1411 5899 Melioris
1449 5854 1578 5900 notae
1762 5849 1885 5914 Quid
1915 5857 1962 5906 te
1985 5852 2064 5907 di-

1745 423 1805 480 S.
1845 420 2207 481 AUGUSTINI
2247 422 2551 484 EPISCOPI

3680 438 3787 500 578

2200 540 2410 610 spernit.
2439 540 2568 608 Quae
2592 549 2716 600 sunt
2743 555 2873 615 ergo
2904 542 3210 603 holocausta
3236 561 3355 620 quae
3391 562 3499 606 non
3537 555 3786 624 spernit?

2197 632 2329 699 Quae
2357 633 2662 692 holocausta
2690 653 2812 709 qua:
2832 638 2884 693 in
2909 649 3198 711 conspectu
3222 642 3339 713 ejus
3365 654 3492 701 sunt
3517 649 3784 718 semper?

2198 722 2439 797 Benigne,
2456 728 2643 798 inquit,
2660 731 2762 801 fac,
2776 728 3012 798 Domine,
3026 733 3080 787 in
3096 733 3226 789 bona
3240 735 3495 792 voluntate
3514 747 3604 793 tua
3626 739 3780 809 Sion,

2198 827 2248 874 et
2273 820 2585 889 aediﬁcentur
2608 824 2741 878 muri
2766 822 3051 881 Jerusalem
3075 844 3094 883 :
3124 837 3243 883 tunc
3264 833 3550 901 acceptabis
3578 836 3785 904 sacriﬁ-

2197 910 2330 965 cium
2344 914 2561 981 justitia:
2586 914 2861 971 oblationes
2886 926 2934 972 et
2961 918 3257 976 holocausta
3283 921 3454 993 (Psal.
3476 940 3528 990 ι,
3559 926 3782 998 18-21).

2198 1002 2335 1060 Dicit
2376 1006 2619 1076 quaedam
2657 1007 2970 1067 holocausta
2999 1013 3166 1071 Deum
3192 1026 3613 1089 acccptaturum.
3640 1020 3785 1090 Quid

2196 1108 2279 1155 est
2317 1108 2494 1156 autem
2534 1101 2940 1161 holocaustum?
2985 1105 3175 1164 Totum
3221 1110 3344 1183 igne
3398 1112 3785 1184 absumptum:

2196 1196 2359 1257 καῦσις
2382 1195 2622 1252 incensio
2639 1206 2740 1266 est,
2780 1205 2886 1255 ὅλον
2925 1209 3093 1257 totum
3119 1211 3201 1258 est
3232 1220 3246 1258 :
3282 1204 3651 1262 holocaustum
3684 1224 3787 1264 au-

2196 1294 2306 1344 tem
2335 1298 2418 1345 est
2462 1300 2631 1346 totum
2674 1292 2795 1363 igne
2837 1295 3199 1367 absumptum.
3249 1296 3348 1353 Est
3383 1299 3600 1370 quidam
3645 1302 3788 1373 ignis

2196 1377 2619 1451 ﬂagrantissimae
2657 1383 2931 1442 charitatis
2961 1406 2975 1442 :
3016 1389 3225 1444 animus
3264 1389 3623 1448 inﬂammetnr
3651 1394 3786 1448 cha-

2195 1471 2391 1538 ritate,
2445 1474 2664 1545 arripiat
2714 1470 2905 1533 eadem
2952 1478 3186 1536 charitas
3227 1483 3466 1539 membra
3515 1485 3570 1539 in
3626 1500 3785 1541 usum

2195 1577 2349 1618 suum
2372 1605 2389 1630 ,
2437 1580 2540 1620 non
2571 1581 2634 1621 ea
2661 1569 2935 1638 permittat
2961 1572 3189 1628 militare
3218 1572 3512 1645 cupiditati,
3552 1585 3614 1631 ut
3638 1586 3786 1635 totus

2195 1655 2507 1712 exardescat
2553 1658 2675 1730 igne
2714 1662 2912 1717 amoris
2935 1662 3106 1719 divini
3144 1666 3235 1736 qui
3276 1666 3389 1722 vult
3430 1667 3630 1724 offerre
3671 1670 3786 1728 Deo

2194 1746 2581 1832 holocaustum.
2625 1750 2773 1807 Talia
2823 1753 3116 1811 holocausta
3157 1765 3246 1812 tua
3273 1757 3327 1812 in
3364 1770 3639 1830 conspectu
3672 1778 3785 1818 meo

2158 1828 2167 1837 ³
2193 1828 2311 1898 sunt
2334 1860 2548 1910 semper.

2266 1935 2353 1991 16.
2397 1934 2545 2009 [vers.
2575 1936 2655 2012 9.]
2692 1938 2883 1996 Adhuc
2906 1939 3008 1998 iste
3033 1940 3198 1998 Israel
3232 1940 3369 2000 forte
3403 1958 3508 1999 non
3535 1945 3787 2017 intelligit

2193 2039 2313 2095 quas
2339 2025 2642 2084 holocausta
2670 2029 2787 2100 ejus
2810 2030 2866 2086 in
2894 2042 3184 2103 conspectu
3206 2049 3303 2089 suo
3331 2034 3525 2092 habeat
3545 2052 3782 2108 semper,

2193 2128 2248 2175 et
2271 2119 2443 2176 adhuc
2469 2120 2535 2176 de
2563 2122 2755 2189 bobus,
2787 2122 2856 2180 de
2878 2125 3086 2192 ovibus,
3117 2126 3184 2182 de
3212 2125 3374 2181 hircis
3401 2129 3596 2198 cogitat
3626 2147 3639 2183 :
3672 2144 3786 2185 non

2193 2210 2420 2281 cogitet;
2451 2211 2574 2267 Non
2597 2215 2845 2284 accipiam
2866 2216 2929 2270 de
2947 2216 3100 2271 domo
3121 2227 3206 2272 tua
3230 2220 3431 2274 vitulos.
3463 2221 3785 2279 llolocausta

2192 2303 2459 2358 nominavi
2482 2321 2498 2370 ;
2522 2304 2631 2375 jam
2658 2306 2836 2361 animo
2865 2315 2919 2363 et
2943 2309 3263 2379 cogitatione
3286 2312 3352 2368 ad
3381 2322 3622 2369 terrenos
3654 2331 3784 2386 gre-

2190 2408 2285 2464 ges
2307 2397 2582 2463 currebas,
2611 2397 2735 2454 inde
2755 2399 2950 2472 pingue
2970 2401 3100 2455 mihi
3126 2402 3326 2473 aliquid
3348 2404 3583 2476 eligebas
3608 2425 3619 2459 :
3656 2406 3785 2464 Non

2192 2486 2437 2557 accipiam
2465 2488 2529 2542 de
2569 2488 2719 2544 domo
2747 2498 2834 2544 tua
2862 2492 3065 2547 vitulos.
3098 2493 3427 2552 Prtenuntiat
3468 2497 3786 2555 Testamen-

2192 2585 2303 2632 tum
2330 2594 2546 2645 novum,
2576 2581 2665 2636 ubi
2703 2583 2882 2638 omnia
2908 2584 2996 2639 illa
3030 2585 3291 2641 sacriﬁcia
3319 2598 3499 2645 vetera
3526 2604 3782 2650 cessave-

2189 2676 2333 2722 runt.
2363 2669 2530 2723 Erant
2560 2672 2703 2726 enim
2744 2680 2872 2729 tunc
2900 2675 3309 2744 praenuntiantia
3334 2676 3567 2735 futurum
3602 2680 3783 2752 quod-

2188 2755 2311 2812 dam
2343 2759 2684 2829 saeriiicium,
2724 2764 2877 2833 cujus
2918 2766 3177 2836 sanguine
3217 2769 3617 2827 mundaremur.
3651 2771 3783 2830 Non

2188 2852 2434 2923 accipiam
2471 2853 2535 2909 de
2561 2854 2712 2911 domo
2752 2865 2841 2911 tua
2875 2857 3080 2929 vitulos,
3108 2876 3268 2932 neque
3304 2862 3369 2918 de
3404 2864 3636 2936 gregibus
3678 2868 3783 2923 tuis

2188 2942 2374 3000 hircos.

2260 3037 2348 3091 17.
2390 3036 2541 3111 [vers.
2570 3038 2685 3115 l0.]
2728 3041 2982 3109 Quoniam
3006 3060 3130 3104 mea
3151 3054 3269 3102 sunt
3296 3064 3467 3105 omnes
3489 3048 3657 3106 bestia:
3683 3052 3783 3108 sil-

2186 3144 2280 3184 vae.
2311 3129 2451 3199 Quid
2480 3146 2511 3186 a
2541 3140 2594 3188 te
2617 3149 2851 3204 quaeram
2879 3137 3021 3208 quod
3044 3153 3145 3211 ego
3164 3139 3414 3196 condidi?
3434 3141 3669 3215 Magisne
3690 3153 3782 3202 est

2188 3220 2291 3278 hoc
2319 3231 2465 3278 tuum
2491 3225 2576 3279 cui
2608 3226 2882 3295 possidere
2906 3228 3068 3297 dedi,
3111 3246 3273 3301 quam
3302 3248 3477 3290 meum
3505 3236 3592 3305 qui
3632 3236 3780 3292 feci?

2191 3314 2440 3382 Quoniam
2477 3332 2602 3372 mea
2640 3328 2760 3373 sunt
2795 3336 2969 3376 omnes
3006 3321 3176 3378 bestia:
3203 3325 3364 3381 silvce.
3396 3326 3499 3382 Sed
3525 3325 3661 3384 forte
3701 3329 3781 3386 ait

2185 3407 2276 3462 ille
2301 3406 2485 3474 Israel,
2509 3409 2702 3466 Bestia:
2730 3412 2825 3468 Dei
2855 3423 2999 3481 sunt,
3028 3414 3134 3471 illae
3155 3417 3340 3473 bestias
3359 3417 3486 3475 ferae
3504 3434 3634 3491 quas
3656 3436 3775 3479 non

2185 3500 2401 3557 include
2440 3503 2492 3557 in
2536 3502 2724 3562 chorte
2752 3521 2870 3562 mea
2895 3548 2913 3576 ,
2956 3523 3089 3579 quas
3119 3524 3225 3566 non
3252 3510 3413 3583 alligo
3439 3513 3505 3569 ad
3535 3529 3782 3588 pmsepe

2183 3611 2362 3656 meum
2387 3613 2402 3655 :
2432 3607 2685 3658 caeterum
2713 3600 2812 3657 bos
2837 3603 2926 3658 ille
2953 3612 3009 3660 et
3045 3605 3162 3661 ovis
3190 3614 3246 3662 et
3271 3606 3469 3675 hircus,
3499 3624 3615 3669 mea
3645 3616 3780 3666 sunt

2184 3689 2321 3747 haec.
2369 3690 2567 3748 Pecora
2588 3694 2644 3748 in
2669 3692 2924 3751 montibus
2947 3704 2993 3752 et
3019 3695 3184 3754 boves.
3216 3696 3330 3755 Mea
3372 3708 3497 3756 sunt
3537 3700 3623 3754 illa
3650 3715 3779 3774 qua

2183 3797 2290 3839 non
2331 3784 2574 3853 possides
2593 3828 2610 3854 ,
2639 3801 2759 3842 mea
2788 3798 2913 3844 sunt
2953 3790 3051 3845 ista
3080 3805 3201 3861 qua:
3230 3791 3494 3862 possides.
3531 3792 3586 3850 Si
3625 3794 3778 3851 enim

2183 3888 2375 3931 servus
2398 3890 2551 3934 meus
2575 3892 2637 3934 es
2665 3886 2720 3933 tu
2738 3920 2754 3947 ,
2784 3887 2956 3936 totum
2985 3882 3256 3953 peculium
3281 3891 3433 3939 tuum
3460 3899 3635 3941 meum
3664 3895 3774 3943 est.

2180 3967 2366 4041 Neque
2406 3970 2552 4026 enim
2597 3979 2682 4028 est
2719 3973 2985 4044 peculium
3012 3975 3227 4031 Domini
3269 3977 3413 4048 quod
3440 3978 3539 4035 sibi
3579 3994 3776 4037 servus

2180 4067 2540 4134 comparavit,
2574 4071 2628 4120 et
2656 4080 2764 4120 non
2802 4066 2908 4122 erit
2941 4067 3209 4137 peculium
3248 4068 3458 4125 Domini
3484 4070 3625 4141 quod
3652 4072 3774 4142 ipse

2181 4155 2439 4212 Dominus
2458 4172 2617 4213 servo
2649 4158 2871 4215 creavit.
2895 4158 3038 4231 Ergo
3071 4175 3206 4216 mea;
3238 4170 3366 4217 sunt
3399 4162 3583 4218 bestiae
3619 4163 3778 4220 silva:

2180 4264 2313 4320 quas
2341 4260 2396 4306 tu
2423 4266 2529 4306 non
2555 4251 2744 4322 cepisti
2769 4269 2783 4318 ;
2810 4267 2929 4308 mea
2952 4261 3155 4310 suntet
3186 4269 3379 4325 pecora
3405 4254 3459 4309 in
3489 4255 3767 4311 montibus

2180 4357 2300 4411 qua:
2327 4351 2449 4398 sunt
2480 4326 2564 4399 tua
2584 4384 2600 4412 ,
2641 4351 2698 4400 et
2733 4344 2897 4401 boves
2924 4345 3017 4416 qui
3058 4344 3183 4401 sunt
3206 4346 3272 4402 ad
3301 4361 3542 4418 prasepe
3570 4355 3724 4403 tuum
3753 4365 3770 4403 :

2178 4435 2358 4490 omnia
2389 4451 2505 4492 mea
2536 4445 2681 4504 sunt,
2706 4437 2827 4507 quia
2857 4452 2958 4508 ego
2983 4439 3160 4495 creavi
3185 4454 3271 4495 ea.

2251 4526 2339 4583 18.
2380 4525 2531 4600 [vers.
2574 4526 2689 4602 11.]
2727 4527 2949 4600 Cognovi
2962 4531 3154 4584 omnia
3190 4530 3415 4586 volatilia
3452 4530 3585 4586 cali.
3618 4531 3776 4600 Quo-

2178 4619 2338 4674 modo
2361 4618 2649 4691 cognovit?
2687 4620 2977 4692 Appendit,
3016 4623 3333 4678 numeravit.
3362 4623 3492 4691 Quis
3526 4631 3775 4680 nostrum

2176 4712 2323 4767 novit
2351 4712 2529 4767 omnia
2568 4712 2800 4766 volatilia
2840 4712 3003 4769 caeli?
3038 4712 3145 4770 Sed
3179 4715 3279 4770 etsi
3318 4714 3476 4769 alicui
3510 4715 3650 4771 Deus
3676 4714 3779 4772 det

2177 4803 2419 4859 notitiam
2448 4803 2685 4858 omnium
2713 4804 3008 4860 volatilium
3038 4806 3181 4872 coeli,
3213 4821 3322 4862 non
3347 4807 3428 4862 sic
3456 4807 3571 4877 ipse
3597 4808 3772 4876 novit,

2176 4904 2236 4951 ut
2258 4895 2348 4951 dat
2373 4910 2532 4953 nosse
2561 4896 2782 4951 homini.
2824 4897 2945 4952 Alia
2984 4906 3068 4953 est
3105 4898 3292 4954 notitia
3318 4899 3433 4966 Dei,
3460 4900 3561 4955 alia
3589 4900 3773 4955 homi-

2176 4988 2300 5042 nis:
2338 4988 2475 5043 sicut
2498 4989 2599 5043 alia
2629 4988 2895 5059 possessio
2940 4989 3072 5058 Dei,
3112 4991 3215 5045 alia
3245 4990 3513 5059 hominis;
3557 4992 3609 5048 id
3649 5001 3773 5061 est,

2176 5079 2316 5135 aliud
2342 5089 2425 5135 est
2451 5080 2726 5151 possidere
2761 5082 2876 5149 Dei,
2899 5082 3040 5138 aliud
3069 5083 3342 5154 possidere
3366 5084 3616 5140 hominis.
3648 5085 3771 5145 Non

2176 5173 2318 5228 enim
2344 5182 2399 5228 tu
2429 5174 2566 5245 quod
2598 5174 2860 5246 possides,
2887 5183 3055 5231 totum
3084 5176 3251 5234 habes
3276 5180 3329 5233 in
3361 5187 3643 5250 potestate,
3672 5190 3772 5237 aut

2108 5302 2116 5311 ι
2174 5265 2427 5337 quamdiu
2454 5268 2596 5322 vivat
2636 5268 2733 5324 bos
2762 5277 2885 5323 tuus
2922 5268 2974 5323 in
3009 5278 3093 5323 tua
3125 5277 3388 5340 potestate
3426 5281 3508 5327 est
3532 5313 3548 5340 ,
3586 5281 3680 5326 aut
3712 5281 3773 5329 ut

2176 5374 2281 5415 non
2306 5368 2509 5429 pereat,
2531 5369 2624 5414 aut
2650 5375 2755 5416 non
2781 5369 3048 5431 pascatur.
3071 5362 3227 5433 Apud
3249 5378 3408 5433 quem
3435 5379 3639 5420 summa
3664 5380 3775 5436 po-

2177 5460 2339 5507 testas
2367 5462 2468 5518 est,
2495 5468 2703 5507 summa
2739 5463 2795 5509 et
2821 5464 3026 5510 secreta
3050 5454 3282 5524 cognitio
3311 5464 3413 5512 est.
3440 5456 3770 5515 Trihuamus

2175 5544 2278 5600 hoc
2322 5545 2451 5609 Deo,
2500 5544 2780 5601 laudantes
2818 5546 3005 5603 Deum.
3053 5547 3168 5603 Non
3197 5548 3486 5606 audeamus
3518 5550 3699 5607 dicere
3748 5568 3768 5608 :

2173 5637 2454 5706 Quomodo
2492 5640 2640 5694 novit
2683 5641 2860 5696 Deus?
2897 5641 2977 5698 Ne
3016 5641 3154 5699 forte
3198 5644 3299 5699 hoc
3335 5659 3364 5698 a
3397 5659 3507 5713 me,
3544 5643 3766 5713 fratres,

2172 5734 2496 5801 exspectetis
2548 5743 2607 5788 ut
2653 5736 2913 5805 explicem
2961 5738 3111 5793 vobis
3155 5738 3425 5810 quomodo
3475 5746 3770 5810 cognoscat

2174 5824 2346 5891 Deus;
2381 5825 2483 5880 hoc
2506 5827 2677 5881 solum
2712 5828 2835 5885 dico
2875 5848 2888 5883 :
2920 5845 3025 5885 non
3053 5832 3131 5886 sic
3156 5834 3428 5902 cognoscit
3461 5842 3519 5886 ut
3558 5832 3769 5905 homo,

2168 5930 2278 5975 non
2308 5917 2385 5973 sic
2412 5920 2687 5991 cognoscit
2711 5930 2769 5977 ut
2801 5922 3057 5997 angelus;
3087 5932 3141 5982 et
3170 5924 3435 5999 quomodo
3461 5926 3773 6006 cognoscit,
