4042 6508
216 399 316 459 δτι

196 519 399 586 dicere
444 528 560 572 non
602 512 799 580 audeo,
845 509 1096 582 quoniam
1137 516 1194 564 et
1231 507 1372 564 scire
1418 522 1526 563 non
1567 520 1809 577 possum.

234 611 397 670 Unum
431 618 616 662 tamen
658 605 808 670 scio,
837 603 960 674 quia
993 613 1046 658 et
1083 611 1369 672 antequam
1412 609 1595 655 essent
1635 598 1815 653 omnia

232 702 455 759 volatilia
503 698 650 765 caeli,
697 704 924 753 noverat
965 695 1105 750 Deus
1143 694 1284 764 quod
1320 693 1489 748 fuerat
1516 703 1813 747 creaturos.

231 799 353 868 Quae
375 805 459 852 est
484 794 574 850 illa
598 792 824 848 notitia?
849 789 894 846 Ο
919 792 1098 857 Ιιοιιιο,
1123 788 1304 844 videre
1328 788 1536 858 coepisti
1561 787 1813 855 volatilia,

231 897 412 966 postea
439 902 598 960 quam
643 885 934 956 plasmatus
961 897 1020 938 es
1039 924 1054 948 ,
1087 891 1270 952 postea
1299 895 1457 951 quam
1489 894 1703 934 sensum
1733 879 1815 934 vi-

234 983 386 1041 dendi
427 980 702 1051 accepisti.
735 978 859 1033 Hmc
898 977 1134 1032 volatilia
1173 975 1240 1031 de
1269 989 1402 1045 aqua
1447 984 1567 1028 nata
1597 979 1722 1028 sunt
1750 972 1816 1028 ad

234 1077 453 1132 verbum
483 1073 600 1140 Dei,
629 1071 860 1126 dicentis
884 1087 898 1124 :
929 1067 1223 1122 Producant
1245 1082 1391 1138 aqua:
1413 1064 1641 1120 volatilia
1663 1063 1815 1136 (Gen.

234 1186 268 1236 ι,
293 1167 408 1240 20).
438 1167 542 1224 Ubi
569 1174 789 1221 noverat
812 1165 951 1219 Deus
970 1179 1088 1234 quae
1120 1161 1417 1231 imperabat
1447 1170 1503 1214 ut
1529 1175 1663 1229 aqua
1687 1173 1816 1228 pro-

234 1260 431 1316 ferret?
460 1259 576 1314 Jam
602 1268 749 1314 certe
774 1263 994 1310 noverat
1015 1253 1158 1325 quod
1187 1260 1426 1316 crearat,
1457 1261 1511 1306 et
1535 1258 1817 1322 antequam

232 1359 438 1408 crearet
464 1358 708 1405 noverat.
738 1348 903 1402 Tanta
934 1355 1017 1402 est
1043 1361 1172 1416 ergo
1210 1344 1396 1400 notitia
1426 1343 1553 1410 Dei,
1593 1351 1652 1398 ut
1678 1341 1818 1412 apud

232 1445 403 1514 ipsum
425 1451 609 1499 essent
629 1441 858 1512 quodam
882 1438 1132 1495 ineffabili
1155 1437 1315 1493 modo
1334 1445 1614 1507 antequam
1641 1443 1818 1490 creata

231 1545 410 1592 essent
434 1552 448 1588 :
471 1545 528 1589 et
562 1548 594 1587 a
623 1540 678 1587 te
713 1539 989 1601 exspectat
1017 1538 1076 1584 ut
1101 1529 1325 1598 accipiat
1353 1527 1495 1599 quod
1533 1536 1819 1597 antequam

230 1636 441 1685 crearet
466 1625 736 1683 habebat?
764 1623 982 1696 Cognovi
1008 1624 1178 1678 omnia
1202 1623 1426 1677 volatilia
1448 1621 1561 1676 caeli
1576 1663 1591 1686 ,
1623 1635 1742 1691 quas
1765 1630 1820 1675 tu

233 1723 358 1778 mihi
390 1737 500 1777 non
545 1730 700 1792 potes
733 1719 882 1773 dare.
921 1718 1049 1786 Quae
1090 1726 1144 1771 ιιι
1185 1715 1317 1771 mihi
1361 1723 1686 1769 mactaturus
1731 1727 1811 1781 es,

233 1829 328 1884 ego
355 1811 581 1883 cognovi
609 1809 789 1865 omnia
813 1826 827 1862 :
861 1823 968 1864 non
994 1807 1116 1878 quia
1143 1806 1241 1862 feci
1264 1806 1509 1876 cognovi,
1541 1803 1634 1860 sed
1661 1812 1719 1858 ut
1743 1802 1822 1858 fa-

233 1922 430 1962 cerem.
479 1903 550 1958 Et
593 1904 783 1975 species
818 1903 929 1974 agri
968 1917 1163 1956 mecum
1192 1910 1284 1955 est.
1313 1898 1660 1955 Pulchritudo
1685 1897 1818 1969 agri,

233 1999 446 2053 ubertas
485 1998 725 2050 omnium
753 1996 807 2048 in
833 2003 974 2049 terra
1003 1991 1355 2063 gignentium,
1385 2007 1578 2044 mecum
1607 1997 1700 2053 est,
1736 1989 1821 2043 in-

233 2092 362 2160 quit.
385 2089 668 2156 Quomodo
695 2103 815 2142 cum
837 2088 960 2141 illo?
990 2088 1176 2142 Utrum
1199 2095 1253 2142 et
1280 2094 1564 2156 antequam
1597 2083 1824 2140 tierent?

235 2183 362 2238 Cum
394 2183 486 2236 illo
516 2181 661 2237 enim
692 2189 847 2236 erant
871 2180 1050 2235 omnia
1078 2178 1249 2234 futura
1271 2221 1286 2246 ,
1324 2188 1378 2233 et
1415 2194 1535 2233 cum
1563 2178 1656 2233 illo
1699 2185 1824 2233 sunt

234 2276 408 2330 omnia
441 2272 714 2344 praeterita
758 2288 772 2328 :
811 2272 988 2327 futura
1020 2273 1091 2327 ita
1112 2315 1124 2338 ,
1159 2281 1216 2326 ut
1245 2287 1350 2326 non
1391 2273 1438 2326 ci
1481 2270 1827 2326 detrahantur

235 2369 407 2422 omnia
454 2367 750 2437 praeterita.
805 2366 942 2421 Cum
985 2365 1077 2420 illo
1119 2374 1243 2420 sunt
1290 2365 1468 2419 omnia
1521 2364 1826 2435 cognitione

235 2462 464 2532 quadam
495 2459 778 2516 inell‘abilis
797 2460 1083 2530 Sapientia:
1111 2459 1206 2514 Dei
1232 2460 1286 2514 in
1306 2458 1486 2514 Verbo
1511 2457 1822 2525 constituta,

236 2564 288 2611 et
325 2556 502 2625 ipsum
535 2553 770 2610 Verbum
801 2555 816 2586 ³
844 2554 1044 2609 omnia.
1080 2553 1161 2608 An
1201 2553 1376 2623 aliquo
1401 2551 1560 2606 modo
1584 2566 1703 2606 cum
1736 2551 1828 2605 illo

237 2658 314 2704 est
344 2649 460 2718 agri
484 2647 715 2717 species,
753 2646 872 2716 quia
904 2646 1014 2714 ipse
1046 2645 1241 2715 ubique
1268 2652 1370 2709 est,
1413 2653 1465 2697 et
1505 2644 1618 2711 ipse
1644 2642 1778 2696 dixit
1809 2658 1823 2696 :

241 2741 430 2796 Ctrlum
456 2748 502 2794 et
533 2749 720 2793 terram
745 2754 834 2809 ego
873 2737 1058 2808 impleo
1085 2736 1102 2804 (
1123 2737 1313 2791 Jerem.
1347 2751 1496 2801 χχιιι,
1523 2733 1664 2806 2i)?
1691 2733 1829 2801 Quid

241 2849 358 2890 cum
391 2834 488 2888 illo
518 2847 626 2886 non
654 2838 755 2897 est,
785 2829 852 2886 de
881 2845 987 2900 quo
1010 2829 1203 2883 dicitur
1231 2846 1244 2881 :
1273 2828 1334 2884 Si
1357 2829 1626 2881 ascendere
1655 2828 1705 2881 in
1733 2843 1830 2881 εωο

242 2927 382 2991 turn,
431 2936 486 2978 tu
518 2925 626 2978 illic
666 2939 756 2990 es,
786 2931 831 2977 et
859 2923 905 2976 si
955 2921 1253 2975 descendero
1296 2922 1348 2974 in
1387 2919 1670 2989 infernum,
1712 2921 1830 2974 ades

242 3017 413 3088 (Psal.
441 3031 704 3079 cxxxvm,
741 3013 836 3086 8)?
866 3015 998 3069 Cum
1029 3013 1122 3068 illo
1147 3021 1230 3068 est
1260 3020 1425 3067 totum
1459 3013 1588 3067 :sed
1621 3028 1724 3066 non
1755 3013 1832 3067 sic

241 3124 362 3166 cum
389 3107 480 3162 illo
506 3116 612 3169 est,
637 3115 696 3160 ut
713 3105 944 3176 aliquam
977 3121 1044 3161 ex
1074 3105 1156 3160 his
1185 3120 1304 3174 qua:
1328 3105 1528 3160 creavit
1556 3104 1831 3174 contagio-

243 3217 390 3268 nem,
413 3209 507 3256 aut
527 3216 714 3256 eorum
743 3199 1087 3269 indigentiam
1121 3198 1367 3268 patiatur.
1392 3196 1521 3252 Nam
1554 3206 1725 3251 tecum
1753 3204 1835 3251 est

245 3293 385 3348 forte
409 3292 657 3347 columna
678 3291 829 3361 juxta
856 3305 1014 3360 quam
1045 3299 1174 3354 stas,
1200 3298 1254 3343 et
1281 3304 1399 3343 cum
1443 3288 1687 3358 fatigatus
1717 3288 1833 3342 fue-

243 3388 338 3451 ris,
370 3385 637 3442 incumbis
664 3384 717 3439 in
745 3399 885 3439 eam.
906 3382 1114 3454 Indiges
1143 3396 1208 3437 eo
1237 3382 1379 3452 quod
1405 3391 1578 3437 tecum
1600 3389 1701 3446 est,
1728 3396 1834 3436 non

244 3477 448 3546 indiget
489 3477 629 3532 Deus
667 3490 796 3546 agro
833 3474 924 3544 qui
961 3488 1080 3528 cum
1123 3473 1354 3528 illoest.
1383 3473 1516 3527 Cum
1558 3473 1648 3528 illo
1686 3488 1832 3543 ager,

245 3586 368 3626 cum
396 3571 484 3624 illo
510 3570 722 3640 species
745 3577 922 3634 terrae,
945 3583 1066 3622 cum
1092 3567 1184 3620 illo
1209 3566 1414 3635 species
1435 3566 1576 3627 coeli,
1601 3582 1720 3621 cum
1745 3567 1836 3620 illo

247 3663 428 3718 omnia
474 3661 746 3727 volatilia,
792 3661 914 3731 quia
960 3660 1074 3729 ipse
1115 3658 1331 3729 ubique.
1379 3658 1448 3712 Et
1493 3673 1656 3728 quare
1697 3657 1837 3727 apud

246 3755 421 3826 ipsum
459 3755 682 3810 omnia?
717 3754 852 3820 Quia
893 3761 946 3808 et
975 3761 1259 3821 antequam
1294 3759 1475 3807 essent
1511 3751 1714 3819 omnia,
1747 3759 1841 3808 aut

247 3854 584 3912 crearentur,
604 3846 655 3902 ei
678 3855 804 3900 nota
823 3852 978 3899 erant
996 3843 1195 3899 omnia.
1545 3878 1556 3885 -

316 3938 414 3993 19.
454 3937 616 4010 [rem
659 3936 772 4007 12.]
811 3936 941 4004 Quis
982 3935 1250 4005 explicat,
1291 3934 1411 4005 quis
1448 3936 1666 4005 exponit
1710 3935 1841 3991 illud

248 4029 395 4098 quod
441 4030 493 4083 ei
540 4027 736 4083 dicitur
780 4027 832 4081 in
876 4027 981 4080 alio
1023 4027 1250 4096 psalmo,
1298 4026 1550 4091 Quoniam
1598 4029 1842 4082 bonorum

249 4137 478 4176 meorum
506 4136 605 4173 non
630 4135 745 4189 eges
771 4117 942 4190 (Psal.
975 4133 1067 4182 xv,
1093 4118 1188 4189 2)?
1218 4116 1333 4172 Non
1360 4132 1419 4172 se
1445 4133 1602 4188 egere
1627 4133 1656 4172 a
1688 4119 1842 4175 nobis

239 4211 780 4296 aliquo.necessario
822 4210 976 4264 dixit.
1024 4209 1086 4264 Si
1115 4209 1370 4277 esuriero,
1409 4227 1511 4263 non
1539 4210 1704 4262 dicam
1732 4211 1839 4264 tibi.

249 4303 368 4359 Non
400 4304 620 4369 esuriet,
644 4317 822 4372 neque
844 4303 1009 4368 sitiet,
1034 4317 1206 4371 neque
1234 4301 1513 4369 laborabit,
1542 4317 1718 4372 neque
1741 4302 1842 4357 ob-

249 4395 488 4452 dormiet
511 4395 602 4465 qui
630 4393 866 4450 custodit
893 4393 1054 4450 Israel
1081 4392 1267 4466 (Psal.
1298 4409 1428 4460 cxx,
1457 4393 1491 4448 4
1515 4394 1554 4463 ).
1585 4392 1690 4448 Sed
1719 4407 1846 4448 ecce

249 4485 550 4542 secundum
595 4485 966 4541 carnalitatem
1000 4494 1142 4540 tuam
1177 4485 1372 4555 loquor
1413 4501 1427 4538 :
1469 4485 1592 4554 quia
1626 4491 1682 4537 tu
1722 4498 1846 4539 cum

248 4595 362 4636 non
413 4577 842 4644 tuandncaveris,
888 4576 1085 4632 famem
1132 4577 1375 4648 patieris,
1419 4575 1558 4630 forte
1594 4585 1748 4645 putas
1793 4583 1848 4632 et

249 4671 430 4727 Deum
477 4671 684 4726 esurire
711 4679 771 4725 ut
803 4669 1111 4725 manducet.
1143 4667 1259 4723 Etsi
1301 4666 1580 4732 esurierit,
1616 4682 1721 4721 non
1753 4665 1848 4722 tibi

246 4763 389 4820 dicit
427 4777 444 4817 :
488 4762 669 4816 omnia
707 4769 832 4815 ante
859 4760 1008 4815 illum
1037 4768 1198 4823 sunt,
1227 4757 1368 4814 unde
1394 4759 1507 4812 vult
1538 4757 1677 4812 tollit
1705 4755 1848 4827 quod

246 4856 325 4911 illi
355 4855 725 4911 necessarium
747 4861 851 4910 est.
875 4853 1023 4908 Dicta
1044 4862 1170 4908 sunt
1194 4851 1308 4907 haec
1335 4851 1403 4905 ad
1426 4850 1849 4906 convincendum

244 4949 538 5018 parvulum
567 4962 806 5013 sensum,
840 4962 947 5002 non
975 4947 1097 5017 quia
1138 4944 1410 5015 professus
1449 4953 1533 5000 est
1560 4945 1701 5000 Deus
1724 4959 1850 4999 esu-

243 5041 392 5096 riem
423 5055 594 5095 suam.
623 5039 939 5110 Quanquam
973 5046 1193 5108 propter
1219 5051 1318 5091 nos
1347 5037 1488 5092 Deus
1514 5036 1600 5091 ille
1629 5035 1852 5090 deorum

244 5142 303 5188 et
351 5132 566 5189 esurire
594 5131 846 5202 dignatus
884 5140 988 5187 est.
1019 5128 1180 5186 Venit
1221 5129 1428 5184 esurire
1475 5137 1530 5183 et
1574 5127 1851 5198 saginare,

244 5226 409 5280 venit
429 5224 579 5280 sitire
602 5233 659 5278 et
683 5232 868 5294 potum
893 5223 1043 5286 dare,
1073 5221 1217 5277 venit
1239 5221 1422 5275 vestiri
1450 5219 1776 5275 mortalitate
1801 5226 1857 5274 et

245 5317 460 5373 vestire
487 5315 889 5372 immortalitate
909 5356 922 5378 ,
967 5315 1118 5370 venit
1147 5329 1350 5385 pauper
1374 5314 1571 5369 divites
1597 5314 1854 5368 facturus.

248 5409 475 5464 Etenim
501 5422 612 5463 non
641 5406 874 5478 perdidit
893 5407 1108 5462 divitias
1129 5422 1254 5462 suas
1276 5405 1600 5462 assumendo
1631 5421 1858 5476 pauper-

244 5508 430 5557 tatem
478 5509 751 5566 nostram,
803 5501 928 5570 quia
978 5500 1034 5555 in
1088 5499 1181 5556 illo
1209 5508 1334 5554 sunt
1385 5515 1574 5556 omnes
1623 5499 1857 5555 thesauri

243 5593 542 5662 sapientiae
571 5600 628 5648 et
673 5591 912 5648 scientiae
945 5591 1243 5648 absconditi
1289 5591 1507 5665 (Coloss.
1560 5609 1620 5658 ιι,
1671 5594 1748 5662 5).
1798 5592 1860 5647 Si

242 5687 510 5753 esuriem,
554 5701 657 5740 non
688 5687 855 5740 dicam
898 5684 1004 5741 tibi.
1038 5685 1186 5741 Meus
1222 5695 1295 5741 est
1321 5688 1452 5742 enim
1481 5687 1617 5741 orbis
1647 5697 1792 5742 terra:
1815 5697 1860 5741 et

243 5843 458 5956 0“:7‘sic
473 5842 659 5908 aliquot
683 5849 789 5894 Mss.
823 5842 924 5903 Alii,
951 5850 996 5895 et
1016 5842 1069 5896 in
1094 5842 1215 5909 ipso.
1250 5843 1388 5908 add,
1421 5850 1467 5895 et
1488 5843 1539 5898 in
1557 5842 1716 5908 ipsum
1744 5854 1860 5897 Ver-

1323 387 1726 447 ENARRATIO
1761 385 1829 447 IN
1864 385 2188 448 PSALMUM
2223 391 2414 449 XLIX.

3393 402 3500 463 57⁸

1923 507 2180 578 plenitudo
2208 509 2335 580 ejus.
2364 508 2481 565 Noli
2505 523 2633 583 ergo
2659 509 2903 571 laborare
2925 513 3053 587 quid
3075 515 3206 573 mihi
3233 514 3350 587 des,
3385 519 3502 579 sine

1917 600 2103 658 labore
2131 603 2302 659 habeo
2325 603 2466 674 quod
2498 604 2640 660 volo.

1989 697 2079 753 20.
2121 695 2270 771 [vers.
2317 695 2432 772 13.]
2469 696 2606 765 Quid
2637 712 2764 768 ergo
2788 697 2858 754 de
2895 700 3142 771 gregibus
3180 703 3286 758 tuis
3329 703 3504 763 adhuc

1919 790 2161 862 cogitas?
2206 788 2472 860 Numquid
2511 789 2826 845 manducabo
2866 807 3043 846 carnes
3087 800 3370 862 taurorum,
3413 807 3504 854 aut

1919 883 2216 955 sanguinem
2236 883 2491 938 hircorum
2511 882 2734 954 potabo.’
2757 882 2991 938 Audistis
3010 883 3140 954 quid
3165 900 3196 940 a
3219 886 3372 944 nobis
3394 903 3503 945 non

1921 985 2142 1047 qumrat,
2173 976 2261 1047 qui
2292 977 2473 1032 nescio
2497 975 2623 1046 quid
2653 975 2804 1032 nobis
2831 976 2943 1032 vult
2971 976 3223 1034 indicere.
3251 978 3307 1036 Si
3330 980 3397 1036 de
3429 990 3507 1038 ta-

1921 1067 2060 1123 libus
2085 1067 2419 1139 cogitabatis,
2459 1068 2570 1138 jam
2614 1067 2818 1124 auferte
2845 1069 3194 1140 cogitationes
3237 1079 3445 1129 vestras
3473 1088 3504 1130 a

1924 1161 2119 1218 talibus
2148 1161 2309 1216 rebus
2337 1177 2352 1215 :
2383 1160 2517 1215 nihil
2547 1159 2651 1216 tale
2679 1161 2788 1216 Deo
2815 1159 3012 1217 offerre
3036 1161 3300 1233 cogitetis.
3329 1162 3385 1220 Si
3409 1162 3508 1220 ba-

1923 1252 2020 1309 bes
2048 1262 2257 1308 taurum
2290 1253 2560 1324 pinguem,
2584 1253 2768 1309 occide
2799 1254 3121 1323 pauperibus
3147 1272 3160 1309 :
3185 1254 3511 1314 manducent

1926 1345 2025 1415 ipsi
2051 1360 2239 1401 carnes
2265 1354 2556 1413 taurorum,
2587 1346 2689 1400 etsi
2716 1361 2820 1400 non
2849 1345 3030 1402 bibent
3055 1347 3368 1419 sanguinem
3392 1348 3508 1404 hir-

1924 1453 2128 1494 corum.
2171 1437 2324 1505 Quod
2370 1452 2490 1492 cum
2540 1437 2760 1502 feceris,
2810 1437 3092 1508 imputabit
3136 1439 3230 1494 tibi
3279 1439 3370 1495 ille
3415 1438 3510 1512 qui

1924 1529 2076 1597 dixit,
2111 1530 2173 1587 Si
2197 1532 2416 1586 esuriero
2437 1572 2450 1596 ,
2481 1545 2584 1585 non
2612 1529 2779 1584 dicam
2805 1529 2929 1595 tibi;
2957 1540 3010 1586 et
3035 1530 3177 1586 dicet
3205 1530 3300 1611 tibli
3321 1571 3337 1598 ,
3367 1530 3510 1586 Esu-

1923 1624 2037 1690 rivi,
2089 1633 2136 1678 et
2181 1624 2368 1678 dedisti
2411 1623 2536 1677 mihi
2577 1623 2884 1678 manducare
2926 1622 3153 1695 (Matth.
3199 1640 3330 1693 xxv,
3379 1625 3506 1696 35).

1927 1717 2192 1789 Numquid
2225 1716 2538 1772 manducabo
2566 1733 2744 1773 carnes
2773 1726 3066 1787 taurorum,
3097 1725 3188 1772 aut
3213 1718 3512 1791 sanguinem

1926 1813 2178 1867 hircorum
2208 1812 2388 1883 potabo
2404 1813 2431 1866 7

1995 1904 2085 1959 21.
2128 1901 2289 1976 [vers.
2337 1902 2452 1978 1.1.]
2493 1904 2589 1960 Die
2634 1919 2800 1975 ergo,
2849 1904 3073 1960 Domine
3119 1905 3260 1960 Deus
3307 1913 3511 1972 noster,

1925 1999 2052 2069 quid
2085 1999 2274 2052 indicis
2305 1998 2500 2068 p0pulo
2528 2007 2640 2064 tuo,
2673 1997 2860 2053 Israeli
2885 1997 3015 2052 tuo?
3048 1996 3264 2052 lmmola
3290 1995 3402 2052 Deo
3429 2014 3516 2052 sa-

1928 2090 2173 2158 criﬁcium
2219 2089 2408 2142 laudis.
2455 2089 2703 2144 Dicamus
2748 2088 2826 2142 illi
2869 2097 2926 2142 et
2966 2103 3063 2144 nos
3109 2107 3122 2143 :
3165 2087 3234 2144 In
3271 2105 3348 2144 me
3373 2098 3512 2156 sunt,

1927 2181 2088 2248 Deus,
2120 2191 2232 2236 vota
2261 2192 2367 2249 tua,
2396 2199 2509 2254 quis:
2535 2183 2744 2237 reddam
2771 2183 2938 2236 laudis
2965 2183 3053 2236 tibi
3085 2181 3254 2254 (Psal.
3283 2199 3370 2250 ιγ,
3397 2183 3515 2255 12).

1930 2275 2263 2346 Expaveram
2289 2290 2356 2329 ne
2383 2275 2581 2346 aliquid
2610 2273 2874 2330 indiceres
2898 2273 3042 2345 quod
3065 2283 3208 2330 esset
3230 2285 3380 2331 extra
3409 2290 3517 2340 me,

1930 2366 2072 2438 quod
2102 2367 2477 2437 computabam
2509 2366 2562 2420 in
2589 2365 2776 2421 chorte
2798 2379 2942 2432 mea,
2968 2373 3020 2420 et
3049 2380 3079 2420 a
3108 2363 3226 2422 fure
3249 2365 3359 2436 jam
3385 2364 3522 2421 forte

1930 2461 2164 2516 ablatum
2195 2470 2334 2516 erat.
2380 2459 2516 2528 Quid
2548 2460 2680 2514 mihi
2710 2458 2940 2514 indicis?
2981 2457 3202 2514 Immola
3230 2457 3341 2514 Deo
3363 2461 3524 2516 sacri-

1932 2553 2103 2623 ﬁcium
2131 2553 2320 2608 laudis.
2354 2552 2437 2608 Ad
2466 2566 2552 2608 me
2576 2551 2813 2616 redeam,
2842 2551 2930 2607 ubi
2961 2551 3226 2608 inveniam
3254 2551 3397 2621 quod
3424 2552 3524 2612 im-

1934 2647 2126 2700 molem
2159 2664 2171 2699 :
2205 2645 2272 2699 ad
2312 2660 2398 2700 me
2424 2643 2640 2700 redeam
2662 2685 2678 2710 ,
2713 2643 2767 2698 in
2796 2658 2882 2698 me
2927 2643 3192 2698 inveniam
3219 2642 3390 2698 laudis
3418 2643 3524 2698 im-

1934 2739 2278 2796 molationem
2307 2756 2320 2792 :
2353 2739 2423 2794 sit
2447 2752 2539 2791 ara
2573 2745 2660 2792 tua
2680 2779 2694 2804 ,
2724 2736 3054 2792 conscientia
3083 2751 3202 2792 mea
3227 2737 3267 2792 ί.
3301 2735 3526 2792 Immola

1934 2831 2043 2885 Deo
2088 2831 2395 2900 sacriﬁcium
2443 2829 2631 2884 laudis.
2680 2827 2868 2885 Securi
2911 2842 3115 2894 sumus,
3164 2842 3269 2883 non
3300 2828 3526 2886 lmusin

1937 2923 2188 2978 Arabiam
2224 2924 2341 2977 thus
2366 2937 2632 2994 qumrere,
2663 2938 2767 2978 non
2798 2923 3035 2977 sarcinas
3057 2922 3201 2977 avari
3230 2922 3528 2993 negotiato-

1936 3017 2011 3070 ris
2058 3015 2354 3070 excutimus
2398 3033 2410 3069 :
2463 3013 2783 3070 sacrificium
2835 3013 3009 3069 laudis
3052 3013 3244 3084 quaerit
3290 3027 3322 3068 a
3369 3013 3527 3070 nobis

1939 3109 2098 3163 Deus.
2147 3107 2389 3162 Habebat
2429 3107 2534 3163 hoc
2577 3107 2896 3162 sacrificium
2941 3106 3114 3162 laudis
3141 3105 3428 3162 Zacchaeus
3475 3108 3530 3165 in

1937 3203 2258 3274 patrimonio
2283 3219 2400 3267 suo,
2433 3201 2662 3256 habebat
2687 3201 2850 3255 vidua
2881 3201 2933 3255 in
2962 3201 3191 3258 saccello
3214 3216 3335 3270 suo,
3365 3202 3531 3258 babe-

1937 3299 2028 3355 bat
2056 3300 2238 3354 nescio
2260 3300 2379 3370 quis
2406 3314 2607 3370 pauper
2631 3298 2830 3369 hospes
2858 3299 2909 3353 in
2941 3298 3086 3354 dolio
3111 3314 3246 3367 suo;
3270 3300 3406 3356 alius
3430 3313 3531 3356 nec

1939 3391 1993 3446 in
2022 3391 2364 3462 patrimonio,
2406 3405 2506 3445 nec
2537 3391 2588 3444 in
2627 3390 2877 3456 sacccllo,
2924 3405 3026 3446 nec
3053 3391 3107 3446 in
3145 3391 3291 3447 dolio
3329 3391 3530 3464 aliquid

1940 3482 2190 3547 habebat,
2237 3491 2405 3536 totum
2440 3481 2674 3537 habebat
2715 3482 2770 3536 in
2795 3482 2975 3537 animo
2999 3497 3099 3537 suo
3128 3500 3142 3538 :
3174 3483 3321 3539 salus
3348 3483 3533 3540 domui

1941 3573 2182 3629 Zacehaei
2212 3573 2360 3645 (Luc.
2391 3589 2501 3640 xtx,
2532 3573 2611 3644 8);
2643 3582 2698 3628 et
2728 3573 2847 3644 plus
2878 3573 3022 3627 misit
3052 3572 3166 3628 haec
3190 3573 3346 3629 vidua
3370 3585 3532 3645 quam

1939 3667 2131 3722 divites
2160 3667 2232 3721 illi
2261 3666 2452 3737 (Marc.
2484 3681 2580 3731 xu,
2613 3663 2704 3736 12)
2730 3681 2743 3730 ;
2776 3665 2876 3720 istc
2899 3663 3119 3720 calicem
3144 3679 3298 3735 aqua:
3325 3663 3534 3736 frigidas

1942 3760 2221 3831 porrigens
2267 3757 2499 3830 (Matth.
2545 3773 2610 3825 x,
2661 3757 2794 3828 42),
2845 3771 2952 3812 non
2995 3756 3186 3828 perdet
3224 3757 3534 3815 mercedem

1942 3867 2130 3916 suam;
2160 3851 2254 3906 sed
2279 3859 2332 3906 et
2356 3866 2460 3922 pax
2489 3851 2543 3906 in
2571 3859 2712 3907 terra
2738 3849 3045 3907 hominibus
3069 3851 3224 3907 bonae
3250 3851 3536 3909 voluntatis

1946 3944 2094 4017 (Luc.
2105 3951 2174 4010 'tt,
2199 3944 2310 4013 14).
2341 3941 2564 3997 Immola
2591 3941 2707 3998 Deo
2727 3943 3036 4011 sacriﬁcium
3062 3943 3250 3998 laudis.
3268 3942 3314 3999 Ο
3334 3943 3538 4000 sacriﬁ-

1946 4040 2087 4094 cium
2115 4038 2425 4108 gratuitum,
2454 4035 2622 4107 gratia
2655 4035 2872 4091 datum!
2906 4035 3022 4090 Non
3056 4035 3270 4106 quidem
3302 4036 3404 4093 hoc
3431 4037 3538 4093 emi

1947 4131 2088 4202 quod
2106 4130 2377 4195 offerrem,
2403 4131 2495 4184 sed
2518 4138 2574 4184 tu
2594 4129 2805 4185 donasti
2832 4148 2844 4184 :
2872 4144 2993 4184 nam
3015 4144 3117 4184 nec
3136 4129 3239 4184 hoc
3262 4130 3538 4187 haberem.

1947 4222 2172 4278 Immola
2197 4222 2307 4276 Deo
2336 4222 2645 4290 sacriﬁcium
2673 4222 2861 4276 laudis.
2895 4222 2964 4276 Et
2991 4223 3106 4277 haec
3136 4221 3429 4278 immolalio
3453 4237 3540 4278 sa-

1947 4315 2133 4370 crificii
2160 4314 2348 4378 laudis,
2383 4313 2582 4384 gratias
2610 4327 2770 4383 agere
2798 4313 2872 4366 illi
2901 4328 2930 4367 a
2959 4328 3064 4383 quo
3091 4312 3257 4367 habes
3281 4312 3538 4382 quidquid

1949 4410 2074 4465 boni
2102 4408 2288 4473 habes,
2315 4415 2369 4462 et
2392 4405 2541 4476 cuius
2569 4404 2930 4460 misericordia
2956 4405 3048 4460 tibi
3067 4403 3355 4459 dimittitur
3377 4403 3538 4472 quid-

1951 4500 2077 4572 quid
2099 4508 2246 4554 tuum
2271 4498 2395 4554 mali
2421 4497 2606 4552 habes.
2630 4496 2852 4550 Immola
2873 4495 2983 4550 Deo
3004 4496 3308 4566 sacrificium
3327 4495 3497 4551 laudis
3515 4509 3540 4552 :

1952 4602 1998 4647 et
2023 4592 2175 4645 redde
2195 4590 2452 4644 Altissimo
2482 4603 2649 4658 preces
2677 4598 2808 4642 tuas.
2834 4587 2945 4643 Hoc
2965 4586 3132 4642 odore
3158 4587 3414 4644 Dominus
3435 4585 3540 4645 de-

1952 4684 2198 4740 lectatur.
2226 4681 2401 4736 Redde
2424 4681 2682 4735 Altissimo
2707 4695 2878 4751 preces
2903 4689 3038 4734 tuas.

2024 4777 2116 4833 2‘2.
2161 4775 2314 4850 [vers.
2367 4771 2480 4846 15.]
2522 4772 2591 4827 Et
2637 4773 2814 4827 invoca
2859 4788 2938 4824 me
2979 4771 3034 4825 in
3082 4770 3165 4826 die
3207 4770 3544 4829 tribulationis

1957 4880 2057 4925 tua:
2085 4885 2102 4924 :
2128 4879 2175 4923 et
2206 4868 2425 4922 eximam
2449 4876 2495 4922 te
2512 4907 2527 4932 ,
2559 4875 2606 4920 et
2630 4863 2936 4936 glori/icabis
2960 4879 3058 4917 me.
3086 4861 3202 4918 Non
3231 4863 3373 4919 enim
3399 4879 3543 4935 prte-

1957 4976 2171 5017 sumere
2201 4960 2367 5015 debes
2389 4958 2456 5013 de
2481 4957 2683 5012 viribus
2705 4957 2829 5021 tuis,
2854 4955 3032 5009 omnia
3056 4955 3252 5010 auxilia
3280 4965 3368 5011 tua
3395 4971 3546 5011 men-

1957 5056 2107 5111 dacia
2137 5062 2280 5110 sunt.
2329 5051 2417 5106 Me
2441 5053 2620 5106 invoca
2657 5050 2711 5104 in
2736 5049 2819 5103 die
2845 5048 3182 5105 tribulationis
3209 5065 3229 5104 :
3258 5065 3432 5104 eruam
3461 5058 3542 5117 te,

1959 5157 2004 5203 et
2029 5147 2336 5219 glori/icabis
2361 5161 2461 5200 me.
2492 5144 2571 5198 Ad
2599 5143 2700 5198 hoc
2728 5142 2870 5198 enim
2904 5141 3120 5212 permisi
3147 5141 3289 5197 diem
3321 5140 3544 5196 tribula-

1961 5241 2120 5297 tionis
2150 5239 2245 5293 tibi
2276 5237 2390 5293 lieri
2434 5253 2448 5289 :
2491 5235 2616 5306 quia
2660 5235 2796 5291 forte
2839 5235 2885 5290 si
2911 5249 3016 5289 non
3045 5233 3406 5299 tribulareris,
3437 5246 3545 5288 non

1961 5335 2237 5389 invocares
2253 5346 2339 5386 me
2353 5346 2368 5397 ;
2391 5345 2512 5385 cum
2536 5329 2805 5385 tribularis
2824 5336 3023 5391 autem,
3046 5328 3264 5382 invocas
3279 5340 3394 5390 me;
3422 5339 3545 5381 cum

1962 5426 2180 5481 invocas
2209 5439 2315 5487 me,
2345 5423 2577 5478 eximam
2605 5429 2686 5487 te;
2717 5430 2838 5476 cum
2869 5420 3100 5475 eximam
3121 5426 3199 5482 .te,
3227 5416 3549 5488 glorificabis

1963 5534 2069 5582 me,
2109 5526 2168 5572 ut
2186 5516 2296 5587 jam
2328 5531 2434 5570 non
2463 5514 2705 5570 discedas
2736 5528 2766 5567 a
2796 5528 2900 5568 me.
2950 5512 3304 5580 Obtorpuerat
3333 5507 3548 5579 quidam

1963 5618 2017 5667 et
2042 5609 2292 5680 l'rigucrat
2317 5624 2344 5661 a
2372 5607 2578 5662 fervore
2589 5605 2868 5672 orationis,
2891 5612 2946 5661 et
2965 5603 3130 5658 dixit:
3155 5599 3552 5656 Tribulationem

1965 5713 2010 5758 ct
2039 5703 2264 5757 dolorem
2291 5702 2490 5769 inveni,
2531 5709 2580 5756 et
2626 5716 2810 5755 nomen
2853 5697 3060 5753 Domini
3096 5694 3321 5750 inuocaui
3363 5693 3550 5768 (Psal.

2033 5846 2049 5877 ι
2085 5846 2151 5912 tta
2175 5839 2222 5912 in
2243 5845 2348 5912 uss.
2375 5839 2498 5894 Atia
2520 5837 2635 5893 add.
2660 5835 2892 5896 omittitur
2909 5831 2990 5887 sit.
3011 5830 3285 5894 ethabetur
3303 5842 3316 5881 :
3337 5834 3553 5894 Aratue.

1968 5907 2254 5956 conscientia
2274 5907 2372 5954 tua.
