4042 6476
536 523 685 573 exiv,
733 505 788 570 5,
829 498 923 572 4).
968 493 1172 552 Invenit
1218 484 1609 545 tribulationem
1639 485 1888 547 tanquam
1917 465 2113 539 aliquid

538 603 700 668 utile;
733 562 1006 669 putrucrat
1036 588 1155 643 tabe
1202 589 1542 654 peccatorum
1581 584 1799 628 suorum
1820 609 1835 633 ,
1862 565 1974 636 jam
2004 562 2120 618 sine

535 665 1071 756 lensu'vremanserat
1098 721 1111 742 ,
1168 675 1366 730 invenit
1421 665 1808 724 tribulationem
1869 669 2116 726 tanquam

535 789 803 848 ustionem
828 792 880 837 et
898 778 1207 835 sectionem.
1239 765 1436 827 Inveni,
1459 760 1644 831 inquit,
1677 751 2048 810 tribulationem
2072 755 2120 800 et

537 883 764 938 dolorem
784 915 799 943 ,
840 882 883 928 et
906 866 1093 924 nomen
1133 861 1334 917 Domini
1362 853 1604 910 invocavi.
1634 849 1699 904 Et
1724 845 1939 916 quidem
1961 883 1974 907 ,
2009 841 2116 895 fra-

538 985 669 1042 tres,
700 938 826 1026 sunt
853 960 1215 1023 tribulationes
1239 950 1484 1009 omnibus
1508 953 1670 1002 notas.
1697 941 1834 998 Ecce
1862 938 1976 992 ista:
2001 949 2120 1006 quae

537 1068 810 1123 abundant
849 1060 902 1113 in
930 1066 1127 1127 genere
1167 1050 1395 1104 humano
1433 1059 1446 1095 :
1487 1039 1622 1095 alius
1663 1034 1857 1090 damno
1899 1028 2119 1084 affectus

541 1157 775 1230 plangit,
819 1118 960 1207 alius
983 1146 1209 1202 orbitate
1237 1147 1521 1211 percussus
1557 1132 1731 1200 luget;
1773 1124 1909 1178 alius
1948 1118 2118 1191 patria

541 1214 814 1306 exsulatus
863 1249 1068 1300 mmrct,
1099 1243 1153 1289 et
1180 1231 1354 1286 redire
1381 1224 1546 1292 cupit,
1581 1214 1964 1274 intolerabilem
1996 1225 2116 1279 prr-

539 1342 923 1417 cgrinationem
958 1334 1251 1402 deputans;
1283 1320 1435 1377 alteri
1463 1317 1616 1372 vinea
1655 1308 1964 1383 grandinata
2003 1311 2118 1368 est,

541 1409 764 1495 altendit
785 1432 850 1488 ad
878 1428 1087 1485 labores
1112 1434 1258 1483 suos,
1284 1425 1337 1472 et
1362 1417 1729 1479 consumptam
1753 1414 1963 1457 onmem
1994 1409 2122 1465 ope-

539 1547 654 1588 ram
684 1531 968 1585 incassum.
1000 1515 1224 1586 Quando
1255 1512 1414 1565 homo
1445 1510 1617 1576 potest
1644 1513 1752 1556 non
1777 1489 2121 1551 contristari?

543 1623 816 1680 Inimicum
844 1615 1038 1688 patitur
1056 1625 1122 1668 ex
1150 1608 1342 1663 amico.
1365 1599 1494 1667 Qua:
1518 1593 1689 1663 major
1715 1585 1928 1644 miseria
1953 1582 2005 1638 in
2029 1595 2124 1653 ge-

541 1729 670 1773 nere
697 1675 967 1770 bumauo?
990 1706 1249 1773 Plangunt
1278 1697 1391 1751 h-irc
1415 1704 1623 1754 omnes,
1648 1693 1702 1740 et
1719 1681 1921 1743 dolent,
1943 1686 1997 1732 et
2023 1675 2120 1731 tri-

541 1811 840 1869 bulationes
864 1811 988 1861 sunt
1014 1802 1129 1856 istae
1157 1815 1170 1850 :
1200 1803 1254 1850 et
1278 1794 1332 1848 in
1360 1789 1440 1845 bis
1463 1783 1712 1842 omnibus
1739 1779 1989 1836 invocant
2015 1772 2122 1826 Do-

541 1905 775 1968 minum,
807 1906 862 1954 et
891 1903 1036 1951 recte
1063 1890 1280 1944 faciunt.
1319 1884 1568 1938 lnvocent
1598 1877 1762 1930 Deum
1782 1912 1796 1936 ,
1826 1875 2013 1939 potens
2042 1869 2125 1917 est

540 1995 626 2050 vel
659 1993 853 2048 docere
892 1981 1257 2042 tolerandum,
1287 1975 1368 2032 vel
1410 1983 1602 2028 sanare
1629 1966 1932 2022 toleratum.
1971 1955 2124 2012 Novit

543 2089 629 2144 ille
652 2099 756 2141 non
785 2083 960 2138 sinere
987 2074 1176 2132 tentari
1203 2085 1298 2127 nos
1321 2081 1480 2138 supra
1501 2076 1658 2134 quam
1682 2067 1964 2130 possumus
1985 2050 2125 2105 ferre

543 2181 586 2252 (l
615 2179 732 2235 Cor.
761 2191 820 2240 χ,
851 2173 959 2243 15).
995 2169 1305 2224 luvocemus
1335 2161 1499 2214 Deum
1528 2154 1687 2209 etiam
1728 2151 1782 2204 in
1811 2147 1924 2202 istis
1954 2142 2121 2198 tribu-

541 2269 828 2329 lationibus
865 2283 877 2320 :
917 2263 1011 2318 sed
1040 2262 1121 2315 lim
1151 2254 1514 2313 tribulationes
1541 2245 1814 2303 inveniunt
1840 2253 1958 2305 nos,
1988 2237 2124 2290 sicut

541 2361 597 2418 in
625 2361 730 2415 alio
754 2356 956 2429 psalmo
983 2351 1237 2421 scriptum
1266 2354 1367 2411 est,
1397 2341 1614 2409 Adjutor
1643 2338 1697 2390 in
1722 2326 2124 2388 tribulationibus

537 2465 656 2526 qua:
677 2417 968 2506 inuenerunt
993 2417 1255 2499 nos—nimis
1283 2435 1452 2510 (Psal.
1487 2445 1610 2493 xcv,
1633 2427 1693 2499 2)
1719 2445 1732 2482 :
1772 2434 1855 2480 est
1883 2417 2122 2492 quaedam

543 2561 703 2618 quam
735 2557 836 2598 nos
870 2540 1124 2596 debemus
1151 2509 1413 2589 invenire.
1451 2522 1727 2580 Inveniant
1755 2530 1851 2572 nos
1881 2515 1996 2570 ista:
2026 2509 2122 2565 tri-

541 2607 843 2698 liulationes
867 2651 880 2689 :
904 2641 987 2689 est
1008 2627 1248 2702 quaedam
1275 2619 1544 2680 tribulatio
1566 2629 1723 2688 quam
1754 2625 1851 2666 nos
1869 2607 2126 2664 debemus

540 2748 818 2808 quierere,
858 2738 912 2784 et
955 2725 1214 2782 invenire.
1255 2721 1383 2787 Qum
1418 2725 1502 2772 est
1531 2712 1670 2767 ista?
1700 2709 1772 2764 Ea
1802 2707 1913 2777 ipsa
1941 2703 1992 2758 in
2025 2702 2125 2755 hoc

541 2825 746 2884 mundo
774 2821 1028 2883 felicitas,
1060 2811 1329 2870 affluentia
1360 2821 1537 2864 rerum
1567 2797 1936 2871 temporalium
1973 2811 1984 2848 :
2019 2805 2124 2846 non

541 2917 757 2993 quidem
788 2917 900 2986 ipsa
932 2909 1201 2967 tribulatio
1226 2913 1341 2969 est;
1370 2900 1556 2957 solatia
1586 2903 1710 2952 sunt
1733 2900 1931 2948 nostrae
1961 2885 2126 2942 tribu-

543 2977 777 3067 lationis.
811 2977 977 3074 huius
1004 2994 1398 3058 tribulationis?
1422 2991 1629 3048 Nostra:
1661 2977 2122 3056 peregrinationis.

542 3103 657 3162 lloc
682 3103 822 3157 cnim
852 3101 1026 3170 ipsum
1056 3093 1202 3166 quod
1230 3105 1350 3146 cum
1376 3089 1486 3142 Deo
1517 3082 1746 3138 nondum
1778 3089 1992 3140 sumus,
2025 3071 2128 3126 hoc

543 3197 715 3267 ipsum
745 3168 888 3263 quod
913 3168 1051 3244 inter
1077 3183 1396 3241 tentationes
1423 3175 1800 3241 molestiasque
1823 3178 2122 3228 versamur,

541 3288 687 3360 quod
714 3285 829 3340 sine
859 3284 1049 3337 timore
1073 3292 1193 3333 esse
1218 3289 1328 3330 non
1353 3281 1635 3343 possumus
1653 3305 1668 3331 ,
1698 3259 1966 3318 tribulatio
1995 3265 2075 3312 est
2110 3271 2124 3309 :

541 3395 649 3437 non
675 3378 818 3435 enim
847 3382 929 3432 est
966 3373 1055 3429 illa
1085 3368 1346 3426 securitas
1381 3376 1498 3432 qua:
1537 3357 1691 3414 nobis
1729 3351 1988 3425 promissa
2022 3357 2125 3404 est.

541 3475 692 3531 lianc
715 3469 1110 3528 tribulationem
1136 3454 1574 3535 peregrinationis
1599 3465 1708 3509 suae
1729 3449 1820 3520 qui
1847 3461 1953 3502 non
1980 3444 2128 3499 inve-

541 3567 712 3632 nerit,
750 3563 818 3619 ad
855 3560 1079 3633 patriam
1116 3533 1294 3611 redire
1322 3566 1427 3607 non
1456 3547 1672 3618 cogitat.
1716 3537 2010 3597 Tribulatio
2037 3533 2128 3590 illa

544 3674 649 3732 est,
681 3629 894 3718 fratres.
921 3658 1082 3712 Certe
1107 3649 1266 3707 modo
1293 3646 1514 3701 facimus
1540 3642 1677 3696 bona
1705 3649 1889 3707 opera,
1916 3629 2129 3704 quando

543 3753 863 3828 porrigimus
885 3759 1078 3820 panem
1100 3737 1379 3803 esurienti,
1401 3734 1600 3789 donum
1620 3727 1922 3801 peregrino,
1946 3730 2000 3779 et
2023 3735 2130 3777 cai-

543 3816 659 3905 iera
680 3816 722 3899 ιν
738 3816 1008 3899 tribulatio
1027 3844 1112 3892 est
1143 3842 1198 3890 et
1225 3831 1362 3887 hinc.
1387 3824 1690 3882 Invenimus
1730 3820 1872 3875 enim
1903 3816 2129 3870 miseros

541 3953 706 4010 super
729 3947 863 4007 quos
886 3925 1307 3986 misericordiam
1328 3919 1583 3981 facimus;
1608 3921 1664 3971 et
1683 3911 2000 3968 miserorum
2026 3905 2128 3960 mi-

545 3997 686 4088 seria
716 3997 842 4084 facit
865 4038 965 4080 nos
1000 4017 1406 4091 compatientes.
1451 4010 1661 4077 Quanto
1701 4002 1892 4060 melius
1918 3999 1988 4054 ibi
2016 3997 2125 4067 jam

543 4137 697 4182 esses
715 4164 731 4190 ,
761 4119 852 4176 ubi
880 4131 985 4173 non
1010 4112 1216 4170 invenis
1245 4105 1571 4164 esurientem
1599 4111 1756 4169 quem
1785 4105 1972 4164 pascas
1990 4131 2006 4157 ,
2037 4087 2128 4144 ubi

543 4231 655 4274 non
687 4213 894 4270 invenis
923 4206 1261 4280 peregrinum
1289 4213 1446 4270 quem
1479 4191 1757 4262 suscipias,
1789 4201 1896 4243 non
1927 4181 2127 4238 nudum

543 4323 708 4382 quem
742 4305 962 4366 vestias,
996 4275 1102 4354 non
1133 4307 1331 4365 aegrum
1367 4303 1527 4360 quem
1549 4283 1751 4345 visites,
1782 4294 1886 4334 non
1911 4275 2128 4346 litigan-

540 4373 654 4458 tem
680 4412 838 4470 quem
877 4386 1210 4450 concordes?
1236 4382 1426 4440 Omnia
1452 4377 1595 4435 enim
1633 4374 1705 4431 ibi
1731 4383 1940 4428 summa
1966 4373 2126 4432 sunt,

541 4505 670 4550 vera
694 4460 838 4557 sunt,
870 4493 1053 4542 saneta
1081 4489 1226 4543 sunt,
1264 4486 1462 4532 aeterna
1484 4478 1628 4528 sunt.
1668 4465 1830 4523 Panis
1851 4471 2035 4520 noster
2055 4460 2130 4516 ibi

539 4585 744 4657 iustitia
769 4555 872 4647 est,
893 4586 1052 4650 potus
1084 4581 1269 4629 noster
1293 4569 1366 4625 ibi
1394 4561 1658 4636 sapientia
1684 4567 1796 4627 est,
1822 4555 1984 4612 vestis
2028 4567 2130 4609 no-

543 4646 654 4732 stra
683 4675 752 4731 ibi
781 4646 1155 4728 immortalitas
1177 4671 1278 4727 est,
1306 4660 1498 4715 domus
1523 4662 1702 4709 nostra
1727 4659 1928 4705 interna
1944 4646 1998 4702 in
2013 4658 2128 4700 cm-

539 4763 613 4828 lis
632 4811 648 4838 ,
675 4763 902 4822 firmitas
939 4768 1121 4817 nostra
1156 4750 1547 4811 immortalitas.
1578 4741 1843 4812 Numquid
1872 4736 2130 4809 aegritudo

538 4829 817 4929 subrepit?
838 4851 1095 4923 numquid
1118 4844 1376 4905 lassitudo
1396 4842 1462 4897 ad
1483 4851 1733 4895 somnum
1754 4832 1950 4889 trahit?
1972 4829 2126 4886 Nulla

539 4921 733 5017 mors,
764 4943 906 5004 nulla
939 4921 1008 5000 lis
1044 4961 1061 4998 :
1089 4942 1161 4997 ibi
1190 4954 1286 5010 pax
1306 4977 1321 5006 ,
1365 4934 1550 5006 quies,
1581 4927 1832 5001 gaudium
1856 4965 1872 4991 ,
1899 4921 2123 4994 iustitia.

543 5015 734 5105 Nullus
755 5042 921 5097 inim
945 5033 1210 5098 inimicus,
1233 5030 1408 5087 nullus
1433 5026 1626 5082 labitur
1650 5021 1872 5076 amicus.
1893 5017 2025 5085 Quae
2058 5015 2126 5070 ibi

543 5138 733 5213 quies!
763 5134 823 5193 Si
845 5133 1160 5204 cogitemus,
1188 5135 1242 5184 et
1266 5123 1602 5181 attendamus
1631 5117 1720 5173 ubi
1747 5116 1935 5181 simus,
1958 5120 2013 5168 et
2037 5112 2123 5168 ubi

542 5248 646 5291 nos
674 5233 881 5287 futuros
911 5239 1032 5282 esse
1066 5220 1311 5294 promisit
1335 5219 1423 5289 qui
1461 5212 1675 5272 mentiri
1709 5211 1898 5274 nescit,
1921 5224 1988 5264 ex
2014 5206 2127 5275 ipsa

541 5327 659 5397 ejus
695 5318 1050 5395 promissione
1087 5312 1387 5371 invenimus
1428 5310 1482 5364 in
1527 5321 1630 5378 qua
1671 5316 1856 5361 sumus
1901 5297 2125 5356 tribula-

541 5421 712 5476 tione.
761 5415 908 5472 Hane
959 5407 1352 5466 tribulationem
1399 5416 1556 5458 nemo
1601 5397 1840 5463 invenit,
1888 5394 1989 5450 nisi
2035 5390 2127 5461 qui

542 5508 835 5582 quaesierit.
863 5505 1040 5562 Sanus
1067 5517 1147 5569 es,
1174 5498 1296 5554 vide
1323 5497 1368 5551 si
1395 5495 1558 5551 miser
1585 5507 1642 5546 es
1673 5509 1686 5545 :
1719 5504 1839 5543 nam
1867 5484 2019 5540 facile
2045 5492 2128 5538 est

541 5613 604 5660 ut
625 5601 718 5673 qui
744 5606 982 5670 a-grotat,
1007 5595 1201 5650 sentiat
1220 5606 1280 5646 se
1308 5587 1558 5644 miserum
1587 5602 1597 5636 :
1622 5581 1833 5652 quando
1861 5592 2022 5634 sanus
2042 5591 2122 5643 es,

543 5697 664 5752 vide
690 5695 735 5750 si
765 5694 929 5748 miser
952 5705 1046 5755 es;
1079 5686 1200 5758 quia
1227 5697 1348 5738 cum
1379 5681 1485 5734 Deo
1515 5676 1748 5731 nondum
1778 5689 1854 5728 es.
1888 5671 2125 5726 Tribulu-

547 5791 732 5846 tionem
773 5793 817 5841 et
841 5785 1067 5840 dolorem
1109 5777 1297 5842 inveni,
1342 5784 1388 5827 et
1414 5787 1592 5826 nomen
1634 5767 1838 5822 Domini
1877 5764 2120 5820 invocavi.

551 5879 770 5941 lmmola
811 5891 938 5949 ergo
975 5874 1086 5931 Deo
1125 5868 1431 5939 sacriﬁcium
1461 5865 1644 5919 laudis.
1679 5859 1858 5918 Lauda
1899 5857 2122 5930 promit-

1752 355 1811 413 S.
1852 347 2216 410 AUGUSTINI
2256 347 2552 402 lii‘lSCOl‘i

2233 473 2450 528 ιυιιιοιη,
2490 463 2640 518 lauda
2673 473 2974 530 vocantem,
3019 464 3176 522 lauda
3213 465 3606 535 exhortantem,
3650 467 3802 528 lauda

2225 555 2560 623 adjuvantem
2610 576 2621 611 :
2667 568 2725 614 et
2763 557 2996 627 intellige
3021 556 3076 613 iu
3106 573 3209 628 qua
3238 557 3578 618 tribulatione
3605 563 3804 634 positus

2227 664 2306 706 es.
2339 650 2548 714 invoca,
2573 652 2802 713 erueris,
2829 652 3154 722 glorificabis
3177 653 3218 721 ¹,
3249 654 3607 722 permanebis.

2294 743 2385 800 2'5.
2419 743 2565 817 [verm
2593 745 2707 817 16.]
2748 744 2935 801 Videte
2963 755 3140 802 autem
3169 746 3310 817 quod
3338 751 3600 820 sequitur,
3624 752 3818 815 fratres

2225 835 2350 890 mei.
2369 836 2482 891 lam
2510 838 2651 892 criim
2677 837 2864 894 nescio
2886 839 3025 908 quis,
3041 839 3163 910 quia
3183 838 3390 898 dixerat
3410 840 3486 896 illi
3508 842 3650 902 Deus
3665 886 3680 911 ,
3700 843 3806 899 im-

2224 928 2360 981 mola
2386 927 2492 983 Deo
2517 930 2824 1000 sacri/icium
2852 931 3017 986 laudis
3034 973 3049 997 ,
3077 939 3133 988 et
3157 931 3260 988 hoc
3287 910 3680 1005 quodammodo
3712 952 3806 994 ve-
3834 910 3840 939 ξ

2225 1019 2382 1089 ctigal
2420 1021 2680 1077 indixorat
2699 1063 2714 1088 ,
2752 1021 3104 1079 meditabatur
3129 1023 3264 1095 sibi,
3292 1036 3349 1081 et
3388 1024 3599 1083 dicebat
3629 1045 3644 1082 :
3674 1027 3806 1085 Sur-

2224 1128 2286 1182 ga
2295 1129 2342 1168 ιιι
2361 1115 2614 1183 quotidie,
2632 1130 2850 1186 pergam
2869 1115 2934 1171 ad
2954 1116 3265 1185 Ecclesiam,
3283 1117 3457 1175 dicam
3473 1135 3635 1176 unum
3654 1119 3809 1194 Ιιιιιισ

2225 1223 2352 1262 num
2373 1211 2706 1276 matutinum,
2731 1209 2893 1264 alium
2909 1211 3291 1280 vespertinum,
3310 1213 3523 1269 tertium
3547 1221 3638 1269 aut
3650 1228 3808 1286 quar-

2226 1307 2336 1355 tum
2368 1302 2420 1356 in
2445 1302 2605 1358 domo
2633 1317 2789 1365 mea;
2817 1303 3052 1373 quotidie
3075 1303 3316 1360 sacrifico
3351 1306 3672 1363 sacrificium
3697 1306 3808 1364 lau-

2224 1389 2340 1456 dis,
2379 1404 2434 1448 et
2462 1393 2679 1448 immolo
2709 1393 2822 1462 Deo
2850 1408 2990 1449 meo.
3021 1394 3164 1450 Bene
3190 1393 3321 1452 facis
3356 1395 3567 1466 quidem
3588 1439 3606 1465 ,
3635 1399 3683 1454 si
3712 1397 3812 1456 hoe

2225 1482 2356 1539 facis
2389 1502 2401 1537 :
2433 1485 2526 1539 sed
2553 1484 2675 1542 vide
2701 1499 2770 1540 ne
2794 1483 2904 1555 jam
2932 1500 3156 1541 securus
3179 1486 3252 1541 sis
3271 1526 3289 1553 ,
3317 1487 3440 1557 quia
3463 1488 3574 1557 jam
3600 1489 3706 1546 hoc
3733 1488 3809 1544 fa-

2224 1580 2334 1647 cis,
2362 1590 2416 1637 et
2442 1581 2576 1636 forte
2619 1583 2800 1651 lingua
2845 1591 2932 1636 tua
2961 1581 3126 1636 Deum
3153 1581 3432 1638 benedicat
3451 1620 3467 1649 ,
3496 1591 3551 1638 et
3576 1583 3683 1638 vita
3729 1592 3812 1640 tua

2228 1672 2337 1729 Deo
2379 1672 2677 1728 maledicat.
2711 1672 2754 1728 Ο
2787 1672 2978 1742 popule
3003 1687 3188 1739 meus,
3218 1671 3348 1727 dicit
3391 1671 3484 1728 tibi
3516 1673 3656 1730 Deus
3683 1674 3811 1731 deo-

2228 1778 2344 1818 rum
2375 1763 2631 1819 Dominus
2657 1763 2749 1834 qui
2782 1763 2988 1820 locutus
3024 1771 3140 1830 est,
3169 1777 3364 1820 vocans
3407 1773 3601 1820 terram
3626 1779 3661 1821 a
3690 1766 3813 1822 solis

2227 1868 2349 1916 ortu
2379 1873 2546 1930 usque
2570 1859 2634 1914 ad
2664 1871 2916 1913 occasum
2934 1898 2950 1925 ,
2989 1857 3232 1928 quamvis
3257 1856 3432 1914 adhuc
3455 1858 3594 1915 inter
3615 1858 3812 1915 zizania

2226 1951 2546 2006 constitutus
2571 1950 2646 2006 sis
2666 1989 2682 2016 ,
2713 1947 2922 2003 immola
2961 1948 3268 2019 sacriﬁcium
3292 1947 3459 2006 laudis
3489 1949 3594 2005 Deo
3623 1959 3711 2006 tuo
3730 1991 3744 2016 ,
3770 1960 3814 2006 et

2226 2045 2382 2102 redde
2404 2044 2482 2098 illi
2513 2057 2686 2114 preces
2711 2052 2823 2096 tua:
2847 2057 2867 2096 :
2897 2040 2997 2097 sed
3023 2041 3144 2096 vide
3165 2056 3235 2097 ne
3260 2041 3405 2096 vivas
3430 2043 3587 2108 male,
3615 2051 3670 2097 et
3694 2056 3815 2098 ean-

2228 2147 2312 2195 tes
2339 2137 2492 2194 bene.
2524 2136 2703 2206 Quare
2725 2134 2866 2190 hoc?
2894 2133 3159 2190 Peccatori
3187 2135 3328 2190 enim
3354 2135 3473 2189 dicit
3499 2133 3637 2192 Deus
3663 2151 3684 2192 :
3720 2133 3813 2192 Ut-

2226 2229 2351 2300 quid
2378 2239 2431 2283 tu
2457 2243 2666 2283 enarrat
2683 2227 2913 2298 justitias
2938 2241 3073 2281 meas
3091 2265 3106 2290 ,
3133 2234 3180 2279 et
3206 2226 3419 2280 assumis
3449 2224 3817 2282 Testamentum

2228 2337 2391 2378 meum
2415 2338 2504 2391 per
2529 2337 2586 2376 os
2612 2319 2792 2376 tuum?
2819 2318 3042 2382 Videtis,
3072 2316 3283 2385 fratres,
3310 2333 3433 2375 cum
3457 2333 3561 2389 quo
3589 2304 3841 2376 tremore.

2229 2415 2329 2474 ista
2354 2415 2611 2471 dicamus.
2631 2413 2970 2468 Assumimus
2988 2411 3385 2467 Testamentum
3409 2412 3501 2468 Dei
3528 2427 3626 2482 per
3647 2427 3710 2468 os
3729 2427 3812 2469 no-

2227 2518 2478 2573 strum,et
2496 2507 2847 2578 praedicamus
2859 2505 3008 2561 vobis
3025 2503 3376 2561 eruditionem
3393 2513 3444 2559 et
3457 2503 3689 2574 justitias
3708 2504 3811 2560 Da.

2230 2603 2298 2660 Et
2318 2601 2445 2674 quid
2472 2601 2602 2657 dicit
2625 2599 2890 2671 peccatori
2921 2597 3093 2655 Deus?
3123 2596 3314 2665 thuid
3341 2598 3434 2651 tu?
3462 2597 3718 2653 Prohibet
3739 2612 3820 2652 er.

2228 2710 2297 2769 go
2323 2695 2700 2766 przedicatores
2728 2690 3068 2764 peccatores?
3083 2690 3150 2746 Et
3177 2691 3266 2746 ubi
3289 2697 3374 2745 est
3397 2688 3561 2744 illud:
3589 2689 3720 2757 Qua
3743 2688 3819 2742 di-

2230 2798 2350 2844 cunt
2377 2789 2561 2859 facite,
2593 2801 2707 2857 qua:
2747 2795 2916 2838 autem
2945 2784 3170 2854 faciunt,
3201 2787 3368 2852 facere
3407 2780 3562 2836 nolite
3607 2779 3818 2852 (Matth.

2229 2898 2379 2950 nui,
2396 2882 2486 2953 3)?
2504 2878 2712 2937 Ubi'est
2729 2879 2858 2934 illud
2879 2897 2890 2932 :
2913 2877 3032 2933 Sive
3052 2877 3256 2931 ueritate
3276 2879 3379 2930 sive
3402 2874 3662 2929 occasione
3676 2872 3820 2929 Clu-i-

2229 2985 2336 3033 ctus
2361 2975 2686 3030 annuntietur
2714 2971 2972 3044 (Philipp.
3001 2987 3053 3036 ι,
3084 2969 3216 3041 48)?
3241 2968 3349 3026 Sed
3376 2969 3492 3024 hac
3516 2967 3656 3024 dicta
3677 2977 3819 3035 sunt,

2231 3083 2301 3123 ne
2327 3069 2546 3123 timeant
2570 3065 2662 3136 qui
2690 3063 2910 3119 audiunt
2938 3078 2969 3117 a
2996 3075 3334 3132 quocumque
3357 3059 3612 3116 audiant:
3635 3074 3743 3115 non
3765 3066 3821 3115 ut

2230 3159 2404 3215 securi
2433 3157 2537 3212 sint
2561 3156 2650 3225 qui
2679 3155 2864 3210 dicunt
2885 3154 3047 3219 bona,
3065 3159 3120 3208 et
3146 3150 3348 3207 faciunt
3374 3150 3531 3206 mala.
3551 3147 3710 3205 Modo
3733 3163 3821 3204 er-

2229 3268 2300 3325 go
2319 3295 2336 3321 ,
2364 3251 2554 3307 fratres
2574 3291 2589 3318 ,
2619 3263 2716 3304 vos
2741 3247 2918 3304 securi
2944 3245 3074 3302 estis
3105 3262 3120 3300 :
3150 3245 3197 3301 si
3231 3244 3368 3300 bona
3394 3242 3620 3308 auditis,
3654 3241 3820 3297 Deum

2231 3345 2427 3402 auditis
2441 3346 2483 3410 ',
2508 3359 2603 3414 per
2626 3341 2920 3412 quemlibet
2937 3339 3185 3395 audiatis.
3211 3335 3321 3394 Sed
3345 3336 3515 3392 noluit
3543 3336 3684 3392 Deus
3707 3336 3822 3392 sine

2231 3437 2570 3508 correptione
2584 3434 2854 3490 dimittere
2873 3432 2993 3487 illos
3005 3430 3099 3501 qui
3114 3429 3326 3494 dicunt;
3347 3443 3416 3484 ne
3430 3427 3530 3483 hoc
3547 3427 3664 3484 solo
3679 3425 3820 3497 quod

2231 3531 2451 3597 dicunt,
2481 3527 2654 3584 securi
2683 3525 2784 3581 sibi
2812 3523 3214 3580 obdormiscant
3239 3521 3293 3576 in
3321 3520 3458 3575 mala
3486 3519 3626 3585 vita,
3659 3526 3715 3575 et
3737 3517 3820 3574 di-

2232 3631 2358 3681 cant
2385 3622 2486 3678 sibi
2517 3637 2533 3675 :
2564 3619 2748 3689 Neque
2773 3617 2918 3673 enim
2944 3613 3132 3687 perdet
3157 3626 3256 3668 nos
3283 3611 3442 3677 Deus,
3475 3625 3570 3680 per
3593 3622 3822 3679 quorum

2231 3730 2296 3774 os
2311 3715 2478 3771 voluit
2493 3721 2637 3769 tanta
2650 3711 2789 3767 bona
2805 3708 2910 3764 dici
2930 3705 3126 3778 populo
3139 3719 3259 3760 suo.
3273 3703 3386 3759 imo
3400 3716 3528 3758 vero
3541 3699 3667 3756 audi
3681 3699 3823 3771 quod

2233 3806 2368 3863 dicis
2387 3846 2403 3874 ,
2433 3805 2753 3876 quicumque
2786 3799 2955 3864 dicis;
2983 3805 3040 3852 et
3059 3796 3147 3867 qui
3172 3796 3254 3849 vis
3280 3802 3332 3849 te
3363 3792 3567 3856 audiri,
3597 3792 3749 3862 prior
3773 3799 3825 3846 te

2233 3898 2386 3965 audi;
2409 3905 2464 3953 et
2486 3896 2573 3952 dic
2589 3893 2727 3965 quod
2747 3891 2876 3948 dicit
2902 3894 2956 3944 in
2981 3889 3086 3944 alio
3115 3888 3319 3957 psalmo
3337 3884 3548 3956 quidam
3571 3902 3583 3936 :
3604 3883 3826 3938 Audiam

2232 3990 2356 4062 quid
2385 3989 2619 4059 loquatur
2645 3987 2698 4039 in
2737 3999 2815 4036 me
2840 3980 3092 4035 Dominus
3115 3977 3287 4044 Deus,
3316 3976 3552 4048 quoniam
3594 3972 3829 4046 loquetur

2233 4097 2410 4153 pacem
2438 4078 2629 4150 populo
2664 4091 2755 4130 suo
2782 4072 2957 4144 (Psal.
2988 4086 3201 4136 Lxxnv,
3228 4069 3302 4139 9).
3334 4067 3518 4136 Qualis
3543 4080 3673 4136 ergo
3701 4079 3823 4136 ego,

2233 4176 2326 4247 qui
2352 4189 2456 4229 non
2485 4171 2643 4226 audio
2667 4166 2811 4240 quod
2841 4167 2895 4220 in
2920 4179 3009 4221 me
3034 4164 3288 4234 loquitur,
3311 4170 3367 4217 et
3389 4161 3512 4216 volo
3535 4169 3592 4214 ut
3614 4158 3705 4214 alii
3731 4173 3829 4214 au-

2234 4266 2384 4323 diant
2407 4263 2549 4336 quod
2579 4277 2673 4332 per
2698 4274 2784 4314 me
2807 4256 3083 4328 loquitur?
3108 4253 3332 4310 Audiam
3357 4252 3536 4322 prior,
3564 4249 3780 4305 audiam
3805 4285 3824 4315 ,

2235 4359 2572 4428 maximeque
2587 4355 2797 4411 audiam
2815 4351 2954 4422 quod
2971 4349 3203 4421 loquitur
3219 4349 3270 4402 in
3289 4361 3374 4401 me
3387 4345 3639 4400 Dominus
3658 4342 3825 4406 Deus,

2233 4452 2486 4525 quoniam
2514 4450 2761 4520 loquetur
2786 4459 2971 4516 pacem
2995 4442 3190 4513 populo
3219 4453 3337 4494 suo.
3364 4435 3590 4493 Audiam
3609 4473 3626 4500 ,
3653 4443 3714 4490 et
3736 4447 3828 4488 ca-

2233 4547 2423 4618 stigem
2448 4557 2644 4613 corpus
2668 4555 2868 4604 meum,
2897 4545 2953 4593 et
2975 4534 3216 4592 servituti
3242 4530 3542 4601 subjiciam,
3573 4541 3642 4583 ne
3684 4527 3830 4582 forte

2233 4617 2352 4693 aliis
2379 4635 2693 4706 praedicans,
2713 4633 2826 4702 ipse
2844 4627 3106 4699 reprobus
3131 4624 3370 4681 inveniar
3395 4620 3439 4693 (l
3466 4618 3584 4676 Cor.
3607 4633 3687 4685 ix,
3705 4617 3776 4672 27
3785 4617 3827 4688 ).

2239 4727 2432 4797 thuid
2461 4736 2512 4781 tu
2537 4741 2743 4780 enarra:
2760 4721 2988 4795 Justitias
3011 4734 3148 4773 meas
3164 4717 3190 4771 Ρ
3215 4713 3414 4786 thuid
3439 4711 3534 4768 tibi
3557 4709 3706 4781 quod
3731 4707 3831 4765 tibi

2236 4836 2344 4878 non
2387 4816 2640 4894 prodest?
2665 4813 2933 4871 Admonet
2959 4811 3106 4866 illum
3134 4817 3196 4865 ut
3233 4805 3417 4862 audiat
3446 4821 3460 4859 :
3491 4817 3600 4860 non
3641 4811 3705 4858 ut
3729 4801 3830 4859 deo

2237 4893 2403 4984 ponat
2443 4907 2912 4981 priedicationem,
2941 4901 3038 4958 sed
3077 4907 3139 4956 ut
3162 4905 3400 4955 assumat
3439 4893 3830 4951 obedientiam.

2233 5003 2314 5060 Tu
2356 5017 2483 5058 vero
2529 4999 2712 5071 utquid
2757 4995 2972 5052 assumis
3011 4991 3387 5048 Testamentum
3430 5001 3597 5044 nicum
3639 5001 3735 5058 per
3772 4999 3833 5041 es

2233 5104 2375 5154 tuum
2389 5095 2417 5150 γ

2305 5188 2394 5242 24.
2429 5184 2578 5258 [νει-ε.
2610 5180 2725 5254 17.]
2759 5179 2837 5234 Tu
2861 5193 2976 5234 vero
2995 5174 3147 5232 odisti
3173 5172 3524 5229 eruditionem.
3543 5166 3721 5226 Odisti
3747 5166 3836 5223 di-

2233 5256 2532 5348 sciplinam.
2577 5271 2802 5344 Quando
2830 5283 3026 5341 parco,
3064 5274 3249 5322 cantas
3275 5271 3332 5320 et
3357 5259 3576 5324 laudas;
3605 5256 3836 5329 quando

2230 5371 2436 5442 castigo
2456 5412 2470 5435 ,
2514 5377 2816 5424 murmuras
2847 5377 2862 5416 :
2893 5359 3044 5432 quasi
3070 5355 3283 5429 quando
3319 5367 3514 5425 parco,
3541 5350 3648 5406 sim
3678 5349 3834 5406 Deus

2235 5439 2394 5528 tuus;
2435 5470 2490 5517 et
2523 5456 2734 5530 quando
2773 5454 3013 5523 castigo,
3053 5463 3159 5506 non
3196 5446 3296 5503 sim
3335 5445 3474 5500 Deus
3519 5449 3665 5496 tuus.
3713 5439 3839 5510 Ego

2235 5570 2368 5627 quos
2411 5528 2570 5616 amo,
2618 5563 2782 5618 arguo
2822 5555 2876 5601 et
2919 5542 3118 5612 castigo
3165 5537 3364 5611 (Apoc.
3412 5549 3508 5599 ιιι,
3556 5530 3628 5588 l9
3650 5529 3695 5601 ).
3749 5528 3839 5585 Tu

2235 5663 2348 5703 vero
2396 5642 2546 5698 odisti
2593 5639 2924 5696 eruditionem
2953 5653 2971 5688 :
3001 5643 3044 5688 et
3090 5627 3342 5700 projecisti
3387 5638 3639 5680 sermones
3688 5635 3840 5676 meos

2299 5802 2314 5834 ί
2350 5800 2421 5849 sic
2446 5799 2658 5860 potiores
2673 5799 2778 5860 Mss:
2807 5798 2862 5838 At
2879 5787 3011 5860 edd,
3033 5779 3392 5860 gloriﬁcaueris.

2299 5867 2317 5895 ¹
2350 5839 2777 5920 ἷῆἶιῖέέῖιὲῖ,ἶῆ
2799 5856 2922 5904 sunt.
2949 5839 3184 5908 sodnulli,
3211 5845 3296 5896 Dei
