4042 6484
210 509 329 576 ραι.
359 506 425 554 te.
454 495 591 566 om
633 491 881 550 dicuntur
920 499 1018 558 per
1058 491 1152 550 te,
1182 479 1398 553 projicis
1441 486 1564 576 post
1606 485 1678 533 te.
1712 476 1779 532 Et

211 572 461 669 proiecisti
504 603 757 647 sermones
783 599 919 640 meos
945 588 1055 652 post
1079 589 1126 634 te
1153 595 1172 633 :
1201 575 1291 632 ubi
1317 589 1424 631 non
1453 572 1733 628 vidcantur
1752 586 1783 625 a

209 702 261 747 te
278 731 294 756 ,
312 686 408 744 sed
436 690 662 741 onerent
687 690 758 735 te.
787 675 858 731 Et
876 671 1129 746 projecisti
1146 683 1395 725 sermones
1414 681 1546 721 meos
1575 673 1684 735 post
1714 672 1779 717 te.

271 781 365 838 25.
397 778 547 852 [vers.
580 770 695 846 {8.}
726 770 787 827 Si
813 768 1012 823 videbas
1036 767 1233 837 furem,
1264 758 1592 852 concurrebas
1620 756 1697 852 ei,
1738 765 1785 815 ct

209 888 319 930 cum
359 848 604 924 adulteris
630 863 907 935 portionem
937 868 1074 913 tuam
1102 852 1338 927 ponebas.
1367 850 1446 908 Ne
1475 850 1609 906 forte
1634 848 1783 904 dice-

211 974 292 1023 res
322 979 338 1018 :
368 960 486 1018 Non
529 957 629 1015 ieci
674 954 872 1011 furtum
896 992 910 1017 ,
942 965 1048 1007 non
1074 948 1176 1005 feci
1216 944 1555 1003 adulterium.
1604 940 1741 1010 Quid
1763 980 1782 1008 ,

209 1058 252 1116 si
290 1053 493 1127 placuit
517 1051 612 1107 tibi
651 1049 742 1120 qui
784 1044 949 1103 fecit?
975 1042 1161 1099 Nonne
1184 1039 1301 1112 ipso
1339 1037 1534 1109 placito
1555 1049 1783 1091 concur-

210 1146 368 1204 τίειιῖ
396 1157 574 1200 nonne
601 1140 900 1212 portionem
926 1145 1072 1191 tuam
1099 1147 1221 1189 cum
1246 1130 1338 1186 illo
1359 1129 1450 1201 qui
1476 1127 1598 1184 fecit
1620 1169 1636 1193 ,
1669 1127 1785 1182 lau-

210 1238 384 1296 dando
407 1233 675 1310 posuisti?
704 1231 817 1288 Hoc
858 1237 941 1285 est
981 1227 1123 1283 enim
1144 1265 1161 1294 ,
1190 1223 1384 1280 fratres
1406 1263 1421 1289 ,
1465 1232 1786 1278 concurrere

213 1342 328 1388 cum
367 1329 484 1385 fure
505 1366 524 1396 ,
552 1335 606 1381 et
642 1336 839 1395 ponere
862 1335 981 1377 cum
1008 1317 1248 1373 adultero
1276 1314 1574 1386 portionem
1602 1322 1745 1367 tuam
1768 1327 1782 1364 :

212 1426 329 1496 quia
376 1419 479 1478 etsi
505 1432 614 1475 non
656 1414 786 1472 facis
808 1454 825 1481 ,
855 1420 911 1468 et
953 1408 1137 1467 laudas
1178 1405 1319 1478 quod
1347 1405 1405 1461 ﬁt
1428 1446 1444 1473 ,
1474 1403 1789 1473 aetipulator

212 1530 268 1575 es
288 1514 452 1581 facti;
480 1510 732 1584 quoniam
758 1506 1000 1564 laudatur
1025 1510 1268 1575 peccator
1292 1500 1347 1555 in
1373 1498 1651 1556 desideriis
1674 1498 1788 1552 ani-

214 1624 311 1668 ma:
329 1623 464 1676 sum,
483 1615 539 1663 et
555 1605 646 1677 qui
667 1604 845 1672 iniqua
867 1599 1022 1672 gerit,
1046 1594 1377 1652 benedicitur
1403 1590 1574 1661 (Psal.
1602 1607 1675 1658 Ix,
1708 1590 1785 1663 5).

213 1701 327 1759 Non
355 1699 485 1755 facis
509 1696 668 1761 mala,
690 1693 873 1749 laudas
904 1689 1043 1745 mala
1069 1686 1340 1743 facientes.
1359 1683 1470 1739 Hoc
1498 1683 1637 1739 enim
1666 1696 1787 1750 par-

214 1792 544 1850 nunmalum
564 1784 814 1844 estmons
831 1780 1069 1837 adulteris
1093 1778 1370 1851 portionem
1392 1782 1531 1829 tuam
1550 1774 1785 1843 ponebas.

274 1884 373 1942 ΞΟ.
404 1880 556 1957 [vers.
588 1875 702 1950 19.]
733 1875 806 1931 0s
831 1885 973 1929 tuum
993 1868 1262 1926 abundavit
1287 1865 1479 1920 malitia
1498 1904 1513 1929 ,
1542 1873 1589 1920 et
1612 1863 1789 1957 lingua

216 1985 298 2033 tua
322 1953 559 2047 amplexa
599 1979 674 2027 est
701 1966 1037 2023 dolositatem.
1067 1958 1488 2017 Malevolentiam
1515 1965 1569 2012 et
1593 1953 1793 2011 dolosi-

216 2074 411 2135 tatetn,
449 2065 641 2122 εῖδει-αι
661 2100 674 2127 ,
706 2056 1057 2132 quorumdam
1086 2052 1360 2108 hominum
1387 2049 1545 2115 dicit,
1579 2048 1666 2118 qui
1694 2061 1791 2118 per

190 2184 195 2191 ·
216 2160 569 2217 adulationem
586 2193 604 2223 ,
630 2153 870 2226 quamvis
892 2150 1060 2209 sciant
1083 2146 1218 2202 mala
1239 2158 1361 2201 esse
1385 2156 1505 2214 quae
1531 2139 1788 2206 audiunt,

216 2270 278 2313 ne
302 2252 577 2311 olendant
604 2263 698 2305 eos
717 2264 745 2302 ιι
765 2245 958 2318 quibus
985 2241 1224 2303 audiunt,
1248 2253 1354 2293 non
1381 2236 1551 2291 solum
1578 2247 1686 2289 non
1706 2247 1792 2288 re-

216 2343 595 2420 prehendendo
615 2382 629 2405 ,
655 2337 750 2395 sed
794 2333 1017 2392 tacendo
1044 2329 1402 2388 consentiunt.
1449 2326 1641 2381 Parum
1671 2330 1753 2420 est
1773 2363 1790 2390 ,

216 2414 331 2513 quia
360 2450 467 2493 non
491 2436 697 2501 dicunt,
719 2429 852 2485 ιιιιθ
877 2425 1080 2492 fecisti;
1108 2422 1202 2479 sed
1223 2419 1436 2513 dicunt,
1456 2417 1520 2472 Et
1548 2417 1685 2472 bene
1714 2414 1792 2470 l'e-

216 2509 332 2589 cisti
364 2548 378 2584 :
408 2538 468 2585 et
494 2532 691 2581 norunt
730 2520 924 2577 malum
950 2530 1102 2582 esse;
1143 2511 1239 2569 sed
1264 2509 1498 2567 abundat
1522 2521 1583 2561 os
1608 2520 1794 2562 eorum

218 2624 433 2687 inlitis,
461 2628 519 2677 et
542 2620 717 2689 lingua
739 2628 923 2670 eorum
950 2610 1281 2680 amplexatur
1309 2602 1666 2659 dolositatem.
1693 2598 1796 2654 Do-

218 2718 398 2775 lositas
419 2722 506 2772 est
529 2713 676 2769 fraus
700 2705 939 2779 quazdam
984 2703 1037 2758 in
1064 2699 1270 2766 verbis,
1299 2694 1440 2751 aliud
1477 2691 1751 2765 promendi
1778 2732 1793 2757 ,

217 2808 359 2866 Illud
385 2802 674 2863 sentiendi.
704 2799 818 2857 Non
842 2798 935 2863 ait,
963 2794 1165 2863 Lingua
1190 2800 1275 2845 tua
1301 2785 1515 2842 admisit
1537 2783 1796 2839 dolosita-

216 2910 320 2959 tem
338 2942 357 2969 ,
385 2906 513 2966 aut,
550 2890 872 2967 perpetravit
894 2885 1261 2947 dolositatem;
1288 2878 1382 2935 sed
1406 2887 1463 2933 ut
1491 2875 1800 2933 ostenderet

218 2995 308 3052 tibi
346 2991 635 3065 quamdam
659 2983 1064 3043 delectationem
1092 2979 1144 3033 iu
1173 2976 1290 3046 ipso
1316 2972 1456 3028 male
1481 2972 1617 3065 laeto
1635 3011 1652 3038 ,
1683 2985 1796 3065 am-

218 3060 498 3160 ptm‘cst,
531 3079 683 3137 dixit.
715 3078 907 3133 Parum
934 3081 1016 3128 est
1039 3073 1162 3142 quia
1190 3067 1351 3160 facis;
1396 3073 1450 3160 et
1467 3060 1791 3160 delectaris:

219 3150 401 3238 βαιὴ.
421 3178 477 3233 in
501 3180 755 3248 promptu
773 3210 789 3235 ,
816 3165 1004 3224 irrides
1024 3160 1164 3232 apud
1192 3169 1264 3214 te.
1291 3155 1599 3248 Praecipites
1624 3150 1799 3248 homi-

218 3281 339 3331 lem
365 3243 577 3326 incaute
593 3264 718 3320 vitia
744 3275 838 3318 sua
865 3255 1244 3330 proierentcm,
1261 3257 1316 3305 et
1342 3263 1408 3302 an
1431 3245 1539 3301 sint
1555 3243 1679 3300 vitia
1705 3259 1801 3300 ne-

220 3366 473 3423 scientem
502 3377 518 3415 :
552 3366 611 3413 tu
632 3356 721 3427 qui
746 3353 852 3409 scis
878 3349 1063 3406 vitium
1086 3359 1228 3410 esse,
1248 3356 1353 3397 non
1379 3338 1511 3395 dicis
1528 3337 1568 3405 ι,
1590 3336 1706 3404 Quo
1728 3335 1799 3392 ir-

219 3457 367 3515 rutst
390 3455 451 3512 Si
475 3454 626 3510 illum
651 3447 864 3505 videres
889 3439 1162 3498 ambulare
1186 3436 1452 3492 incautum
1480 3431 1536 3486 in
1565 3427 1799 3485 tenebris

221 3553 304 3610 tibi
350 3562 405 3608 tu
428 3556 653 3621 puteum
679 3555 799 3600 esse
834 3537 1002 3595 scires
1020 3573 1035 3599 ,
1062 3539 1118 3589 et
1141 3540 1343 3621 taceres
1361 3566 1379 3593 ,
1409 3522 1582 3621 qualis
1610 3520 1799 3621 esses‘l

220 3654 398 3701 me
424 3615 675 3696 inimicus
696 3628 1029 3703 deputareris
1052 3623 1244 3680 animai
1271 3619 1424 3691 ejus?
1452 3617 1522 3673 Et
1550 3625 1724 3671 tamen
1754 3615 1800 3670 si

222 3737 273 3793 In
294 3743 516 3807 puteum
534 3727 753 3785 caderet
769 3765 785 3794 ,
816 3736 923 3778 non
948 3719 1125 3775 anima
1143 3755 1159 3782 ,
1188 3712 1293 3807 sed
1303 3725 1531 3807 corpore
1552 3720 1799 3807 morere-

222 3796 322 3885 tur:
355 3822 662 3894 Praecipitat
684 3832 742 3874 se
766 3817 820 3871 in
844 3811 971 3869 vitia
994 3823 1089 3866 sua
1109 3847 1124 3873 ,
1154 3802 1404 3878 praidicat
1428 3798 1579 3894 apud
1590 3808 1640 3854 te
1660 3796 1799 3894 mala

220 3920 357 3978 Icta
379 3931 507 3983 sua;
524 3889 585 3970 tu
600 3910 739 3968 nosti
763 3906 900 3965 mala
922 3918 1062 3969 esse,
1083 3907 1138 3956 et
1160 3896 1366 3964 laudas,
1385 3901 1441 3951 et
1456 3891 1645 3949 irrides
1661 3889 1799 3961 apud

224 4022 291 4072 te.
310 4013 364 4071 0
379 4013 427 4069 si
450 4012 792 4067 convertatur
810 3994 1093 4070 aliquando
1111 3992 1178 4049 ad
1200 3992 1367 4047 Deum
1389 3989 1476 4045 ille
1495 4002 1653 4059 quem
1674 3984 1801 4042 irri-

220 4109 334 4178 des,
364 4116 419 4164 et
441 4115 601 4177 quem
626 4099 894 4168 corripere
917 4089 1153 4155 noluisti,
1176 4095 1243 4178 et_
1256 4085 1397 4178 dicat
1420 4101 1433 4137 :
1456 4079 1800 4178 Contr-undat:-

224 4170 424 4271 lur'qni
442 4170 630 4253 dicunt
650 4189 803 4255 mihi,
829 4185 995 4255 Euge,
1021 4195 1156 4250 euge
1183 4174 1356 4250 (Psal.
1386 4189 1567 4241 una,
1596 4171 1705 4244 l6).
1735 4170 1803 4226 Et

222 4284 397 4365 lingua
417 4296 506 4345 nia
521 4283 757 4355 alitplm
775 4288 847 4335 est
864 4273 1203 4365 dolositatent.

286 4351 382 4440 ᾗ.
412 4381 567 4454 [vers.
596 4351 718 4446 ἀει]
746 4368 941 4427 Sedens
963 4363 1201 4419 adversus
1226 4357 1432 4454 fratrem
1463 4362 1605 4454 tuum
1630 4351 1771 4454 detra
1788 4380 1801 4389 ο

224 4472 395 4531 hebes.
415 4442 493 4527 Ῑῦῑ
518 4442 896 4539 ipsum—sedens
918 4457 985 4514 ad
1013 4455 1113 4511 hoc
1137 4450 1370 4524 pertinet
1392 4444 1533 4539 quod
1560 4442 1803 4539 superius

221 4566 382 4634 dixit,
406 4533 642 4633 emptam
666 4564 759 4613 est.
780 4551 884 4620 Qui
910 4548 1052 4606 enim
1076 4552 1223 4601 stans
1247 4547 1338 4634 aut
1363 4536 1626 4634 transiens
1652 4533 1799 4602 facit,

224 4666 327 4715 non
356 4626 771 4720 eum-voluptate
787 4643 913 4700 facit
929 4658 943 4694 :
962 4639 1053 4711 qui
1078 4650 1206 4693 vero
1230 4632 1299 4688 ad
1323 4632 1427 4686 hoc
1449 4626 1619 4692 sedet,
1638 4640 1805 4697 quan-
1854 4702 1862 4707 .

222 4758 333 4809 tum
362 4749 531 4804 otism
573 4739 763 4814 quierit
785 4745 845 4794 ut
868 4731 1057 4790 faciat!
1089 4728 1285 4786 Sedens
1327 4722 1565 4779 adversus
1593 4723 1805 4814 fratrem

220 4850 365 4898 suum
387 4812 684 4895 carotidas
714 4842 733 4887 :
765 4831 930 4900 ipsam
952 4821 1330 4881 detractionem
1358 4816 1550 4871 malam
1577 4812 1803 4885 diligen-

216 4941 304 4992 ver
327 4931 562 4989 nolebas
578 4969 594 4996 ,
618 4920 857 4982 sedendo
882 4915 1145 4981 faciebas;
1177 4910 1393 4966 volebas
1417 4907 1488 4963 ibi
1514 4904 1802 4975 occupari,

216 5018 615 5097 Implenbarls
639 5015 838 5071 malum
862 5020 1010 5066 tuum
1029 5047 1044 5074 ,
1071 5000 1401 5097 osculabaris
1427 4996 1607 5054 dolum
1625 5003 1802 5097 .tuum.

224 5086 421 5174 ειᾶαυ
447 5111 689 5167 adversus
715 5105 926 5176 fratrem
954 5109 1094 5154 tuum
1122 5090 1419 5149 detrahebas
1448 5104 1469 5144 :
1496 5097 1544 5143 et
1568 5086 1807 5143 adversus

224 5210 389 5283 ﬁlim
404 5207 585 5266 nstris
604 5217 709 5260 tua
723 5197 942 5275 ponebas
956 5193 1275 5252 scandalum.
1294 5186 1528 5283 Quis-est
1548 5181 1813 5283 filius‘ma-

224 5271 355 5360 tris!
380 5314 562 5360 nonne
581 5271 782 5354 frater?
799 5290 910 5349 Hoc
933 5301 1061 5358 ergo
1085 5291 1329 5356 repetere
1352 5276 1539 5344 voluit,
1558 5271 1700 5346 quod
1716 5287 1805 5327 su-

223 5396 407 5468 perius
429 5393 666 5456 dixerat,
695 5391 904 5461 fratrem
934 5389 1095 5437 tuum.
1130 5377 1217 5433 An
1245 5373 1476 5468 aliquam
1504 5364 1807 5468 dis-tinctio-

294 5909 317 5942 ι
348 5906 549 5958 stelas
572 5905 632 5952 at
650 5892 788 5958 ωᾱ..
809 5904 903 5945 non
918 5889 1041 5949 dicis
1062 5879 1467 5941 corr-tamtum.

1321 361 1718 424 ENARRATIO
1750 360 1821 421 ΙΝ
1856 360 2183 423 essenon
2220 360 2406 420 XLIX.

3356 362 3463 423 582

1890 475 2024 532 forte
2044 475 2179 532 bene
2198 475 2406 532 docenti
2431 484 2484 531 et
2511 475 2646 532 bene
2670 476 2958 536 ambulanti
2981 493 2996 534 :
3018 487 3101 537 est
3123 486 3298 536 autem
3327 477 3463 534 alius

1890 556 2156 635 inﬁrmus;
2180 568 2434 624 adversus
2458 567 2603 623 illum
2630 568 2776 640 ponit
2798 570 3102 627 scandalum
3133 571 3255 627 huic
3282 569 3460 627 detra-

1891 658 2083 717 hendo.
2104 661 2310 717 Etenim
2336 677 2455 717 cum
2469 661 2764 719 detrahitur
2786 662 2939 718 bonis
2967 664 3034 721 ab
3059 663 3141 720 his
3165 666 3254 735 qui
3272 663 3459 720 viden.

1891 759 1977 808 tur
2001 753 2221 826 alicujus
2246 755 2500 811 momenti
2526 770 2644 813 esse
2668 765 2722 811 et
2746 754 2888 811 docti
2914 771 3053 821 esse,
3083 757 3133 812 in
3155 756 3457 813 scandalum

1890 845 2085 902 cadunt
2111 847 2303 903 inﬁrmi
2346 847 2437 919 qui
2462 846 2635 904 adhuc
2677 847 2917 904 nesciunt
2937 846 3191 919 judicare.
3221 847 3345 904 Ideo
3372 849 3455 904 in-

1890 935 2075 993 ﬁrmus
2103 938 2189 994 ille
2214 940 2351 1009 ﬁlius
2375 941 2549 994 matris
2574 938 2746 996 dictus
2768 947 2868 1008 est,
2892 939 3126 995 nondum
3155 939 3336 1010 patris,
3362 939 3459 994 ad-

1890 1024 1997 1085 huc
2021 1029 2156 1085 lacte
2172 1030 2413 1102 indigens
2431 1042 2488 1088 et
2513 1031 2761 1088 uberibus
2784 1030 3083 1088 adhaerens.
3104 1030 3350 1087 Portatur
3368 1030 3459 1086 ad-

1889 1108 1997 1203 huc
2021 1123 2137 1177 sinu
2165 1124 2346 1179 matris
2374 1123 2625 1180 Ecclesia:
2645 1166 2659 1192 ,
2695 1139 2802 1179 non
2829 1124 2970 1180 valet
2996 1123 3252 1181 accedere
3280 1123 3347 1180 ad
3372 1138 3461 1179 so-

1892 1210 2054 1269 lidum
2084 1214 2258 1269 cibum
2288 1230 2486 1271 mensa:
2529 1215 2693 1285 patris
2716 1215 2832 1283 sui,
2858 1215 2952 1271 sed
2978 1214 3045 1272 de
3074 1218 3237 1273 ubere
3281 1215 3467 1271 matris

1892 1306 2087 1361 victum
2115 1306 2293 1372 trahit,
2322 1306 2533 1387 ignarus
2557 1306 2849 1377 judicandi,
2873 1307 3122 1380 quoniam
3147 1307 3318 1365 adhuc
3345 1307 3464 1364 aui-

1893 1398 2046 1479 ntalis
2082 1408 2240 1469 atque
2276 1398 2503 1454 carnalis
2532 1397 2632 1455 est.
2663 1398 2956 1469 Spiritualis
2976 1401 3106 1455 enim
3132 1400 3301 1455 omnia
3327 1401 3465 1474 diju-

1893 1490 2065 1557 dicat;
2094 1488 2328 1546 animalis
2356 1503 2521 1546 autem
2551 1493 2699 1547 homo
2738 1510 2837 1547 non
2882 1495 3091 1564 percipit
3117 1512 3175 1549 ea
3203 1511 3315 1565 qua:
3349 1503 3467 1549 sunt

1893 1584 2119 1653 Spiritus
2143 1582 2257 1651 Dei,
2275 1584 2511 1654 quoniam
2531 1585 2742 1641 stultitia
2766 1597 2839 1642 est
2859 1588 2935 1642 illi
2961 1586 3002 1659 (Ι
3029 1586 3145 1643 Cor.
3166 1604 3222 1657 tt,
3244 1587 3330 1655 i5,
3354 1588 3464 1661 14).

1895 1675 2109 1732 Talibus
2138 1676 2262 1733 dicit
2292 1677 2577 1748 Apostolus
2610 1696 2621 1730 :
2660 1677 2778 1734 Non
2818 1681 2959 1752 potui
2997 1681 3136 1752 loqui
3163 1681 3298 1737 vobis
3323 1682 3469 1753 quasi

1891 1767 2236 1838 spiritualibus
2257 1811 2271 1836 ,
2315 1770 2402 1823 sed
2430 1770 2575 1838 quasi
2615 1770 2900 1826 carnalibus
2928 1787 2947 1827 :
2980 1781 3218 1843 tanquam
3246 1772 3469 1842 parvulis

1893 1858 1948 1913 in
1967 1856 2165 1915 Christo
2194 1857 2274 1913 lac
2303 1860 2438 1914 vobis
2464 1869 2636 1931 potant
2661 1861 2797 1929 dedi,
2815 1878 2916 1916 non
2941 1878 3137 1927 escam;
3158 1878 3316 1933 neque
3336 1863 3469 1917 enim

1895 1950 2153 2022 poteratis,
2182 1950 2268 2005 sed
2295 1967 2384 2006 nec
2409 1952 2575 2006 adhuc
2596 1953 2796 2024 quidem
2825 1954 3026 2024 potestis
3055 1951 3165 2027 (Id.
3193 1970 3272 2022 ut,
3305 1955 3358 2024 i,
3385 1952 3470 2027 2).

1896 2040 2063 2099 Mater
2086 2043 2236 2099 vobis
2264 2043 2335 2099 fui
2370 2061 2382 2097 :
2416 2045 2681 2115 quomodo
2706 2043 2897 2101 dicitur
2935 2045 3041 2103 alio
3080 2047 3233 2115 loco,
3281 2044 3474 2103 Factus

1895 2151 2008 2191 sum
2032 2137 2269 2206 parvulus
2292 2135 2344 2189 in
2376 2136 2538 2192 medio
2561 2145 2778 2191 vestrum
2797 2177 2811 2204 ,
2840 2145 3078 2210 tanquam
3102 2138 3276 2194 nutris:
3303 2137 3475 2209 fovens

1885 2231 2031 2301 «ﬁlios
2058 2246 2173 2286 suos
2200 2229 2243 2303 (ι
2271 2227 2451 2285 Thess.
2499 2245 2572 2294 ιι,
2602 2227 2679 2302 7).
2708 2228 2823 2285 Non
2853 2231 3029 2287 nutrix
3072 2231 3311 2287 nutriens
3338 2230 3477 2287 ﬁlius

1885 2323 2101 2399 alienos
2120 2364 2133 2390 ,
2162 2318 2257 2378 sed
2283 2321 2461 2377 nutrix
2490 2320 2672 2378 fovens
2696 2321 2836 2391 ﬁlios
2859 2337 3003 2379 suos.
3034 2322 3169 2379 Sunt
3192 2322 3334 2377 enim
3359 2338 3475 2378 ma-

1898 2421 2010 2470 tres
2035 2428 2154 2485 qua:
2177 2428 2297 2469 cum
2326 2412 2629 2483 pepererint
2647 2454 2662 2481 ,
2710 2413 2839 2468 dant
2860 2412 3154 2470 nutricibus
3185 2428 3199 2467 :
3231 2412 3337 2469 illa:
3360 2428 3480 2484 qua:

1899 2515 2254 2578 pepererunt,
2287 2522 2394 2561 non
2437 2505 2621 2562 fovent
2658 2506 2796 2563 ﬁlios
2825 2522 2985 2576 suos,
3017 2506 3139 2578 quia
3169 2506 3481 2565 nutriendus

1899 2599 2189 2668 dederunt;
2215 2600 2317 2655 illae
2337 2608 2514 2656 autem
2533 2615 2651 2671 quae
2679 2599 2878 2669 fovent,
2895 2616 2999 2658 non
3026 2615 3153 2658 suos
3174 2600 3368 2666 levent,
3386 2600 3480 2656 sed
3515 2615 3526 2627 '

1899 2695 2128 2751 alienos:
2144 2694 2243 2751 iste
2257 2708 2383 2749 vero
2400 2694 2513 2765 ipse
2532 2703 2828 2765 pepererat,
2850 2693 2961 2765 ipse
2977 2692 3208 2762 fovebat,
3230 2693 3358 2750 nulli
3378 2710 3481 2750 nu-

1899 2789 2017 2846 trici
2032 2804 2189 2861 quem
2209 2799 2485 2859 pepererat
2504 2784 2863 2844 committebat
2883 2804 2897 2855 ;
2917 2787 3127 2845 dixerat
3151 2789 3315 2857 enim,
3340 2790 3478 2857 Quos

1905 2884 2082 2938 iterum
2111 2883 2359 2954 parturio,
2389 2881 2545 2937 donec
2575 2880 2805 2937 Christus
2827 2880 3073 2952 formetur
3094 2881 3148 2936 in
3171 2879 3306 2937 vobis
3334 2881 3478 2956 (Gal.

1902 2991 1976 3044 tv,
2006 2975 2117 3047 i9).
2146 2975 2381 3032 Fovebat
2401 2990 2552 3047 ergo,
2576 2982 2631 3029 et
2654 2973 2900 3030 lactabat.
2945 2973 3113 3028 Erant
3151 2982 3327 3029 autem
3360 2975 3482 3045 qui-

1902 3067 2024 3125 dam
2052 3068 2201 3137 quasi
2230 3066 2374 3121 docti
2403 3073 2457 3120 et
2484 3065 2784 3135 spirituales
2804 3063 2894 3137 qui
2924 3062 3089 3118 Paulo
3114 3061 3480 3120 detraherent.

1902 3160 2150 3233 Epistolw
2169 3160 2383 3231 quidem,
2423 3159 2582 3226 aiunt,
2608 3174 2782 3231 graves
2802 3166 2849 3211 et
2874 3160 3026 3227 fortes
3048 3166 3184 3223 sunt,
3217 3157 3485 3230 prwsentia

1902 3262 2070 3308 autem
2088 3252 2313 3323 corporis
2332 3251 2554 3321 inﬁrma,
2572 3258 2615 3303 et
2628 3265 2790 3304 sermo
2811 3246 3192 3320 contemptibilis
3210 3246 3275 3323 (ll
3291 3244 3409 3304 Cor.
3429 3264 3484 3318 x,

1904 3345 2014 3419 40):
2032 3344 2160 3400 dicit
2180 3345 2291 3414 ipse
2308 3344 2358 3398 in
2380 3340 2615 3413 Epistola
2634 3354 2724 3397 sua
2742 3338 3000 3412 quosdam
3020 3339 3344 3397 detractores
3360 3355 3489 3399 suos

1903 3438 2004 3494 ista
2030 3437 2245 3491 dixisse.
2273 3434 2563 3501 Sedebant,
2593 3442 2645 3488 et
2671 3430 2926 3488 adversus
2952 3430 3172 3487 fratrem
3204 3446 3357 3487 suum
3391 3429 3487 3488 de-

1905 3528 2203 3592 trahebant,
2235 3534 2289 3581 et
2312 3524 2567 3579 adversus
2597 3521 2900 3579 lactandum
2927 3522 3075 3578 illum
3108 3520 3273 3579 ﬁlium
3301 3523 3488 3580 matris

1905 3636 2017 3677 suae
2042 3618 2306 3690 ponebant
2326 3616 2654 3672 scandalum.
2681 3615 2871 3671 Merito
2900 3615 3143 3671 fecerunt
3190 3615 3291 3686 ipsi
3329 3615 3488 3671 matri

1906 3721 1963 3767 ut
1987 3712 2176 3766 iterum
2206 3711 2506 3780 parturirct.
2533 3706 2599 3762 Et
2618 3707 2857 3763 adversus
2877 3706 3042 3778 ﬁlium
3069 3707 3244 3763 matris
3268 3715 3367 3763 tua
3394 3721 3489 3780 po-

1906 3804 2057 3860 nebas
2081 3801 2402 3858 scandalum.

1977 3898 2066 3954 28.
2109 3896 2260 3973 [vers.
2282 3893 2398 3969 21.]
2427 3893 2551 3950 Haec
2575 3892 2758 3965 fecisti,
2789 3902 2835 3948 et
2853 3890 3007 3948 tacui.
3036 3890 3161 3949 ideo
3185 3892 3362 3950 veniet
3386 3888 3492 3949 Do-

1906 3993 2082 4049 minus
2107 3992 2249 4049 Deus
2277 3999 2478 4053 noster,
2511 3995 2564 4044 et
2590 4001 2697 4042 non
2722 3984 2918 4042 silebit.
2942 3980 3118 4052 Modo,
3148 3983 3275 4041 IIch
3295 3985 3490 4057 fecisti,

1905 4099 1953 4146 et
1975 4087 2130 4144 tacui.
2161 4085 2299 4156 Quid
2322 4092 2422 4151 est,
2446 4083 2581 4137 tacui
2601 4081 2685 4138 ?A
2718 4074 2945 4136 vindicta
2992 4078 3307 4151 supersedi,
3336 4093 3490 4135 seve-

1904 4185 2118 4242 ritatem
2163 4195 2337 4237 meam
2368 4176 2592 4244 distuli,
2638 4174 2946 4246 patientiam
2995 4173 3085 4229 tibi
3138 4170 3445 4243 prolongavl
3473 4213 3490 4241 ,

1906 4271 2270 4347 paenitentiam
2292 4277 2434 4325 tuam
2461 4268 2550 4323 diu
2571 4265 2895 4336 exspectavi.
2915 4262 3040 4321 Hice
3061 4264 3243 4335 fecisti,
3268 4272 3313 4318 et
3333 4265 3489 4320 tacui.

1906 4367 2019 4437 Ego
2043 4373 2221 4420 autem
2250 4376 2372 4418 cum
2390 4359 2457 4416 ad
2483 4358 2585 4414 hoc
2613 4368 2976 4428 exspectarem
3009 4362 3065 4411 ut
3108 4362 3158 4410 te
3185 4354 3488 4425 paeniteret,

1907 4456 2198 4515 secundum
2244 4451 2559 4525 Apostolum
2585 4446 2878 4515 dicentem,
2913 4442 2991 4503 Tu
3029 4454 3195 4501 autem
3213 4445 3492 4501 secundum

1908 4551 2149 4607 duritiam
2172 4547 2339 4603 cordis
2373 4546 2467 4613 tui,
2498 4553 2542 4600 st
2571 4560 2658 4607 cor
2679 4540 2989 4614 impmniteus
3007 4581 3023 4609 ,
3063 4536 3492 4609 thesaurizasftibi

1907 4648 2037 4702 iram
2064 4645 2118 4699 in
2146 4644 2227 4697 die
2256 4642 2347 4696 ira:
2370 4648 2417 4696 et
2457 4636 2771 4694 reuelationis
2816 4634 2939 4706 iusti
2956 4633 3142 4708 judicii
3172 4630 3268 4688 Dei
3300 4634 3319 4706 (
3336 4630 3488 4688 Rom.

1910 4758 1946 4799 ll
1965 4780 1981 4807 ,
2014 4741 2046 4797 5
2064 4739 2106 4814 ).
2140 4738 2439 4808 Suspicatus
2460 4750 2509 4788 es
2537 4733 2873 4802 iniquitatem,
2915 4728 3052 4800 quod
3072 4745 3156 4785 ero
3177 4728 3263 4784 tibi
3289 4727 3489 4785 similis.

1910 4833 2105 4891 Parum
2152 4838 2233 4886 est
2281 4828 2405 4900 quia
2432 4822 2568 4881 mala
2601 4823 2737 4879 facta
2769 4830 2855 4878 tua
2884 4820 3095 4892 placent
3121 4818 3252 4888 tibi,
3284 4820 3494 4892 placere

1910 4934 2066 4998 putas
2090 4932 2146 4980 et
2169 4922 2319 4978 mihi.
2344 4920 2510 4977 Deum
2538 4915 2659 4988 quia
2682 4929 2786 4969 non
2813 4911 3007 4984 pateris
3036 4910 3281 4977 ultorem,
3307 4910 3389 4967 vis
3417 4914 3495 4968 te-

1910 5036 2043 5079 nere
2059 5018 2389 5090 participem,
2400 5021 2454 5070 et
2470 5021 2717 5081 tanquam
2730 5014 3040 5077 corruptum
3051 5004 3281 5078 iudicem
3299 5002 3494 5076 praedas

1911 5116 2116 5175 socium
2142 5111 2222 5168 vis
2241 5106 2458 5165 habere.
2491 5102 2792 5173 Suspicatus
2819 5116 2872 5155 es
2896 5098 3229 5168 iniquitatem,
3256 5093 3392 5165 quod
3409 5108 3491 5149 ero

1913 5210 2003 5267 tibi
2028 5204 2207 5262 similis
2237 5199 2400 5258 :dum
2430 5211 2537 5253 non
2579 5195 2661 5250 vis
2694 5201 2748 5249 tu
2774 5189 2906 5247 mihi
2932 5205 3050 5246 esse
3075 5187 3282 5245 similis.
3316 5184 3492 5240 Estttc

1912 5302 2063 5365 etaim,
2088 5295 2276 5368 inquit,
2290 5288 2519 5363 perfecti,
2527 5286 2654 5343 sicut
2665 5292 2711 5343 et
2723 5281 2879 5339 Pater
2898 5289 3056 5339 vester
3068 5278 3152 5351 qui
3170 5277 3221 5332 in
3241 5274 3379 5368 caelis
3398 5283 3492 5339 est.

1911 5394 1997 5464 qui
2024 5391 2146 5463 facit
2159 5365 2324 5445 solem
2349 5400 2497 5441 suum
2523 5380 2647 5438 oriri
2668 5395 2822 5451 super
2844 5374 3000 5432 bonos
3026 5382 3072 5429 et
3096 5369 3257 5464 malos
3281 5365 3493 5464 (Monk.

1788 5496 1805 5521 ν
1914 5456 1972 5548 ἦ,
2001 5456 2091 5547 ιε,
2123 5479 2191 5535 ts
2215 5479 2254 5549 ).
2285 5477 2437 5532 Hunc
2464 5483 2517 5528 tu
2548 5470 2741 5527 imitari
2770 5464 3013 5533 noluisti,
3034 5461 3122 5534 qui
3150 5460 3315 5515 donat
3351 5456 3491 5515 bona

1788 5578 1809 5589 ⁴
1913 5582 1969 5631 et
1997 5572 2182 5638 malis;
2223 5578 2282 5625 ut
2324 5568 2516 5624 sedens
2554 5563 2803 5621 detrahas
2825 5570 2880 5618 et
2904 5556 3080 5615 bonis.
3120 5550 3417 5623 Suspicatus
3443 5567 3497 5609 es

1912 5664 2223 5738 iniquitatem
2246 5703 2261 5730 ,
2289 5662 2419 5732 quod
2446 5676 2529 5714 ero
2556 5657 2641 5711 tibi
2682 5642 2879 5709 similis.
2920 5646 3143 5720 Arguam
3180 5653 3249 5738 te.
3276 5640 3498 5738 Quando

1916 5732 2055 5816 Deus
2073 5755 2366 5825 manifestus
2385 5751 2575 5815 veniet,
2603 5747 2740 5802 Deus
2762 5754 2945 5809 noster,
2972 5750 3019 5796 et
3062 5754 3161 5793 non
3185 5732 3363 5798 silebit,
3396 5732 3497 5788 Ar-

1922 5870 2074 5931 guam
2098 5862 2163 5907 te.
2196 5850 2262 5908 Et
2304 5844 2427 5907 uuid
2470 5844 2565 5901 tibi
2592 5840 2781 5900 faciant
2811 5832 3080 5909 arguendo
3127 5830 3217 5889 te?
3251 5826 3378 5903 quid
3402 5825 3500 5891 tibi
