4042 6478
1237 306 1244 311 .
1270 307 1327 316 η..-
1349 311 1382 318 ‘ﬁ

578 377 688 440 683

588 497 814 554 faciam?
834 495 989 552 Modo
1011 500 1062 551 te
1089 509 1194 550 non
1215 493 1396 559 vides;
1423 491 1557 550 facio
1577 501 1634 550 ut
1654 495 1835 550 videas
1863 503 1931 550 te.
1959 491 2092 561 Quia
2122 492 2170 548 si

584 591 794 648 videres
815 598 886 655 te,
905 599 958 643 et
979 588 1290 658 displiceres
1312 587 1422 651 tibi,
1450 587 1686 657 placercs
1712 587 1842 643 mihi
1865 606 1878 642 :
1899 588 2018 657 quia
2041 601 2170 642 vero

585 697 690 738 non
718 690 771 737 te
794 680 981 737 videns
1007 679 1247 750 placuisti
1274 677 1385 744 tibi,
1404 678 1708 749 displicehis
1729 688 1783 734 et
1809 678 1937 732 mihi
1960 686 2015 733 et
2035 677 2166 745 tibi;

585 775 714 832 mihi
735 790 854 831 cum
869 773 1222 843 judicaberis;
1247 773 1360 838 tibi,
1376 788 1496 827 cum
1514 773 1746 829 ardebis.
1761 773 1896 841 Quid
1918 773 2057 829 enim
2075 772 2170 829 tibi

585 865 772 923 faciam
790 908 805 932 ,
838 864 1043 936 inquit?
1069 861 1384 920 Constituam
1407 872 1453 918 te
1488 874 1606 919 ante
1631 865 1814 936 faciem
1843 873 2001 918 tuam.
2031 862 2170 934 Quid

585 959 726 1014 enim
749 959 828 1012 vis
856 959 1020 1012 latere
1048 956 1313 1026 teipsum?
1336 955 1393 1010 In
1436 955 1596 1012 dorso
1624 965 1715 1011 tuo
1745 956 1837 1012 tibi
1857 971 1916 1011 es
1935 998 1951 1022 ,
1983 970 2088 1010 non
2119 965 2171 1011 te

585 1049 772 1105 vides:
804 1048 938 1104 facio
959 1057 1018 1103 ut
1047 1057 1099 1103 te
1118 1048 1334 1110 videas;
1364 1047 1503 1118 quod
1532 1055 1652 1116 post
1679 1047 1897 1103 dorsum
1923 1046 2169 1120 posuisti,

584 1153 710 1201 ante
741 1143 923 1197 faciem
953 1155 1182 1212 ponam;
1209 1139 1415 1194 videbis
1444 1139 1734 1195 foeditatem
1765 1149 1909 1194 tuam
1930 1181 1944 1207 ,
1975 1153 2082 1194 non
2112 1145 2172 1194 ut

585 1237 840 1306 corrigas,
861 1233 956 1289 sed
977 1243 1034 1287 ut
1063 1233 1366 1287 erubescas.
1388 1231 1503 1286 Jam
1526 1232 1646 1301 quia
1666 1231 1795 1285 dicit
1813 1231 1931 1295 ista,
1956 1229 2168 1300 fratres,

584 1326 946 1398 dcsperandus
971 1333 1055 1381 est
1079 1325 1168 1379 ille
1192 1326 1275 1379 cui
1304 1324 1536 1379 dicitur?
1567 1323 1750 1378 Nonne
1782 1324 1870 1378 illa
1891 1324 2077 1378 civitas
2103 1322 2171 1378 de

584 1437 686 1492 qua
707 1421 903 1476 dictum
929 1429 1032 1484 est,
1056 1417 1321 1482 Triduum,
1346 1427 1391 1472 et
1415 1416 1599 1472 Ninire
1621 1426 1880 1485 evertetur,
1907 1417 2039 1470 intra
2073 1415 2170 1470 tri-

585 1513 747 1568 duum
778 1512 968 1567 idonea
998 1511 1094 1566 fuit
1119 1511 1380 1577 converti,
1410 1525 1586 1575 orare,
1621 1511 1890 1580 plangere,
1925 1510 1991 1564 de
2014 1523 2170 1578 poena

584 1606 882 1662 imminenti
909 1603 1327 1659 miscricordiam
1347 1603 1640 1674 promereri
1663 1603 1848 1674 (Iona:
1866 1619 1943 1667 Ill,
1973 1601 2122 1674 4-10)
2147 1602 2171 1657 ?

584 1698 818 1755 Audiant
864 1712 990 1768 ergo
1020 1699 1108 1768 qui
1138 1697 1271 1752 tales
1299 1707 1457 1761 sunt,
1490 1698 1616 1752 dum
1644 1697 1767 1752 licet
1803 1698 1988 1751 audire
2012 1707 2065 1752 et
2096 1704 2173 1752 ta-

583 1800 814 1848 centem.
843 1789 1034 1845 Veniet
1054 1790 1215 1854 cnim,
1240 1798 1418 1844 etnon
1439 1789 1630 1855 silebit,
1659 1799 1710 1844 et
1729 1799 1936 1860 arguet,
1961 1789 2172 1860 quando

583 1882 901 1938 correctioni
931 1882 1079 1936 locus
1111 1881 1287 1935 nullus
1315 1881 1435 1936 crit.
1465 1880 1700 1935 Statuunt
1741 1892 1806 1947 te,
1840 1881 2028 1952 inquit,
2057 1889 2174 1936 ante

586 1979 765 2049 faciem
793 1987 950 2030 tuam.
972 1976 1128 2031 Modo
1149 1991 1276 2046 ergo
1305 1985 1356 2030 tu
1382 1976 1483 2042 fac,
1508 1975 1747 2046 quisquis
1778 1976 1897 2030 talis
1925 1990 2002 2041 es,
2031 1974 2170 2044 quod

587 2071 679 2124 tibi
709 2071 942 2122 minatur
971 2070 1145 2123 facere
1176 2069 1334 2122 lt-eus.
1363 2066 1513 2121 Tolle
1544 2076 1594 2121 te
1621 2083 1648 2119 a
1684 2076 1832 2136 tergo
1863 2075 1973 2132 tuo,
2007 2067 2093 2120 ubi
2122 2075 2173 2121 te

586 2162 772 2216 videre
803 2176 910 2214 non
939 2161 1038 2226 vis,
1067 2160 1408 2213 dissimulans
1433 2159 1639 2212 a-I'actis
1678 2158 1802 2225 tuis,
1833 2167 1886 2212 ct
1911 2159 2174 2213 constitue

587 2261 639 2306 te
666 2261 788 2305 ante
817 2260 888 2307 te.
917 2251 1162 2306 Ascende
1187 2251 1414 2304 tribun-il
1443 2250 1636 2304 mentis
1671 2260 1771 2304 tum
1790 2292 1803 2317 ,
1826 2259 1942 2304 esto
1969 2251 2060 2304 tibi
2083 2250 2172 2319 ju-

585 2345 709 2410 dex,
740 2352 982 2414 torqueat
1009 2352 1059 2398 te
1083 2344 1258 2408 timor,
1289 2353 1533 2412 erumpat
1558 2358 1586 2396 a
1617 2351 1669 2397 te
1693 2342 1982 2408 confessio,
2015 2343 2173 2398 etdic

586 2437 698 2492 Deo
727 2445 819 2490 tuo
848 2453 862 2489 :
891 2435 1145 2503 Quoniam
1185 2435 1494 2505 iniquitatem
1523 2450 1684 2487 meam
1712 2451 1802 2505 ego
1830 2450 2095 2505 cognosco,
2126 2442 2174 2488 et

587 2530 820 2584 delictum
847 2543 1012 2581 meum
1042 2535 1158 2580 ante
1181 2543 1259 2580 me
1281 2534 1355 2580 est
1374 2527 1609 2596 semper(
1645 2523 1789 2592 Psal.
1820 2542 1870 2589 L,
1900 2525 1933 2579 5
1955 2526 1993 2594 ).
2021 2524 2173 2592 Quod

587 2631 702 2679 erat
752 2630 871 2692 post
897 2630 948 2675 te
972 2660 987 2686 ,
1037 2619 1127 2674 fiat
1151 2627 1276 2674 ante
1307 2627 1359 2673 te
1390 2637 1403 2672 :
1435 2633 1502 2673 ne
1533 2626 1586 2671 tu
1619 2617 1732 2688 ipse
1765 2626 1949 2688 postea
1985 2633 2016 2671 a
2063 2617 2173 2673 Deo

579 2716 757 2788 judice
784 2715 881 2770 fias
909 2723 1031 2768 ante
1058 2723 1130 2777 te,
1161 2721 1216 2767 et
1244 2727 1348 2766 non
1376 2711 1568 2781 sitquo
1595 2709 1768 2780 fugias
1798 2726 1826 2764 a
1857 2719 1930 2766 te.

653 2807 742 2863 29.
786 2805 955 2879 [vers.
982 2802 1098 2876 22.]
1124 2802 1404 2873 lntclligite
1453 2809 1631 2856 autem
1659 2801 1766 2855 lucc
1794 2801 1879 2869 qui
1918 2799 2172 2854 oblivisci-

582 2900 707 2956 mini
732 2899 916 2953 Deum.
946 2898 1134 2953 Videte
1173 2897 1294 2968 quia
1339 2897 1536 2951 clamat
1563 2936 1577 2962 ,
1609 2904 1662 2950 et
1690 2910 1795 2950 non
1827 2903 1983 2962 tacet,
2018 2909 2124 2949 non
2154 2895 2170 2927 ¹

583 2992 772 3064 parcit.
803 2991 1010 3048 Oblitus
1039 3003 1158 3045 eras
1187 2989 1470 3043 Dominum
1495 3030 1509 3053 ,
1544 3004 1648 3042 non
1676 2987 1946 3058 cogitabas
1972 2987 2040 3042 de
2066 2987 2174 3043 vita

584 3093 674 3138 tua
723 3083 882 3138 mala.
913 3081 1148 3150 Intelligo
1195 3081 1318 3150 quia
1365 3080 1562 3134 oblitus
1615 3095 1674 3134 es
1727 3077 2031 3132 Dominum.
2064 3077 2170 3133 Ne-

582 3175 783 3246 quando
806 3176 972 3245 rapiat
1001 3175 1128 3228 sicut
1158 3174 1256 3238 leo,
1289 3181 1337 3227 et
1376 3189 1474 3226 non
1502 3173 1566 3225 sit
1591 3171 1676 3241 qui
1703 3180 1866 3225 eruat.
1895 3171 2033 3239 Quid
2058 3181 2167 3238 est,

582 3269 711 3323 sicut
733 3267 809 3321 leo
830 3267 854 3320 ?
875 3265 1018 3320 Sicut
1041 3263 1216 3329 fortis,
1240 3264 1377 3318 sicut
1397 3270 1608 3334 potens,
1635 3263 1771 3318 sicut
1791 3263 1879 3318 ille
1907 3263 1992 3317 cui
2013 3278 2172 3319 nemo

582 3359 834 3415 resistere
863 3366 1057 3427 potest.
1087 3355 1169 3410 Ad
1215 3354 1316 3410 hoc
1354 3354 1570 3422 retulit,
1602 3363 1660 3409 ut
1695 3353 1897 3410 diceret
1949 3355 2173 3411 180.Ρο-

582 3453 729 3509 nitur
748 3452 892 3508 enim
917 3451 970 3505 in
998 3449 1186 3514 laude,
1216 3449 1430 3519 ponitur
1465 3456 1519 3503 et
1547 3449 1599 3502 in
1637 3447 2043 3516 vituperatione.
2084 3447 2172 3502 Di-

581 3554 699 3602 ctus
736 3554 817 3600 est
865 3545 949 3599 leo
990 3542 1233 3598 diabolus
1267 3559 1280 3596 :
1311 3541 1645 3596 Adversarius
1673 3550 1865 3608 vester,
1899 3541 1972 3595 ait
2000 3581 2013 3606 ,
2054 3550 2169 3594 tan-

579 3653 731 3708 quam
753 3635 828 3690 leo
849 3637 1050 3706 rugiens
1075 3634 1304 3688 circumit
1323 3649 1549 3704 qutrrens
1565 3649 1708 3704 quem
1733 3634 1931 3686 devoret
1954 3633 2168 3703 (lPetr.

583 3744 640 3793 γ,
671 3729 749 3797 8).
771 3727 1037 3796 Numquid
1057 3727 1180 3795 quia
1206 3726 1296 3781 ille
1321 3725 1406 3781 leo
1435 3724 1608 3779 dictus
1638 3734 1720 3780 est
1746 3735 1963 3795 propter
1984 3727 2172 3781 imma-

583 3837 704 3877 nem
729 3822 1008 3884 saevitiam,
1032 3819 1276 3875 Christus
1297 3833 1401 3872 non
1422 3817 1618 3872 dicitur
1641 3817 1726 3872 leo
1752 3827 1971 3887 propter
1988 3819 2172 3889 ingen-

583 3923 691 3969 tem
718 3912 1121 3968 fortitudinem?
1143 3911 1211 3966 Ει
1249 3910 1336 3964 ubi
1366 3919 1449 3966 est
1487 3909 1616 3964 illud
1648 3951 1662 3974 ,
1700 3908 1828 3963 Vicit
1854 3911 1930 3964 leo
1955 3911 2018 3964 de
2038 3912 2170 3965 tribu

580 4007 720 4062 Juda
753 4005 950 4076 (Apoc.
988 4019 1041 4068 v,
1065 4003 1178 4074 5)?
1205 4001 1447 4057 lntendat
1491 4001 1760 4072 paululum
1791 4001 2034 4056 Charitas
2059 4001 2169 4057 Ve-

581 4110 690 4157 stra
707 4097 881 4153 adhuc
901 4096 1165 4151 modicum
1185 4095 1329 4166 quod
1355 4101 1521 4149 restat
1540 4111 1554 4149 :
1575 4093 1799 4149 obsecro
1821 4108 1914 4147 vos
1935 4104 1992 4148 ut
2009 4109 2170 4149 excu-

583 4192 724 4248 tiatis
749 4190 1140 4262 fatigationem;
1164 4189 1337 4244 aderit
1361 4188 1452 4242 ille
1473 4189 1561 4258 qui
1584 4187 1734 4242 vobis
1756 4203 1922 4258 usque
1938 4187 2004 4241 ad
2032 4187 2170 4244 hanc

583 4285 770 4343 horam
799 4285 939 4339 vires
964 4282 1132 4338 dedit.
1164 4281 1326 4337 Paulo
1357 4291 1480 4336 ante
1507 4281 1751 4348 dixerat,
1801 4289 2052 4351 tauquam
2084 4281 2168 4336 in-

579 4377 765 4437 dicens
810 4374 967 4430 nobis
992 4414 1010 4442 ,
1041 4382 1099 4430 ut
1125 4374 1347 4429 audistis
1377 4415 1392 4442 ,
1421 4373 1644 4444 vectigal
1696 4373 1960 4445 quoddam
1999 4373 2169 4430 laudis

579 4485 693 4526 sua:
717 4487 730 4523 :
755 4469 976 4524 Immola
991 4467 1100 4523 Deo
1124 4468 1428 4538 sacriﬁcium
1448 4468 1634 4532 laudis,
1665 4478 1710 4522 et
1735 4469 1888 4522 redde
1911 4468 2168 4522 Altissimo

581 4578 751 4633 preces
780 4571 912 4616 tuas.
935 4560 1124 4616 Postea
1154 4569 1331 4614 autem
1357 4576 1371 4614 :
1395 4560 1659 4614 Peccatori
1674 4569 1841 4613 autem
1859 4561 1987 4614 dixit
2009 4559 2164 4628 Deus,

584 4651 776 4724 thuid
799 4660 855 4705 tu
878 4667 1084 4706 enarras
1099 4651 1326 4721 justitias
1356 4667 1491 4705 meas
1515 4691 1530 4716 ,
1560 4658 1608 4704 et
1634 4652 1850 4705 assumis
1875 4649 2170 4707 Testamen-

582 4755 688 4800 tum
718 4760 882 4798 meum
912 4759 1000 4813 per
1028 4760 1084 4798 os
1129 4743 1308 4797 tuum?
1349 4741 1624 4814 Tanquam
1675 4743 1879 4798 diceret
1907 4744 1957 4798 ei
1983 4786 1997 4809 ,
2027 4743 2168 4799 Nihil

581 4840 676 4894 tibi
697 4837 914 4909 prodest
932 4837 1072 4907 quod
1093 4836 1278 4891 laudas
1303 4853 1317 4891 :
1339 4850 1439 4906 ego
1464 4836 1630 4890 indixi
1654 4835 1823 4890 laudis
1849 4837 2166 4894 sacriﬁcium

582 4932 689 4987 illis
715 4931 803 5001 qui
832 4930 967 4986 bene
986 4929 1203 4996 vivunt;
1226 4929 1305 4984 eis
1327 4929 1468 4985 enim
1496 4928 1713 4999 prodest
1738 4929 1879 4998 quod
1910 4929 2125 4985 laudant
2150 4950 2164 4987 :

580 5031 639 5078 tu
691 5029 869 5077 autem
917 5020 964 5074 si
1006 5020 1188 5076 laudas
1217 5061 1233 5087 ,
1281 5020 1410 5076 nihil
1452 5020 1546 5075 tibi
1588 5020 1836 5090 prodest;
1869 5022 2052 5091 utquid
2081 5037 2168 5078 me

581 5115 809 5173 laudas?
835 5112 948 5168 Non
975 5121 1058 5168 est
1085 5113 1325 5182 speciosa
1357 5115 1470 5168 laus
1497 5113 1549 5167 in
1582 5128 1674 5168 ore
1702 5115 1994 5183 peccatoris
2018 5113 2037 5187 (
2069 5114 2169 5170 Ec-

576 5207 663 5263 cli.
693 5219 784 5271 xv,
811 5203 902 5276 9).
935 5202 1124 5259 Postea
1151 5204 1420 5260 concludit
1461 5205 1610 5274 quasi
1653 5205 1720 5259 ad
1770 5216 2085 5276 utrumque,
2113 5216 2167 5262 et

577 5311 808 5369 arguens
858 5295 1028 5350 malos
1057 5296 1146 5366 qui
1185 5295 1566 5350 obliviscuntur
1600 5295 1762 5350 Deum
1808 5296 1883 5350 ait
1913 5313 1928 5350 :
1954 5295 2164 5351 Intelli-

574 5393 674 5467 gite
703 5391 812 5446 hac
839 5390 925 5460 qui
949 5387 1294 5444 obliuiscimini
1324 5387 1508 5456 Deum,
1549 5388 1814 5460 nequando
1842 5389 2008 5459 rapiat
2038 5389 2166 5444 sicut

576 5482 677 5549 leo,
703 5491 750 5537 et
773 5497 877 5536 non
903 5481 966 5536 sit
993 5481 1081 5551 qui
1110 5491 1270 5535 eruat.

647 5574 737 5632 50.
776 5563 949 5648 ῑυεη.
973 5572 1107 5648 25.]
1148 5573 1472 5642 Sacriﬁcium
1501 5571 1668 5628 laudis
1715 5572 2017 5646 gloriﬁcabit
2060 5589 2160 5630 me.

581 5664 857 5734 Quomodo
877 5666 1187 5735 sacriﬁcium
1209 5665 1376 5720 laudis
1395 5665 1695 5737 gloriﬁcabit
1716 5666 1835 5720 me?
1855 5665 2011 5722 Certe
2031 5665 2164 5722 nihil

575 5757 796 5831 prodest
823 5757 977 5813 malis
1003 5756 1321 5815 sacrificium
1347 5757 1516 5816 laudis
1544 5797 1561 5827 ,
1589 5757 1712 5830 quia
1754 5765 2031 5815 assumunt
2055 5757 2162 5816 To-

644 5870 664 5902 ι
698 5867 885 5932 Aliquot
907 5878 1032 5935 Mss,
1060 5883 1190 5926 cum.

1790 373 1853 432 S.
1889 372 2263 432 AUGUSTINI
2298 376 2606 438 EPISCOPI

3751 398 3860 463 584

2275 503 2596 553 stamentum
2625 509 2773 555 tuum
2817 514 2912 572 per
2937 515 3000 558 os
3023 517 3176 559 suum
3206 545 3224 572 ,
3251 512 3307 561 et
3331 504 3528 564 faciunt
3561 507 3860 570 damnanda

2274 603 2393 660 quae
2418 591 2702 661 displicent
2724 594 2893 650 oculis
2920 595 3043 651 tuis.
3068 597 3310 662 Prorsus,
3340 598 3531 671 inquit,
3557 612 3612 658 et
3631 601 3735 660 illis
3759 605 3862 664 hoc

2273 681 2396 738 dico
2419 725 2434 749 ,
2465 683 2790 755 Sacriﬁcium
2839 687 3008 743 laudis
3032 689 3335 760 gloriﬁcabit
3362 704 3462 746 me.
3491 691 3610 750 Iam
3638 697 3862 765 putabas

2273 773 2368 830 tibi
2411 775 2621 832 laudem
2675 793 2783 833 non
2825 780 3083 851 prodesse
3113 799 3127 836 :
3161 782 3315 838 lauda
3345 827 3360 850 ,
3391 784 3630 856 proderit
3659 788 3776 844 tibi.
3805 789 3860 846 Si

2275 865 2418 921 enim
2455 867 2594 922 male
2620 867 2755 924 vivis
2775 877 2827 925 et
2855 869 2990 925 bona
3019 871 3153 927 dicis
3178 915 3194 940 ,
3229 874 3464 931 nondum
3507 877 3691 932 laudas
3722 898 3737 932 :
3769 881 3877 935 sedt

2273 974 2460 1015 rursus
2489 962 2530 1015 si
2560 977 2681 1016 cum
2720 963 2949 1033 ceperis
2978 965 3114 1020 bene
3155 966 3337 1022 vivere
3359 1007 3375 1033 ,
3408 968 3610 1024 meritis
3639 970 3745 1024 tuis
3773 971 3862 1026 tri-

2273 1051 2406 1107 buas
2453 1052 2594 1121 quod
2642 1054 2778 1109 bene
2802 1054 2938 1110 vivis
2958 1095 2974 1122 ,
3006 1055 3242 1111 nondum
3272 1057 3475 1113 laudas.
3503 1058 3634 1113 Nolo
3663 1069 3716 1116 te
3745 1076 3862 1118 csse

2276 1141 2538 1199 latronem
2565 1145 2908 1202 insultantem
2945 1149 3086 1203 cruci
3116 1148 3328 1204 Domini
3357 1149 3508 1224 (Luc.
3535 1167 3684 1219 χχιιι,
3707 1153 3778 1209 59
3807 1154 3860 1223 ):

2275 1236 2369 1292 sed
2392 1252 2491 1292 nec
2515 1247 2566 1292 te
2593 1239 2739 1293 illum
2767 1239 2888 1294 volo
2913 1254 3034 1295 esse
3061 1241 3114 1296 in
3141 1243 3342 1314 templo
3359 1244 3646 1312 jactantem
3675 1247 3861 1302 merita

2275 1342 2372 1383 sua
2402 1370 2416 1394 ,
2450 1338 2502 1384 et
2529 1331 2884 1416 occultantem
2915 1333 3132 1388 vulnera
3161 1349 3253 1388 sua
3281 1332 3302 1406 (
3328 1332 3414 1387 Id.
3440 1349 3608 1403 xvnt,
3639 1336 3702 1391 11
3736 1339 3775 1408 ).
3808 1337 3863 1392 Si

2275 1418 2440 1474 fueris
2481 1421 2691 1491 iniquus
2719 1431 2771 1478 et
2802 1438 3153 1493 perseverans
3194 1425 3248 1479 in
3276 1425 3365 1479 illa
3393 1425 3669 1496 iniquitate
3695 1468 3710 1492 ,
3759 1442 3860 1482 non

2277 1511 2394 1566 dico
2425 1513 2516 1567 tibi
2542 1555 2558 1580 ,
2589 1513 2704 1568 Non
2735 1516 2972 1586 proderit
3013 1516 3160 1582 laus;
3206 1516 3298 1571 sed
3322 1557 3338 1583 ,
3379 1516 3496 1572 Non
3525 1532 3612 1572 me
3637 1517 3822 1574 laudas
3842 1559 3860 1586 ,

2277 1605 2485 1660 laudem
2515 1606 2669 1660 istam
2695 1621 2814 1662 esse
2844 1621 2950 1661 non
2977 1606 3175 1677 deputo
3207 1624 3220 1660 :
3253 1622 3439 1664 rursus
3462 1607 3507 1662 si
3533 1607 3698 1664 fueris
3716 1608 3862 1679 quasi

2272 1696 2450 1766 justus
2479 1697 2622 1769 (nam
2651 1713 2809 1754 nemo
2833 1699 3007 1769 justus
3035 1699 3136 1754 nisi
3164 1699 3378 1755 humilis
3413 1707 3470 1756 et
3496 1701 3633 1771 pius)
3661 1743 3678 1768 ,
3711 1711 3764 1756 et
3799 1701 3863 1759 de

2272 1789 2473 1859 justitia
2506 1799 2593 1845 tua
2638 1789 2852 1846 innatus
2882 1792 3167 1848 incesseris
3189 1835 3203 1859 ,
3232 1802 3286 1848 et
3323 1792 3458 1848 alios
3503 1794 3556 1849 in
3599 1804 3689 1850 tua
3717 1809 3863 1851 com-

2276 1881 2552 1951 paratione
2573 1885 2981 1953 contempseris,
3005 1892 3059 1939 et
3086 1885 3506 1954 superextuleris
3535 1897 3587 1940 te
3615 1893 3862 1957 tanquam

2277 1973 2508 2043 glorians
2532 1975 2600 2030 dc
2637 1975 2840 2030 meritis
2861 1977 2986 2044 tuis,
3023 1991 3128 2030 non
3156 1991 3241 2032 me
3280 1976 3484 2032 laudas.
3512 1975 3739 2032 Necillc
3781 1992 3862 2032 me

2277 2067 2458 2122 laudat
2486 2070 2574 2138 qui
2605 2071 2743 2124 male
2767 2071 2929 2136 vivit;
2961 2085 3059 2125 nec
3086 2069 3174 2125 ille
3205 2085 3290 2124 me
3311 2069 3493 2125 laudat
3511 2071 3601 2140 qui
3627 2071 3780 2140 quasi
3799 2069 3862 2125 de

2277 2173 2374 2212 suo
2405 2159 2538 2214 bene
2567 2160 2714 2216 vivit.
2740 2161 2845 2217 Sed
2876 2161 3131 2232 numquid
3159 2161 3247 2216 ille
3275 2161 3592 2228 Phariszeus,
3621 2162 3773 2231 quasi
3801 2160 3865 2216 de

2279 2265 2378 2305 suo
2405 2252 2525 2304 talis
2549 2261 2682 2316 erat,
2718 2269 2839 2307 cum
2867 2252 3089 2320 diceret,
3120 2251 3324 2306 Gratias
3351 2253 3440 2306 tibi
3473 2269 3593 2323 ago,
3618 2253 3740 2321 quia
3768 2269 3863 2306 non

2278 2358 2389 2396 sum
2422 2343 2549 2396 sicut
2591 2345 2758 2397 cwteri
2804 2344 3071 2398 homines?
3096 2341 3304 2399 Gratias
3346 2343 3456 2398 Deo
3495 2343 3686 2412 agebat
3712 2357 3779 2397 ex
3802 2356 3865 2397 eo

2279 2433 2420 2504 quod
2446 2435 2642 2489 bonum
2671 2436 2721 2489 in
2745 2450 2805 2491 se
2833 2434 3081 2492 habebat.
3114 2435 3370 2502 Quamvis
3395 2448 3523 2504 ergo
3545 2433 3746 2504 aliquid
3771 2433 3865 2488 bo-

2277 2545 2404 2583 num
2431 2530 2481 2584 in
2511 2538 2560 2584 te
2585 2530 2674 2596 sit,
2704 2531 2949 2601 quamvis
2995 2530 3104 2600 jam
3135 2529 3398 2601 intelligas
3427 2543 3534 2582 non
3560 2543 3625 2582 ex
3667 2536 3723 2583 te
3749 2540 3864 2582 esse

2277 2621 2420 2690 quod
2442 2621 2639 2676 bonum
2665 2631 2766 2688 est,
2796 2621 2892 2677 sed
2913 2637 2940 2675 a
2973 2621 3083 2677 Deo
3112 2629 3162 2676 te
3187 2621 3484 2690 accepisse;
3511 2628 3689 2675 tamen
3719 2619 3774 2674 in
3800 2631 3863 2674 eo

2278 2713 2414 2782 ipso,
2440 2713 2481 2767 si
2513 2723 2562 2768 te
2586 2713 2839 2769 extuleris
2860 2728 3023 2784 super
3049 2714 3210 2768 alium
3249 2727 3356 2768 non
3388 2712 3695 2778 habentem,
3728 2711 3861 2767 invi-

2277 2805 2377 2859 dus
2405 2807 2622 2871 teneris,
2656 2806 2890 2861 nondum
2922 2805 3166 2861 laudator
3200 2820 3353 2861 meus
3379 2804 3506 2860 eris.
3535 2804 3720 2860 Primo
3741 2819 3864 2877 ergo

2277 2897 2548 2969 corrigere
2577 2915 2605 2952 a
2637 2899 2720 2952 via
2749 2899 3001 2969 pessima,
3027 2899 3200 2968 incipe
3221 2898 3402 2953 vivere
3428 2897 3601 2959 bene:
3630 2897 3864 2968 intelligo

2277 2991 2400 3058 quia
2424 2995 2527 3044 non
2545 2991 2827 3061 corrigeris
2843 2991 2943 3046 nisi
2963 2990 3106 3045 dono
3120 2991 3214 3047 Dei
3231 3006 3246 3057 ;
3265 3005 3293 3044 a
3313 2990 3537 3046 Domino
3554 2990 3699 3046 enim
3723 3005 3864 3060 gres-

2277 3099 2368 3139 sus
2385 3085 2615 3139 hominis
2635 3085 2934 3153 diriguntur
2955 3085 3123 3157 (I’sal.
3149 3099 3329 3149 xxxvr,
3353 3082 3470 3155 25).
3500 3082 3614 3139 Hoc
3635 3097 3759 3138 cum
3788 3083 3864 3138 in-

2277 3174 2564 3240 tellexeris,
2594 3176 2707 3230 fave
2729 3186 2780 3230 et
2803 3177 2939 3244 aliis,
2968 3186 3027 3232 ut
3051 3177 3158 3231 sint
3182 3176 3325 3247 quod
3350 3185 3403 3231 et
3423 3184 3480 3230 tu
3501 3189 3596 3233 es:
3621 3177 3749 3246 quia
3764 3173 3865 3232 hoc

2276 3279 2398 3320 eras
2423 3275 2477 3320 et
2505 3275 2580 3331 tu,
2603 3266 2742 3337 quod
2766 3268 2841 3321 illi
2869 3275 3013 3321 sunt.
3038 3266 3180 3322 Fave
3203 3275 3460 3337 quantum
3482 3274 3656 3336 potes,
3681 3275 3738 3322 et
3758 3265 3864 3322 noli

2277 3359 2594 3430 deSpcrare;
2628 3375 2732 3414 non
2778 3360 2920 3414 enim
2976 3374 3143 3429 usque
3197 3359 3265 3414 ad
3307 3367 3360 3414 te
3408 3357 3558 3414 dives
3589 3367 3674 3413 est
3705 3359 3862 3414 Deus.

2274 3451 2390 3508 Non
2414 3467 2540 3524 ergo
2567 3452 2763 3519 laudat,
2794 3454 2882 3523 qui
2901 3453 3040 3508 male
3060 3452 3286 3508 vivendo
3312 3451 3530 3507 oﬂ‘endit
3555 3451 3861 3517 Dominum;

2275 3559 2380 3598 non
2416 3543 2612 3610 laudat,
2645 3545 2734 3614 qui
2762 3559 2882 3599 cum
2906 3545 3015 3614 jam
3042 3545 3421 3614 cmperitbene
3440 3544 3641 3610 vivere,
3667 3543 3740 3600 de
3769 3557 3864 3598 suo

2274 3646 2425 3708 putat
2453 3653 2570 3693 esse
2597 3637 2739 3708 quod
2767 3637 2904 3693 bene
2930 3638 3078 3706 vivit,
3112 3653 3217 3693 non
3247 3645 3520 3707 acceptum
3547 3636 3706 3690 aDeo
3729 3654 3744 3688 :
3767 3649 3865 3691 nec

2275 3730 2366 3784 ille
2416 3730 2594 3784 laudat
2618 3770 2632 3794 ,
2662 3729 2752 3800 qui
2800 3744 2919 3784 cum
2946 3729 3078 3784 sciat
3125 3743 3183 3784 se
3229 3728 3370 3800 quod
3397 3728 3534 3784 bene
3556 3727 3686 3782 vivit
3715 3741 3865 3782 acccc

2274 3822 2417 3890 pisse
2464 3837 2496 3875 a
2542 3822 2686 3888 Deo,
2721 3831 2900 3876 tamen
2946 3836 3115 3891 usque
3152 3819 3220 3875 ad
3262 3834 3323 3875 se
3360 3819 3470 3874 vult
3495 3833 3616 3875 esse
3641 3819 3865 3874 divitem

2275 3912 2462 3966 Deum.
2493 3910 2584 3966 Ille
2613 3914 2787 3982 itaque
2815 3912 2904 3982 qui
2931 3912 3162 3978 dicebat,
3195 3910 3399 3965 Gratias
3423 3911 3511 3964 tibi
3534 3926 3632 3981 ago
3653 3952 3670 3978 ,
3702 3909 3862 3975 Das,

2273 4005 2408 4073 quod
2434 4021 2534 4057 non
2562 4021 2672 4058 sum
2697 4005 2825 4058 sicut
2853 4004 3019 4058 elateri
3048 4003 3292 4068 homines,
3326 4003 3503 4074 injustt'
3523 4042 3539 4069 ,
3589 4010 3821 4072 raptores
3846 4043 3862 4068 ,

2273 4095 2528 4160 adulteri,
2562 4096 2690 4148 sicut
2741 4105 2789 4149 et
2837 4093 3150 4150 Publicanus
3177 4095 3306 4160 iste;
3330 4109 3508 4150 nonne
3532 4094 3603 4148 ibi
3633 4093 3868 4149 habebat

2275 4188 2416 4244 unde
2445 4187 2647 4242 diceret
2675 4207 2688 4243 :
2724 4189 2868 4242 Dona
2895 4198 2948 4244 et
2975 4188 3266 4244 Publicano
3290 4188 3414 4242 huic
3439 4187 3584 4258 quod
3603 4187 3738 4242 mihi
3765 4189 3867 4242 do-

2274 4281 2414 4336 nasti
2439 4323 2453 4349 ,
2486 4283 2674 4351 supple
2699 4291 2751 4337 ct
2775 4281 2902 4336 mihi
2930 4298 3047 4353 qua:
3074 4281 3311 4337 nondum
3351 4280 3589 4336 dedisti?
3617 4279 3728 4335 Sed
3755 4280 3866 4350 jam

2273 4374 2423 4445 quasi
2476 4383 2742 4428 saturatus
2784 4374 3028 4429 ructabat
3068 4389 3218 4428 :non
3265 4372 3514 4440 dicebat,
3543 4372 3656 4442 Ego
3685 4382 3868 4428 autem

2274 4481 2475 4536 egenus
2501 4473 2559 4520 et”
2588 4481 2789 4536 pauper
2819 4469 2838 4539 (
2870 4465 3016 4520 Psal.
3046 4481 3194 4532 uix,
3218 4465 3322 4537 6);
3349 4464 3490 4537 quod
3519 4463 3737 4520 dicebat
3765 4464 3869 4519 Pu-

2273 4559 2510 4614 blicanus
2537 4559 2624 4614 ille
2645 4602 2661 4625 ,
2696 4558 2911 4614 Domine
2937 4601 2952 4624 ,
2983 4559 3234 4628 propitius
3273 4568 3379 4612 esto
3426 4557 3550 4610 mihi
3587 4555 3866 4628 peccatori.

2274 4649 2399 4704 ldeo
2424 4649 2702 4704 descendit
2736 4648 3056 4720 jnstilicatus
3100 4648 3453 4713 Publicanus,
3482 4647 3650 4718 magis
3703 4661 3868 4717 quam

2273 4743 2363 4798 ille
2388 4742 2689 4798 Pharismus
2739 4740 2907 4814 (Luc.
2930 4755 3080 4806 xvnt,
3113 4739 3344 4809 it-H).
3377 4739 3519 4810 Ergo
3546 4737 3735 4794 audite
3779 4737 3871 4808 qui

2273 4835 2408 4890 bene
2439 4833 2633 4902 vivitis,
2658 4832 2837 4887 audite
2864 4834 2954 4902 qui
2986 4832 3125 4886 male
3152 4831 3327 4886 vivitis
3355 4848 3370 4886 :
3399 4829 3732 4899 Sacrificium
3757 4830 3874 4884 lau-

2274 4928 2352 4983 dis
2379 4926 2681 4999 gloriﬁcabit
2721 4942 2818 4979 me.
2864 4924 3033 4980 Nemo
3058 4922 3188 4978 mihi
3232 4923 3388 4978 oil'ert
3417 4923 3520 4978 hoc
3543 4923 3873 4978 sacrificium

2272 5024 2460 5088 laudis,
2495 5034 2547 5078 et
2573 5021 2745 5076 malus
2774 5029 2877 5076 est.
2905 5019 3024 5074 Non
3043 5017 3162 5074 dico
3182 5059 3196 5085 ,
3223 5016 3340 5072 Non
3375 5017 3476 5072 hoc
3519 5015 3649 5070 mibi
3677 5016 3876 5073 offerat

2271 5105 2478 5180 malus;
2522 5113 2615 5168 sed
2638 5154 2652 5179 ,
2677 5112 2846 5167 Nemo
2877 5110 3004 5166 mihi
3036 5110 3138 5166 hoc
3181 5108 3339 5165 olfert
3368 5108 3560 5164 malus.
3589 5107 3696 5176 Qui
3722 5109 3875 5165 enim

2273 5207 2486 5272 laudat,
2520 5207 2691 5261 bonus
2735 5212 2818 5260 est
2843 5220 2854 5256 :
2883 5203 3005 5274 quia
3035 5201 3081 5256 si
3109 5201 3308 5268 laudat,
3336 5201 3496 5256 etiam
3523 5199 3664 5255 bene
3693 5201 3830 5257 vivit
3854 5216 3874 5267 ;

2271 5302 2393 5373 quia
2421 5301 2463 5354 si
2490 5299 2706 5365 laudat,
2738 5313 2842 5352 non
2871 5296 3041 5352 solum
3069 5294 3246 5366 lingua
3275 5293 3496 5361 laudat,
3528 5292 3624 5349 sed
3659 5302 3726 5350 et
3766 5294 3874 5350 vita

2270 5411 2392 5452 cum
2423 5395 2600 5465 lingua
2624 5391 2908 5448 consentit.

2341 5490 2429 5546 5L
2473 5486 2794 5556 Sacri/icium
2820 5483 2986 5538 laudis
3008 5481 3307 5555 gloriﬁcabit
3335 5496 3415 5535 me
3440 5495 3461 5536 :
3483 5487 3531 5536 et
3554 5479 3622 5534 ibi
3655 5479 3747 5534 via
3779 5477 3900 5546 est,

2269 5599 2368 5654 qua
2397 5580 2656 5636 ostendam
2698 5579 2775 5632 illi
2800 5578 3022 5631 salutare
3050 5575 3164 5631 Dei.
3215 5575 3272 5630 In
3301 5573 3562 5630 sacrificio
3589 5573 3774 5630 laudis
3795 5574 3881 5628 vis

2271 5686 2363 5741 est,
2393 5691 2493 5745 qua
2518 5673 2592 5727 illi
2631 5671 2890 5727 ostendam
2939 5669 3163 5724 salutare
3201 5667 3314 5722 Dei.
3351 5665 3503 5734 Quod
3533 5673 3617 5721 est
3639 5666 3886 5721 salutare

2275 5769 2416 5825 Dei?
2441 5766 2685 5822 Christus
2711 5763 2888 5820 Jesus.
2923 5762 2994 5818 Et
3032 5759 3300 5833 quomodo
3325 5760 3378 5814 in
3400 5757 3665 5814 sacriﬁcio
3690 5755 3885 5814 laudis

2273 5860 2426 5920 nobis
2470 5857 2766 5917 ostenditur
2791 5852 3074 5913 Christusf
3108 5853 3240 5926 Quia
3264 5851 3506 5910 Christus
3534 5865 3657 5910 cum
3693 5849 3877 5923 gratia
