4042 6490
176 419 262 477 585

176 532 301 588 venit
318 527 384 584 ad
407 540 525 582 nos.
550 524 674 580 Haec
692 520 818 576 dicit
843 517 1121 589 Apostolus
1142 535 1155 570 :
1180 514 1300 568 Viso
1322 522 1490 567 autem
1503 512 1612 580 jam
1630 524 1732 562 non

175 641 272 694 ego,
295 620 408 674 vivit
431 632 548 672 vero
567 617 618 668 in
643 630 720 666 me
735 610 962 666 Christus
984 625 1000 662 :
1025 606 1156 678 quod
1177 616 1342 659 autem
1362 605 1411 657 in
1432 619 1582 656 carne
1605 601 1734 666 vico,

179 692 219 767 in
235 713 332 780 [ide
348 711 456 762 vivo
478 706 602 760 Filii
621 701 734 768 Dei,
750 703 834 773 qui
849 719 925 753 me
946 700 1117 752 dilexit
1133 706 1178 751 et
1193 694 1396 750 tradidit
1422 692 1737 762 semetipsum

179 821 258 875 pro
286 818 361 855 me
392 798 534 873 (Gal.
561 815 616 863 tt,
639 796 752 864 20).
785 797 1085 863 Agnoscunt
1110 805 1235 857 ergo
1267 797 1589 858 peccatores,
1618 783 1741 853 quia

182 909 271 948 non
294 906 428 960 opus
447 895 590 944 esset
611 885 865 946 medicus,
892 884 934 937 si
961 883 1072 935 sani
1099 888 1277 934 essent
1296 878 1506 946 (Matth.
1532 891 1604 939 Ix,
1633 875 1742 941 12).

185 959 378 1037 Etenim
406 959 648 1032 Christus
680 989 776 1046 pro
797 973 970 1042 impiis
991 979 1226 1024 mortuus
1252 975 1332 1022 cst
1353 967 1369 1032 (
1392 965 1540 1019 Rom.
1567 981 1620 1029 v,
1651 960 1742 1033 6).

182 1071 302 1126 Cum
328 1082 459 1138 ergo
501 1072 792 1135 agnoscunt
823 1061 1116 1130 iinpietates
1143 1073 1265 1112 suas
1293 1097 1309 1123 ,
1349 1067 1402 1111 ct
1433 1055 1600 1124 primo
1631 1053 1748 1105 imii-

186 1168 354 1214 tantur
383 1156 725 1210 Publicanum
755 1151 900 1206 illum
928 1151 1212 1211 dicentem,
1245 1146 1474 1210 Domine,
1501 1143 1748 1213 propitius

185 1258 276 1302 esto
305 1247 428 1300 mihi
456 1243 705 1316 peccaturi
727 1257 744 1296 :
763 1239 1049 1295 ostendunt
1073 1238 1309 1303 vulnera,
1338 1236 1618 1303 implorant
1643 1247 1752 1285 mea

189 1337 352 1393 dicum
382 1353 396 1402 ;
427 1338 478 1390 et
505 1335 624 1402 quia
657 1349 761 1386 non
790 1346 847 1386 se
877 1331 1109 1393 laudant,
1141 1329 1232 1383 sed
1262 1325 1647 1396 reprehendunt
1671 1337 1748 1386 se,

193 1438 240 1482 ut
265 1429 355 1497 qui
385 1426 664 1496 gloriatur,
695 1439 798 1477 non
828 1423 880 1475 in
908 1436 964 1475 se
992 1462 1005 1484 ,
1040 1418 1131 1474 sed
1176 1419 1228 1473 in
1257 1417 1476 1471 Domino
1502 1414 1754 1485 glorietur

191 1510 242 1586 (l
268 1517 389 1574 Cor.
413 1533 450 1579 ι,
482 1509 543 1572 31
570 1514 614 1586 ),
659 1521 946 1584 agnoscunt
973 1520 1184 1567 causam
1232 1509 1487 1563 adventus
1515 1506 1708 1561 Christi
1737 1545 1752 1568 ,

192 1609 304 1679 quia
352 1608 473 1661 ideo
501 1605 644 1660 venit
687 1613 744 1658 ut
790 1612 1093 1672 peccatores
1141 1595 1315 1656 salvos
1355 1598 1591 1652 faceret:
1627 1596 1756 1664 Quia

192 1701 335 1755 Iesus
364 1699 592 1752 Christus
619 1696 746 1750 venit
771 1736 784 1760 ,
809 1695 1010 1765 inquit,
1037 1694 1088 1746 in
1115 1694 1246 1745 hunc
1272 1690 1512 1744 mundum
1535 1697 1761 1756 peccato-

195 1808 263 1846 γη
289 1790 457 1846 saltos
487 1789 671 1856 facere,
695 1799 908 1855 quorum
938 1784 1128 1855 primus
1168 1795 1395 1852 egenum
1445 1779 1463 1846 (
1492 1775 1510 1832 l
1540 1776 1669 1830 Tim.
1703 1792 1757 1843 t,

200 1882 256 1936 i5
276 1880 318 1950 ).
348 1877 577 1933 Proinde
603 1877 720 1930 illos
758 1874 968 1930 Judmos
987 1913 1003 1940 ,
1034 1872 1100 1926 de
1126 1885 1286 1940 opere
1315 1884 1411 1924 suo
1435 1866 1723 1938 gloriantes
1744 1905 1759 1933 ,

199 1971 264 2024 sic
289 1966 463 2038 arguit
491 1966 630 2021 idem
661 1959 948 2035 Apostolus
971 2004 986 2028 ,
1022 1971 1078 2014 ut
1119 1975 1211 2014 eos
1237 1960 1435 2014 diceret
1454 1957 1518 2011 ad
1542 1956 1762 2027 gratiam

200 2077 295 2116 non
319 2060 608 2130 pertinere,
636 2057 725 2126 qui
752 2053 957 2110 meritis
985 2064 1038 2107 et
1063 2052 1312 2121 operibus
1333 2051 1440 2104 suis
1466 2047 1765 2102 mercedem

200 2149 372 2206 deberi
403 2147 795 2203 arbitrabantur
821 2143 959 2216 (Cal.
987 2160 1040 2208 v,
1068 2142 1145 2213 4).
1178 2141 1274 2209 Qui
1302 2155 1429 2210 ergo
1458 2139 1522 2194 ad
1548 2139 1767 2210 gratiam

203 2257 253 2295 se
275 2240 378 2294 scit
393 2239 677 2308 pertinere,
696 2235 835 2306 quod
855 2243 938 2288 est
956 2232 1218 2298 Christus,
1232 2239 1284 2284 et
1298 2228 1436 2299 quod
1458 2239 1536 2282 est
1551 2226 1766 2293 Christi,

205 2331 339 2384 novit
365 2329 484 2400 quia
513 2327 710 2396 indiget
740 2325 926 2394 gratia.
954 2323 1008 2378 Si
1033 2321 1199 2392 gratia
1228 2329 1463 2381 vocatur,
1493 2313 1654 2386 gratis
1677 2315 1773 2368 da-

205 2428 313 2484 tur;
344 2420 385 2472 si
408 2417 574 2486 gratis
600 2415 774 2481 datur,
800 2413 942 2468 nulla
975 2412 1159 2466 merita
1191 2418 1278 2464 tua
1305 2415 1688 2479 praecesserunt
1716 2414 1773 2460 ut

207 2510 365 2562 detur.
398 2507 528 2561 Nam
575 2505 617 2559 si
649 2513 1035 2574 praecesserunt
1062 2499 1248 2555 merita
1273 2505 1360 2551 tua
1387 2535 1403 2564 ,
1437 2509 1640 2550 merces
1666 2509 1773 2549 non

208 2599 486 2666 imputatur
507 2594 797 2650 secundum
827 2591 1047 2662 gratiam
1069 2625 1083 2654 ,
1113 2588 1205 2643 sed
1231 2587 1516 2642 secundum
1541 2584 1774 2639 debitum

199 2681 224 2756 Δ(
245 2689 388 2743 Rom.
418 2703 492 2753 tv,
522 2687 556 2741 ι
574 2685 618 2757 ).
645 2685 700 2740 Si
733 2699 860 2754 ergo
899 2682 1031 2737 dicis
1077 2678 1414 2750 prtecessisse
1441 2677 1628 2732 merita
1655 2683 1772 2741 tua,

209 2789 253 2833 te
279 2780 357 2834 vis
385 2778 624 2843 laudari,
671 2791 772 2830 non
822 2775 985 2830 Deum
1022 2791 1035 2827 :
1065 2772 1185 2827 ideo
1214 2788 1317 2825 non
1357 2769 1602 2839 agnoscis
1626 2767 1778 2822 Chri-

209 2882 362 2934 stum,
389 2872 478 2941 qui
510 2869 654 2923 venit
681 2883 798 2922 cum
829 2867 996 2937 gratia
1026 2864 1139 2919 Dei.
1184 2863 1446 2919 Converte
1475 2877 1602 2931 ergo
1631 2869 1681 2914 te
1711 2859 1778 2914 ad

212 2966 388 3018 turrita
413 2973 522 3027 tua,
545 2961 665 3014 vide
692 2959 776 3014 illa
805 2959 938 3012 mala
963 2955 1145 3020 fuisse,
1169 2963 1226 3009 ut
1251 2969 1356 3008 non
1380 2951 1470 3006 tibi
1499 2950 1780 3006 deberetur

211 3055 302 3107 nisi
332 3052 668 3123 supplicium,
705 3063 807 3102 non
839 3047 1133 3117 prmmium.
1165 3043 1229 3098 Et
1270 3058 1390 3098 cum
1421 3040 1614 3095 videris
1654 3038 1782 3110 quid

214 3143 298 3197 tibi
325 3158 421 3212 per
452 3140 696 3194 meritum
727 3138 1003 3198 debeatur,
1023 3134 1265 3204 agnoscis
1287 3131 1410 3202 quid
1441 3146 1535 3201 per
1557 3130 1780 3201 gratiam

211 3234 458 3297 donetur;
492 3240 547 3286 et
571 3228 831 3284 sacrificio
875 3226 1046 3281 laudis
1080 3224 1344 3295 gloriﬁcas
1383 3222 1568 3276 Deum.
1601 3219 1676 3274 lbi
1702 3228 1785 3276 est

213 3324 349 3377 enim
370 3321 474 3389 via,
502 3321 556 3375 in
580 3335 679 3391 qua
709 3317 921 3374 noveris
949 3316 1220 3371 Christum
1251 3313 1481 3367 salutare
1510 3311 1622 3366 Dei.

686 3525 766 3586 IN
807 3519 1186 3584 PSALMUM
1227 3519 1277 3580 L

797 3641 929 3698 ENA
940 3639 1212 3695 RRATIO.

847 3765 1017 3807 ssauo
1058 3747 1156 3822 (α).

285 3871 339 3924 1.
383 3865 730 3923 Multitudinis
771 3864 966 3933 hujus,
1017 3876 1115 3916 nec
1162 3857 1456 3930 frequentia
1501 3851 1790 3912 fraudanda

217 3970 299 4016 est
322 4004 338 4025 ,
369 3975 466 4016 nec
503 3959 782 4014 infirmitas
825 3955 1117 4011 oneranda.
1161 3953 1436 4008 Silentium
1477 3956 1702 4024 petimus
1739 3961 1793 4007 et

221 4053 448 4121 quietem
473 4093 488 4118 ,
524 4058 580 4103 ut
600 4064 698 4102 vox
725 4055 904 4102 nostra
931 4053 1048 4114 post
1076 4043 1382 4098 hesternum
1413 4043 1643 4096 laborem
1673 4056 1796 4110 pos-

220 4142 288 4197 sit
313 4140 598 4210 aliquantis
626 4137 826 4192 viribus
855 4134 1161 4206 perdurare.
1187 4131 1522 4187 Credendum
1554 4141 1635 4185 est
1658 4132 1800 4185 Cha-

226 4232 432 4284 ritatem
464 4229 700 4284 Vestram
732 4242 836 4281 non
853 4225 934 4280 .ob
962 4223 1101 4278 aliud
1133 4221 1388 4276 hodierno
1418 4220 1502 4275 die
1531 4221 1797 4289 cepiosius

222 4319 538 4374 convenisse
564 4358 576 4381 ,
612 4317 711 4372 nisi
737 4322 796 4370 ut
823 4315 987 4369 oretis
1015 4326 1108 4383 pro
1137 4311 1213 4365 eis
1239 4325 1370 4380 quos
1398 4308 1645 4363 absentes
1675 4307 1800 4363 facit

225 4412 428 4465 alienus
447 4419 500 4464 et
519 4421 800 4481 perversos
820 4405 1056 4461 affectus.
1083 4396 1264 4468 Neque
1285 4401 1424 4456 enim
1447 4399 1714 4468 loquimur
1732 4399 1800 4454 de

225 4501 452 4572 Paganis
477 4541 492 4566 ,
518 4513 689 4569 neque
716 4498 781 4553 de
799 4496 997 4552 Ιυιιωίε
1020 4535 1034 4561 ,
1057 4493 1148 4548 sed
1170 4493 1236 4547 de
1256 4491 1600 4557 Christianis;
1628 4505 1802 4561 neque

225 4590 292 4644 de
321 4591 407 4644 bis
433 4589 606 4644 adhuc
632 4585 1030 4643 catechumenis
1052 4625 1067 4649 ,
1099 4582 1191 4638 sed
1219 4581 1285 4636 de
1313 4581 1493 4636 multis
1519 4579 1676 4636 etiam
1706 4580 1802 4636 ba-

227 4680 441 4748 ptizatis
463 4719 479 4744 ,
518 4693 550 4732 ιι
592 4691 814 4747 quorum
851 4673 1062 4728 lavacro
1101 4671 1230 4726 nihil
1267 4670 1472 4726 distatis
1495 4709 1511 4731 .
1542 4679 1594 4726 et
1619 4682 1802 4724 eorum

224 4776 408 4824 tamen
435 4767 582 4824 cordi
602 4766 886 4821 dissimiles
905 4766 1054 4820 estis.
1076 4763 1242 4830 Quam
1271 4761 1463 4816 multos
1481 4760 1622 4815 enim
1647 4760 1806 4816 hodie

229 4859 424 4912 fratres
446 4868 658 4912 nostros
678 4858 970 4927 cogitamus
993 4863 1046 4908 et
1065 4853 1358 4924 plangimus
1378 4852 1454 4905 ire
1473 4851 1526 4904 in
1547 4850 1806 4906 vanitates

226 4959 281 5003 et
303 4949 542 5004 insanias
559 4949 840 5004 mendaces
862 4984 878 5014 ,
905 4946 1171 5016 negligere
1195 4959 1301 5015 quo
1323 4944 1493 4998 vocati
1519 4953 1642 4997 sunt
1665 4946 1680 4998 ι
1705 4943 1806 5012 Qui

227 5039 271 5092 si
299 5039 442 5093 forte
465 5039 518 5093 in
543 5040 660 5109 ipso
693 5039 836 5094 circo
879 5038 1055 5107 aliqua
1099 5051 1164 5090 ex
1209 5049 1367 5105 causa
1409 5044 1764 5103 expavescant
1791 5071 1806 5099 ,

227 5131 487 5184 continuo
515 5145 576 5184 se
601 5138 812 5200 signant
835 5171 850 5194 ,
881 5138 935 5184 et
960 5135 1102 5183 stant
1135 5127 1244 5182 illic
1283 5136 1553 5196 portantes
1584 5127 1634 5180 in
1665 5126 1808 5181 fron-

230 5227 286 5271 te
309 5257 326 5283 ,
359 5219 503 5299 unde
525 5220 873 5274 abscederent
900 5221 943 5272 si
975 5219 1077 5272 hoc
1101 5218 1154 5271 in
1184 5216 1344 5272 'corde
1373 5227 1663 5286 portarent.
1708 5219 1809 5272 De-

227 5307 497 5373 precanda
523 5316 610 5363 est
635 5307 993 5364 misericordia
1025 5307 1116 5362 Dei
1142 5349 1157 5372 ,
1187 5316 1246 5360 ut
1281 5306 1442 5360 donet
1483 5307 1808 5361 intellectum

229 5395 298 5448 ad
334 5397 434 5450 ista
459 5397 756 5455 damnanda
781 5439 794 5461 ,
824 5406 877 5452 et
901 5396 1236 5452 allectum-ad
1265 5391 1506 5465 fugienda
1533 5438 1546 5460 ,
1576 5406 1628 5450 et
1655 5397 1812 5451 misc-

227 5484 520 5540 ricordiam
547 5487 613 5540 ad
639 5485 978 5557 ignoscenda.
1017 5485 1324 5556 Opportune
1362 5501 1490 5557 ergo
1529 5486 1598 5540 de
1639 5487 1811 5556 paeni-

229 5575 403 5628 tentia
433 5576 673 5631 Psalmus
701 5577 857 5632 hodie
883 5585 1124 5632 cantatus
1153 5584 1253 5630 est.
1286 5574 1584 5644 Loquamur
1611 5587 1662 5630 et
1689 5588 1810 5631 cum

227 5664 544 5722 absentibus
576 5685 588 5720 :
618 5670 719 5722 erit
747 5669 811 5724 ad
851 5683 944 5723 eos
982 5685 1081 5723 vox
1122 5675 1298 5723 nostra
1330 5667 1583 5722 memoria
1615 5678 1809 5723 vestra.

297 5795 389 5859 (ιι)
413 5799 469 5848 Ad
493 5798 719 5861 populum
743 5799 1181 5860 Carthaginensem.
1204 5797 1302 5846 \‘id.
1329 5795 1469 5859 infra,
1491 5811 1539 5846 ιι.
1574 5796 1645 5849 11.

517 5882 746 5941 SANC’I‘.
782 5882 1054 5940 Aueusv.
1085 5879 1190 5939 ιν.

1327 389 1721 456 Εκιιιιιιτιι)
1763 393 1824 447 IN
1867 392 2200 450 rsanuun
2229 394 2287 449 L.

3298 394 3402 450 586

1841 505 1916 561 Ne
1939 506 2146 562 saucios
2174 518 2226 562 et
2255 505 2526 576 languidos
2555 505 2830 577 negligatis
2854 548 2870 575 ,
2896 507 2989 563 sed
3013 518 3070 564 ut
3095 505 3296 563 facilius
3319 524 3405 563 sa-

1839 599 1975 654 nctis
1999 640 2014 664 ,
2047 599 2159 653 sani
2193 611 2502 667 permanere
2525 597 2750 653 debetis.
2787 599 3045 670 Corrigite
3071 601 3342 672 arguendo
3387 643 3403 668 ,

1839 687 2184 743 consolamini
2230 687 2586 756 alloquendo,
2636 688 2936 758 exemplum
2985 691 3219 760 praebete
3271 694 3411 749 bene

1843 779 2065 834 vivendo
2091 821 2106 844 ,
2137 779 2306 834 aderit
2346 780 2422 833 eis
2459 779 2547 849 qui
2589 778 2757 833 adfuit
2797 788 2851 834 et
2887 780 3057 837 vobis.
3087 769 3201 836 Non
3225 785 3366 838 enim
3390 824 3408 851 ,

1842 870 1991 924 Vobis
2016 870 2124 938 jam
2156 871 2251 924 ista
2276 870 2500 937 pericula
2525 870 2910 938 praztergressis
2935 911 2949 935 ,
2980 869 3096 924 fons
3117 873 3416 928 misericor-

1845 959 1947 1014 diae
1986 961 2074 1014 Dei
2117 959 2364 1028 praecisus
2410 969 2509 1012 est.
2562 957 2674 1026 Qua
2721 959 2980 1026 venistis,
3031 962 3418 1032 venient;qua

1849 1051 2110 1106 transistis
2134 1091 2148 1113 ,
2199 1051 2512 1104 transibunt.
2556 1050 2830 1104 Molestum
2872 1059 2954 1106 est
2982 1051 3194 1121 quidem
3219 1093 3234 1118 ,
3264 1063 3316 1107 et
3342 1055 3422 1107 ni-

1842 1145 2012 1198 mium
2041 1143 2393 1212 periculosum
2420 1183 2434 1206 ,
2463 1143 2570 1196 imo
2601 1143 2954 1211 perniciosum
2978 1183 2995 1210 ,
3047 1153 3098 1198 et
3138 1159 3234 1213 pro
3271 1154 3421 1200 certo

1849 1233 2115 1288 exitiabile
2139 1272 2154 1298 ,
2186 1232 2324 1300 quod
2351 1233 2579 1288 scientes
2607 1243 2842 1300 peccant.
2874 1233 3042 1287 Aliter
3066 1234 3206 1288 enim
3235 1235 3298 1288 ad
3329 1234 3424 1289 has

1850 1324 2107 1378 vanitates
2134 1321 2303 1376 currit
2327 1321 2416 1391 qui
2448 1337 2631 1376 vocem
2661 1321 2856 1376 Christi
2900 1325 3229 1388 contemnit,
3271 1326 3427 1381 aliter

1854 1415 1940 1469 ille
1969 1413 2056 1484 qui
2086 1413 2231 1467 novit
2253 1413 2377 1482 quid
2404 1413 2585 1482 fugiat.
2608 1413 2710 1466 Sed
2735 1429 2831 1468 nec
2853 1413 2921 1470 de
2944 1414 3132 1471 talibus
3153 1416 3430 1488 desperari

1855 1503 2049 1559 debere
2073 1543 2088 1568 ,
2122 1503 2220 1558 iste
2245 1502 2478 1572 psalmus
2505 1502 2756 1556 ostendit.

1924 1594 1981 1648 2.
2023 1593 2192 1668 [rem
2238 1596 2310 1660 1,
2357 1591 2459 1667 2.]
2497 1593 2807 1650 inscribitur
2853 1597 2996 1651 enim
3041 1598 3225 1654 titulus
3277 1600 3431 1670 ejus,

1861 1683 2096 1739 Paulinus
2121 1685 2221 1754 ipsi
2248 1683 2412 1738 David
2431 1725 2447 1750 ,
2478 1700 2592 1738 cum
2635 1684 2765 1739 venit
2804 1686 2872 1739 ad
2915 1704 3029 1741 eum
3073 1687 3283 1744 Natltan
3311 1708 3433 1762 pro-

1859 1776 2010 1847 pheta
2031 1815 2048 1841 ,
2073 1774 2276 1845 quando
2305 1776 2504 1830 intravit
2528 1791 2593 1828 aa
2619 1773 2878 1830 Bersabee.
2907 1778 3169 1833 Bersabee
3189 1789 3304 1835 erat
3323 1797 3438 1835 mu«-

1862 1865 1960 1920 licr
1987 1877 2122 1918 uxor
2144 1865 2335 1919 aliena.
2366 1864 2498 1919 Cum
2525 1866 2712 1919 dolore
2737 1865 2946 1935 quidem
2977 1867 3200 1924 dicimus
3239 1880 3294 1924 et
3332 1879 3438 1926 tre-

1865 1969 2012 2010 more
2036 1995 2051 2022 ,
2081 1953 2175 2009 sed
2207 1962 2382 2008 tamen
2413 1954 2550 2008 Deus
2575 1955 2742 2009 noluit
2776 1957 2931 2010 taceri
2954 1957 3094 2026 quod
3119 1959 3285 2013 voluit
3310 1960 3441 2014 seri-

1865 2045 1940 2107 bi.
1971 2046 2150 2100 Dicam
2193 2061 2320 2116 ergo
2369 2060 2472 2100 non
2519 2045 2660 2115 quod
2710 2048 2866 2113 volo,
2913 2048 3008 2104 sed
3051 2049 3193 2118 quod
3239 2065 3438 2120 cogor;

1869 2136 2041 2192 dicam
2069 2151 2174 2190 non
2205 2136 2494 2191 exltnrtans
2527 2136 2594 2190 ad
2626 2137 2971 2193 imitationem
2995 2178 3011 2206 ,
3052 2141 3146 2195 sed
3180 2140 3446 2200 instruens

1869 2225 1936 2279 ad
1966 2226 2228 2280 timorem.
2265 2225 2430 2294 llujus
2459 2225 2695 2279 mulieris
2721 2228 2900 2281 uxoris
2932 2229 3121 2283 aliena:
3152 2229 3444 2298 pulchritu-

1871 2317 1994 2373 dine
2020 2326 2205 2387 captus
2233 2332 2326 2372 rex
2354 2329 2407 2372 et
2431 2317 2691 2388 prepheta
2721 2317 2882 2374 David
2907 2359 2922 2384 ,
2971 2333 3034 2374 ex
3065 2321 3216 2391 cujus
3244 2323 3447 2378 semine

1873 2409 2164 2465 secundum
2194 2423 2408 2462 carnem
2439 2408 2690 2463 Dominus
2730 2420 2987 2466 venturus
3022 2422 3137 2466 erat
3163 2413 3182 2482 (
3209 2403 3360 2468 Rom.
3389 2427 3447 2479 ι,

1871 2504 1909 2567 5
1937 2503 1978 2572 ),
2010 2501 2326 2558 adulteravit
2353 2516 2490 2556 eam.
2522 2500 2632 2555 lloc
2663 2501 2713 2555 in
2746 2502 2848 2556 isto
2872 2502 3075 2572 psalmo
3102 2519 3205 2559 non
3235 2505 3446 2576 legitur,

1873 2593 1968 2652 sed
1998 2593 2050 2646 in
2082 2592 2234 2648 titulo
2261 2593 2377 2662 ejus
2405 2600 2660 2661 apparet;
2690 2591 2743 2646 in
2777 2593 2912 2646 libro
2939 2601 3115 2648 autem
3147 2595 3449 2665 Regnorum

1878 2683 2086 2755 plenius
2114 2683 2323 2751 legitur.
2350 2681 2580 2750 Utraque
2605 2681 2875 2751 Scriptura
2900 2683 3153 2740 cationica
3178 2696 3255 2739 est
3282 2727 3296 2752 ,
3325 2687 3452 2741 utri-

1879 2790 1984 2846 que
2003 2775 2118 2829 sine
2137 2774 2242 2827 ulla
2264 2773 2588 2828 dubitatione
2610 2789 2638 2826 a
2659 2772 2976 2828 Christianis
2998 2776 3130 2831 fides
3153 2777 3450 2833 adhibenda

1879 2872 1980 2919 est.
2008 2863 2356 2918 Commissum
2389 2871 2544 2931 atque
2573 2862 2928 2932 conscriptum
2957 2874 3058 2919 est.
3102 2866 3267 2937 Hujus
3293 2868 3452 2924 etiam

1880 2952 2128 3009 maritum
2182 2953 2234 3007 in
2281 2953 2419 3007 bello
2471 2952 2816 3008 occidendum
2863 2955 3065 3009 curavit
3109 2973 3123 3010 :
3171 2956 3454 3013 homicidio

1881 3045 2025 3100 auxit
2053 3044 2374 3099 adulterium
2404 3061 2417 3097 :
2449 3055 2502 3098 et
2527 3055 2643 3114 post
2675 3044 2776 3100 hoc
2819 3046 3011 3101 factum
3059 3049 3252 3102 missus
3280 3061 3361 3106 est
3389 3050 3456 3108 ad

1883 3153 2006 3195 eum
2034 3137 2240 3193 Nathan
2271 3137 2526 3208 propheta
2551 3179 2566 3201 ,
2614 3139 2807 3192 missus
2850 3153 2880 3192 a
2931 3139 3154 3194 Domino
3177 3181 3190 3205 ,
3219 3143 3306 3211 qui
3335 3158 3458 3200 eum

1883 3238 2128 3299 argueret
2148 3228 2216 3284 de
2237 3238 2383 3282 tanto
2403 3229 2686 3284 commisso
2712 3229 2783 3298 (ll
2813 3228 2938 3300 Reg.
2968 3247 3018 3284 χι
3041 3265 3054 3298 ,
3079 3243 3121 3285 et
3145 3243 3216 3287 ιιι
3244 3274 3259 3299 ,
3281 3235 3458 3308 1-14).

1957 3321 2009 3376 5.
2050 3319 2183 3386 Quid
2214 3327 2437 3374 caveant
2463 3318 2704 3372 homines
2726 3359 2741 3382 ,
2773 3319 3042 3385 diximus;
3085 3323 3211 3392 quid
3253 3340 3379 3379 vero
3415 3327 3460 3381 si

1886 3411 2021 3482 lapsi
2051 3411 2246 3466 fuerint
2274 3410 2546 3464 imitentur
2567 3445 2583 3473 ,
2615 3409 2908 3464 audiamus.
2939 3406 3083 3466 Multi
3107 3415 3246 3468 enim
3270 3416 3463 3471 cadere

1887 3502 2072 3557 volunt
2119 3517 2239 3556 cum
2291 3495 2452 3554 David
2478 3541 2492 3563 ,
2536 3509 2590 3554 et
2629 3501 2814 3555 nolunt
2853 3511 3069 3570 surgere
3111 3515 3231 3557 cum
3276 3504 3460 3560 David.

1887 3591 2001 3647 Non
2026 3605 2153 3660 ergo
2179 3587 2398 3644 cadendi
2429 3589 2728 3659 exemplum
2766 3592 3092 3660 propositum
3134 3603 3252 3659 est,
3296 3596 3386 3649 sed
3415 3596 3461 3651 si

1889 3680 2182 3746 cecideris,
2225 3675 2555 3748 resurgendi.
2602 3680 2868 3746 Attende,
2916 3694 2983 3735 ne
3024 3681 3202 3736 cadas.
3247 3683 3361 3739 Non
3398 3687 3468 3741 sit

1891 3771 2169 3826 delectatio
2209 3770 2472 3824 minorum
2515 3769 2691 3839 lapsus
2727 3770 2983 3839 tnajornm
3008 3812 3024 3838 ,
3069 3772 3161 3827 sed
3200 3774 3269 3827 sit
3313 3787 3469 3830 casus

1891 3860 2153 3931 majorum
2183 3869 2381 3914 tremor
2408 3860 2694 3916 minorum.
2736 3861 2814 3915 Ad
2859 3861 2958 3917 hoc
2990 3866 3318 3934 prepositum
3345 3877 3428 3921 cst
3451 3904 3468 3934 ,

1893 3953 1958 4008 ad
1988 3952 2087 4006 hoc
2115 3954 2368 4022 scriptum
2395 3961 2478 4008 est
2499 3991 2514 4019 ,
2547 3951 2612 4006 ad
2643 3953 2741 4006 hoc
2773 3953 2824 4005 in
2855 3953 3075 4008 ecclesia
3108 3971 3248 4025 saepe
3276 3955 3470 4011 lectum

1895 4053 2053 4115 atque
2079 4053 2348 4099 cantatum
2384 4062 2399 4100 :
2428 4043 2643 4097 audiant
2665 4043 2751 4112 qui
2783 4060 2886 4098 non
2914 4045 3254 4113 ceciderunt,
3289 4064 3352 4102 ne
3378 4064 3472 4103 ea-

1896 4135 2066 4199 dant,
2098 4133 2318 4188 audiant
2346 4133 2433 4202 qui
2465 4133 2808 4199 ceciderunt,
2843 4144 2898 4188 ut
2927 4145 3158 4207 Surgunt.
3192 4137 3343 4191 Tanti
3375 4139 3474 4195 viri

1899 4234 2172 4296 peccatum
2214 4239 2317 4278 non
2358 4232 2597 4289 tacetur,
2636 4225 2952 4293 priDdiCﬂlllr
2995 4228 3044 4280 in
3087 4227 3326 4281 ecclesia.
3358 4230 3474 4283 An-

1900 4315 2049 4371 diunt
2076 4315 2214 4369 male
2261 4313 2537 4368 audientes
2566 4311 2604 4380 ί,
2651 4324 2698 4368 et
2749 4325 2991 4384 qurerunt
3034 4317 3132 4370 sibi
3181 4319 3473 4386 patrocinia

1903 4403 2154 4475 peccandi
2179 4419 2192 4464 ;
2217 4401 2496 4456 attendunt
2517 4401 2657 4456 unde
2678 4401 2960 4455 defendant
2982 4404 3118 4472 quod
3140 4406 3477 4462 committere

1903 4500 2217 4565 paraverunt
2243 4532 2257 4555 ,
2286 4506 2389 4546 non
2429 4490 2569 4544 unde
2606 4499 2825 4545 caveant
2859 4491 2998 4560 quod
3044 4507 3146 4546 non
3187 4495 3477 4549 commise-

1904 4591 2062 4649 runt,
2091 4590 2144 4635 et
2167 4579 2349 4636 dicunt
2374 4581 2474 4636 sibi
2502 4581 2593 4636 :Si
2625 4581 2782 4635 David
2809 4625 2823 4648 ,
2853 4597 2949 4636 cur
2974 4599 3077 4637 non
3105 4593 3157 4639 et
3183 4587 3326 4654 ego?
3355 4586 3480 4642 lnde

1905 4675 2080 4730 anima
2109 4673 2337 4743 iniquior
2359 4715 2373 4740 ,
2405 4684 2523 4743 qua:
2551 4687 2670 4727 cum
2702 4681 2980 4742 propterea
3014 4672 3198 4729 fecerit
3225 4677 3343 4744 quia
3376 4677 3478 4730 Da-

1905 4765 1993 4820 vid
2023 4763 2184 4827 fecit,
2225 4764 2344 4818 ideo
2385 4764 2532 4834 pejus
2573 4779 2728 4833 quam
2774 4764 2935 4817 David
2980 4765 3120 4820 fecit.
3171 4767 3350 4822 Dicam
3382 4768 3482 4825 hoc

1910 4859 2079 4928 ipsum
2105 4897 2121 4921 ,
2150 4855 2194 4910 sl
2223 4866 2406 4925 potero
2435 4898 2446 4920 ,
2477 4856 2702 4924 planius.
2736 4855 2902 4909 David
2936 4857 3133 4911 nullum
3165 4859 3265 4913 sibi
3307 4860 3374 4913 ita
3415 4859 3480 4915 an

1909 4949 2206 5019 exemplum
2235 4956 2584 5018 proposuerat
2611 4988 2625 5009 ,
2653 4955 2711 5000 ut
2739 4957 2792 5000 tu
2823 4963 2835 4996 τ
2867 4947 3129 5003 Ceciderat
3159 4949 3308 5018 lapsu
3338 4953 3485 5021 cupis

1910 5041 2090 5095 ditatis
2116 5077 2131 5106 ,
2164 5055 2267 5094 non
2296 5039 2586 5108 patrocinio
2615 5037 2908 5091 sanctitatis
2938 5055 2950 5091 :
2996 5049 3051 5092 tu
3099 5039 3190 5094 tibi
3234 5050 3480 5111 tanquam

1911 5140 2151 5187 sanctum
2182 5130 2431 5199 proponis
2463 5138 2517 5181 ut
2548 5142 2768 5198 pecces;
2816 5143 2921 5182 non
2968 5129 3190 5184 imitaris
3219 5131 3334 5199 ejus
3364 5146 3486 5183 san-

1911 5222 2146 5277 ctitatem
2173 5257 2188 5285 ,
2221 5218 2314 5273 sed
2347 5218 2568 5271 imitaris
2597 5217 2822 5272 ruinam.
2859 5218 2969 5272 Hoc
3003 5233 3149 5273 amas
3191 5221 3246 5273 in
3278 5221 3439 5274 David
3466 5261 3484 5288 ,

1914 5312 2053 5380 quod
2086 5311 2136 5362 in
2167 5323 2224 5362 se
2254 5308 2364 5361 odit
2389 5305 2548 5360 David
2572 5307 2591 5338 ‘
2619 5324 2630 5359 :
2659 5322 2926 5376 pracparas
2953 5317 3002 5363 te
3027 5308 3093 5362 ad
3121 5309 3442 5378 peccandum
3469 5353 3485 5378 ,

1914 5400 2151 5469 disponis
2204 5407 2464 5467 peccare‘:
2511 5396 2703 5452 librum
2757 5397 2853 5454 Dei
2897 5407 2954 5453 ut
2997 5413 3198 5468 pecces
3232 5400 3484 5471 inspicis;

1981 5555 2016 5623 ﬂ
2036 5551 2313 5623 Edd.,‘male
2349 5551 2567 5623 sitientes.
2596 5562 2650 5605 At
2685 5561 2788 5623 ayss.
2824 5566 3003 5623 magno
3030 5565 3286 5623 consensu
3305 5553 3484 5623 ferunt.

1915 5614 2043 5666 male
2060 5615 2326 5678 audientes.
2351 5614 2572 5678 Intelligo
2592 5654 2604 5673 ,
2625 5617 2713 5665 Vel
2754 5617 2836 5678 qui
2871 5614 3031 5678 verbis
3062 5614 3370 5673 castigantur,
3414 5617 3488 5667 vel

1917 5679 1998 5741 qui
2024 5677 2079 5741 id_
2096 5673 2308 5741 esetnpli
2333 5690 2426 5724 non
2445 5689 2471 5724 s
2487 5673 2707 5741 .lubriter
2728 5673 3090 5741 audiresoleut.

1922 5728 2256 5850 gguzleriqué
2280 5743 2403 5786 3155.:
2426 5746 2524 5787 [Ioc
2545 5753 2656 5788 ante
2677 5739 2724 5788 in
2748 5735 2925 5794 David,
2945 5734 3072 5796 quod
3103 5745 3194 5782 non
3231 5728 3279 5783 iit
3319 5751 3365 5786 ,τί
3389 5735 3490 5787 edn

2871 5873 3256 5957 (Dim—mnf.
3269 5880 3296 5950 )
