4042 6488
582 422 683 478 587

581 531 882 602 Scripturas
910 526 999 582 Dei
1029 523 1095 579 ad
1123 524 1224 577 hoc
1251 519 1404 576 audis
1430 561 1445 583 ,
1472 527 1528 574 ut
1557 517 1718 573 facias
1741 518 1880 587 quod
1910 516 2155 587 displicet

581 628 691 682 Deo
716 642 733 680 :
764 624 868 678 hec
891 636 996 676 non
1025 617 1144 675 fecit
1171 614 1334 671 David
1356 631 1373 677 ;
1397 620 1674 683 correptus
1702 620 1779 666 est
1809 625 1902 681 per
1927 607 2157 678 Prophe—

581 728 686 772 tam
710 757 726 781 ,
759 727 865 779 non
893 711 1073 781 lapsus
1099 715 1181 763 cst
1208 705 1262 758 in
1290 702 1564 773 pr0pheta.
1597 699 1699 755 Alii
1720 712 1854 754 vero
1879 698 2157 753 audientes

579 802 901 868 salubriter,
949 801 1003 856 in
1050 811 1177 852 casu
1208 793 1418 849 ‘fortis‘
1465 789 1754 847 metiuntur
1797 788 2157 843 infirmitatem

580 913 729 953 suam
755 912 771 962 ;
797 891 1017 963 etquod
1048 891 1262 945 damnat
1294 887 1432 941 Deus
1470 884 1707 938 devitarc
1747 881 2020 970 cupientes
2042 920 2058 946 ,
2090 876 2159 970 ab

583 999 801 1057 aspectu
834 1000 1022 1041 securo
1040 980 1313 1037 abstinent
1341 977 1523 1032 oculos
1549 993 1563 1028 :
1597 989 1701 1029 non
1723 988 1816 1030 eos
1845 972 2077 1039 deﬁgunt
2102 969 2157 1024 ἰὴ

583 1074 977 1151 pulchritudine
1003 1072 1179 1127 carnis
1206 1069 1395 1124 aliena:
1420 1109 1436 1132 ,
1468 1078 1566 1120 nec
1607 1064 1810 1132 seipsos
1855 1060 2056 1115 faciunt
2092 1058 2159 1151 de

582 1149 831 1240 perversa
857 1164 1189 1233 simplicitate
1220 1172 1434 1213 securos
1457 1198 1473 1223 ,
1500 1170 1606 1210 non
1631 1154 1853 1219 dicunt,
1876 1151 2025 1205 Bono
2043 1149 2160 1252 ani»

591 1276 677 1315 mo
700 1255 899 1313 attendi
923 1298 937 1319 .
961 1254 1186 1322 benigne
1206 1248 1407 1304 attendi
1434 1288 1449 1313 ,
1476 1245 1544 1301 de
1563 1246 1823 1300 charitate
1840 1242 1931 1296 diu
1952 1242 2153 1310 aspexi.

589 1352 895 1420 Proponunt
920 1345 1062 1401 enim
1091 1343 1190 1396 sibi
1219 1353 1400 1395 casum
1432 1336 1592 1392 David
1616 1377 1633 1398 ,
1664 1345 1718 1390 et
1755 1333 1821 1388 ad
1864 1332 1965 1387 hoc
2010 1329 2159 1384 illum

582 1454 832 1512 magnum
859 1436 1040 1491 vident
1065 1432 1322 1489 cecidisse
1346 1471 1359 1493 ,
1394 1437 1449 1482 ut
1480 1427 1626 1497 parvi
1654 1424 1822 1480 nolint
1848 1423 2032 1477 videre
2057 1436 2158 1512 un-

580 1536 648 1589 de
677 1511 879 1602 possint
902 1527 1111 1582 cadere.
1142 1522 1460 1592 Reprimunt
1488 1517 1629 1573 enim
1660 1515 1844 1611 oculos
1869 1527 1900 1567 a
1928 1511 2161 1611 petulan-

582 1624 652 1678 tia
731 1636 835 1676 non
862 1634 921 1674 se
948 1616 1101 1671 facile
1129 1613 1424 1681 adjungont
1451 1651 1466 1673 ,
1500 1622 1605 1662 non
1632 1606 1859 1661 miscent
1887 1618 1947 1658 se
1974 1594 2162 1655 mulie-

581 1717 729 1771 ribus
768 1711 954 1766 alienis
979 1750 993 1770 ,
1043 1720 1149 1760 non
1190 1702 1377 1758 'levaut
1420 1700 1604 1755 oculos
1650 1694 1830 1751 faciles
1880 1693 1947 1749 ad
1989 1692 2160 1746 aliena

582 1804 841 1862 mreniana
866 1842 880 1865 ,
926 1799 992 1854 ad
1030 1796 1201 1851 aliena
1269 1791 1485 1848 solaris.
1531 1790 1605 1843 De
1646 1786 1803 1856 longe
1850 1783 1992 1839 enim
2033 1779 2163 1834 vidit

582 1894 748 1951 David
779 1893 920 1947 illam
947 1931 963 1955 ,
996 1888 1046 1941 in
1074 1901 1175 1957 qua
1196 1891 1387 1952 captus
1412 1889 1513 1936 est.
1559 1877 1747 1933 Mulier
1774 1876 1929 1945 longe
1955 1912 1973 1940 ,
2000 1869 2163 1927 libido

581 1994 767 2058 prope.
803 1982 938 2037 Alibi
965 1989 1080 2035 erat
1108 1969 1248 2048 quod
1278 1974 1518 2038 videret,
1551 1971 1603 2025 in
1637 1970 1726 2024 illo
1752 1967 1892 2023 unde
1924 1964 2159 2058 caderet.

581 2055 914 2136 intendenda
937 2083 1014 2126 est
1039 2084 1164 2139 ergo
1192 2066 1307 2122 haec
1333 2063 1614 2119 infirmitas
1633 2060 1811 2116 carnis
1833 2098 1849 2124 ,
1873 2055 2163 2111 recordant-

581 2171 653 2226 da
684 2175 807 2223 sunt
831 2166 989 2220 verba
1020 2159 1260 2231 Apostoli
1287 2199 1302 2222 ,
1336 2154 1455 2209 Non
1484 2169 1602 2225 ergo
1630 2159 1800 2222 regnet
1829 2155 2084 2239 peecatum
2111 2147 2165 2201 in

582 2272 741 2317 oestro
765 2257 964 2312 mortali
987 2267 1196 2322 corpore
1222 2251 1239 2320 (
1268 2248 1418 2303 Ilont.
1443 2262 1493 2301 Vt
1517 2286 1532 2312 ,
1562 2244 1629 2299 l2
1654 2243 1693 2315 ).
1719 2240 1836 2297 Non
1861 2239 1990 2295 dixit
2014 2279 2029 2303 ,
2059 2250 2164 2292 non

583 2356 652 2408 sit
679 2370 694 2418 ;
726 2351 817 2405 sed
846 2390 862 2415 ,
895 2363 999 2402 non
1028 2351 1231 2413 regnet.
1264 2340 1402 2394 inest
1432 2345 1706 2408 peccatum
1734 2375 1749 2399 ,
1782 2346 1904 2387 cum
1933 2329 2167 2385 delecta-

583 2444 694 2507 ris;
723 2448 908 2510 regnat
930 2478 945 2501 ,
977 2436 1023 2489 si
1049 2430 1407 2488 consenseris.
1429 2426 1667 2483 Carnalis
1689 2420 1971 2477 delectatio
1990 2460 2006 2487 ,
2033 2434 2167 2510 pne-

583 2533 765 2590 sertim
798 2544 965 2600 usque
991 2525 1056 2580 ad
1098 2523 1279 2578 illicita
1325 2529 1379 2574 et
1428 2519 1597 2573 aliena
1644 2513 1986 2585 progrediens
2012 2552 2027 2578 ,
2062 2509 2168 2565 fre-

584 2625 753 2681 nanda
783 2630 903 2683 est,
947 2635 1052 2673 non
1097 2611 1428 2674 relaxanda;
1474 2607 1696 2677 imperio
1724 2602 1986 2660 domanda
2011 2643 2026 2667 ,
2059 2610 2167 2655 non

583 2719 633 2771 in
666 2713 889 2785 imperio
910 2705 1241 2765 collocanda.
1266 2699 1495 2757 Attende
1516 2711 1738 2754 securus
1762 2737 1775 2758 .
1797 2695 1843 2749 si
1871 2707 1975 2749 non
1996 2686 2167 2748 habes

583 2807 721 2862 unde
775 2800 1058 2858 movearis.
1117 2790 1222 2852 Sed
1284 2792 1576 2864 respondes
1626 2807 1640 2842 :
1701 2788 1932 2843 Fortiter
1986 2796 2162 2842 teneo.

538 2922 541 2925 ·
580 2896 845 2968 Numquid
871 2904 927 2949 tu
957 2891 1145 2947 fortior
1171 2902 1328 2959 quam
1359 2881 1579 2939 David?

651 2992 706 3046 4.
747 2988 1011 3044 Admouet
1033 2982 1191 3038 etiam
1220 2978 1308 3032 tali
1330 2974 1577 3044 exemplo
1602 3013 1618 3039 ,
1640 2987 1743 3026 non
1768 2985 1827 3025 se
1847 2984 2165 3041 quemquam

581 3081 779 3136 debere
808 3075 1072 3133 extollere
1113 3072 1166 3124 in
1216 3065 1483 3138 prosperis
1520 3062 1701 3117 rebus.
1734 3061 1878 3114 Multi
1908 3062 2048 3115 enim
2082 3073 2168 3113 res

581 3173 831 3228 adversas
860 3167 1047 3221 timent
1073 3202 1089 3227 ,
1120 3175 1208 3216 res
1238 3170 1523 3229 prosperas
1566 3168 1671 3207 non
1714 3152 1920 3206 timent.
1954 3150 2168 3205 Pericu-

582 3261 744 3317 losior
766 3266 849 3313 est
872 3271 958 3310 res
987 3265 1242 3324 prospera
1270 3248 1476 3311 animo,
1502 3259 1657 3315 quam
1683 3242 1905 3297 adversa
1929 3242 2163 3312 corpori.

584 3352 736 3408 Prius
763 3344 1058 3415 corrumpit
1086 3352 1339 3413 proSpera
1367 3379 1382 3404 ,
1414 3345 1472 3390 ut
1510 3334 1741 3390 inveniat
1782 3332 1923 3404 quod
1959 3330 2168 3401 frangat

581 3444 824 3499 adversa.
858 3436 1073 3493 Fratres
1099 3424 1201 3487 mei
1227 3473 1241 3495 ,
1270 3429 1524 3484 adversus
1552 3425 1854 3480 felicitatem
1880 3423 2057 3478 acrius
2085 3423 2162 3477 vi-

580 3535 852 3608 gilandum
878 3505 981 3587 est.
1024 3529 1313 3596 Propterea
1359 3521 1535 3576 videte
1578 3516 2023 3589 quemadmodum
2050 3515 2165 3571 elo-

580 3633 764 3710 quium
794 3626 886 3688 Dei
913 3626 966 3686 in
997 3634 1178 3683 nostra
1219 3617 1468 3676 felicitate
1514 3612 1663 3710 tollat
1708 3611 1861 3666 nobis
1901 3608 2165 3710 securita-

581 3700 686 3786 tem
719 3748 732 3784 :
766 3725 959 3782 Servite
984 3764 998 3788 ,
1028 3718 1235 3788 inquit,
1266 3711 1487 3766 Domino
1525 3702 1579 3761 in
1611 3700 1788 3760 timore
1808 3746 1824 3770 ,
1853 3709 1899 3759 et
1922 3700 2167 3758 exsultat:

581 3824 626 3875 ei
650 3836 762 3874 cunt
796 3827 1007 3869 tremore
1047 3810 1066 3878 (
1094 3804 1237 3861 Psai.
1267 3819 1304 3858 ιι
1330 3842 1346 3870 ,
1392 3800 1453 3855 il
1488 3799 1529 3870 ).
1574 3796 1633 3852 In
1678 3790 2027 3851 exsultatione
2051 3834 2066 3857 ,
2108 3804 2165 3847 ut

582 3913 778 3985 gratias
804 3918 1057 3977 agamus;
1087 3902 1138 3954 in
1168 3907 1399 3953 tremore
1423 3935 1440 3958 ,
1470 3907 1538 3947 ne
1578 3889 1850 3946 cadamus.
1894 3888 2005 3985 [loc
2026 3896 2165 3985 μηρο-

583 3974 758 4057 istum
802 3974 907 4051 non
947 3988 1070 4048 fecit
1105 3986 1266 4044 David
1291 4027 1306 4050 ,
1350 3998 1471 4039 cum
1514 3988 1909 4051 persecutorem
1950 3974 2163 4033 Saillem

584 4074 872 4169 pateretur.
903 4082 1126 4155 Quando
1169 4076 1341 4134 David.
1376 4081 1591 4130 sanctus
1629 4070 1843 4125 Saﬁlem
1892 4069 2163 4171 inimicum

586 4158 881 4258 patiebatur
908 4222 922 4242 ,
952 4171 1163 4245 quando
1193 4169 1333 4223 illius
1359 4161 1820 4258 persecutionibus
1845 4158 2161 4258 agitabatur,

584 4248 796 4350 quando
828 4286 919 4340 per
945 4262 1151 4321 diversa
1184 4256 1414 4329 fugiebat
1444 4268 1509 4308 ne
1533 4253 1596 4350 ιιι
1611 4266 1797 4350 manus
1823 4250 1939 4319 ejus
1965 4248 2161 4350 incide-

585 4339 757 4438 ret“
791 4339 917 4432 Reg.
970 4368 1113 4419 xxrv,
1157 4350 1227 4437 5,
1270 4358 1317 4403 et
1361 4360 1484 4401 XXVI
1512 4386 1527 4409 ,
1568 4339 1683 4438 9‘),
1714 4346 1819 4438 non
1863 4340 2166 4438 confupiv-h

585 4422 811 4514 alienam
837 4422 985 4519 ,vthll
1013 4432 1305 4509 adulterata
1328 4453 1491 4494 uxore
1521 4430 1713 4489 oecidit
1740 4433 1928 4489 virum.
1955 4422 2083 4486 Erat
2112 4432 2164 4487 in

589 4550 894 4608 infirmitate
922 4536 1276 4598 tribulationis
1300 4549 1409 4587 sua:
1442 4539 1588 4585 tanto
1614 4530 1668 4584 in
1700 4528 1864 4583 Deum
1892 4526 2163 4593 intentior,

574 4614 786 4712 (quanto
813 4631 1056 4688 miserior
1082 4626 1378 4681 videbatur.
1400 4620 1543 4676 Utile
1565 4616 1813 4688 quiddam
1840 4616 2167 4712 estgtribula-

591 4709 667 4791 tio
691 4751 707 4797 ;
738 4728 869 4784 utile
894 4720 1084 4779 medici
1110 4721 1491 4774 ferramentum
1518 4755 1532 4777 ,
1560 4727 1719 4782 quam
1754 4709 1947 4766 diaboli
1990 4720 2165 4765 tema-

590 4831 825 4879 mentmn
851 4819 894 4869 ’.
920 4814 1107 4868 Factus
1127 4818 1208 4865 est
1232 4821 1450 4862 securus
1469 4803 1690 4858 devictis
1712 4802 1953 4856 hostibus
1971 4841 1987 4867 ,
2016 4816 2167 4870 pres-

591 4929 716 4973 sura
745 4908 955 4972 caruit,
987 4914 1162 4957 tumor
1190 4896 1443 4954 excrevit.
1475 4892 1626 4949 Valet
1668 4909 1796 4961 ergo
1833 4892 1933 4946 hoc
1980 4907 2166 4947 exem-

592 5007 735 5077 plum
766 4999 831 5054 ad
862 4997 915 5051 id
944 5037 960 5062 ,
989 5002 1047 5047 ut
1073 4992 1351 5046 timeamus
1380 4985 1699 5040 felicitatem.
1730 4981 2164 5077 ΤνὶιηιιαιίοηεηιἼ

591 5071 762 5164 inquit
789 5131 803 5154 ,
832 5096 877 5142 et
905 5084 1130 5138 dolorem
1164 5078 1325 5133 inveni
1346 5119 1359 5143 ,
1400 5085 1446 5129 et
1487 5090 1666 5129 nomen
1706 5071 1909 5125 Domini
1945 5071 2168 5126 invocavi

592 5190 611 5256 (
645 5182 790 5241 Psal.
819 5193 963 5243 cxtv,
990 5175 1044 5241 5,
1074 5172 1170 5243 4).
1266 5234 1267 5237 η

664 5279 718 5334 5.
758 5272 864 5330 Sed
892 5272 1085 5323 factum
1114 5271 1198 5319 est
1226 5279 1239 5315 :
1272 5259 1500 5315 dixerim
1529 5257 1645 5323 inec
1672 5255 1750 5311 eis
1777 5257 1864 5326 qui
1894 5270 1997 5310 non
2025 5270 2169 5310 com-

593 5372 853 5426 miserunt
880 5404 894 5424 .
927 5368 984 5415 ul.
1009 5356 1228 5427 vigilent
1274 5350 1544 5407 custodire
1584 5348 1937 5418 integritatem
1975 5362 2124 5400 suam
2151 5386 2167 5411 ,

593 5471 647 5516 et
675 5473 794 5512 cum
823 5450 1103 5507 attendunt
1129 5458 1374 5513 magnum
1401 5440 1658 5496 cecidisse
1680 5481 1694 5501 ,
1743 5439 1886 5509 parvi
1927 5439 2167 5493 timeant.

598 5549 653 5604 Si
675 5560 803 5602 vero
826 5540 1016 5611 aliquis
1037 5538 1147 5607 jam
1181 5536 1359 5602 lapsus
1389 5531 1502 5627 base
1542 5528 1727 5596 audit,
1776 5538 1831 5583 et
1877 5527 2075 5599 aliquid
2118 5529 2172 5583 in

614 5742 617 5745 η
666 5698 681 5728 τ
712 5678 1598 5759 ﬁc'Pl‘wsmﬁo’es.“l5§:515911.59
1619 5680 1941 5759 9595979;

574 5742 617 5786 κ’
638 5762 685 5793 λθ
713 5742 908 5807 itas.
947 5746 999 5799 At
1031 5757 1124 5806 Ετ..
1160 5751 1385 5801 tramitem
1418 5749 1585 5790 contra
1609 5742 1786 5792 diaboli
1815 5746 2166 5793 trnta‘mentum.

595 5806 728 5884 ιον..
744 5806 968 5891 languent
984 5806 1167 5883 diaboli.
1180 5808 1533 5857 wntwttemtmt.

918 5894 971 5928 μζ
1042 5900 1193 5949 ...ιδ

1816 408 1870 464 s.
1914 402 2275 463 AUGUSTINI
2315 405 2618 462 EPISCOPI
2667 384 2671 389 ’

3732 412 3837 469 5S8

2260 520 2581 572 conscientia
2599 520 2720 573 mali
2741 528 2927 575 tenens
2950 537 2964 586 ;
2987 518 3148 575 verba
3175 520 3361 590 psalmi
3385 520 3540 594 hujus
3559 523 3833 581 advertat:

2259 607 2496 663 attendat
2542 608 2755 679 quidem
2789 611 3031 666 'vulneris
3075 610 3528 682 magnitudinem,
3578 616 3671 669 sed
3726 634 3830 672 non

2260 696 2508 768 desperet
2534 700 2721 755 medici
2747 701 3100 771 majes’tatem.
3130 704 3408 759 Peccatum
3437 719 3557 760 cum
3585 706 3835 777 despera-

2260 789 2403 845 tione
2426 831 2443 857 ,
2471 801 2613 846 certa
2640 806 2804 847 mors.
2835 792 3001 849 Nemo
3024 808 3153 865 ergo
3175 794 3356 865 dicat,
3394 796 3451 853 Si
3479 796 3599 868 iam
3633 799 3832 870 aliquid

2260 881 2385 935 mali
2411 880 2509 936 fisci
2536 923 2550 946 ,
2574 881 2683 952 jam
2707 883 3039 939 damnandus
3065 898 3180 939 sum
3213 903 3227 940 :
3269 885 3412 942 Deus
3454 889 3605 942 malis
3647 890 3836 947 talibus

2262 990 2365 1029 non
2392 976 2654 1044 ignoscit,
2687 981 2784 1032 cur
2812 992 2917 1033 non
2946 978 3085 1033 addo
3113 989 3324 1049 peccata
3354 984 3619 1052 peccatis?
3670 983 3836 1041 Fruar

2262 1064 2363 1119 hoc
2388 1065 2584 1120 sarctdo
2618 1068 2669 1122 in
2712 1067 2983 1137 voluptate
3006 1109 3020 1133 ,
3068 1070 3119 1124 in
3159 1068 3370 1125 lascivia
3397 1113 3411 1138 ,
3452 1073 3513 1127 in
3551 1075 3836 1144 cupiditate

2264 1155 2461 1211 nefaria
2492 1174 2505 1213 :
2530 1157 2637 1226 jam
2666 1158 2869 1237 perdita
2896 1166 2992 1229 spe
3031 1161 3383 1230 reparationis
3405 1204 3420 1227 ,
3460 1163 3544 1217 vel
3590 1164 3693 1219 hoc
3730 1155 3835 1219 ha-

2261 1247 2413 1302 beam
2436 1248 2573 1318 quod
2597 1249 2749 1304 video
2769 1291 2785 1317 ,
2813 1251 2857 1305 si
2887 1267 2992 1304 non
3026 1267 3236 1320 possum
3265 1251 3463 1308 habere
3490 1254 3626 1324 quod
3653 1251 3832 1311 credo.

2261 1337 2365 1392 lste
2396 1352 2521 1408 ergo
2553 1339 2785 1408 psalmus
2813 1382 2827 1405 ,
2857 1342 2991 1395 sicut
3014 1351 3200 1396 cautos
3229 1341 3353 1397 facit
3377 1359 3470 1398 eos
3496 1346 3583 1414 qni
3612 1361 3720 1401 non
3746 1352 3835 1400 ce-

2261 1426 2503 1482 ciderunt
2529 1470 2545 1494 ,
2593 1430 2671 1484 sic
2711 1431 3022 1500 desperatos
3062 1446 3179 1487 esse
3213 1448 3317 1487 non
3355 1435 3466 1488 vult
3502 1436 3589 1504 qui
3629 1437 3837 1491 cecide-

2262 1526 2388 1573 runt
2413 1521 2452 1572 ⁸.
2480 1519 2728 1589 Quisquis
2754 1522 2981 1590 peccaSti
3006 1563 3022 1587 ,
3050 1530 3105 1577 et
3137 1522 3347 1578 dubitas
3384 1541 3541 1595 agere
3578 1526 3837 1595 poeniten-

2264 1607 2390 1662 tiam
2444 1623 2542 1679 pro
2597 1616 2814 1680 peccato
2864 1618 2955 1666 tuo
2998 1612 3328 1683 desperando
3377 1617 3600 1671 salutem
3653 1626 3832 1681 tuam,

2262 1701 2386 1755 audi
2417 1701 2579 1757 David
2598 1706 2923 1771 gementem.
2965 1704 3046 1760 Ad
3095 1714 3147 1762 te
3190 1706 3393 1762 Nathan
3433 1709 3692 1780 propheta
3737 1726 3836 1765 non

2264 1800 2347 1845 est
2376 1791 2571 1846 missus
2595 1835 2610 1857 ,
2641 1793 2754 1862 ipse
2781 1793 2944 1848 David
2986 1794 3052 1849 ad
3097 1806 3148 1851 te
3186 1799 3389 1853 missus
3421 1807 3521 1853 est.
3552 1799 3691 1854 Audi
3718 1816 3836 1856 eum

2265 1880 2581 1940 clamantem
2611 1925 2627 1952 ,
2675 1890 2730 1939 e’t
2772 1887 2927 1962 simul
2979 1887 3189 1953 clama;
3236 1884 3357 1943 audi
3406 1900 3747 1962 gementem,
3788 1888 3840 1946 et

2262 1976 2639 2043 'congemisce;
2671 1976 2792 2030 abdi
2820 1961 3031 2032 ﬂentem
3056 2018 3072 2045 ,
3112 1982 3166 2034 et
3205 1979 3464 2051 lacrymas
3496 1976 3695 2053 iunge;
3723 1970 3839 2039 audi

2267 2076 2566 2121 correctum
2595 2110 2610 2133 ,
2640 2067 2695 2123 e‘t
2721 2068 3109 2125 condelectare.
3135 2071 3192 2126 Si
3221 2071 3312 2125 tibi
3342 2087 3444 2126 non
3481 2074 3652 2143 potuit
3680 2074 3841 2129 inter.

2267 2152 2406 2213 cludi
2431 2171 2701 2229 peccatum
2728 2203 2743 2227 ,
2775 2166 3207 2231 spes'veniainon
3226 2162 3624 2220 intercludatur.
3657 2161 3842 2220 Missus

2268 2246 2439 2303 estad
2472 2252 2626 2305 istum
2656 2251 2825 2307 virum
2862 2240 3077 2308 Natban
3117 2244 3369 2324 prophe'a
3403 2273 3417 2309 :
3458 2250 3843 2326 attendercgis

2261 2329 2622 2395 humilitatem
2648 2344 2690 2396 ⁸.
2719 2343 2832 2398 Non
2862 2347 3065 2415 respuit
3104 2347 3265 2402 verba
3307 2350 3663 2418 praecipientis
3687 2392 3702 2413 ,
3743 2366 3841 2405 non

2269 2430 2403 2484 dixit
2426 2473 2441 2497 ,
2469 2432 2648 2487 Audes
2674 2435 2800 2488 mihi
2830 2436 2972 2506 loqui
3000 2437 3156 2508 regi?
3201 2438 3313 2492 Rex
3345 2440 3587 2495 sublimis
3612 2441 3845 2511 PrOphe-

2260 2518 2377 2609 tam
2403 2525 2636 2591 audivit;
2670 2526 2820 2597 plebs
2846 2528 2961 2607 ejus
2996 2528 3212 2584 humilis
3237 2529 3506 2585 Christum
3537 2532 3741 2609 audiat.

2260 2600 2265 2613 ’
2340 2612 2392 2671 6.
2435 2614 2602 2689 [vei-s.
2630 2616 2731 2690 5.]
2771 2604 2908 2674 Audi
2957 2634 3085 2690 ergo
3128 2620 3283 2688 haec,
3327 2631 3383 2677 et
3417 2622 3505 2676 die
3544 2603 3669 2676 cum
3717 2616 3843 2677 illo:

2271 2694 2511 2762 Miserere
2537 2710 2632 2762 mei
2651 2751 2666 2775 ,
2694 2695 2861 2777 Deus,
2888 2702 3164 2765 secundum
3189 2718 3425 2785 magnam
3453 2715 3844 2768 misericordiam

2269 2807 2427 2852 tuam.
2455 2798 2554 2867 Qui
2583 2790 2824 2870 magnam
2866 2790 3283 2858 misericordiam
3326 2802 3648 2873 deprecatur
3669 2844 3686 2871 ,
3735 2821 3846 2860 ma-

2269 2904 2426 2961 gnam
2458 2892 2725 2947 iniseriam
2763 2892 3065 2948 confitetur.
3103 2894 3353 2962 Qnmra‘nt
3380 2911 3598 2966 parvam
3638 2897 3845 2952 miscri-

2268 2977 2503 3035 cordiam
2531 2992 2672 3036 tuam
2694 3018 2709 3046 ,
2738 2983 2827 3054 qui
2854 2984 3141 3040 nesciendo
3163 2998 3546 3055 peccaverunt:
3577 2989 3844 3053 Miserere.

2270 3069 2473 3140 inquit,
2506 3072 2638 3138 mei,
2674 3074 2946 3128 secundum
2984 3092 3221 3146 magnam
3264 3078 3655 3133 misericordiam
3691 3091 3844 3135 tuam.

2269 3161 2497 3218 Subveni
2526 3166 2669 3234 gravi
2699 3167 2900 3220 vulneri
2937 3166 3227 3221 secundum
3254 3184 3500 3239 magnam
3524 3171 3845 3228 medicinam

2271 3264 2433 3307 tuam.
2483 3254 2656 3310 Grave
2696 3265 2777 3310 cst
2815 3256 2957 3327 quod
2996 3258 3208 3325 habeo,
3251 3260 3346 3315 sed
3388 3260 3456 3315 ad
3498 3260 3846 3330 Omnipoten-

2270 3353 2376 3400 tem
2403 3347 2670 3417 confugio.
2707 3348 2781 3401 De
2826 3364 2948 3404 meo
2997 3357 3101 3404 tam
3151 3351 3335 3406 lethali
3384 3352 3606 3407 vulnere
3654 3352 3847 3423 despe-

2268 3453 2482 3501 rarem,
2531 3438 2634 3492 nisi
2683 3449 2885 3494 tantum
2934 3440 3198 3496 medicum
3252 3443 3560 3513 reperirem.
3610 3437 3847 3498 Miserere

2267 3530 2402 3597 mei,
2434 3528 2574 3584 Deus
2597 3572 2611 3595 ,
2637 3532 2914 3585 secundum
2961 3544 3194 3602 magnam
3231 3536 3627 3590 misericordiam
3663 3545 3802 3590 tuam
3829 3553 3845 3590 :

2266 3629 2315 3674 et
2378 3621 2650 3676 secundum
2726 3623 3096 3679 multitudinem
3157 3626 3535 3681 miser-alienum
3598 3637 3801 3682 tuarum
3827 3667 3845 3692 ,

2267 3714 2377 3771 dele
2422 3716 2734 3787 iniquitatem
2778 3732 2961 3770 meam.
3010 3716 3162 3784 Quod
3210 3718 3326 3784 ait,
3377 3718 3488 3771 dele
3535 3720 3849 3788 iniquitatem

2266 3825 2427 3862 vneam
2449 3851 2465 3873 ,
2497 3811 2599 3864 hoc
2622 3819 2704 3865 est
2727 3852 2742 3876 ,
2782 3812 3012 3865 miserere
3052 3809 3150 3866 mei
3172 3851 3188 3873 ,
3237 3807 3388 3866 Deus.
3436 3808 3501 3864 Et
3538 3808 3681 3883 quod
3734 3811 3808 3867 ait
3830 3850 3846 3879 ,

2265 3901 2538 3954 secundum
2601 3903 2971 3955 multitudinem
3023 3903 3400 3957 miserationem
3445 3914 3647 3958 tuarum
3673 3946 3691 3970 ,
3749 3905 3851 3960 hoc

2266 4002 2385 4057 est,
2454 3984 2726 4047 secundum
2773 4010 3007 4064 magnam
3057 3995 3449 4048 misericordiam
3473 4031 3479 4036 ι
3501 4006 3661 4050 tuam.
3718 3997 3850 4065 Qui:

2268 4097 2456 4152 magna
2493 4092 2576 4137 est
2610 4083 2968 4137 misericordia
2994 4123 3010 4148 ,
3050 4085 3230 4139 multa:
3258 4094 3385 4139 sunt
3422 4086 3846 4152 misericordiae;

2267 4181 2321 4226 et
2363 4173 2427 4226 de
2475 4189 2662 4245 magna
2709 4174 3071 4229 misericordia
3114 4182 3234 4252 tua,
3291 4178 3468 4229 mulce
3513 4186 3637 4230 sunt.
3686 4179 3852 4233 mise-

2266 4264 2501 4317 rationes
2555 4273 2677 4318 tuae.
2726 4264 2970 4318 Attendis
3016 4274 3412 4335 contemptores
3463 4275 3521 4320 ut
3568 4268 3848 4337 corrigas,

2264 4356 2498 4411 attendis
2541 4356 2837 4411 nescieutes
2884 4366 2941 4410 ut
2999 4355 3193 4412 doceas
3219 4396 3234 4421 ,
3298 4358 3527 4412 attendis
3584 4361 3852 4414 conititu-

2270 4456 2350 4502 tes
2395 4457 2451 4500 ut
2488 4448 2749 4517 ignoscas.
2793 4447 2943 4502 Fecit
2986 4448 3088 4502 hoc
3122 4450 3410 4504 nesciens?
3447 4450 3674 4516 Quidam
3713 4452 3853 4507 feet-

2267 4549 2353 4595 rat
2378 4540 2551 4608 aliqua
2571 4576 2587 4606 ,
2615 4548 2671 4594 el.
2693 4540 2853 4594 multa
2882 4541 3016 4594 mala
3048 4539 3280 4603 fecerat;
3305 4541 3747 4605 Misericordia»,
3775 4543 3853 4597 in-

2268 4634 2420 4702 quit,
2447 4641 2738 4688 consecutus
2767 4648 2880 4687 sum
2902 4673 2917 4697 ,
2957 4634 3076 4701 quia
3099 4633 3337 4701 ignorans
3362 4634 3458 4703 feci
3485 4635 3536 4687 in
3569 4634 3853 4689 increduli-

2270 4724 2449 4795 tate(l
2481 4723 2611 4777 Tim.
2640 4740 2692 4787 ι,
2741 4724 2807 4777 13
2832 4723 2869 4793 ).
2918 4724 3019 4778 Iste
3065 4724 3224 4777 David
3263 4739 3368 4778 nou
3411 4734 3590 4793 posset
3624 4724 3850 4791 dicere,

2268 4814 2522 4886 Ignorans
2551 4815 2667 4885 feci.
2703 4813 2816 4868 Non
2840 4814 2982 4868 enim
3013 4813 3287 4883 ignorabat
3322 4823 3575 4883 quantum
3606 4815 3740 4870 mali
3760 4829 3854 4870 es-

2270 4915 2353 4960 set
2377 4906 2727 4961 contrectatio
2749 4903 2989 4973 conjugis
3012 4904 3199 4958 alienas
3220 4942 3238 4968 ,
3268 4912 3324 4958 et
3358 4915 3617 4973 quttntum
3649 4906 3857 4959 malum

2271 5006 2411 5052 esset
2434 4995 2732 5050 interfectio
2757 4994 2935 5048 mariti
2960 4993 3282 5060 nescientis,
3309 5005 3364 5049 et
3392 5010 3490 5050 nec
3512 4995 3707 5049 saltem
3746 4997 3857 5050 ira-
3886 5024 3911 5080 ,ι

2271 5086 2489 5143 scentis.
2537 5085 2947 5154 Consequuntur
2993 5098 3120 5151 ergo
3171 5083 3585 5140 misericordiam
3642 5085 3902 5141 Domini‘

2271 5178 2359 5246 qui
2386 5179 2687 5247 ignorantes
2718 5177 2991 5238 fecerunt;
3021 5183 3077 5227 et.
3102 5174 3192 5244 qui
3222 5176 3453 5231 scientes
3472 5192 3493 5240 ,
3514 5189 3858 5245 culmum-

2273 5278 2360 5323 tur
2386 5282 2489 5322 non
2539 5266 2886 5336 qualemlibet
2934 5263 3396 5331 miscricordiam,
3445 5254 3565 5321 sed.
3602 5281 3860 5338 unguunt

2272 5358 2627 5414 misericordia
2638 5373 2686 5412 m
2695 5397 2708 5411 .
2892 5394 2901 5403 .
3368 5412 3373 5417 _

2345 5451 2397 5505 7.
2428 5450 2576 5520 [uers.
2607 5448 2686 5521 4.]
2734 5447 2900 5519 Magis
2924 5450 3181 5518 magisque
3221 5448 3336 5504 im
3388 5464 3469 5502 me
3501 5449 3567 5503 ab
3600 5450 3865 5518 injusﬂna

2273 5557 2402 5596 mea.
2427 5539 2565 5606 Quid
2587 5548 2690 5603 est,
2722 5538 2891 5609 Magis
2918 5539 3173 5609 magisque
3202 5540 3315 5593 tm
3336 5540 3363 5593 2
3415 5538 3634 5594 Multum
3670 5541 3864 5611 iuan-

2338 5677 2355 5742 ξ
2391 5682 2567 5742 Decem
2582 5680 2711 5732 Mss,
2734 5672 2802 5724 ita
2823 5671 2965 5742 erigit
2983 5684 3062 5722 eos
3081 5672 3166 5742 qui
3185 5672 3479 5742 ceciderunt.

2276 5739 2377 5850 κζ
2392 5738 2613 5849 Nerua):
2647 5743 2771 5786 uss;
2793 5733 2990 5787 Attende
3018 5733 3155 5799 regni
3185 5733 3473 5799 superbiant.
3495 5739 3629 5784 Duo:
3654 5735 3865 5786 astante

2381 5810 2495 5861 aper
2600 5833 2613 5847 .
