4042 6476
222 538 421 586 natum.
470 523 639 597 Magis
689 522 961 596 magisque
1006 522 1122 581 lava
1164 530 1381 595 peccata
1424 522 1666 589 scientis,
1707 523 1797 593 qui

222 620 428 675 abluisti
479 627 697 689 peccata
727 611 1035 689 ignorantis.
1062 615 1171 672 Nec
1204 615 1281 671 sic
1306 613 1709 686 desperandum
1734 614 1803 671 de

224 708 587 781 misericordia
631 720 738 764 tua.
796 707 864 763 Et
894 724 927 761 a
973 708 1154 762 delicto
1192 719 1299 761 meo
1339 705 1528 760 munda
1566 722 1662 760 me.
1689 702 1807 773 Quo

222 801 447 857 merito?
464 799 700 855 Medicus
720 808 822 862 est,
853 798 988 854 oll‘er
1005 798 1302 853 mercedem
1334 815 1347 851 :
1380 794 1520 852 Deus
1538 806 1641 865 est,
1668 796 1804 851 alter

219 893 561 949 sacriﬁcium.
610 891 748 960 Quid
793 889 945 946 dabis
996 900 1052 945 ut
1100 886 1410 945 munderis?
1475 886 1610 943 Vide
1660 886 1805 943 enim

220 998 375 1054 quem
400 984 653 1049 invoces;
691 983 893 1053 jllslltlll
926 983 1142 1037 invocas
1172 999 1185 1035 :
1215 980 1324 1035 odit
1357 987 1595 1050 peccata,
1626 977 1671 1034 si
1711 976 1806 1049 ju-

218 1087 329 1130 stus
354 1083 470 1141 est;
501 1074 735 1130 vindicat
763 1074 814 1149 in
846 1085 1081 1143 peccata,
1124 1071 1369 1142 sijustus
1397 1078 1519 1136 est;
1559 1084 1664 1124 non
1706 1082 1805 1139 po-

220 1167 346 1223 teris
380 1166 598 1242 auferre
626 1182 656 1221 a
689 1166 914 1222 Domino
958 1166 1067 1220 Deo
1100 1163 1360 1235 justitiam
1397 1162 1533 1233 ejus.
1577 1159 1807 1232 lntplora

218 1256 670 1324 miscricordiam,
711 1257 805 1312 sed
847 1254 1065 1311 attende
1103 1253 1362 1323 justitiam
1395 1269 1409 1306 :
1441 1249 1806 1307 misericordia

219 1357 298 1403 est
324 1358 380 1402 ut
402 1348 644 1417 ignoscat
680 1346 938 1417 peccanti,
976 1345 1180 1416 justitia
1202 1352 1285 1398 est
1312 1348 1368 1397 ut
1393 1342 1576 1413 puniat
1613 1354 1805 1411 pecea-

218 1448 352 1495 tum.
401 1438 543 1507 Quid
567 1437 737 1511 ergo?
782 1430 989 1505 Qumris
1035 1434 1476 1501 misericordiam,
1524 1442 1803 1505 peccatum

217 1528 538 1598 impunitum
580 1527 909 1583 remanebit?
936 1525 1292 1598 Responderit
1328 1524 1512 1590 David,
1582 1538 1806 1594 respon—

218 1604 394 1674 derint
420 1619 578 1688 lapsi,
638 1617 1011 1688 responderint
1056 1598 1176 1672 cum
1224 1615 1424 1682 David,
1476 1624 1534 1668 ut
1578 1613 1797 1669 miseri-

216 1710 454 1765 cordiam
505 1718 811 1766 mereantur
864 1709 1004 1765 sicut
1062 1706 1244 1771 David,
1296 1716 1352 1763 et
1422 1705 1633 1771 dicant,
1686 1704 1803 1761 Non

217 1800 465 1868 Domine,
510 1815 619 1857 non
644 1802 749 1857 erit
773 1800 1090 1870 impunitum
1128 1806 1400 1868 peccatum
1432 1812 1609 1852 meum
1637 1813 1650 1849 ε
1682 1795 1804 1851 novi

212 1893 471 1964 justitiam
495 1895 647 1965 ejus,
677 1893 1030 1964 cujusquer
1054 1888 1474 1946 misericordiam
1502 1906 1516 1941 :
1550 1900 1658 1942 non
1703 1884 1805 1943 im-

214 1986 459 2055 punitum
489 1986 613 2052 erit,
657 1983 751 2039 sed
777 1984 896 2040 ideo
930 1982 1054 2037 nolo
1103 1989 1161 2036 ut
1197 1991 1251 2035 tu
1291 1994 1376 2035 me
1423 1979 1631 2050 punias,
1679 1977 1803 2049 quia

216 2090 315 2148 ego
347 2086 625 2148 peccatum
654 2091 833 2132 meum
864 2075 1060 2146 punio;
1110 2072 1230 2129 ideo
1275 2081 1401 2144 pcto
1440 2080 1498 2126 ut
1532 2070 1800 2141 ignoscas,

216 2166 336 2237 quia
361 2182 464 2237 ego
487 2182 740 2238 agnosco.

280 2256 643 2331 8..[uers.
691 2258 941 2326 Quoniam
962 2253 1273 2329 iniquitatem
1314 2271 1477 2309 meant
1511 2271 1601 2327 ego
1643 2270 1803 2327 agno-

214 2365 316 2415 sco,
350 2359 397 2403 et
426 2350 667 2404 delictum
693 2366 856 2404 meum
881 2366 1053 2403 coram
1090 2364 1168 2401 nte
1206 2356 1277 2402 est
1310 2361 1528 2416 semper.
1564 2342 1682 2400 Non
1708 2360 1804 2415 po-

215 2439 295 2494 sui
331 2449 451 2508 post
473 2439 695 2494 dorsum
724 2454 899 2495 meum
930 2437 1068 2508 quod
1108 2437 1232 2504 feci,
1280 2450 1386 2491 non
1428 2429 1639 2490 intueor
1667 2433 1801 2489 alios

216 2529 411 2584 oblitus
426 2529 555 2596 mei,
586 2546 690 2583 non
716 2528 907 2584 allecto
927 2527 1172 2597 stipulam
1195 2526 1392 2597 ejicere
1418 2525 1486 2581 de
1511 2525 1667 2581 oculo
1689 2523 1801 2579 fra-

217 2619 308 2673 tris
333 2619 460 2686 mei,
487 2634 609 2673 cum
640 2619 711 2673 sit
731 2618 907 2674 trabes
942 2618 995 2672 in
1020 2618 1176 2672 oculo
1203 2634 1323 2672 tneo
1346 2614 1557 2690 (Matth.
1581 2631 1674 2682 vn,
1699 2610 1752 2688 3)
1782 2633 1797 2670 :

216 2718 491 2777 peccatum
520 2724 700 2763 meum
725 2717 846 2763 ante
864 2723 948 2763 me
971 2718 1073 2773 est,
1093 2723 1199 2762 non
1225 2716 1343 2778 post
1368 2722 1471 2762 me.
1505 2704 1631 2761 Fuit
1655 2706 1798 2761 enim

216 2808 333 2867 post
371 2815 461 2854 me
488 2798 701 2869 quando
729 2798 797 2853 ad
827 2812 912 2853 me
942 2797 1134 2852 missus
1165 2809 1248 2851 est
1296 2796 1588 2868 PrOpheta,
1629 2806 1686 2851 et
1730 2795 1801 2852 de

214 2904 309 2945 ore
344 2890 595 2960 pauperis
620 2888 1018 2946 similitudinem
1047 2887 1177 2942 mihi
1214 2887 1507 2958 proposuit.
1541 2886 1632 2942 Ait
1654 2886 1800 2941 enim

213 2972 414 3036 Nathan
441 2980 702 3052 propheta
730 2977 795 3036 ad
822 2980 988 3035 David
1019 2998 1032 3034 :
1064 2976 1194 3034 Erat
1216 2978 1351 3032 dives
1371 2978 1580 3049 quidam
1609 2977 1799 3032 habens

215 3075 457 3145 plurimas
475 3090 589 3128 oves
610 3091 629 3139 ;
657 3087 851 3145 pauper
870 3075 1037 3127 autent
1060 3066 1252 3125 vicinus
1272 3066 1385 3141 ejus
1407 3069 1618 3125 habebat
1644 3084 1800 3127 unum

214 3166 479 3232 aniculam,
511 3182 665 3236 quant
686 3166 738 3219 in
765 3165 880 3219 sinu
916 3181 1009 3219 suo
1044 3173 1091 3219 et
1131 3162 1194 3218 de
1216 3180 1310 3218 suo
1346 3156 1455 3218 cibo
1500 3160 1749 3220 nutriebat
1775 3180 1800 3222 :

213 3259 338 3312 venit
366 3259 550 3327 hospes
589 3257 729 3311 diviti
753 3273 771 3321 ε
805 3258 932 3311 nihil
962 3249 1025 3311 de
1059 3270 1211 3329 grege
1246 3273 1339 3312 suo
1368 3255 1595 3324 abstulit,
1625 3259 1799 3312 ovicu-

212 3342 310 3401 lam
330 3348 480 3401 ricini
499 3348 737 3418 pauperis
769 3339 1071 3417 concupivit,
1098 3349 1263 3418 ipsum
1293 3361 1387 3400 suo
1424 3346 1613 3418 hospiti
1656 3344 1795 3403 occl-

213 3434 281 3493 dit
306 3426 341 3494 τ’
357 3439 479 3508 quid
495 3439 678 3511 dignus
701 3439 808 3494 est?
827 3436 893 3493 At
913 3436 1004 3493 ille
1028 3435 1227 3508 profert
1253 3437 1421 3492 iratus
1440 3439 1758 3493 sententiam
1778 3456 1792 3493 :

213 3530 365 3600 plane
404 3540 537 3586 tunc
572 3546 665 3586 rex
696 3530 941 3585 nesciens
971 3529 1054 3584 ubi
1078 3537 1262 3599 captus
1287 3537 1432 3583 esset
1452 3527 1496 3593 ‘,
1519 3536 1691 3584 morte
1710 3527 1795 3583 di-

212 3636 371 3694 gnum
396 3624 622 3679 divitem
651 3623 810 3689 dixit,
852 3632 905 3678 et
932 3636 1088 3677 ovem
1118 3613 1443 3676 reddendam
1476 3620 1529 3675 in
1556 3619 1796 3691 quadrua-

212 3716 357 3786 plum
379 3716 444 3789 (ll
473 3713 605 3788 Reg.
637 3731 733 3780 xu,
753 3713 899 3784 2-6).
928 3713 1279 3770 Severissitne
1298 3721 1457 3782 atque
1474 3711 1791 3781 justissime.

211 3808 308 3869 Sed
340 3817 618 3879 peccatum
641 3806 756 3878 ejus
786 3805 1019 3863 nondum
1048 3815 1165 3861 erat
1188 3820 1368 3860 coram
1396 3819 1484 3871 eo,
1522 3816 1639 3876 post
1662 3804 1793 3860 dor-

212 3913 323 3955 um
364 3910 482 3955 erat
523 3897 667 3970 quod
716 3896 1133 3965 feceratzsuam
1175 3895 1506 3967 iniquitatem
1554 3895 1792 3952 nondum

212 3989 550 4059 agnoscebat,
582 3997 640 4045 et
669 3987 789 4043 ideo
810 3988 998 4043 alienae
1023 4002 1131 4042 non
1161 3986 1489 4058 ignoscebat.
1519 3985 1622 4042 Sed
1654 3981 1791 4043 Pro-

211 4079 368 4149 pheta
394 4077 460 4133 ad
498 4079 601 4134 hoc
638 4079 852 4142 missus,
878 4076 1098 4132 abstulit
1125 4093 1154 4131 a
1183 4075 1345 4134 dorso
1390 4084 1688 4147 peccatum,
1737 4087 1795 4135 et

210 4181 331 4227 ante
360 4172 544 4227 oculos
569 4172 765 4243 posuit,
808 4179 871 4224 ut
889 4164 1097 4225 videret
1131 4168 1276 4223 illam
1313 4163 1631 4225 Sententiam
1685 4180 1791 4227 tam

210 4278 446 4321 severam
472 4264 527 4318 in
554 4279 614 4318 se
636 4277 757 4318 esse
777 4248 1059 4333 prolatam.
1094 4261 1175 4317 Ad
1202 4256 1490 4316 secandum
1514 4271 1568 4316 et
1595 4276 1791 4318 sanan-

209 4356 330 4420 dum
354 4358 545 4413 vulnus
563 4354 743 4411 cordis
767 4355 906 4424 ejus,
954 4352 1338 4409 ferramentum
1369 4349 1492 4407 fecit
1516 4351 1584 4408 de
1612 4353 1789 4423 lingua

209 4449 340 4517 ejus.
368 4448 477 4504 Hoc
499 4447 626 4503 fecit
646 4447 903 4501 Dominus
921 4441 1142 4511 ludatis,
1165 4443 1379 4516 quando
1398 4443 1463 4497 ad
1490 4460 1609 4499 eum
1633 4445 1790 4500 adul-

210 4549 377 4596 teram
413 4541 692 4597 mulierem
730 4530 1091 4604 adduxerunt,
1140 4541 1500 4606 proponentcs
1542 4534 1789 4604 laqueum

208 4630 537 4697 tetttationis,
565 4638 620 4684 et
647 4630 699 4683 in
723 4627 774 4682 id
796 4627 936 4697 quod
963 4634 1351 4697 proposuerant
1375 4624 1694 4681 incidentes.
1723 4623 1790 4682 In

207 4720 472 4789 adulterio,
507 4720 772 4791 inquiunt,
805 4719 912 4774 Itarc
939 4718 1119 4772 mulier
1143 4717 1455 4788 deprehensa
1492 4727 1563 4772 est
1590 4733 1610 4772 :
1634 4716 1790 4790 Moy-

207 4826 281 4866 ses
307 4811 602 4881 ltujusmodi
622 4809 839 4881 lapidari
868 4809 1056 4878 iussit;
1088 4819 1141 4862 tu
1188 4809 1250 4862 de
1274 4807 1368 4862 illa
1410 4807 1535 4881 quid
1577 4809 1792 4865 censes?

208 4912 453 4974 tanquam
479 4894 684 4971 bicipiti
711 4896 1001 4971 muscipula
1043 4909 1309 4955 tentantes
1336 4915 1527 4969 capere
1554 4897 1789 4970 Sapien-

209 4997 329 5051 tiam
355 4995 471 5060 Dei,
513 5005 573 5050 ut
599 4995 645 5049 si
664 4993 877 5063 juberet
906 4991 1100 5059 occidi,
1133 4990 1380 5061 perderet
1414 4989 1786 5049 mansuetudi-

205 5089 286 5144 nis
313 5088 508 5144 famam
534 5103 551 5153 ;
581 5087 626 5142 si
642 5095 820 5141 autem
836 5066 1049 5156 juberet
1071 5083 1289 5149 dimitti,
1314 5083 1637 5151 incurreret,
1663 5092 1787 5141 tan-

204 5194 365 5249 quam
413 5179 773 5251 reprehensor
814 5174 966 5247 legis,
1019 5176 1336 5230 calumniam
1364 5175 1410 5228 ⁸.
1468 5174 1606 5242 Quid
1658 5191 1787 5246 ergo

202 5270 515 5339 respondit?
540 5261 655 5324 Non
682 5267 777 5334 ait,
802 5265 1038 5323 Occidile
1059 5283 1073 5331 ;
1096 5282 1201 5320 non
1231 5267 1324 5331 ait,
1355 5258 1615 5321 Dimittite
1645 5284 1658 5320 :
1689 5266 1785 5322 sed

201 5360 289 5424 ait,
330 5360 430 5427 Qui
450 5346 504 5415 se
527 5360 621 5415 scit
645 5358 754 5413 sine
786 5366 986 5427 peccato
1014 5373 1141 5422 esse,
1172 5358 1364 5427 primus
1390 5357 1442 5410 in
1465 5350 1608 5410 illam
1650 5357 1787 5425 lapi-

200 5446 507 5521 deutjciat.
534 5448 683 5506 Justa
718 5447 832 5511 lex,
877 5463 995 5518 qua:
1024 5446 1182 5517 jubet
1229 5443 1527 5501 adulteram
1569 5446 1780 5503 occidi:

199 5534 535 5594 sedlsmclex
559 5537 700 5608 justa
743 5537 1023 5591 ministros
1060 5536 1251 5591 habeat
1294 5536 1626 5593 innocentes.
1683 5540 1781 5593 At-

202 5629 414 5685 tenditis
435 5639 593 5701 quain
634 5612 918 5693 aildncitis,
967 5628 1228 5683 attendite
1273 5637 1328 5684 et
1364 5630 1454 5699 qui
1485 5629 1634 5685 estis.
1687 5627 1783 5683 lttt'

259 5741 281 5810 ξ
315 5738 483 5810 [lares
493 5737 851 5810 ιμ’,ρσριίυιιε
866 5744 1006 5810 esset.
1246 5774 1264 5799 ,
1287 5740 1500 5810 εᾳριίᾳω
1519 5746 1776 5810 ωιτη-σιω,

258 5801 281 5834 ³
311 5802 386 5867 Sic
403 5808 508 5853 Mss.
537 5802 658 5867 wn.
678 5800 799 5867 vero
817 5839 831 5859 ,
867 5800 1140 5867 incurreret
1172 5800 1512 5866 blaspizimimn
1553 5809 1780 5867 tanquam

198 5862 506 5927 reprehensor
530 5865 645 5929 legis
668 5861 1049 5915 caltmtniandus.
1274 5861 1284 5866 ’
1564 5884 1571 5891 ·

1394 408 1787 466 ΕΝᾹΒΠΑΤΚ)
1828 409 1891 468 IN
1930 410 2252 468 PSALMUM
2290 412 2355 470 [ι.

1914 526 2009 599 Ιιοο
2036 527 2229 595 audito,
2264 545 2394 585 unus
2433 541 2544 602 post
2577 532 2793 590 alterunt
2837 537 3186 597 discesserunt.
3234 540 3494 603 Itemansit

1912 616 2143 671 adultera
2169 628 2217 673 et
2246 617 2517 691 Dominus,
2547 625 2804 682 remansit
2831 631 3105 688 vulnerata
3130 645 3185 689 et
3220 639 3482 709 medicus,

1913 709 2169 763 remansit
2194 724 2382 781 magna
2410 713 2621 768 miseria
2655 726 2711 771 et
2740 732 2928 788 magna
2959 722 3341 783 misericordia.
3385 731 3497 787 Ad-

1913 794 2168 887 ducentcs
2185 796 2532 872 erubuerunt,
2559 812 2656 860 nec
2675 807 2881 863 Veniam
2912 815 3244 884 petiverunt;
3276 821 3493 881 tdducta

1912 888 2131 944 confusa
2175 902 2289 957 est,
2343 901 2401 949 et
2444 905 2650 951 sanata.
2705 899 2791 953 Ait
2830 899 2909 956 illi
2958 902 3488 982 Dontinus:llulier,

1913 993 2059 1033 nemo
2104 988 2151 1034 te
2182 982 2579 1041 condemnavit?
2616 986 2681 1042 Et
2717 990 2809 1044 illa
2851 1007 2870 1046 :
2908 991 3095 1063 Nemo,
3140 997 3374 1058 Domine.
3424 1005 3496 1061 Et

1912 1066 2001 1122 ille
2027 1084 2046 1123 :
2075 1067 2187 1164 Nec
2207 1089 2306 1164 ego
2334 1083 2381 1129 te
2407 1077 2789 1145 condemnabo;
2818 1082 2963 1151 vade,
2995 1085 3231 1163 deinceps
3245 1094 3360 1164 jam
3388 1097 3494 1152 noli

1913 1174 2121 1229 peccare
2163 1161 2343 1234 (Joau.
2383 1182 2498 1235 vnt,
2545 1170 2730 1242 6-11).
2769 1172 3039 1246 Numquid
3081 1159 3325 1240 Christus
3370 1184 3496 1244 fecit

1912 1261 2097 1343 contra
2125 1250 2295 1324 legem
2319 1266 2468 1314 suam
2489 1258 2513 1313 ἲ
2535 1260 2719 1333 Νοιιιια
2744 1266 2885 1320 enim
2912 1267 3072 1325 Pater
3099 1271 3215 1343 ejus
3243 1275 3358 1332 sine
3400 1268 3493 1333 Fi-

1912 1341 1985 1440 lio
2014 1342 2233 1440 dederat
2254 1348 2444 1420 legem.
2489 1349 2544 1408 Si
2574 1354 2768 1409 cmlum
2800 1365 2856 1412 et
2889 1365 3029 1415 terra
3056 1371 3110 1418 et
3130 1341 3330 1423 omnia
3373 1384 3495 1440 qum

1913 1433 1965 1490 in
1987 1435 2067 1491 eis
2092 1446 2213 1492 sunt
2242 1454 2339 1509 per
2365 1442 2538 1512 ipsum
2568 1442 2705 1501 facta
2741 1458 2884 1517 sunt,
2915 1450 2999 1507 lex
3028 1453 3145 1511 sine
3187 1454 3367 1514 Verbo
3388 1433 3495 1519 Dei

1911 1530 2179 1599 quomodo
2222 1535 2524 1607 cunscripta
2556 1539 2672 1593 est?
2718 1540 2834 1596 Non
2864 1559 2992 1616 ergo
3018 1546 3161 1605 Deus
3185 1556 3372 1608 contra
3415 1549 3497 1612 le-

1910 1633 2030 1711 gem
2060 1634 2231 1692 suam,
2257 1627 2381 1697 quia
2412 1644 2511 1684 nec
2540 1630 2828 1701 imperator
2859 1647 3045 1695 contra
3084 1640 3229 1711 leges
3266 1658 3391 1704 suas
3417 1647 3496 1705 fa.

1910 1710 2003 1807 cit,
2030 1713 2243 1807 quando
2270 1716 2531 1807 confessis
2570 1720 2659 1776 dat
2696 1722 3094 1796 indulgentiam.
3138 1732 3348 1807 Moyses
3390 1740 3494 1793 mi-

1909 1802 2077 1901 uister
2116 1803 2309 1901 Legis,
2347 1805 2590 1901 Christus
2641 1817 3002 1888 promulgator
3053 1802 3252 1894 Legis':
3282 1827 3494 1901 Moyses

1910 1889 2108 1977 lapidat
2135 1905 2194 1951 ut
2217 1897 2403 1966 judex,
2432 1898 2675 1958 Christus
2714 1905 2954 1980 indulget
2990 1922 3048 1977 ut
3076 1889 3190 1970 rc'x.
3237 1889 3494 1979 Μίδαι-ιιιέ

1909 1992 1992 2038 est
2021 2000 2147 2057 ergo
2176 1988 2290 2059 ejus
2314 1990 2452 2046 Deus
2480 1995 2770 2051 secundum
2802 2009 3044 2072 magnam
3072 2006 3493 2071 miscricordiam

1909 2089 2082 2144 suam,
2116 2079 2251 2137 sicut
2280 2082 2367 2138 hic
2393 2097 2564 2156 rogat,
2598 2088 2735 2146 sicut
2761 2091 2846 2147 hic
2872 2096 3020 2164 petit,
3066 2100 3202 2156 sicut
3231 2104 3496 2166 exclamat

1908 2175 1963 2222 et
1989 2166 2136 2224 dolet
2164 2188 2178 2222 :
2210 2173 2351 2242 quod
2380 2169 2454 2230 illi
2484 2170 2779 2235 adulteram
2804 2182 3090 2244 oll‘erentes
3112 2186 3290 2249 facere
3309 2193 3495 2254 nolue-

1909 2262 2335 2357 runt_;_viilrieta
2366 2278 2461 2320 sua
2502 2270 2819 2328 ostendente
2858 2276 3065 2333 medico
3106 2292 3493 2357 cognoverunt,

1909 2346 2225 2408 medicinam
2252 2370 2284 2409 a
2315 2357 2523 2414 medico
2549 2376 2654 2433 non
2681 2368 3026 2434 qumsierunt.
3079 2368 3155 2428 Ita
3172 2346 3314 2433 'snnt
3342 2346 3495 2439 multi

1908 2458 2045 2542 quos
2076 2462 2300 2542 peccare
2336 2466 2439 2542 non
2486 2452 2669 2523 pudet,
2715 2470 2873 2528 agere
2917 2466 3283 2533 plenitenliam
3310 2474 3491 2542 pudet.

1909 2533 1953 2625 Ο
1980 2533 2307 2595 incredibilis
2339 2541 2577 2600 insania!
2624 2546 2697 2603 De
2726 2551 2945 2608 vulnere
2973 2554 3088 2625 ipso
3116 2574 3225 2615 non
3268 2533 3494 2622 erubes~

1908 2624 2006 2691 cis,
2034 2626 2100 2682 de
2148 2628 2367 2701 ligzitura
2410 2630 2646 2692 vulneris
2691 2624 3009 2699 erubescis?
3051 2639 3242 2707 Nonne
3290 2655 3491 2713 nudum

1908 2712 2099 2773 liedins
2123 2729 2178 2814 et
2208 2719 2439 2791 putidius
2485 2728 2613 2782 est?
2648 2727 2884 2804 Coniuge
2920 2746 3047 2806 ergo
3090 2734 3157 2794 ad
3186 2743 3487 2814 medicum,

1860 2844 1864 2848 Α
1906 2824 2003 2913 age
2032 2806 2415 2881 pmnitentiam,
2444 2816 2530 2874 dic
2554 2837 2566 2872 :
2587 2815 2915 2894 Iniquitalent
2936 2844 3097 2884 meam
3126 2849 3217 2905 ego
3245 2806 3488 2913 agnosco,

1905 2908 1953 2953 et
1982 2912 2238 2970 peccatum
2268 2921 2433 2959 meum
2460 2919 2577 2963 ante
2603 2928 2681 2965 me
2708 2924 2779 2967 est
2809 2930 3022 2988 semper.

1976 2991 2029 3084 ει.
2063 2988 2210 3066 [υενδ.
2235 2990 2312 3067 6.]
2347 2994 2458 3050 Tibi
2480 2997 2577 3054 soli
2619 3005 2838 3072 peccavi,
2883 3020 2926 3059 et
2992 3012 3273 3084 malignum
3312 2998 3485 3076 coram

1894 3088 1952 3159 te
1975 3081 2092 3152 feci.
2132 3083 2270 3152 Quid
2297 3092 2381 3142 est
2423 3085 2566 3144 hoc?
2608 3091 2799 3149 (Soram
2841 3081 3145 3157 hominibus
3190 3106 3332 3162 enim
3381 3126 3488 3170 non

1904 3180 2020 3229 erat
2060 3174 2354 3232 adulterata
2418 3193 2552 3235 umr
2599 3182 2809 3252 aliena,
2868 3196 2924 3242 et
2963 3194 3185 3249 maritus
3231 3200 3489 3258 occisus?

1903 3263 2091 3365 quue
2111 3276 2301 3365 omnes
2316 3278 2579 3365 anerant
2602 3276 2745 3344 quod
2771 3278 2931 3335 David
2958 3280 3198 3363 fecerat?
3217 3291 3354 3358 Quid
3381 3304 3487 3365 est,

1905 3355 2019 3411 Tibi
2043 3358 2142 3452 soli
2164 3353 2384 3431 peccavi,
2424 3373 2471 3418 et
2493 3367 2772 3438 malignum
2799 3388 2971 3428 coram
2997 3356 3044 3431 te
3080 3381 3180 3452 [cci
3198 3353 3399 3451 {Quia
3432 3353 3487 3447 ιιὶ

1901 3448 2047 3542 solus
2076 3440 2191 3542 sine
2217 3461 2454 3521 peacato.
2488 3454 2581 3511 lllc
2605 3458 2782 3527 justus
2836 3440 3092 3536 punitor;
3120 3472 3212 3542 qui
3238 3440 3343 3530 non
3387 3440 3488 3533 ha:

1899 3536 1992 3637 bet
2025 3534 2166 3637 quod
2204 3541 2257 3637 in
2304 3542 2393 3599 illo
2435 3547 2725 3615 puniatur:
2751 3551 2839 3607 ille
2878 3534 3064 3625 justus
3103 3534 3483 3637 reprehensor,
3572 3535 3601 3567 θ’

2015 3640 2122 3727 non
2145 3631 2471 3727 habetquod
2508 3636 2561 3693 in
2601 3639 2691 3694 illo
2716 3623 3181 3713 reprehendatur.-
3211 3648 3321 3709 Tibi
3361 3623 3482 3727 soli;

1900 3718 2092 3816 inquit,
2131 3725 2351 3795 peccavi,
2381 3736 2429 3780 et
2455 3728 2732 3801 malignum
2768 3750 2941 3791 coram
2968 3742 3017 3792 le
3051 3742 3150 3811 [cci
3173 3758 3194 3797 :
3216 3754 3271 3799 ut
3288 3718 3488 3816 justi/5:-

2053 3815 2438 3876 insermonibus
2460 3823 2579 3890 tuis,
2617 3832 2664 3878 et
2702 3827 2874 3884 vincas
2918 3844 3033 3886 cum
3067 3814 3345 3905 judicaris.
3383 3839 3484 3899 Cui

1899 3898 2062 3972 dicat,
2094 3905 2306 3975 lintres,
2326 3912 2412 3967 cui
2457 3911 2600 3970 dicat
2636 3914 2854 3975 difﬁcile
2899 3929 2983 3976 est
3018 3898 3323 3986 advertere.
3373 3898 3485 3989 Deo

1900 3995 2081 4085 utique
2116 3997 2368 4070 loquitur,
2413 4012 2468 4058 et
2509 4003 2847 4064 manifestum
2898 4018 2982 4067 est
3020 4017 3291 4085 quomodo
3343 4018 3485 4080 Deus

1899 4083 2192 4142 Paternon
2217 4100 2301 4146 est
2324 4091 2613 4162 judicatus.
2645 4099 2781 4164 Quid
2809 4109 2914 4168 est,
2964 4083 3079 4159 Tibi
3119 4106 3219 4162 soli
3257 4113 3482 4181 peccavi,

1898 4188 1946 4234 et
1975 4180 2254 4251 malignum
2275 4200 2446 4239 coram
2462 4201 2510 4240 te
2528 4189 2626 4257 feci
2650 4200 2670 4242 :
2696 4200 2749 4243 ut
2759 4190 3057 4262 justi/iuris
3079 4196 3134 4251 in
3172 4180 3485 4261 sermonibus

1897 4270 2017 4362 tuis,
2050 4272 2290 4328 ett'incas
2310 4292 2423 4362 cum
2448 4272 2743 4345 iudicaris?
2790 4280 2946 4338 Videt
2973 4287 3207 4345 futurum
3244 4284 3483 4362 judicent

1892 4361 2259 4433 judicandum,
2301 4361 2645 4435 judicandum
2688 4386 2717 4425 a
2749 4377 3118 4440 peccatoribus
3139 4361 3377 4451 justum,
3426 4399 3484 4443 et

1896 4452 1950 4508 in
1978 4468 2044 4509 eo
2074 4454 2372 4510 vincentem
2394 4492 2411 4521 ,
2456 4452 2580 4527 quia
2610 4456 2751 4530 quod
2782 4462 2835 4517 in
2881 4458 2974 4520 illo
2996 4460 3329 4537 judicaretur
3374 4492 3481 4534 non

1895 4554 2032 4637 erat.
2060 4542 2219 4602 Solus
2246 4545 2388 4637 enim
2419 4548 2472 4604 in
2511 4546 2815 4617 hominibus
2858 4571 3043 4614 verum
3090 4553 3273 4620 dicere
3313 4570 3483 4637 potuit

1896 4634 2058 4691 homo
2090 4638 2227 4693 Deus
2258 4638 2274 4669 ι
2307 4635 2406 4694 :Si
2454 4639 2732 4698 invenistis
2769 4645 2821 4700 in
2866 4662 2954 4704 me
2998 4634 3482 4723 peccatum,dicito

1896 4727 2077 4801 (Joan.
2102 4741 2216 4796 vtn,
2245 4731 2362 4803 46).
2403 4735 2512 4790 Sed
2552 4733 2690 4793 forte
2732 4749 2848 4795 erat
2875 4741 3019 4811 quod
3060 4742 3306 4807 homines
3342 4750 3482 4809 late-

1894 4820 2006 4887 bat,
2038 4832 2219 4911 etnon
2257 4823 2598 4882 inveniebant
2643 4828 2716 4883 illi
2748 4832 2889 4900 quod
2941 4843 3060 4890 erat
3100 4836 3339 4911 quidem,
3369 4817 3482 4900 sed

1896 4906 2233 4970 manifestum
2261 4930 2366 4972 non
2397 4917 2547 4974 erat?
2573 4917 2694 4975 Alio
2720 4918 2839 4977 loco
2868 4924 2961 4991 ait,
3008 4906 3145 4984 Ecce
3171 4933 3303 4987 venit
3321 4906 3482 5006 prin-

1894 5018 2012 5080 ceps
2037 5007 2234 5075 mundi,
2271 5018 2458 5064 acutus
2496 5008 2768 5079 inspector
2814 5017 3050 5074 omnium
3093 5018 3475 5093 peccatorum:

1893 5110 2024 5166 ecce,
2052 5099 2240 5170 inquit,
2270 5101 2402 5154 venit
2419 5101 2656 5172 princeps
2685 5106 2859 5159 mundi
2896 5107 3071 5179 hujus,
3118 5126 3291 5170 morte
3336 5117 3478 5172 allii.

1891 5205 2022 5261 gens
2047 5201 2353 5259 peccatores
2374 5191 2691 5262 praepositus
2719 5199 2945 5266 mortis;
2977 5202 3172 5258 invidia
3189 5205 3331 5259 enim
3357 5206 3476 5262 dia-

1891 5276 2000 5335 boli
2029 5294 2173 5367 mors
2207 5281 2421 5336 intravit
2459 5283 2512 5336 in
2543 5279 2728 5340 οιοὶηιη
2772 5296 3032 5346 terrarum
3079 5290 3235 5366 (Sap.
3265 5310 3324 5362 ιι,
3352 5274 3471 5367 24).

1891 5370 2049 5435 Ecce,
2083 5366 2285 5443 inquit,
2336 5374 2463 5429 venit
2493 5375 2726 5448 princeps
2754 5382 2931 5435 mundi
2972 5380 3123 5455 hujus
3170 5372 3326 5459 (dixit
3355 5388 3473 5446 haec

1890 5464 2162 5536 prosimus
2186 5462 2467 5536 passiuni),
2499 5475 2548 5520 et
2576 5467 2626 5521 in
2654 5486 2732 5524 nte
2761 5470 2892 5526 nihil
2918 5472 3151 5543 inveniet,
3180 5477 3313 5533 nihil
3336 5494 3469 5550 pec-

1951 5617 2105 5695 1631‘:
2114 5623 2181 5695 ,εθὲ
2190 5621 2271 5695 FF:
2280 5631 2302 5695 ἶ
2311 5615 2485 5695 ,νίξέεξέ
2517 5619 2731 5692 murta"
2746 5620 2985 5695 ἐαάίεεηιν
2997 5624 3283 5695 Ικάετςιψ
3299 5642 3333 5695 (ι
3353 5642 3470 5695 rcc-

1886 5679 2486 5755 ‘ﬂiOC‘QFQJW‘ue‘f"
2507 5679 2567 5755 ἑο
2584 5679 2864 5755 Vincula":
2887 5679 3015 5755 (1⁸ίᾶ
3039 5689 3169 5751 quod!
3191 5690 3240 5741 ἱη
3263 5679 3469 5755 merit!-

1889 5739 2136 5810 tlitruretur
2164 5739 2459 5810 nongltubnit,
2483 5749 2529 5810 ct
2547 5742 2629 5806 qui
2648 5757 2757 5794 eum
2780 5739 2976 5810 miserat
3002 5739 3163 5810 tuter.
3194 5739 3470 5806 isi-uteie}.

1884 5801 2013 5916 :3ng
2035 5813 2191 5914 1:26.
2219 5808 2269 5854 at
2290 5801 2400 5854 ideo
2422 5801 2574 5855 solani
2607 5817 2772 5857 verum
2806 5805 2858 5859 in
2893 5806 3164 5866 laetantibus
3190 5801 3465 5881 dicet-cipe;
