4042 6508
583 458 678 514 591

570 560 705 636 cati,
743 569 871 624 nihil
902 578 1074 625 morte
1106 567 1346 640 dignum,
1390 567 1520 623 nihil
1548 564 1886 622 damnatione
1910 564 2151 635 dignum.

576 658 643 716 lit
676 671 919 731 tanquam
944 659 994 716 ei
1030 659 1314 725 diceretur,
1369 658 1475 715 Cur
1515 673 1643 730 ergo
1671 657 1932 713 moreris?
1967 654 2155 727 Sequi-

581 762 686 819 tur,
724 761 777 805 et
823 751 995 805 dicit:
1029 748 1134 805 Sed
1172 759 1225 803 ut
1266 750 1428 804 sciant
1479 765 1650 803 omnes
1690 748 1808 817 quia
1848 747 2154 801 voluntatem

564 828 877 899 ‘Patris‘mei
906 842 1062 914 facio,
1102 842 1312 914 surgite,
1359 857 1531 896 eamus
1557 841 1673 896 hinc
1697 837 1873 913 (loan.
1903 855 2013 906 xlv,
2060 838 2151 906 50,

570 932 692 1008 3|).
722 935 922 1001 Patior,
949 934 1138 1004 inquit,
1167 934 1411 1004 indiguus
1427 947 1522 1004 pro
1547 932 1740 1005 dignis,
1768 941 1826 986 ut
1845 947 1940 986 eos
1966 929 2154 1002 dignos

578 1025 768 1082 faciam
798 1026 899 1080 vita
923 1040 1062 1090 mea,
1092 1040 1190 1096 pro
1216 1026 1406 1096 quibus
1448 1025 1663 1096 indigne
1702 1025 1878 1095 patior
1924 1034 2150 1078 mortem

578 1117 813 1172 illorum.
872 1116 1003 1171 lluic
1032 1116 1207 1185 itaque
1238 1115 1438 1169 nullum
1469 1114 1680 1169 habenti
1713 1125 1984 1184 peccatum
2024 1111 2154 1167 dicit

575 1208 628 1261 iu
674 1206 954 1277 pnesontia
996 1205 1252 1276 propheta
1295 1204 1457 1260 David
1491 1222 1504 1259 :
1537 1203 1647 1257 Tibi
1690 1204 1786 1258 soli
1819 1203 2052 1272 peccari,
2104 1212 2152 1256 et

573 1297 854 1366 malignum
894 1310 1068 1350 coram
1110 1305 1158 1349 te
1197 1294 1294 1367 feci
1318 1311 1337 1348 :
1360 1304 1414 1349 ut
1424 1294 1724 1366 justi/iceris
1754 1294 1806 1347 in
1843 1292 2151 1347 sermonibus

558 1368 694 1455 Atuis,
739 1400 785 1444 et
815 1390 984 1445 vincas
1022 1402 1137 1444 cum
1187 1388 1458 1460 iudicaris.
1503 1387 1733 1458 Superas
1779 1388 1918 1441 enim
1963 1400 2151 1440 omnes

574 1480 836 1543 homines,
869 1496 1056 1535 omnes
1073 1479 1303 1549 judi'ces,
1345 1487 1399 1533 et
1426 1478 1600 1549 quise
1634 1485 1778 1548 putat
1797 1476 2149 1548 juSltItIl,’CO-

570 1587 684 1627 ram
712 1583 761 1627 te
803 1572 1031 1642 injustus
1071 1581 1153 1626 cst
1185 1590 1198 1624 :
1231 1580 1285 1625 tu
1314 1570 1460 1625 solus
1496 1570 1640 1639 juste
1678 1568 1908 1640 judicas,
1957 1569 2149 1640 injuste

494 1654 495 1657 ¹
552 1654 868 1735 judicatus,
918 1660 1006 1734 qui
1053 1670 1367 1734 potestatem
1423 1661 1589 1719 habes
1634 1661 1869 1733 ponendi
1914 1662 2145 1715 animam

569 1766 735 1824 tuam,
767 1767 820 1812 ct
850 1764 1164 1827 potestatem
1193 1755 1359 1812 habes
1380 1755 1570 1811 iterum
1598 1754 1838 1810 sumendi
1861 1768 1991 1810 ‘eam
2033 1752 2142 1823 (Id.

566 1848 762 1922 1,18).
792 1846 971 1903 Vincis
1009 1863 1139 1919 ergo
1171 1856 1302 1902 cum
1338 1845 1612 1917 iudicaris.
1658 1840 1857 1900 Onines
1888 1844 2145 1900 homines

550 1934 806 2009 superas,
835 1939 955 2007 quia
989 1938 1106 2009 plus
1143 1952 1203 1993 es
1230 1951 1385 2007 quam
1422 1936 1686 2002 homines,
1733 1946 1785 1991 et
1804 1950 1912 2006 .per
1937 1944 1989 1991 te
2018 1933 2144 1990 facti

564 2044 689 2085 sunt
714 2031 987 2085 homines.

636 2120 723 2176 10.
755 2119 776 2193 [
802 2136 930 2174 vers.
959 2117 1038 2193 7.]
1077 2118 1192 2173 Tibi
1217 2119 1312 2173 soli
1340 2119 1560 2191 peccaui,
1592 2127 1640 2173 et
1672 2108 1949 2190 malignum
1973 2126 2142 2172 coram

550 2204 610 2265 ἰε
647 2212 745 2282 feri
781 2226 800 2265 :
848 2221 899 2264 ut
934 2211 1231 2281 justi/iceris
1268 2211 1321 2265 in
1358 2211 1670 2265 sermonibus
1700 2211 1834 2275 tuis,
1885 2221 1931 2263 et
1970 2210 2143 2265 uincas

561 2316 675 2353 cum
708 2299 982 2370 judicaris.
1036 2299 1165 2354 Ecce
1213 2300 1345 2353 enint
1394 2299 1449 2354 in
1491 2299 1832 2371 iniquitatibus
1871 2310 2142 2371 conceptus

558 2408 694 2446 sum.
727 2390 1001 2464 Tanquam
1026 2390 1315 2459 diceretur,
1348 2384 1647 2448 Vincuntur
1675 2392 1749 2446 illi
1772 2392 1859 2463 qui
1901 2390 2141 2448 fecerant

546 2481 699 2566 ‘quod
753 2491 807 2537 ct
854 2492 906 2537 tu
950 2481 1121 2538 David
1154 2500 1167 2536 :
1198 2497 1304 2537 non
1348 2482 1491 2537 enim
1538 2483 1640 2536 hoc
1674 2498 1891 2553 parvum
1940 2483 2136 2537 malum

544 2569 888 2644 parvumque
936 2581 1233 2643 peccatum,
1277 2572 1601 2628 adulterium
1642 2584 1696 2627 et
1742 2572 2133 2627 homicidium:

546 2652 682 2731 ‘quid
714 2663 787 2718 illi
819 2662 909 2734 qui
935 2678 1000 2718 ex
1028 2678 1134 2734 quo
1162 2663 1271 2718 nati
1298 2671 1422 2718 sunt
1448 2663 1516 2718 de
1540 2672 1728 2718 ventre
1768 2664 1954 2718 matris
1999 2678 2132 2732 sua},

545 2752 684 2807 nihil
714 2754 814 2808 tale
842 2752 1131 2809 fecerunt?
1170 2753 1331 2809 etiam
1360 2753 1490 2823 ipsis
1534 2754 1766 2823 imputas
1805 2754 1980 2825 aliqua
2012 2769 2136 2823 pec-

544 2853 692 2911 ‘cata,
713 2855 771 2900 ut
795 2846 884 2901 ille
912 2861 1098 2901 omnes
1115 2846 1292 2901 vincat
1314 2860 1436 2913 cum
1471 2846 1937 2916 cmperitjudicari
1954 2846 1985 2901 τ
2006 2847 2135 2903 Sus—

553 2939 695 3008 cepit
735 2953 1019 3009 personam
1062 2939 1275 3010 generis
1330 2936 1552 2994 humani
1599 2937 1784 3003 David,
1814 2950 1868 2994 et
1909 2939 2136 2994 attendit

546 3015 791 3083 omnium
838 3029 1067 3095 vincula,
1114 3029 1463 3100 prepaginem
1514 3029 1702 3084 mortis
1740 3030 2131 3095 consideravit,

540 3119 809 3193 originem
869 3120 1158 3189 iniquitatis
1201 3119 1448 3185 advertit,
1488 3128 1543 3174 et
1587 3119 1696 3173 ait‘:
1727 3118 1862 3176 Ecce
1910 3122 2042 3176 enim
2079 3121 2133 3176 in

551 3210 895 3281 iniquitatibus
917 3219 1187 3279 conceptus
1210 3226 1344 3263 sum.
1386 3209 1651 3280 Numquid
1682 3209 1851 3265 David
1879 3209 1947 3267 de
1975 3211 2130 3267 adul-

540 3303 687 3357 terio
734 3311 889 3356 natus
922 3310 1077 3366 erat,
1131 3301 1197 3356 de
1235 3301 1386 3357 Jesse
1434 3300 1549 3356 viro
1608 3302 1754 3373 justo
1802 3311 1857 3358 et
1907 3302 2132 3375 conjuge

546 3394 803 3472 ipsius(l
833 3396 963 3469 Reg.
1013 3412 1140 3462 xvi,
1192 3394 1342 3470 18)?
1404 3395 1542 3467 Quid
1570 3405 1654 3452 est
1699 3395 1840 3468 quod
1893 3412 1953 3453 se
2003 3399 2132 3453 dicit

547 3486 600 3542 in
642 3486 920 3557 iniquitate
959 3496 1308 3557 conceptum,
1362 3486 1463 3540 nisi
1501 3487 1623 3556 quia
1652 3486 1879 3542 trahitur
1931 3486 2129 3558 iniqui-

536 3586 629 3632 tas
671 3593 736 3633 ex
784 3576 995 3634 Adam?
1022 3577 1192 3631 Etiam
1217 3577 1234 3609 ¹
1264 3578 1435 3647 ipsum
1478 3576 1753 3631 vinculum
1807 3577 2129 3634 mortiscum

540 3670 658 3740 ipsa
690 3670 964 3740 iniquitate
1015 3675 1323 3723 concretum
1364 3676 1467 3722 est.
1512 3666 1681 3721 Nemo
1736 3669 1973 3723 nascitur
2021 3669 2124 3725 nisi

450 3816 459 3823 ι
549 3760 767 3818 ιιιιι“θιιε
796 3777 1006 3830 paruam
1031 3802 1046 3827 ,
1080 3759 1297 3815 trahens
1326 3759 1573 3814 meritum
1596 3756 1792 3830 pinnae.
1835 3761 1967 3815 Dicit
1999 3770 2053 3816 et
2076 3762 2127 3816 in

546 3854 650 3909 alio
676 3854 797 3907 loco
843 3852 1095 3922 propheta
1127 3869 1141 3906 :
1172 3849 1340 3906 Nemo
1380 3852 1596 3905 mundus
1638 3851 1689 3905 in
1725 3862 1993 3921 conspectu
2020 3863 2124 3920 tuo,

547 3961 636 3999 nec
661 3945 831 4016 infans
873 3943 1016 4014 cujus
1047 3950 1117 3995 est
1144 3943 1294 3995 unius
1319 3941 1419 3995 diei
1460 3941 1561 3994 vita
1587 3957 1740 4011 super
1767 3952 1950 3995 terram
1996 3943 2126 4015 (Job

532 4030 656 4099 'xtv,
686 4036 744 4100 4,
772 4050 871 4089 sec.
895 4032 1062 4102 LXX)
1084 4033 1111 4086 i‘
1130 4030 1385 4086 Novimus
1405 4032 1545 4085 enim
1568 4042 1621 4086 et
1642 4030 1912 4100 Baptismo
1931 4030 2126 4089 Christi

544 4125 675 4180 solvi
704 4132 941 4195 peccata,
981 4133 1034 4178 et
1059 4120 1389 4193 Baptismum
1404 4109 1609 4174 Christi
1641 4120 1820 4175 valere
1845 4106 1911 4175 ad
1939 4123 2130 4177 remis«

543 4216 749 4272 sionem
779 4224 1136 4285 peccatorum.
1161 4213 1215 4269 Si
1234 4209 1461 4267 infantes
1477 4210 1621 4265 omni
1644 4210 1803 4266 modo
1819 4211 2130 4268 innocentes

528 4316 698 4373 'snnt,
722 4320 817 4362 cur
846 4315 1044 4360 matres
1059 4303 1126 4358 ad
1154 4296 1446 4358 Ecclesiam
1470 4317 1590 4357 cum
1618 4301 1989 4373 languentibus
2016 4320 2131 4360 cur-

545 4409 667 4453 runt
686 4398 712 4452 τ
735 4397 871 4465 Quid
898 4397 990 4451 illo
1015 4396 1287 4466 Baptismo
1307 4435 1322 4459 ,
1352 4395 1477 4465 quid
1505 4393 1591 4448 illa
1620 4395 1933 4451 remissione
1961 4396 2131 4451 dimit-

528 4488 721 4545 'titur?
746 4488 1089 4545 lnnocentem
1115 4486 1281 4557 magis
1303 4485 1459 4541 video
1474 4485 1686 4541 ﬂentem
1710 4502 1866 4556 quam
1893 4487 2128 4541 irascente

546 4590 675 4637 tem.
720 4579 858 4650 Quid
897 4576 1026 4635 eluit
1072 4577 1408 4650 Baptismus‘i
1437 4578 1564 4650 quid
1606 4578 1765 4633 solvit
1793 4578 1879 4634 illa
1924 4580 2130 4649 gratia?

555 4673 787 4731 Solvitur
826 4672 1303 4746 propago'peccati.
1333 4671 1466 4740 Quia
1484 4672 1526 4727 si
1545 4672 1688 4741 loqui
1720 4672 1811 4726 tibi
1843 4682 2023 4742 posset
2041 4672 2130 4728 ille

549 4767 746 4834 infans,
773 4766 993 4832 diceret;
1020 4766 1142 4821 etsi
1181 4764 1291 4834 jam
1341 4764 1664 4833 intellectum
1711 4763 1949 4830 haberet,
1969 4781 2127 4834 quem

548 4857 778 4914 habebat
809 4856 968 4912 David
994 4898 1007 4921 ,
1036 4853 1386 4924 responderet
1436 4853 1530 4907 tibi
1563 4869 1575 4905 :
1612 4853 1749 4920 Quid
1791 4869 1870 4906 me
1913 4854 2129 4908 attendis

530 4947 844 5019 infantem?
867 4946 983 5002 Non
1009 4945 1220 5016 quidem
1252 4943 1398 4999 vides
1426 4941 1656 4999 facinora
1689 4957 1805 4996 mea
1840 4959 1853 4996 :
1896 4943 1990 4998 sed
2029 4960 2130 5013 ego

527 5042 602 5097 'in
630 5041 908 5111 iniquitate
936 5049 1224 5107 conceptus
1252 5053 1391 5103 sum,
1426 5035 1490 5090 Et
1512 5036 1562 5089 in
1591 5036 1804 5107 peccatis
1835 5045 1992 5089 mater
2021 5055 2131 5093 mea

552 5150 633 5189 me
656 5134 709 5187 in
739 5141 879 5186 utero
909 5129 1052 5184 a'luit.
1088 5128 1286 5183 Prii-ter
1312 5129 1413 5184 hoc
1452 5128 1716 5182 vinculum
1744 5129 2129 5199 concupiscen-

522 5212 637 5280 ‘tia:
662 5222 892 5279 carnalis
919 5222 939 5254 "
968 5229 1122 5275 natus
1147 5229 1229 5275 est
1256 5219 1498 5276 Christus
1517 5219 1632 5275 sine
1654 5219 1909 5283 masculo,
1940 5237 2004 5275 ex
2026 5222 2133 5276 vir-

550 5316 675 5382 gine
717 5311 1055 5382 concipiente
1083 5309 1150 5365 de
1176 5310 1375 5382 Spiritu
1404 5319 1609 5367 sancto.
1655 5308 1769 5366 Non
1816 5321 1987 5380 potest
2031 5315 2130 5371 iste

524 5386 654 5461 hdici
683 5406 736 5460 in
760 5398 1051 5474 iniquitate
1074 5411 1394 5471 conceptus;
1426 5416 1527 5456 non
1556 5410 1730 5472 potest
1768 5401 1891 5467 dici,
1920 5401 1975 5456 In
2006 5417 2131 5473 pec-

550 5497 685 5551 catis
713 5504 883 5550 mater
903 5494 1017 5565 ejus
1042 5492 1094 5548 in
1136 5501 1286 5549 utero
1309 5508 1430 5549 eum
1454 5494 1618 5560 aluit,
1651 5493 1733 5548 cui
1778 5493 1974 5549 dictum
2013 5503 2127 5550 est:

528 5588 1019 5657 Spiritus-sanctus
1057 5587 1369 5658 superveniet
1412 5586 1465 5638 in
1512 5594 1576 5647 te,
1616 5596 1666 5639 et
1706 5587 1862 5641 virtus
1889 5585 2132 5640 Allissimi

524 5680 864 5737 ‘obumbrabit
894 5681 981 5736 tibi
1008 5681 1161 5753 (Luc.
1188 5697 1228 5748 ι,
1249 5680 1357 5751 55).
1390 5677 1507 5733 Non
1548 5693 1675 5748 ergo
1704 5679 1823 5734 ideo
1847 5681 1897 5733 in
1937 5680 2130 5750 iniqui-

528 5816 535 5821 '
617 5813 643 5903 "
674 5809 857 5926 grant
879 5818 1005 5875 Mss,
1030 5827 1095 5866 ea:
1134 5816 1283 5878 tamn,
1307 5829 1338 5865 τι
1359 5824 1450 5882 quo
1470 5813 1625 5876 ipsum
1647 5811 1903 5876 vincuhan,
1929 5824 2025 5867 etc.

762 5892 795 5926 ιι

762 5892 795 5927 n

1815 454 1870 510 S.
1912 447 2272 508 AUGUSTINI
2315 448 2617 507 EPISCOPI

3728 455 3826 512 59%

2263 568 2369 616 tate
2391 564 2760 635 concipiuntur
2803 566 3079 633 homines,
3112 574 3166 622 et
3194 565 3246 620 in
3275 564 3503 635 peccatis
3537 565 3588 620 iu
3622 573 3769 622 utero
3793 581 3822 623 a

2259 655 2518 711 matribus
2538 657 2772 725 ahmtur,
2800 660 2921 731 quia
2943 670 3217 731 peccatum
3241 670 3321 714 est
3354 660 3562 714 misceri
3596 662 3822 732 conjugi-

2259 745 2393 812 bus;
2420 749 2513 804 sed
2546 750 2667 820 quia
2698 750 2824 805 illud
2852 751 2991 822 quod
3015 752 3104 818 iit,
3152 753 3332 822 utique
3360 752 3415 805 fit
3439 751 3506 806 de
3538 767 3698 808 carne
3720 769 3824 823 pce-

2261 839 2385 893 nali.
2416 840 2576 895 l‘aana
2600 843 2739 896 enim
2765 844 2941 898 carnis
2964 858 3107 899 mors
3126 853 3229 910 est,
3261 852 3316 901 et
3339 844 3519 914 utique
3558 842 3695 899 inest
3719 844 3821 913 ipsa

2260 930 2570 985 mortalitas.
2622 931 2770 987 Unde
2802 933 3082 1000 Apostolus
3124 949 3228 988 non
3274 934 3586 989 moriturum
3637 948 3825 1002 corpus

2252 1019 2410 1099 dixit,
2434 1022 2526 1077 sed
2556 1033 2818 1078 mortuum
2848 1043 2861 1077 :
2890 1024 3082 1095 Corpus
3102 1026 3300 1095 quidem
3327 1034 3580 1080 mortuum
3608 1034 3710 1088 est,
3729 1016 3821 1079 ἰιι-

2257 1110 2390 1178 Quit,
2422 1122 2628 1181 propter
2653 1123 2905 1181 peccatum
2928 1132 2947 1179 ;
2972 1116 3180 1186 spiritus
3196 1124 3363 1169 autem
3398 1117 3498 1169 rita
3526 1125 3598 1169 est
3626 1125 3822 1186 propter

2246 1199 2499 1270 justitiam
2540 1201 2711 1273 (Rom.
2746 1215 2858 1268 vui,
2886 1205 2996 1271 10).
3023 1206 3300 1273 Quomodo
3316 1214 3456 1277 “ergo
3480 1209 3595 1261 sine
3622 1207 3824 1261 vinculo

2257 1290 2455 1357 peccati
2510 1293 2762 1356 nascitur,
2810 1295 2949 1363 quod
2994 1296 3289 1366 concipitur
3312 1298 3329 1328 ¹
3354 1306 3408 1351 et
3445 1297 3738 1352 seminatur
3760 1296 3823 1351 de

2240 1390 2478 1449 corpore
2508 1394 2719 1437 mortuo
2744 1384 2964 1453 propter
2993 1380 3304 1455 peccatum?
3323 1386 3467 1456 Opus
3496 1388 3819 1440 huecastum

2254 1469 2552 1543 in‘conjuge
2579 1491 2681 1527 non
2714 1475 2871 1530 habet
2899 1477 3147 1547 culpam,
3180 1477 3272 1531 sed
3310 1478 3460 1548 origo
3497 1478 3822 1547 peeeiti‘tra-

2255 1559 2332 1614 hit
2355 1577 2536 1618 serum
2566 1565 2797 1621 debitam
2831 1584 3061 1637 poenam.
3088 1569 3374 1625 Non‘enim
3405 1570 3624 1624 maritus
3650 1612 3665 1633 ,
3694 1570 3818 1640 quia

2251 1654 2474 1709 maritus
2508 1665 2617 1723 est,
2649 1660 2895 1714 mortalis
2928 1670 3178 1727 nonest,
3208 1669 3297 1715 aut
3328 1660 3538 1715 alitmde
3568 1661 3667 1717 nisi
3704 1676 3821 1730 pec-

2236 1752 2370 1798 ‘cato
2400 1748 2640 1803 mortalis
2687 1761 2789 1804 est.
2822 1738 2961 1805 Erat
2990 1753 3217 1807 eitim’et
3248 1752 3514 1807 Dominus
3563 1754 3818 1817 mortalis,

2249 1833 2343 1889 s'ed
2388 1851 2494 1891 non
2521 1835 2588 1893 de
2632 1848 2890 1908 peccato‘:
2921 1842 3154 1912 suscepit
3195 1849 3402 1912 pinnam
3449 1854 3682 1898 nostram
3710 1883 3724 1906 ,
3770 1848 3821 1896 et

2248 1925 2370 1982 ideo
2414 1927 2575 1983 solvit
2615 1930 2824 2001 culpam
2865 1942 3121 1988 nostram.
3156 1933 3345 1988 Merito
3375 1947 3505 2003 ergo
3551 1934 3603 1987 in
3656 1931 3820 1987 Adam

2242 2032 2437 2074 omnes
2467 2021 2785 2089 moriuntur,
2825 2023 2875 2077 in
2912 2023 3137 2080 Christo
3165 2035 3340 2080 autem
3374 2039 3562 2080 omnes
3592 2024 3823 2079 vivifica-

2238 2106 2445 2165 buntur
2476 2110 2521 2181 (“l
2550 2110 2669 2167 Cor.
2699 2127 2797 2178 ιν,
2823 2112 2941 2183 22).
2974 2113 3077 2168 P‘e‘r
3104 2116 3535 2169 urtmn‘lw’minem
3556 2114 3724 2181 enim,
3752 2114 3824 2167 ait

2244 2198 2558 2270 Apostolus,
2592 2212 2845 2274 peccatum
2872 2206 2923 2259 in
2948 2206 3080 2260 [tunc
3108 2206 3353 2260 mundum
3381 2207 3620 2272 intrarit,
3652 2215 3703 2259 et
3732 2221 3817 2275 per

2244 2303 2504 2360 peccatum
2529 2312 2684 2362 mors,
2712 2306 2759 2350 et
2799 2298 2871 2351 ita
2899 2298 2951 2351 in
2972 2312 3148 2352 omnes
3177 2298 3404 2351 homines
3434 2298 3748 2368 pertransiit,
3771 2297 3820 2350 in

2241 2398 2341 2451 quo
2365 2400 2538 2439 omnes
2560 2398 2889 2454 peccaverunt
2919 2386 3092 2458 (Rom.
3117 2404 3174 2454 v,
3204 2388 3315 2457 {2).
3344 2387 3567 2443 Defluita
3591 2396 3678 2443 est
3702 2402 3822 2443 sena

2245 2464 2408 2531 tentia
2434 2495 2446 2530 :
2477 2477 2532 2532 in
2573 2479 2762 2546 Adam,
2793 2480 3003 2550 inquit,
3050 2496 3238 2536 omnes
3264 2491 3639 2553 peccaverunt.
3669 2481 3821 2536 Solus

2241 2584 2361 2624 esse
2391 2570 2647 2628 innocens
2680 2571 2865 2629 infans
2911 2578 3121 2645 potuit,
3175 2575 3263 2646 qui
3296 2575 3363 2630 de
3412 2591 3577 2645 opt-re
3601 2579 3622 2608 ¹
3652 2576 3820 2630 Adam

2234 2672 2348 2717 11οη
2377 2673 2533 2719 natus
2558 2668 2659 2720 es't.
3143 2660 3151 2667 ’

2313 2757 2398 2810 tl.
2430 2755 2581 2828 (vers.
2626 2756 2704 2831 8.]
2731 2756 2864 2813 Ecce
2906 2760 3035 2813 enim
3062 2758 3312 2814 veritatem
3336 2758 3560 2816 dilexisti
3580 2766 3603 2816 ':
3623 2762 3819 2817 incerta

2229 2854 2286 2901 σει
2305 2847 2500 2901 occulta
2519 2849 2777 2919 sapientia:
2802 2860 2903 2905 tute
2929 2852 3264 2921 manifestasti
3287 2854 3428 2907 milii.
3456 2853 3725 2910 Veritatem
3745 2857 3822 2910 di2

2239 2937 2407 2993 texisti
2435 2954 2454 2993 :
2480 2939 2530 2994 id
2551 2948 2667 3008 est,
2700 2940 2954 3012 impunita
2984 2953 3195 3013 peccata
3230 2944 3390 2999 etiam
3412 2960 3597 3000 eorum
3629 2947 3821 3017 quibus

2239 3027 2488 3098 ignoscis,
2545 3046 2649 3086 non
2694 3032 2973 3103 reliquisti.
3008 3031 3279 3089 Veritatem
3310 3036 3531 3091 dilexisti
3565 3038 3693 3092 .‘sic
3722 3038 3822 3091 mi-

2237 3119 2583 3175 sericordiam
2632 3112 2973 3194 pra‘rogasti,
3024 3133 3083 3178 ut
3124 3138 3370 3181 servares
3410 3136 3464 3181 ct
3514 3128 3817 3182 veritatem.

2228 3207 2472 3291 ignoscis
2498 3213 2794 3277 conﬁtenti,
2838 3213 3102 3285 ignoscis,
3153 3215 3246 3269 sed
3273 3216 3504 3286 seipsnm
3537 3218 3817 3285 punienti:

2238 3298 2308 3354 ita
2350 3311 2597 3357 servatur
2634 3303 2996 3359 misericordia
3034 3314 3091 3360 et
3134 3306 3361 3371 veritas;
3413 3306 3814 3373 misericordia,

2235 3392 2358 3462 quia
2390 3393 2549 3448 homo
2579 3394 2852 3460 liberatur;
2880 3396 3101 3463 veritas,
3126 3396 3247 3467 quia
3276 3407 3549 3467 peccatum
3579 3401 3818 3468 punitur.

2232 3480 2371 3540 Ecce
2399 3488 2531 3539 enim
2556 3488 2818 3541 ueritatem
2856 3488 3084 3543 dilexisti
3114 3503 3133 3543 :
3161 3489 3353 3543 incerta
3391 3500 3458 3544 et'
3478 3494 3682 3545 occulta
3730 3508 3815 3545 stt-'-

2237 3573 2439 3644 pientite
2485 3586 2586 3629 tua:
2620 3577 2957 3646 manifestasti
2997 3578 3138 3631 mihi.
3168 3579 3296 3644 Quae
3326 3580 3557 3634 orcufta.’
3584 3596 3712 3651 qua:
3737 3581 3821 3634 im-

2233 3676 2367 3733 certa
2384 3667 2412 3722 ?
2435 3666 2566 3734 Quia
2597 3667 2736 3723 Deus
2763 3669 2987 3739 ignoscit
3014 3678 3069 3724 et
3095 3670 3305 3725 talibus.
3331 3670 3471 3725 Nihil
3495 3678 3600 3725 tam
3628 3672 3821 3726 occul-

2236 3766 2367 3821 tum,
2394 3757 2523 3811 nihil
2553 3769 2655 3812 tam
2687 3758 2965 3813 incertum.
3011 3759 3089 3814 Ad
3121 3758 3237 3814 hoc
3270 3761 3530 3815 incertum
3568 3760 3822 3816 Niniviue

2234 3847 2600 3917 pmnitentiam
2646 3857 2887 3919 egerunt.
2920 3849 3179 3904 Dixerunt
3218 3850 3358 3905 enim
3380 3891 3395 3913 ,
3427 3852 3675 3921 quamvis
3703 3858 3826 3922 post

2234 3939 2405 3994 minas
2435 3939 2707 4011 propheta:
2727 3983 2742 4008 ,
2773 3941 3013 4011 quamvis
3041 3952 3158 4011 post
3185 3942 3327 3997 illam
3351 3958 3531 3998 vocem
3551 3985 3568 4010 ,
3596 3943 3825 4013 Triduo,

2234 4039 2282 4084 et
2310 4030 2496 4086 Ninive
2544 4031 2852 4087 subvertetur
2880 4036 2901 4087 ὲ
2928 4032 3174 4088 dixerunt
3217 4035 3355 4104 apud
3400 4050 3492 4102 se,
3530 4039 3827 4104 petendam

2233 4139 2355 4181 esse
2379 4124 2796 4182 misericordiam
2831 4145 2843 4180 :
2868 4126 3121 4181 dixerunt
3150 4128 3219 4181 ita
3256 4128 3392 4198 apud
3424 4143 3483 4183 se
3511 4128 3828 4199 disceptan-

2236 4226 2342 4284 tes,
2377 4217 2503 4287 Quis
2543 4220 2706 4284 novit,
2754 4219 2799 4273 si
2838 4217 2983 4273 Deus
3019 4220 3190 4289 ﬂectat
3219 4221 3270 4273 in
3302 4221 3475 4274 melius
3514 4223 3827 4275 sententiam

2233 4328 2399 4376 suam,
2429 4322 2477 4366 et
2518 4313 2781 4366 miseretur
2800 4312 2826 4366 .’
2851 4311 3110 4366 Incertum
3145 4322 3279 4378 erat,
3306 4326 3424 4367 cmn
3447 4313 3665 4373 dicitur.
3695 4313 3829 4378 Quis

2234 4405 2389 4458 novit.
2421 4404 2495 4458 De
2534 4403 2736 4458 incerto
2762 4402 3126 4472 pmnitenliam
3157 4411 3398 4473 egerunt,
3426 4412 3624 4458 certam
3661 4405 3832 4458 mise-

2235 4493 2518 4550 ricordiam
2549 4503 2862 4549 meruerunt
2893 4510 2906 4545 :
2932 4501 3333 4563 prostraverunt
3354 4508 3413 4547 se
3440 4493 3490 4546 in
3520 4493 3787 4565 lacrymis
3811 4533 3828 4558 ,

2234 4586 2288 4642 in
2328 4584 2546 4656 jejuniis
2567 4625 2583 4651 ,
2616 4584 2668 4638 in
2707 4582 2885 4638 cilicio
2915 4591 2968 4638 et
3000 4582 3053 4637 in
3084 4583 3265 4638 cinere
3291 4593 3702 4652 prostraverunt
3730 4598 3828 4647 se,

2234 4685 2570 4748 gemuerunt,
2598 4672 2858 4729 ﬂeverunt
2881 4713 2896 4738 ,
2926 4674 3163 4744 pepercit
3193 4674 3329 4728 Deus
3360 4673 3503 4746 (Jon.
3533 4688 3612 4739 ιιι,
3638 4674 3832 4746 4-ιιι).

2236 4767 2395 4823 Stetit
2438 4765 2647 4830 Ninive,
2697 4781 2763 4819 an
2793 4779 2977 4818 eversa
3004 4774 3088 4818 est
3130 4763 3359 4819 Ninive?
3388 4762 3558 4818 Aliter
3600 4765 3836 4833 quidem

2236 4858 2444 4912 videtur
2484 4854 2787 4910 hominibus
2811 4896 2826 4922 ,
2880 4864 2935 4910 et
2975 4854 3130 4909 aliter
3158 4855 3328 4909 visum
3373 4865 3453 4909 est
3492 4855 3604 4909 Deo
3631 4855 3680 4912 ³.
3718 4857 3838 4926 Ego

2234 4960 2410 5006 autem
2436 4957 2563 5019 puto
2601 4946 2874 5017 impletum
2906 4943 3069 5001 fuisse
3099 4944 3239 5016 quod
3267 4944 3521 5015 propheta
3550 4947 3841 5015 prmdixe-

2238 5053 2336 5098 rat.
2369 5042 2592 5112 Respice
2607 5056 2724 5111 quia
2754 5039 2850 5094 fuit
2875 5038 3086 5105 Ninive,
3110 5048 3163 5094 et
3190 5039 3310 5093 vide
3338 5040 3462 5108 quia
3481 5054 3676 5094 eversa
3711 5050 3797 5095 est
3825 5081 3840 5103 ,

2235 5149 2421 5190 eversa
2452 5132 2504 5187 iu
2537 5131 2695 5197 malo,
2724 5129 2981 5185 a'diilcata
3000 5129 3050 5184 in
3078 5130 3220 5184 bono
3245 5147 3257 5182 :
3286 5130 3425 5185 sicut
3441 5142 3672 5185 eversus
3695 5130 3847 5186 Ssu-
3877 5118 3885 5128 ’

2237 5227 2320 5281 lus
2363 5234 2690 5296 persrcutor,
2731 5222 3022 5277 :rdilicatus
3069 5222 3266 5278 Paulus
3319 5221 3642 5290 pricdicator
3693 5222 3841 5291 (Act.

2238 5336 2313 5387 ιιι,
2338 5316 2416 5390 αἱ).
2438 5318 2569 5384 Quis
2594 5333 2697 5369 non
2734 5314 2927 5369 diceret
2948 5314 3213 5368 civitatem
3246 5313 3420 5380 istam,
3451 5313 3506 5367 in
3544 5326 3651 5383 qua
3690 5328 3851 5369 nunc

2237 5424 2440 5473 sumus,
2478 5407 2702 5462 feliciter
2724 5419 2986 5470 eversam,
3016 5405 3059 5459 si
3090 5418 3279 5459 oinnes
3308 5403 3382 5457 illi
3421 5402 3627 5470 insani,
3673 5404 3850 5474 nugis

2217 5489 2349 5558 suis
2373 5500 2620 5565 desertis,
2664 5497 2729 5552 ad
2756 5497 3033 5552 ecclesiam
3060 5505 3378 5567 compuncto
3403 5495 3565 5551 corde
3594 5510 3851 5552 concur-

2238 5603 2436 5659 rerent,
2455 5593 2544 5646 Dei
2573 5591 2988 5645 miscricordiam
3019 5590 3086 5644 de
3108 5589 3219 5643 suis
3251 5574 3731 5658 factis’pmtcritis
3764 5588 3852 5644 itt-

2299 5749 2319 5782 ι
2350 5747 2519 5797 Pitres
2537 5752 2666 5801 ωδε..
2679 5744 2771 5807 qui
2789 5745 3106 5796 concernitur.
3129 5743 3231 5803 Alii,
3253 5743 3337 5806 qui
3354 5745 3634 5797 emacrescit.

2304 5814 2335 5853 εΔ
2355 5811 2486 5868 Edd.,
2508 5822 2648 5873 opere
2662 5806 2721 5873 (in
2744 5808 2913 5856 Adam.
2940 5808 3101 5869 Abest,
3124 5807 3191 5868 in,
3214 5819 3244 5856 ιι
3261 5817 3364 5855 Mss.

2307 5874 2329 5906 ³
2357 5882 2471 5932 \ox,
2494 5882 2607 5932 nco,
2629 5872 2769 5919 abest
2788 5881 2818 5918 ιι
2842 5877 2946 5918 uss.
