4042 6476
214 373 314 432 5-95

216 483 711 540 voearcuttNonne
737 481 1036 536 diceremus
1061 497 1074 534 :
1103 476 1202 534 Ubi
1233 484 1316 532 est
1358 475 1444 528 illa
1469 469 1780 540 Carthago?

213 576 336 645 Quia
365 589 469 627 non
497 582 580 628 est
607 571 747 642 quod
773 579 888 626 erat
906 609 921 634 ,
949 583 1133 624 eversa
1160 578 1242 622 est
1274 584 1287 618 :
1315 565 1407 621 sed
1434 564 1478 618 si
1508 571 1608 628 cst,
1640 557 1778 630 quod

214 673 461 729 nouerat,
487 663 743 718 aedificata
763 672 864 716 est.
892 660 964 715 Ita
979 659 1172 715 dicitur
1188 657 1437 714 Ieremia:
1461 671 1478 708 :
1501 653 1632 708 Ecce
1653 652 1781 705 dabo

216 758 296 811 tibi
321 755 596 822 vindicare,
625 751 899 819 suiodere,
929 761 1164 815 evertere,
1189 747 1497 816 disperdere,
1532 753 1578 798 et
1609 761 1781 798 rursus

213 849 563 916 adi/itare,“
588 846 820 916 plantam
847 843 1062 914 μετείη.
1091 859 1130 906 t,
1161 841 1270 906 l0).
1298 839 1434 895 Inde
1452 844 1536 892 est
1563 850 1664 892 vox
1693 833 1799 894 ille

215 941 412 998 Domini
446 958 460 994 :
495 939 608 1010 Ego
636 939 931 1010 percutiam,
957 947 1004 990 et
1023 952 1113 1006 ego
1147 932 1335 988 sonabo
1371 930 1556 1002 (Deut.
1585 941 1737 981 xxxn
1764 965 1781 990 ,

213 1034 318 1100 59).
369 1032 608 1092 Percutit
659 1029 990 1100 putredinem
1030 1025 1314 1090 facinoris,
1347 1033 1498 1075 sanat
1541 1019 1779 1072 dolorem

213 1123 453 1176 vulneris.
489 1120 712 1175 Faciunt
743 1119 932 1174 medici
958 1134 1077 1172 cum
1123 1123 1344 1177 secant,
1393 1109 1692 1181 percutiunt
1731 1115 1784 1160 et

212 1222 431 1276 sinant;
464 1221 676 1266 armant
703 1225 762 1264 se
793 1218 849 1264 ut
887 1209 1079 1271 feriant
1101 1247 1115 1270 .
1152 1207 1346 1260 ferrum
1375 1211 1580 1273 gestant
1611 1209 1664 1253 ct
1691 1215 1782 1252 cu-

213 1318 321 1358 rare
354 1302 595 1356 veniunt.
627 1299 730 1356 Sed
763 1299 882 1368 quia
924 1305 1136 1367 peccata
1164 1309 1352 1364 magna
1394 1300 1547 1348 erant
1576 1289 1780 1344 Ninivi-

214 1404 397 1457 tarum,
430 1389 703 1445 dixerunt.
737 1389 863 1456 Quis
882 1388 1060 1446 nouit?
1088 1386 1208 1442 lloc.
1228 1386 1489 1440 incertum
1519 1381 1784 1451 patefece-

211 1493 285 1538 rat
311 1483 452 1536 Deus
477 1496 635 1535 servo
661 1494 758 1534 suo
781 1479 964 1533 David.
996 1476 1128 1534 Cum
1156 1475 1298 1531 enim
1329 1474 1573 1535 dixisset,
1609 1480 1783 1524 stante

213 1581 260 1626 et
282 1579 538 1641 urguente
577 1585 635 1624 se
684 1567 969 1638 Propheta,
1022 1565 1235 1621 Peccavi
1270 1582 1288 1619 :
1331 1561 1781 1619 statimaudivita

215 1660 494 1728 Propheta,
526 1658 579 1713 id
604 1667 686 1714 est
711 1675 740 1711 a
767 1657 965 1726 Spiritu
997 1657 1088 1711 Dei
1127 1655 1216 1724 qui
1245 1663 1362 1708 erat
1391 1653 1443 1706 in
1478 1649 1736 1721 Propheta
1765 1690 1782 1716 ,

223 1749 489 1804 Dimissutn
513 1758 586 1803 est
622 1750 712 1802 tibi
734 1758 988 1818 peccatum
1023 1757 1166 1799 tuum
1194 1745 1260 1813 (υ
1291 1744 1414 1815 Reg.
1437 1760 1535 1802 χιι.
1571 1743 1677 1810 15).
1711 1739 1785 1794 luo

214 1851 345 1896 certa
372 1850 432 1894 et
455 1839 662 1893 occulta
686 1839 957 1906 sapientia-
985 1852 1094 1891 Sttzc
1127 1834 1479 1889 manifeslavit
1501 1832 1566 1886 ei.

276 1933 356 1987 12.
386 1930 541 2004 [rers.
573 1930 656 2002 9.]
690 1931 934 2001 Aspcrgcs
955 1946 1051 1992 tne,
1085 1930 1276 1998 inquit,
1309 1928 1549 1997 Ityssopo,
1569 1934 1612 1978 et
1640 1941 1784 1976 nunt-

213 2025 377 2078 dabor.
437 2023 736 2093 llyssopmu
769 2023 988 2075 herbam
1046 2009 1290 2074 novimus
1349 2019 1642 2082 humilem,
1690 2016 1782 2072 sed

214 2117 574 2172 medicinalem
610 2134 622 2168 :
652 2130 780 2169 saxo
807 2115 1008 2168 luerere
1031 2113 1297 2167 radicibus
1317 2111 1528 2167 dicitur.
1562 2111 1687 2164 lude
1733 2111 1784 2166 iu

214 2209 459 2280 mysterio
490 2207 777 2261 mundandi
817 2205 994 2260 cordis
1042 2204 1647 2273 similitudoassumpta
1679 2213 1780 2258 est.

213 2299 557 2369 Apprehcude
600 2309 654 2351 et
685 2307 737 2352 tu
762 2297 990 2350 radicem
1017 2296 1315 2350 dilectionis
1357 2306 1561 2365 petram
1599 2305 1738 2358 tuam
1766 2313 1780 2350 :

213 2403 313 2446 esto
330 2391 552 2446 humilis
580 2391 632 2452 iu
667 2389 851 2454 humili
875 2390 984 2443 Deo
1011 2399 1117 2453 tuo,
1151 2398 1204 2442 ttt
1226 2391 1300 2446 sis
1325 2389 1574 2445 excelsus
1602 2389 1786 2459 inglo-

213 2483 405 2535 riticato
429 2481 543 2534 Deo
571 2489 682 2534 tuo.
715 2480 1023 2548 Aspetgeris
1045 2479 1599 2549 hyssopo,_hutuilitas
1623 2478 1784 2534 Chri-

213 2573 268 2623 sti
295 2581 342 2626 te
385 2571 684 2632 tttuttdaltit.
715 2569 833 2624 Noli
858 2570 1074 2623 herbam
1100 2579 1447 2625 contemnere
1475 2611 1491 2635 ,
1525 2569 1632 2624 vim
1664 2585 1782 2625 me-

212 2662 484 2717 dicamenti
518 2661 752 2718 attende.
781 2661 992 2732 Aliquid
1026 2662 1185 2715 etiant
1216 2661 1388 2716 dicant
1430 2660 1572 2732 quod
1609 2677 1638 2714 a
1667 2675 1784 2716 nte-

213 2754 328 2808 dicis
363 2754 608 2808 solemus
650 2753 870 2819 audire,
899 2753 981 2807 vel
1028 2753 1256 2822 experiri
1288 2753 1339 2807 itt
1383 2754 1612 2823 aegrotis.
1645 2753 1785 2824 [lys-

211 2858 383 2911 sopum
416 2843 605 2898 dicunt
635 2842 918 2912 purgandis
959 2843 1298 2913 pulmonibus
1333 2853 1514 2913 aptum
1540 2859 1674 2899 esse.
1726 2843 1784 2900 In

212 2935 450 3001 pulmone
494 2934 632 2987 solet
662 2933 833 2987 notari
861 2934 1106 3002 superbia
1141 2951 1154 2988 :
1202 2934 1308 2988 illic
1360 2934 1501 2989 enim
1534 2933 1783 3002 inflatio,

213 3023 305 3077 illic
356 3023 654 3077 anhelitus.
721 3023 1003 3078 Dicebatur
1069 3023 1136 3078 de
1191 3023 1351 3078 Suulo
1398 3035 1780 3092 persecutore,

214 3122 448 3184 tanquam
502 3113 570 3167 tle
612 3113 773 3168 Sattlo
801 3113 1065 3182 superbo,
1111 3114 1251 3184 quod
1295 3114 1403 3170 ibat
1453 3113 1519 3168 ad
1545 3114 1782 3170 vincien-

211 3204 296 3259 dos
343 3204 683 3259 (lhristiauos
728 3205 938 3274 spirans
984 3205 1181 3260 caulem
1230 3206 1365 3270 (Act.
1394 3222 1467 3271 tx,
1495 3207 1583 3276 l):
1613 3207 1784 3262 anhe-

212 3293 339 3348 labat
385 3295 608 3360 ca'des,
661 3293 944 3349 anhelabat
997 3296 1330 3364 sanguinem,
1380 3297 1615 3352 nondum
1668 3315 1788 3365 pura

210 3397 316 3455 gate
341 3387 616 3456 pulmone.
647 3385 786 3440 Audi
811 3395 864 3440 et
890 3385 973 3448 hie
1001 3387 1364 3453 ltumilinttuu,
1393 3388 1516 3456 quia
1550 3388 1782 3459 hyssotto

212 3487 480 3548 purgatum
511 3495 524 3530 :
553 3477 808 3548 Aspergcs
829 3494 910 3537 me,
934 3477 1172 3548 Ityssopo,
1219 3488 1265 3531 et
1284 3477 1610 3542 annndultor;
1645 3479 1782 3532 (tira-

218 3569 281 3621 bis
303 3585 400 3632 me,
437 3567 493 3621 id
519 3575 626 3633 est,
654 3566 933 3628 mundabis
971 3583 1058 3623 me
1086 3585 1100 3622 :
1123 3578 1167 3621 et
1202 3585 1256 3620 si.
1266 3585 1356 3636 per
1383 3569 1540 3622 nivem
1570 3570 1776 3621 dealba-

213 3660 306 3712 bor.
337 3659 456 3713 Etsi
497 3659 687 3730 fuerint
705 3698 746 3730 ,κ
769 3644 974 3728 inquit,
1016 3668 1220 3728 peccata
1244 3669 1407 3718 uestra
1435 3659 1562 3711 sicut
1583 3659 1781 3725 pltwni-

212 3752 349 3817 cium,
377 3761 624 3820 tanquam
647 3751 809 3811 niuem
837 3749 1078 3804 dealbabo
1107 3749 1256 3821 (lsai.
1286 3765 1325 3812 t,
1359 3747 1466 3819 18).
1493 3749 1566 3802 De
1590 3749 1797 3801 talibus.

212 3843 300 3896 sibi
335 3843 562 3899 exhibet
611 3841 856 3897 Christus
900 3850 1103 3896 vestem
1156 3841 1271 3895 sine
1313 3842 1518 3900 macula
1549 3849 1604 3894 ct
1652 3856 1781 3909 ruga

155 3919 160 3922 ’
214 3931 415 4001 (Ephes.
447 3949 502 3997 v,
530 3932 641 4002 27).
695 3931 924 3996 Proinde
966 3932 1273 3998 vestisejtts
1304 3932 1356 3994 iu
1402 3943 1617 3996 monte,
1665 3946 1784 4001 qua:

213 4033 457 4093 tanquam
479 4023 568 4076 nix
600 4022 844 4078 dealbala
888 4022 1082 4075 ell'ttlsit
1112 4022 1480 4094 (.‘llatt/t.,xvu,
1499 4023 1591 4092 2),
1619 4023 1786 4093 ,δίαριί-

212 4116 372 4169 ιίωνιι
409 4115 704 4178 Ecclesiam
736 4114 880 4167 omni
911 4114 1120 4168 macula
1150 4114 1348 4182 peccati
1381 4114 1708 4170 tnundatam.

277 4207 355 4261 l5.
383 4205 538 4277 [ιεεη.
575 4203 686 4276 10.]
715 4204 817 4260 Sed
841 4204 925 4258 ubi
957 4205 1224 4257 humilitas
1249 4220 1311 4256 ex
1345 4205 1578 4274 hyssopo
1599 4204 1622 4256 't
1645 4206 1784 4260 Audi

215 4296 483 4362 sequentia
508 4314 522 4352 :
546 4295 753 4349 Διιάίιαὶ
771 4311 880 4351 meo
905 4295 1046 4348 dabis
1073 4294 1451 4353 exsultationem
1469 4305 1515 4346 et
1535 4293 1788 4359 fictilium,

213 4395 252 4437 et
272 4386 569 4440 exultabant
591 4401 704 4439 ossa
729 4385 1241 4448 ltumiliataLAuditui
1263 4400 1391 4446 utea,
1423 4383 1610 4452 inquit,
1640 4387 1784 4439 dabis

213 4475 589 4528 exsultationem
622 4483 668 4527 et
697 4457 923 4527 latitiant
947 4491 964 4526 :
993 4473 1235 4542 gaudebo
1271 4472 1536 4527 audiendo
1569 4484 1637 4528 te.
1679 4491 1789 4533 non

214 4566 472 4636 loquendo
499 4576 681 4621 contra
709 4574 779 4621 te.
823 4566 1054 4620 Peccasti
1075 4609 1089 4630 ,
1121 4565 1244 4636 quid
1271 4565 1510 4622 defendis
1549 4565 1642 4620 te?
1692 4566 1788 4630 ιο-

212 4662 289 4726 qtti
318 4660 396 4716 vis
429 4678 446 4713 :
479 4669 686 4730 patere,
713 4658 834 4712 audi
862 4700 876 4722 ,
917 4658 1046 4712 cede
1071 4658 1263 4712 divitiis
1292 4658 1538 4721 vocibus,
1573 4675 1638 4713 ne
1668 4674 1787 4728 pcr-

214 4752 436 4806 lttrberis
466 4761 522 4806 et
549 4750 777 4821 amplius
803 4751 1098 4805 vuloereris
1132 4769 1143 4802 :
1175 4750 1520 4804 commissum
1553 4761 1653 4818 est,
1682 4768 1782 4804 ι.οιι

210 4843 542 4902 defendatur;
571 4845 622 4898 in
649 4841 1039 4896 confessionem
1069 4843 1243 4896 veniat
1269 4884 1284 4905 ,
1315 4859 1419 4896 non
1440 4842 1491 4896 in
1519 4843 1786 4899 defensio-

211 4950 340 4989 nem.
375 4935 616 4990 Adhibes
645 4946 696 4987 te
744 4932 1079 4986 defensorem
1132 4932 1333 5002 peccati
1361 4933 1476 4995 tui,
1518 4933 1782 4988 vinceris:

213 5043 304 5077 non
336 5028 680 5080 innocentem
721 5032 1001 5094 patronum
1050 5023 1372 5088 adhibuisti,
1407 5039 1512 5077 non
1561 5034 1642 5078 est
1695 5025 1784 5078 tibi

213 5118 344 5170 umis
375 5115 761 5171 defensiotua.
794 5115 924 5181 Quis
971 5129 1030 5168 cs
1079 5115 1218 5168 enim
1250 5114 1336 5182 qui
1392 5123 1442 5168 te
1492 5113 1786 5170 defendas?

213 5207 434 5264 ldoneus
459 5224 518 5263 es
548 5217 602 5262 tu
625 5207 690 5261 ad
714 5206 1069 5261 accusandum
1099 5217 1170 5261 te.
1197 5206 1316 5260 Noli
1343 5205 1542 5271 dicere,
1573 5219 1688 5274 aut,
1705 5208 1788 5262 Ni-

212 5301 276 5354 hil
303 5301 439 5363 feci;
485 5309 608 5362 attl,
639 5299 775 5368 Quid
817 5314 1064 5367 maguum
1101 5289 1197 5353 feci
1223 5315 1236 5362 ;
1268 5309 1358 5352 aut
1381 5339 1396 5360 ,
1441 5299 1711 5356 Fecerunt
1735 5310 1788 5355 et

211 5393 312 5445 alii.
345 5393 404 5447 Si
429 5391 670 5446 faciendo
694 5399 966 5459 peccatum
993 5389 1122 5442 nihil
1160 5399 1210 5442 te
1237 5390 1374 5443 dicis
1393 5388 1586 5444 fecisse
1609 5431 1626 5455 ,
1658 5390 1793 5450 nihil

211 5488 332 5549 eris,
375 5486 509 5540 nihil
534 5486 796 5554 accipies;
829 5497 1038 5553 paratus
1067 5494 1149 5539 est
1181 5485 1320 5538 Deus
1349 5485 1478 5538 dare
1510 5483 1788 5552 indulgen-

213 5577 357 5640 tiam,
377 5576 584 5630 claudis
609 5586 794 5630 contra
819 5583 868 5628 te
889 5591 903 5639 ;
936 5575 1021 5629 ille
1046 5587 1259 5643 paratus
1282 5586 1364 5630 est
1383 5574 1534 5640 dare,
1559 5574 1670 5628 noli
1696 5589 1792 5642 0p-

212 5681 408 5735 pmcre
437 5671 644 5722 obicem
678 5667 1008 5721 defensionis
1033 5710 1047 5732 ,
1079 5669 1174 5722 sed
1205 5669 1349 5736 aperi
1376 5669 1550 5722 sinum
1575 5667 1788 5720 confes-

214 5759 394 5812 sionis.
435 5759 644 5814 Auditui
695 5774 805 5812 meo
858 5759 1411 5816 dabisinsultationem
1439 5769 1488 5813 ct
1537 5759 1782 5814 laetitiam.

1364 353 1758 419 ENARRATIJ
1795 350 1860 407 IN
1901 351 2215 408 PSALMUM
2255 353 2315 406 L.

3358 357 3460 414 595

1895 465 2012 532 ipse
2034 466 2194 521 donet
2220 475 2276 520 ut
2299 466 2471 521 dicam
2512 468 2650 537 quod
2679 468 2866 524 sentio.
2902 468 3188 526 Felieiorcs
3216 481 3338 526 stmt
3364 474 3459 546 qui

1889 555 2130 621 audiunt,
2161 572 2317 627 quam
2349 557 2435 627 qui
2487 558 2792 627 loquuntur.
2819 559 2918 627 Qui
2968 561 3320 628 enimdiscit,
3355 563 3454 618 ltu-

1889 645 2030 700 milis
2055 655 2171 702 est;
2202 646 2290 716 qui
2319 655 2495 702 autem
2522 647 2696 712 docet,
2730 649 2933 705 laborat
2960 663 3012 712 ut
3035 669 3136 708 non
3164 653 3234 707 sit
3263 669 3455 724 super:

1890 735 1989 794 bus
2012 776 2027 800 ,
2080 752 2145 791 ne
2175 736 2310 791 male
2340 737 2578 806 placendi
2605 737 2827 795 allectus
2873 741 3087 809 irrepat,
3116 758 3181 797 ne
3213 743 3321 799 Dco
3351 744 3460 815 dis:

1839 832 1841 834 ’
1890 827 2078 897 pliceat
2108 829 2196 898 qui
2226 829 2334 882 vult
2378 829 2586 898 placere
2627 830 2943 886 hominibus.
2992 832 3206 903 Magnus
3253 845 3461 891 tremor

1889 927 1973 972 est
1995 917 2305 982 inducente,
2339 919 2528 975 fratres
2555 922 2678 983 mei,
2707 936 2926 992 magnus
2949 931 3147 977 tremor
3174 934 3254 978 est
3278 936 3458 981 noster

1890 1009 1941 1063 itt
1965 1011 2047 1066 his
2072 1013 2287 1070 vocibus
2313 1013 2530 1068 nostris.
2561 1013 2774 1068 Credite
2818 1015 2965 1068 cordi
2999 1026 3184 1070 nostro
3219 1019 3357 1088 quod
3384 1021 3460 1074 vi-

1888 1101 2015 1157 dere
2043 1119 2146 1157 non
2173 1104 2392 1172 potestis
2426 1123 2439 1158 :
2468 1104 2567 1158 scit
2615 1105 2725 1174 ipse
2765 1104 2852 1176 qui
2882 1106 3129 1161 mitescat
3166 1103 3336 1174 nobis,
3368 1109 3460 1180 qui

1891 1195 2146 1265 propitius
2171 1197 2239 1249 sit
2269 1195 2441 1258 nobis,
2465 1211 2586 1252 cum
2614 1206 2812 1266 quanto
2858 1199 2957 1254 sub
2991 1199 3079 1252 illo
3127 1209 3357 1256 tremore
3396 1203 3461 1258 ad

1889 1302 1983 1341 vos
2010 1289 2294 1357 loquimur.
2338 1287 2470 1344 Cum
2525 1301 2698 1342 autem
2733 1289 2906 1360 ipsum
2947 1290 3142 1360 aliquid
3171 1307 3461 1362 suggeren-

1890 1386 1993 1432 tem
2022 1388 2075 1432 et
2099 1378 2377 1434 docentem
2401 1380 2541 1434 intus
2563 1379 2826 1444 audimus,
2851 1382 3025 1434 securi
3054 1398 3258 1446 sumus,
3284 1385 3457 1439 securi

1887 1468 2178 1539 gaudemus
2207 1488 2218 1523 :
2248 1471 2345 1523 sub
2372 1471 2622 1540 magistro
2649 1470 2791 1525 enim
2825 1487 3027 1539 smnus,
3069 1473 3206 1526 illius
3235 1475 3455 1544 gloriam

1887 1561 2174 1630 qtnurintus
2194 1603 2208 1625 ,
2239 1562 2383 1614 illum
2419 1561 2700 1618 docentem
2743 1561 3020 1636 laudamus
3051 1580 3065 1616 :
3096 1562 3325 1618 delectat
3363 1584 3461 1623 nos

1889 1652 2095 1706 veritas
2119 1651 2232 1721 ejus
2288 1651 2450 1715 intus,
2507 1650 2592 1704 tibi
2628 1667 2782 1705 nemo
2814 1650 2937 1706 facit
2979 1651 3060 1706 vel
3092 1653 3237 1707 audit
3269 1658 3461 1726 strepi-

1890 1748 1999 1794 tum
2031 1758 2043 1794 :
2075 1740 2148 1794 ibi
2176 1739 2308 1794 dixit
2351 1739 2448 1795 iste
2470 1755 2586 1795 esse
2623 1740 2857 1796 lzntitiatu
2887 1756 3037 1796 suam
3069 1752 3122 1796 et
3148 1745 3462 1802 exsultatio-

1890 1853 2010 1893 uetn
2042 1855 2211 1894 suam.
2245 1839 2454 1893 Auditui
2481 1856 2588 1894 meo
2613 1882 2627 1905 ,
2662 1841 2864 1912 inquit,
2911 1840 3055 1894 dabis
3081 1839 3462 1894 exsultationem

1887 1940 1934 1982 et
1961 1930 2205 1984 lu'titiatn.
2249 1930 2316 1985 Et
2359 1931 2476 1985 ideo
2517 1933 2639 2002 quia
2672 1932 2905 1995 humilis,
2933 1933 3101 1986 audit.
3134 1931 3230 2000 Qui
3280 1929 3459 1992 audit,

1889 2024 1978 2091 qui
2011 2039 2132 2078 vere
2167 2023 2312 2078 audit
2341 2035 2393 2078 et
2435 2025 2570 2080 bene
2601 2025 2774 2091 audit,
2824 2026 3038 2080 humilis
3077 2027 3224 2080 audit
3255 2045 3266 2081 :
3295 2025 3463 2096 gloria

1889 2113 2031 2167 enim
2059 2113 2112 2168 in
2142 2115 2231 2167 illo
2259 2123 2340 2169 est
2374 2129 2403 2168 a
2435 2131 2540 2186 quo
2575 2115 2720 2170 audit
2750 2115 2890 2186 quod
2917 2116 3080 2172 audit.
3112 2116 3462 2185 Posteaquam

1889 2203 2060 2268 dixit,
2091 2203 2301 2258 Auditui
2337 2222 2444 2261 meo
2488 2207 2630 2261 dabis
2671 2207 3054 2268 exsultationem
3110 2217 3155 2260 et
3202 2207 3464 2271 lwtitiunt;

1889 2295 2143 2354 continuo
2156 2294 2538 2350 demonstravit
2559 2297 2682 2367 quid
2708 2296 2862 2352 faciat
2880 2297 3099 2362 auditio,
3127 2296 3465 2350 Eas-uitabant

1888 2404 2003 2446 ossa
2033 2387 2314 2443 Itumiliata.
2352 2390 2634 2444 llutuiliata
2685 2398 2812 2444 sunt
2841 2404 2998 2454 OSsa,
3045 2405 3164 2444 OSsa
3207 2388 3467 2442 audientis

1889 2495 1996 2533 non
2027 2478 2222 2534 habent
2257 2480 2484 2543 fastum,
2514 2498 2616 2534 non
2651 2481 2850 2535 habent
2904 2492 3188 2542 tumorem,
3228 2496 3382 2549 quem
3414 2481 3463 2532 in

1888 2585 1946 2624 se
1977 2571 2060 2623 vix
2098 2570 2262 2624 vincit
2299 2571 2390 2641 qui
2440 2572 2690 2641 loquitur.
2735 2571 2859 2631 lude
2886 2583 2941 2626 et
2973 2573 3061 2626 ille
3104 2571 3315 2625 humilis
3351 2586 3466 2625 ma-

1888 2673 2042 2730 guns,
2087 2675 2193 2730 quo
2211 2661 2272 2716 in
2324 2663 2459 2716 uatis
2491 2663 2770 2716 mulierum
2823 2679 2978 2716 nemo
3023 2664 3193 2732 major
3229 2663 3475 2730 surrexit

1893 2753 2099 2824 (Matth.
2123 2770 2196 2814 χι,
2218 2753 2326 2822 ll),
2355 2754 2440 2808 ille
2459 2754 2543 2822 qui
2569 2755 2635 2806 ita
2656 2770 2716 2809 se
2732 2755 3024 2808 butuiliavit
3045 2763 3098 2808 ut
3116 2771 3172 2807 se
3190 2754 3462 2822 indignum

1887 2843 2091 2898 diceret
2138 2847 2350 2909 nglvere
2394 2843 2674 2913 corrigiam
2723 2845 3067 2898 cafccameuti
3125 2843 3332 2897 Domini
3381 2845 3463 2897 sui

1891 2933 2080 3006 (Marc.
2110 2950 2148 3000 t,
2174 2935 2250 3003 7),
2273 2934 2506 2989 Joannes
2537 2936 2624 2990 ille
2656 2935 2911 3004 Baptista,
2939 2935 3072 2989 dans
3099 2935 3318 3002 gloriam
3345 2951 3461 2989 ma-

1887 3025 2052 3093 gistro
2077 3039 2175 3079 suo
2207 3033 2261 3079 et
2303 3024 2423 3080 ideo
2471 3027 2643 3081 amico
2671 3041 2797 3091 suo,
2830 3027 2930 3090 ait;
2961 3041 3080 3079 cum
3102 3025 3340 3080 Christus
3355 3015 3465 3096 ἰηι-

1889 3123 2107 3179 taretur,
2139 3124 2195 3170 et
2226 3132 2291 3170 ex
2316 3132 2384 3172 eo
2399 3115 2678 3185 superbire
2708 3126 2885 3185 posset
2905 3127 3006 3183 ,et
3037 3133 3096 3172 se
3129 3117 3418 3172 extendere
3449 3136 3463 3172 :

1889 3221 1994 3260 non
2037 3206 2178 3260 enim
2219 3206 2332 3276 ipse
2360 3222 2417 3262 se
2443 3206 2651 3262 dixerat
2687 3206 2993 3271 Christum;
3027 3206 3350 3275 scdpoterat
3379 3223 3468 3262 nec

1886 3295 2066 3364 cipere
2093 3295 2363 3350 hominum
2389 3310 2625 3350 errorem
2653 3295 2753 3352 hoc
2782 3297 3098 3366 palantium,
3139 3297 3276 3350 lllllO
3308 3297 3465 3353 istum

1889 3387 2143 3442 honorem
2181 3386 2398 3444 deferre.
2439 3387 2726 3440 volentium
2767 3387 2917 3455 (Luc.
2947 3404 3024 3453 ιιι,
3059 3386 3147 3460 lii)
3183 3408 3196 3442 :
3229 3387 3320 3442 sed
3380 3407 3468 3444 reo

1886 3478 2027 3545 spuit
2053 3477 2239 3530 falsum
2265 3476 2518 3531 honorem
2548 3477 2876 3534 utiuveniret
2895 3493 3072 3534 veram
3097 3479 3314 3548 gloriam
3343 3481 3356 3510 ¹
3380 3499 3392 3534 :
3413 3490 3469 3534 ct

1888 3566 2007 3626 vide
2035 3567 2382 3624 humilitatem
2425 3566 2493 3621 de
2551 3567 2772 3621 auditu:
2801 3570 2911 3634 ait,
2956 3568 3055 3635 Qui
3109 3569 3254 3622 liabet
3307 3587 3462 3640 spon-

1887 3673 2014 3716 sam,
2035 3672 2245 3724 sponsus
2274 3667 2344 3710 est
2364 3672 2381 3718 ;
2405 3656 2599 3709 amicus
2611 3664 2779 3709 autem
2802 3658 2976 3728 sponsi
2989 3666 3088 3714 stat
3107 3670 3151 3712 ct
3170 3660 3308 3711 audit
3329 3676 3462 3713 eum.

1888 3747 2126 3802 Stantem
2157 3761 2214 3802 se
2239 3745 2266 3800 l.
2286 3747 2357 3800 cit
2383 3757 2434 3801 et
2461 3731 2794 3811 audientem,
2829 3763 2934 3806 non
2973 3749 3250 3804 cadentem
3289 3759 3341 3805 et
3386 3750 3465 3804 lo-

1890 3845 2161 3906 quentem,
2186 3835 2324 3902 Stat,
2339 3837 2540 3907 inquit,
2561 3846 2605 3891 et
2632 3838 2773 3894 audit
2798 3856 2930 3897 eunt.
2951 3840 3186 3895 Audistis
3206 3840 3462 3906 auditum;

1889 3929 1976 3985 ubi
2005 3939 2086 3984 est
2113 3930 2393 3985 exsultatio
2417 3939 2470 3984 et
2499 3931 2676 3985 [malitia
2698 3933 2721 3986 ?
2743 3931 3007 3988 Continuo
3033 3933 3272 4004 sequitur
3300 3950 3315 3987 :
3353 3931 3469 3987 Stat

1889 4021 2115 4080 claudit
2167 4039 2301 4087 eum,
2351 4032 2396 4075 et
2421 4024 2606 4093 gaudio
2635 4025 2820 4096 gaudet
2861 4035 3064 4094 prapter
3106 4041 3270 4079 vocent
3297 4011 3482 4095 sponsi

1891 4111 2066 4183 (J‘oan.
2100 4128 2155 4167 ιιι
2177 4153 2192 4179 ,
2222 4113 2337 4182 29).
2363 4115 2571 4168 Auditui
2603 4133 2710 4170 meo
2739 4116 2881 4170 dabis
2909 4117 3286 4170 exsultationem
3311 4128 3355 4170 et
3378 4119 3469 4177 ltr-

1889 4205 2068 4268 titiam,
2093 4215 2139 4258 et
2163 4205 2481 4258 exsultabmtt
2511 4223 2624 4259 ossa
2650 4207 2934 4260 ltuntilinta.

1963 4297 2045 4356 Η.
2067 4294 2216 4368 [vers.
2248 4293 2360 4367 H.]
2387 4294 2564 4349 Avcrle
2584 4298 2764 4366 facient
2791 4306 2928 4350 tuam
2957 4316 2986 4349 (ι
3002 4297 3220 4368 peccatis
3243 4299 3364 4350 meis
3385 4340 3399 4362 ,
3423 4310 3468 4354 et

1890 4403 2061 4454 omnes
2090 4387 2373 4454 iniquitates
2397 4405 2530 4442 meas
2555 4389 2681 4442 dele.
2712 4389 2826 4444 1am
2859 4392 2998 4443 enim
3038 4390 3305 4443 exsultant
3347 4407 3466 4444 ossa

1891 4477 2330 4545 hmuiliata,jam
2385 4478 2617 4550 hyssopo
2673 4479 2992 4546 mundatus,
3047 4479 3260 4534 humilis
3300 4479 3467 4534 foetus

1891 4583 2033 4622 sum.
2071 4569 2244 4620 Averte
2285 4569 2464 4629 facient
2505 4579 2642 4624 tuam
2667 4612 2680 4632 ,
2734 4588 2834 4623 ttou
2866 4586 2894 4624 a
2928 4588 3009 4624 me
3031 4613 3043 4634 ,
3081 4571 3170 4625 sed
3199 4589 3230 4624 τι
3256 4573 3464 4640 peccatis

1893 4659 2032 4711 meis.
2070 4659 2202 4712 Alibi
2225 4661 2419 4729 quippe
2446 4675 2602 4713 orans
2625 4661 2696 4713 dit
2714 4661 2750 4714 it
2779 4680 2790 4715 :
2817 4659 2899 4714 Ne
2919 4672 3112 4715 avertas
3135 4663 3313 4731 facient
3332 4674 3464 4716 tuum

1891 4767 1922 4803 a
1950 4767 2025 4802 tne
2051 4748 2218 4820 (Ρδαι.
2245 4766 2391 4814 sxw,
2420 4750 2498 4821 9).
2529 4751 2627 4818 Qui
2660 4769 2760 4806 nou
2801 4752 2911 4804 vult
2938 4767 2965 4803 a
3003 4768 3060 4805 se
3087 4753 3251 4806 averti
3282 4755 3462 4808 facient.
3539 4809 3542 4812 ,

1896 4840 2010 4904 Dei,
2045 4841 2155 4892 vult
2185 4841 2349 4893 averti
2383 4839 2565 4894 fat-ient
2597 4843 2684 4896 Dei
2712 4858 2740 4894 a
2775 4841 3000 4910 peccatis
3029 4843 3154 4894 suis.
3189 4843 3459 4898 Peccatum

1892 4932 2033 4994 enim
2063 4933 2199 4986 unde
2226 4948 2282 4985 se
2314 4932 2449 4984 Deus
2473 4950 2574 4984 nou
2603 4933 2810 4992 avertit,
2843 4931 3069 4985 advertit
3102 4949 3115 4985 :
3146 4933 3188 4987 si
3219 4931 3471 5000 advertit,

1892 5023 2284 5078 animadvertit.
2327 5021 2504 5074 Averte
2540 5021 2718 5090 facient
2758 5032 2894 5074 tttant
2925 5039 2955 5074 a
2981 5025 3195 5092 peccatis
3242 5024 3394 5088 meis,
3426 5034 3468 5077 α’

1894 5133 2063 5170 Omnes
2083 5116 2370 5184 iniquitates
2396 5129 2530 5166 meas
2557 5114 2681 5166 dele.
2707 5114 2907 5184 Salagit
2928 5114 2994 5168 de
3022 5115 3112 5169 illo
3138 5115 3321 5184 grandi
3353 5132 3466 5183 pec-

1894 5215 2012 5260 cato
2046 5223 2058 5257 :
2087 5205 2202 5274 plus
2231 5207 2497 5273 praesumit
2523 5244 2536 5268 ,
2579 5219 2764 5257 omnes
2802 5205 2974 5260 deleri
3014 5206 3125 5259 vult
3168 5205 3464 5274 iniquitates

1896 5311 2047 5358 suas;
2080 5294 2348 5362 prtesutuit
2376 5293 2443 5348 de
2468 5293 2653 5347 medici
2683 5311 2860 5360 manu,
2885 5295 2949 5350 de
2981 5311 3163 5364 magna
3189 5295 3271 5349 illa
3312 5296 3466 5348 mise-

1897 5383 2124 5438 ricordia
2159 5399 2314 5451 quam
2349 5381 2398 5435 iu
2432 5383 2690 5452 principio
2720 5383 2910 5436 Psaltni
2951 5383 3251 5437 invocavit:
3290 5382 3473 5437 Omnes

1897 5474 2180 5544 iniquitates
2210 5490 2343 5526 meas
2372 5473 2500 5526 dele.
2533 5474 2737 5528 Avertit
2763 5474 2948 5527 facient
2984 5474 3119 5526 Deus
3140 5515 3154 5537 ,
3185 5485 3239 5527 et
3265 5474 3339 5526 sic
3372 5472 3470 5526 de-

1898 5564 2007 5627 let;
2031 5563 2319 5616 avertendo
2341 5563 2526 5618 faciem
2561 5572 2770 5632 peccata
2795 5562 2934 5616 delet
2955 5603 2968 5623 ,
2997 5563 3318 5617 adverteudo
3344 5563 3474 5616 scri-

1898 5654 1994 5710 bit.
2047 5654 2248 5708 Audisti
2293 5655 2582 5710 avertcmlo
2614 5655 2926 5718 .deleutem,
2971 5653 3094 5708 audi
3148 5654 3471 5709 advertendo

1967 5767 1984 5799 ί
2020 5774 2121 5818 Mss.
2151 5781 2292 5830 excc)
2312 5773 2359 5816 to
2378 5781 2473 5817 uno
2492 5767 2614 5817 forte
2636 5774 2684 5818 et
2703 5765 2857 5816 altero
2875 5765 3053 5826 ferunt,
3074 5763 3470 5826 rcramgrnttnnt.
