  <div class='ocr_page' id='page_1' title='image "/cluster/home/n/w/nwhite01/storage/ocr_20150623/36/hvd.32044015471469/304.png"; bbox 0 0 4042 6480; ppageno 0'>
   <div class='ocr_carea' id='block_1_1' title="bbox 197 404 290 459">
    <p class='ocr_par' dir='ltr' id='par_1_1' title="bbox 197 404 290 459">
     <span class='ocr_line' id='line_1_1' title="bbox 197 404 290 459; baseline -0.054 0"><span class='ocrx_word' id='word_1_1' title='bbox 197 404 290 459; x_wconf 78' lang='lat'><strong>597</strong></span> 
     </span>
    </p>
   </div>
   <div class='ocr_carea' id='block_1_2' title="bbox 192 512 1760 586">
    <p class='ocr_par' dir='ltr' id='par_1_2' title="bbox 192 512 1760 586">
     <span class='ocr_line' id='line_1_2' title="bbox 192 512 1760 586; baseline -0.006 -12"><span class='ocrx_word' id='word_1_2' title='bbox 192 519 372 575; x_wconf 80' lang='lat' dir='ltr'><strong>dicitur</strong></span> <span class='ocrx_word' id='word_1_3' title='bbox 396 524 645 586; x_wconf 87' lang='lat' dir='ltr'><strong>apostare</strong></span> <span class='ocrx_word' id='word_1_4' title='bbox 671 531 699 569; x_wconf 92' lang='lat' dir='ltr'><strong>a</strong></span> <span class='ocrx_word' id='word_1_5' title='bbox 732 516 839 569; x_wconf 83' lang='lat' dir='ltr'><strong>Deo</strong></span> <span class='ocrx_word' id='word_1_6' title='bbox 862 558 875 579; x_wconf 94' lang='lat'><strong>,</strong></span> <span class='ocrx_word' id='word_1_7' title='bbox 911 531 1070 581; x_wconf 85' lang='lat' dir='ltr'><strong>unum</strong></span> <span class='ocrx_word' id='word_1_8' title='bbox 1099 513 1260 574; x_wconf 76' lang='lat' dir='ltr'><strong>Deum</strong></span> <span class='ocrx_word' id='word_1_9' title='bbox 1295 527 1397 564; x_wconf 87' lang='lat' dir='ltr'><strong>non</strong></span> <span class='ocrx_word' id='word_1_10' title='bbox 1429 512 1606 565; x_wconf 88' lang='lat' dir='ltr'><strong>colere</strong></span> <span class='ocrx_word' id='word_1_11' title='bbox 1631 551 1644 574; x_wconf 91' lang='lat'><strong>,</strong></span> <span class='ocrx_word' id='word_1_12' title='bbox 1671 520 1760 572; x_wconf 86' lang='lat' dir='ltr'><strong>aut</strong></span> 
     </span>
    </p>
   </div>
   <div class='ocr_carea' id='block_1_3' title="bbox 194 600 1772 677">
    <p class='ocr_par' dir='ltr' id='par_1_3' title="bbox 194 600 1772 677">
     <span class='ocr_line' id='line_1_3' title="bbox 194 600 1772 677; baseline -0.006 -15"><span class='ocrx_word' id='word_1_13' title='bbox 194 622 451 677; x_wconf 87' lang='lat' dir='ltr'><strong>nunquam</strong></span> <span class='ocrx_word' id='word_1_14' title='bbox 499 607 762 671; x_wconf 87' lang='lat' dir='ltr'><strong>coluisse,</strong></span> <span class='ocrx_word' id='word_1_15' title='bbox 805 614 894 658; x_wconf 81' lang='lat' dir='ltr'><strong>aut</strong></span> <span class='ocrx_word' id='word_1_16' title='bbox 937 619 1092 672; x_wconf 82' lang='lat' dir='ltr'><strong>quem</strong></span> <span class='ocrx_word' id='word_1_17' title='bbox 1125 602 1332 656; x_wconf 81' lang='lat' dir='ltr'><strong>Colchat</strong></span> <span class='ocrx_word' id='word_1_18' title='bbox 1366 601 1628 653; x_wconf 86' lang='lat' dir='ltr'><strong>dimisisse</strong></span> <span class='ocrx_word' id='word_1_19' title='bbox 1649 642 1662 664; x_wconf 90' lang='lat'><strong>,</strong></span> <span class='ocrx_word' id='word_1_20' title='bbox 1696 600 1772 652; x_wconf 85' lang='lat' dir='ltr'><strong>ad&#39;</strong></span> 
     </span>
    </p>
   </div>
   <div class='ocr_carea' id='block_1_4' title="bbox 191 692 1758 767">
    <p class='ocr_par' dir='ltr' id='par_1_4' title="bbox 191 692 1758 767">
     <span class='ocr_line' id='line_1_4' title="bbox 191 692 1758 767; baseline -0.006 -14"><span class='ocrx_word' id='word_1_21' title='bbox 191 697 450 754; x_wconf 85' lang='lat' dir='ltr'><strong>cumulum</strong></span> <span class='ocrx_word' id='word_1_22' title='bbox 479 697 619 761; x_wconf 85' lang='lat' dir='ltr'><strong>valet</strong></span> <span class='ocrx_word' id='word_1_23' title='bbox 652 695 790 767; x_wconf 88' lang='lat' dir='ltr'><strong>quod</strong></span> <span class='ocrx_word' id='word_1_24' title='bbox 819 695 926 758; x_wconf 90' lang='lat' dir='ltr'><strong>ait,</strong></span> <span class='ocrx_word' id='word_1_25' title='bbox 959 693 1020 746; x_wconf 82' lang='lat' dir='ltr'><strong>Et</strong></span> <span class='ocrx_word' id='word_1_26' title='bbox 1057 693 1202 763; x_wconf 88' lang='lat' dir='ltr'><strong>impii</strong></span> <span class='ocrx_word' id='word_1_27' title='bbox 1232 692 1298 744; x_wconf 84' lang='lat' dir='ltr'><strong>ad</strong></span> <span class='ocrx_word' id='word_1_28' title='bbox 1326 701 1371 743; x_wconf 88' lang='lat' dir='ltr'><strong>te</strong></span> <span class='ocrx_word' id='word_1_29' title='bbox 1396 700 1758 754; x_wconf 64' lang='lat' dir='ltr'><strong>convertentur.</strong></span> 
     </span>
    </p>
   </div>
   <div class='ocr_carea' id='block_1_5' title="bbox 193 771 1760 855">
    <p class='ocr_par' dir='ltr' id='par_1_5' title="bbox 193 771 1760 855">
     <span class='ocr_line' id='line_1_5' title="bbox 193 771 1760 855; baseline -0.009 -10"><span class='ocrx_word' id='word_1_30' title='bbox 193 790 257 845; x_wconf 86' lang='lat' dir='ltr'><strong>Ita</strong></span> <span class='ocrx_word' id='word_1_31' title='bbox 285 789 474 855; x_wconf 81' lang='lat' dir='ltr'><strong>plenus</strong></span> <span class='ocrx_word' id='word_1_32' title='bbox 495 801 554 840; x_wconf 90' lang='lat' dir='ltr'><strong>es</strong></span> <span class='ocrx_word' id='word_1_33' title='bbox 583 771 737 854; x_wconf 81' lang='lat' dir='ltr'><strong>adipe</strong></span> <span class='ocrx_word' id='word_1_34' title='bbox 768 783 1144 838; x_wconf 79' lang='lat' dir='ltr'><strong>misericordi-.e</strong></span> <span class='ocrx_word' id='word_1_35' title='bbox 1165 771 1182 844; x_wconf 35' lang='lat'><strong>&#39;,</strong></span> <span class='ocrx_word' id='word_1_36' title='bbox 1208 780 1345 848; x_wconf 4' lang='lat' dir='ltr'><strong>utpad</strong></span> <span class='ocrx_word' id='word_1_37' title='bbox 1375 790 1425 834; x_wconf 92' lang='lat' dir='ltr'><strong>te</strong></span> <span class='ocrx_word' id='word_1_38' title='bbox 1453 780 1721 833; x_wconf 74' lang='lat' dir='ltr'><strong>conversis</strong></span> <span class='ocrx_word' id='word_1_39' title='bbox 1745 820 1760 844; x_wconf 89' lang='lat'><strong>,</strong></span> 
     </span>
    </p>
   </div>
   <div class='ocr_carea' id='block_1_6' title="bbox 191 869 1764 944">
    <p class='ocr_par' dir='ltr' id='par_1_6' title="bbox 191 869 1764 944">
     <span class='ocr_line' id='line_1_6' title="bbox 191 869 1764 944; baseline -0.008 -11"><span class='ocrx_word' id='word_1_40' title='bbox 191 894 286 933; x_wconf 90' lang='lat' dir='ltr'><strong>non</strong></span> <span class='ocrx_word' id='word_1_41' title='bbox 318 877 487 930; x_wconf 87' lang='lat' dir='ltr'><strong>solum</strong></span> <span class='ocrx_word' id='word_1_42' title='bbox 517 876 850 944; x_wconf 83' lang='lat' dir='ltr'><strong>quibuslibet</strong></span> <span class='ocrx_word' id='word_1_43' title='bbox 869 871 1251 943; x_wconf 72' lang='lat' dir='ltr'><strong>peccatoribus,</strong></span> <span class='ocrx_word' id='word_1_44' title='bbox 1283 869 1375 924; x_wconf 88' lang='lat' dir='ltr'><strong>sed</strong></span> <span class='ocrx_word' id='word_1_45' title='bbox 1405 869 1563 923; x_wconf 88' lang='lat' dir='ltr'><strong>etiam</strong></span> <span class='ocrx_word' id='word_1_46' title='bbox 1590 869 1764 938; x_wconf 84' lang='lat' dir='ltr'><strong>impiis</strong></span> 
     </span>
    </p>
   </div>
   <div class='ocr_carea' id='block_1_7' title="bbox 192 961 1761 1034">
    <p class='ocr_par' dir='ltr' id='par_1_7' title="bbox 192 961 1761 1034">
     <span class='ocr_line' id='line_1_7' title="bbox 192 961 1761 1034; baseline -0.007 -11"><span class='ocrx_word' id='word_1_47' title='bbox 192 985 287 1023; x_wconf 69' lang='lat' dir='ltr'><strong>nem</strong></span> <span class='ocrx_word' id='word_1_48' title='bbox 334 967 402 1019; x_wconf 88' lang='lat' dir='ltr'><strong>sit</strong></span> <span class='ocrx_word' id='word_1_49' title='bbox 444 965 856 1034; x_wconf 76' lang='lat' dir='ltr'><strong>desperandum.</strong></span> <span class='ocrx_word' id='word_1_50' title='bbox 909 963 1147 1030; x_wconf 79' lang='lat' dir='ltr'><strong>Etimpii</strong></span> <span class='ocrx_word' id='word_1_51' title='bbox 1195 961 1274 1014; x_wconf 87' lang='lat' dir='ltr'><strong>ad-</strong></span> <span class='ocrx_word' id='word_1_52' title='bbox 1314 971 1360 1014; x_wconf 88' lang='lat' dir='ltr'><strong><em>te</em></strong></span> <span class='ocrx_word' id='word_1_53' title='bbox 1399 969 1761 1013; x_wconf 73' lang='lat' dir='ltr'><strong>convertentur.</strong></span> 
     </span>
    </p>
   </div>
   <div class='ocr_carea' id='block_1_8' title="bbox 192 1048 1766 1131">
    <p class='ocr_par' dir='ltr' id='par_1_8' title="bbox 192 1048 1766 1131">
     <span class='ocr_line' id='line_1_8' title="bbox 192 1048 1766 1131; baseline -0.009 -18"><span class='ocrx_word' id='word_1_54' title='bbox 192 1057 420 1126; x_wconf 68' lang='lat' dir='ltr'><strong>lhquid?</strong></span> <span class='ocrx_word' id='word_1_55' title='bbox 476 1055 544 1111; x_wconf 91' lang='lat' dir='ltr'><strong>Ut</strong></span> <span class='ocrx_word' id='word_1_56' title='bbox 593 1055 874 1109; x_wconf 87' lang='lat' dir='ltr'><strong>credentes</strong></span> <span class='ocrx_word' id='word_1_57' title='bbox 925 1053 977 1106; x_wconf 90' lang='lat' dir='ltr'><strong>in</strong></span> <span class='ocrx_word' id='word_1_58' title='bbox 1034 1067 1158 1117; x_wconf 85' lang='lat' dir='ltr'><strong>eum</strong></span> <span class='ocrx_word' id='word_1_59' title='bbox 1210 1051 1300 1131; x_wconf 87' lang='lat' dir='ltr'><strong>qui</strong></span> <span class='ocrx_word' id='word_1_60' title='bbox 1357 1048 1608 1118; x_wconf 69' lang='lat' dir='ltr'><strong>justiﬂeat</strong></span> <span class='ocrx_word' id='word_1_61' title='bbox 1663 1049 1766 1100; x_wconf 82' lang='lat' dir='ltr'><strong>im-</strong></span> 
     </span>
    </p>
   </div>
   <div class='ocr_carea' id='block_1_9' title="bbox 191 1135 1763 1218">
    <p class='ocr_par' dir='ltr' id='par_1_9' title="bbox 191 1135 1763 1218">
     <span class='ocr_line' id='line_1_9' title="bbox 191 1135 1763 1218; baseline -0.004 -19"><span class='ocrx_word' id='word_1_62' title='bbox 191 1135 325 1218; x_wconf 80' lang='lat' dir='ltr'><strong>pium</strong></span> <span class='ocrx_word' id='word_1_63' title='bbox 357 1189 370 1208; x_wconf 89' lang='lat'><strong>,</strong></span> <span class='ocrx_word' id='word_1_64' title='bbox 402 1147 687 1215; x_wconf 75' lang='lat' dir='ltr'><strong>deputetur</strong></span> <span class='ocrx_word' id='word_1_65' title='bbox 740 1145 872 1200; x_wconf 83' lang='lat' dir='ltr'><strong>ﬁdos</strong></span> <span class='ocrx_word' id='word_1_66' title='bbox 923 1159 1107 1199; x_wconf 80' lang='lat' dir='ltr'><strong>comm</strong></span> <span class='ocrx_word' id='word_1_67' title='bbox 1156 1140 1225 1196; x_wconf 87' lang='lat' dir='ltr'><strong>ad</strong></span> <span class='ocrx_word' id='word_1_68' title='bbox 1266 1140 1524 1211; x_wconf 75' lang='lat' dir='ltr'><strong>justitiam</strong></span> <span class='ocrx_word' id='word_1_69' title='bbox 1567 1137 1763 1209; x_wconf 86' lang='lat' dir='ltr'><strong>(Rom.</strong></span> 
     </span>
    </p>
   </div>
   <div class='ocr_carea' id='block_1_10' title="bbox 192 1237 360 1305">
    <p class='ocr_par' dir='ltr' id='par_1_10' title="bbox 192 1237 360 1305">
     <span class='ocr_line' id='line_1_10' title="bbox 192 1237 360 1305; baseline 0.018 -18"><span class='ocrx_word' id='word_1_70' title='bbox 192 1251 256 1301; x_wconf 80' lang='lat' dir='ltr'><strong>tv,</strong></span> <span class='ocrx_word' id='word_1_71' title='bbox 285 1237 360 1305; x_wconf 75' lang='grc'><strong>5).</strong></span> 
     </span>
    </p>
   </div>
   <div class='ocr_carea' id='block_1_11' title="bbox 256 1318 1769 1400">
    <p class='ocr_par' dir='ltr' id='par_1_11' title="bbox 256 1318 1769 1400">
     <span class='ocr_line' id='line_1_11' title="bbox 256 1318 1769 1400; baseline -0.005 -19"><span class='ocrx_word' id='word_1_72' title='bbox 256 1330 342 1382; x_wconf 92' lang='lat'><strong>19.</strong></span> <span class='ocrx_word' id='word_1_73' title='bbox 375 1324 542 1400; x_wconf 62' lang='lat' dir='ltr'><strong>hers.</strong></span> <span class='ocrx_word' id='word_1_74' title='bbox 575 1327 662 1382; x_wconf 86' lang='lat'><strong>16.</strong></span> <span class='ocrx_word' id='word_1_75' title='bbox 685 1327 705 1399; x_wconf 88' lang='lat'>]</span> <span class='ocrx_word' id='word_1_76' title='bbox 738 1326 872 1380; x_wconf 87' lang='lat' dir='ltr'><strong>Erue</strong></span> <span class='ocrx_word' id='word_1_77' title='bbox 894 1342 970 1378; x_wconf 90' lang='lat' dir='ltr'><strong>me</strong></span> <span class='ocrx_word' id='word_1_78' title='bbox 997 1326 1059 1378; x_wconf 85' lang='lat' dir='ltr'><strong>de</strong></span> <span class='ocrx_word' id='word_1_79' title='bbox 1084 1324 1409 1394; x_wconf 85' lang='lat' dir='ltr'><strong>sanguinibus</strong></span> <span class='ocrx_word' id='word_1_80' title='bbox 1429 1321 1566 1374; x_wconf 85' lang='lat' dir='ltr'><strong>Deus</strong></span> <span class='ocrx_word' id='word_1_81' title='bbox 1585 1361 1600 1386; x_wconf 96' lang='lat'><strong>,</strong></span> <span class='ocrx_word' id='word_1_82' title='bbox 1633 1318 1769 1374; x_wconf 89' lang='lat' dir='ltr'><strong>Deus</strong></span> 
     </span>
    </p>
   </div>
   <div class='ocr_carea' id='block_1_12' title="bbox 191 1410 1768 1485">
    <p class='ocr_par' dir='ltr' id='par_1_12' title="bbox 191 1410 1768 1485">
     <span class='ocr_line' id='line_1_12' title="bbox 191 1410 1768 1485; baseline -0.006 -13"><span class='ocrx_word' id='word_1_83' title='bbox 191 1418 362 1472; x_wconf 82' lang='lat' dir='ltr'><strong>salutis</strong></span> <span class='ocrx_word' id='word_1_84' title='bbox 389 1433 532 1470; x_wconf 70' lang='lat' dir='ltr'><strong>nacte.</strong></span> <span class='ocrx_word' id='word_1_85' title='bbox 563 1417 836 1485; x_wconf 78' lang='lat' dir='ltr'><strong>Expressit</strong></span> <span class='ocrx_word' id='word_1_86' title='bbox 875 1415 1066 1469; x_wconf 89' lang='lat' dir='ltr'><strong>latinus</strong></span> <span class='ocrx_word' id='word_1_87' title='bbox 1106 1415 1366 1482; x_wconf 89' lang='lat' dir='ltr'><strong><em>interpres</em></strong></span> <span class='ocrx_word' id='word_1_88' title='bbox 1392 1410 1557 1465; x_wconf 90' lang='lat' dir='ltr'><strong>verbo</strong></span> <span class='ocrx_word' id='word_1_89' title='bbox 1592 1410 1768 1464; x_wconf 91' lang='lat' dir='ltr'><strong>minus</strong></span> 
     </span>
    </p>
   </div>
   <div class='ocr_carea' id='block_1_13' title="bbox 193 1503 1766 1579">
    <p class='ocr_par' dir='ltr' id='par_1_13' title="bbox 193 1503 1766 1579">
     <span class='ocr_line' id='line_1_13' title="bbox 193 1503 1766 1579; baseline -0.006 -18"><span class='ocrx_word' id='word_1_90' title='bbox 193 1508 346 1562; x_wconf 86' lang='lat' dir='ltr'><strong>latino</strong></span> <span class='ocrx_word' id='word_1_91' title='bbox 373 1509 749 1579; x_wconf 80' lang='lat' dir='ltr'><strong>proprietatem</strong></span> <span class='ocrx_word' id='word_1_92' title='bbox 781 1517 954 1560; x_wconf 91' lang='lat' dir='ltr'><strong>tamen</strong></span> <span class='ocrx_word' id='word_1_93' title='bbox 977 1521 1038 1559; x_wconf 82' lang='lat' dir='ltr'><strong>ex</strong></span> <span class='ocrx_word' id='word_1_94' title='bbox 1068 1519 1258 1573; x_wconf 82' lang='lat' dir='ltr'><strong>gra-co.</strong></span> <span class='ocrx_word' id='word_1_95' title='bbox 1290 1503 1420 1557; x_wconf 86' lang='lat' dir='ltr'><strong>Nam</strong></span> <span class='ocrx_word' id='word_1_96' title='bbox 1450 1515 1636 1556; x_wconf 88' lang='lat' dir='ltr'><strong>omnes</strong></span> <span class='ocrx_word' id='word_1_97' title='bbox 1667 1517 1766 1553; x_wconf 88' lang='lat' dir='ltr'><strong>no-</strong></span> 
     </span>
    </p>
   </div>
   <div class='ocr_carea' id='block_1_14' title="bbox 192 1593 1766 1662">
    <p class='ocr_par' dir='ltr' id='par_1_14' title="bbox 192 1593 1766 1662">
     <span class='ocr_line' id='line_1_14' title="bbox 192 1593 1766 1662; baseline -0.004 -13"><span class='ocrx_word' id='word_1_98' title='bbox 192 1600 353 1651; x_wconf 90' lang='lat' dir='ltr'><strong>vimus</strong></span> <span class='ocrx_word' id='word_1_99' title='bbox 385 1598 549 1656; x_wconf 87' lang='lat' dir='ltr'><strong>latine</strong></span> <span class='ocrx_word' id='word_1_100' title='bbox 575 1613 679 1649; x_wconf 85' lang='lat' dir='ltr'><strong>non</strong></span> <span class='ocrx_word' id='word_1_101' title='bbox 700 1595 802 1650; x_wconf 89' lang='lat' dir='ltr'><strong>dici</strong></span> <span class='ocrx_word' id='word_1_102' title='bbox 825 1595 1108 1662; x_wconf 84' lang='lat' dir='ltr'><strong>sanguines</strong></span> <span class='ocrx_word' id='word_1_103' title='bbox 1127 1635 1142 1660; x_wconf 93' lang='lat'><strong>,</strong></span> <span class='ocrx_word' id='word_1_104' title='bbox 1175 1609 1270 1647; x_wconf 89' lang='lat' dir='ltr'><strong>nec</strong></span> <span class='ocrx_word' id='word_1_105' title='bbox 1289 1593 1564 1661; x_wconf 83' lang='lat' dir='ltr'><strong>sanguina;</strong></span> <span class='ocrx_word' id='word_1_106' title='bbox 1591 1600 1766 1644; x_wconf 88' lang='lat' dir='ltr'><strong>tamen</strong></span> 
     </span>
    </p>
   </div>
   <div class='ocr_carea' id='block_1_15' title="bbox 193 1681 1767 1758">
    <p class='ocr_par' dir='ltr' id='par_1_15' title="bbox 193 1681 1767 1758">
     <span class='ocr_line' id='line_1_15' title="bbox 193 1681 1767 1758; baseline -0.003 -18"><span class='ocrx_word' id='word_1_107' title='bbox 193 1689 302 1758; x_wconf 86' lang='lat' dir='ltr'><strong>quia</strong></span> <span class='ocrx_word' id='word_1_108' title='bbox 348 1689 419 1742; x_wconf 88' lang='lat' dir='ltr'><strong>ita</strong></span> <span class='ocrx_word' id='word_1_109' title='bbox 474 1702 681 1757; x_wconf 73' lang='lat' dir='ltr'><strong>graecus</strong></span> <span class='ocrx_word' id='word_1_110' title='bbox 725 1686 897 1754; x_wconf 83' lang='lat' dir='ltr'><strong>posuit</strong></span> <span class='ocrx_word' id='word_1_111' title='bbox 940 1684 1130 1755; x_wconf 83' lang='lat' dir='ltr'><strong>plurali</strong></span> <span class='ocrx_word' id='word_1_112' title='bbox 1181 1699 1431 1746; x_wconf 89' lang='lat' dir='ltr'><strong>numero,</strong></span> <span class='ocrx_word' id='word_1_113' title='bbox 1479 1696 1584 1734; x_wconf 91' lang='lat' dir='ltr'><strong>non</strong></span> <span class='ocrx_word' id='word_1_114' title='bbox 1651 1681 1767 1736; x_wconf 90' lang='lat' dir='ltr'><strong>sine</strong></span> 
     </span>
    </p>
   </div>
   <div class='ocr_carea' id='block_1_16' title="bbox 193 1769 1763 1847">
    <p class='ocr_par' dir='ltr' id='par_1_16' title="bbox 193 1769 1763 1847">
     <span class='ocr_line' id='line_1_16' title="bbox 193 1769 1763 1847; baseline -0.004 -17"><span class='ocrx_word' id='word_1_115' title='bbox 193 1794 364 1842; x_wconf 79' lang='lat' dir='ltr'><strong>causa,</strong></span> <span class='ocrx_word' id='word_1_116' title='bbox 396 1779 497 1832; x_wconf 90' lang='lat' dir='ltr'><strong>nisi</strong></span> <span class='ocrx_word' id='word_1_117' title='bbox 529 1778 650 1847; x_wconf 90' lang='lat' dir='ltr'><strong>quia</strong></span> <span class='ocrx_word' id='word_1_118' title='bbox 682 1777 782 1830; x_wconf 92' lang='lat' dir='ltr'><strong>hoc</strong></span> <span class='ocrx_word' id='word_1_119' title='bbox 809 1776 1006 1830; x_wconf 90' lang='lat' dir='ltr'><strong>invenit</strong></span> <span class='ocrx_word' id='word_1_120' title='bbox 1037 1775 1088 1827; x_wconf 91' lang='lat' dir='ltr'><strong>in</strong></span> <span class='ocrx_word' id='word_1_121' title='bbox 1122 1775 1288 1842; x_wconf 86' lang='lat' dir='ltr'><strong>prima</strong></span> <span class='ocrx_word' id='word_1_122' title='bbox 1316 1773 1488 1842; x_wconf 90' lang='lat' dir='ltr'><strong>lingua</strong></span> <span class='ocrx_word' id='word_1_123' title='bbox 1518 1769 1763 1836; x_wconf 69' lang='lat' dir='ltr'><strong>hebma,</strong></span> 
     </span>
    </p>
   </div>
   <div class='ocr_carea' id='block_1_17' title="bbox 193 1860 1764 1937">
    <p class='ocr_par' dir='ltr' id='par_1_17' title="bbox 193 1860 1764 1937">
     <span class='ocr_line' id='line_1_17' title="bbox 193 1860 1764 1937; baseline -0.005 -16"><span class='ocrx_word' id='word_1_124' title='bbox 193 1869 368 1922; x_wconf 87' lang='lat' dir='ltr'><strong>maluit</strong></span> <span class='ocrx_word' id='word_1_125' title='bbox 397 1869 516 1937; x_wconf 87' lang='lat' dir='ltr'><strong>pitts</strong></span> <span class='ocrx_word' id='word_1_126' title='bbox 541 1869 558 1901; x_wconf 78' lang='grc'>⁸</span> <span class='ocrx_word' id='word_1_127' title='bbox 587 1868 852 1936; x_wconf 87' lang='lat' dir='ltr'><strong><em>interpres</em></strong></span> <span class='ocrx_word' id='word_1_128' title='bbox 887 1866 1062 1920; x_wconf 89' lang='lat' dir='ltr'><strong>minus</strong></span> <span class='ocrx_word' id='word_1_129' title='bbox 1113 1865 1273 1917; x_wconf 88' lang='lat' dir='ltr'><strong>latine</strong></span> <span class='ocrx_word' id='word_1_130' title='bbox 1313 1861 1532 1931; x_wconf 58' lang='lat' dir='ltr'><strong>aliquid:</strong></span> <span class='ocrx_word' id='word_1_131' title='bbox 1548 1860 1725 1914; x_wconf 90' lang='lat' dir='ltr'><strong>dicere</strong></span> <span class='ocrx_word' id='word_1_132' title='bbox 1749 1902 1764 1926; x_wconf 98' lang='lat'><strong>,</strong></span> 
     </span>
    </p>
   </div>
   <div class='ocr_carea' id='block_1_18' title="bbox 192 1951 1769 2028">
    <p class='ocr_par' dir='ltr' id='par_1_18' title="bbox 192 1951 1769 2028">
     <span class='ocr_line' id='line_1_18' title="bbox 192 1951 1769 2028; baseline -0.004 -15"><span class='ocrx_word' id='word_1_133' title='bbox 192 1975 343 2028; x_wconf 83' lang='lat' dir='ltr'><strong>quam</strong></span> <span class='ocrx_word' id='word_1_134' title='bbox 379 1961 556 2013; x_wconf 88' lang='lat' dir='ltr'><strong>minus</strong></span> <span class='ocrx_word' id='word_1_135' title='bbox 582 1958 816 2028; x_wconf 87' lang='lat' dir='ltr'><strong>proprie.</strong></span> <span class='ocrx_word' id='word_1_136' title='bbox 843 1959 1018 2022; x_wconf 83' lang='lat' dir='ltr'><strong>Quare</strong></span> <span class='ocrx_word' id='word_1_137' title='bbox 1046 1969 1171 2024; x_wconf 79' lang='lat' dir='ltr'><strong>ergo</strong></span> <span class='ocrx_word' id='word_1_138' title='bbox 1200 1953 1475 2023; x_wconf 84' lang='lat' dir='ltr'><strong>pluraliter</strong></span> <span class='ocrx_word' id='word_1_139' title='bbox 1499 1951 1629 2006; x_wconf 78' lang='lat' dir='ltr'><strong>dixit</strong></span> <span class='ocrx_word' id='word_1_140' title='bbox 1660 1969 1672 2004; x_wconf 92' lang='lat'><strong>:</strong></span> <span class='ocrx_word' id='word_1_141' title='bbox 1706 1952 1769 2006; x_wconf 87' lang='lat' dir='ltr'><strong>de</strong></span> 
     </span>
    </p>
   </div>
   <div class='ocr_carea' id='block_1_19' title="bbox 193 2043 1767 2121">
    <p class='ocr_par' dir='ltr' id='par_1_19' title="bbox 193 2043 1767 2121">
     <span class='ocr_line' id='line_1_19' title="bbox 193 2043 1767 2121; baseline -0.007 -17"><span class='ocrx_word' id='word_1_142' title='bbox 193 2049 622 2121; x_wconf 80' lang='lat' dir='ltr'><strong>sanguinibus?ln</strong></span> <span class='ocrx_word' id='word_1_143' title='bbox 650 2049 828 2103; x_wconf 87' lang='lat' dir='ltr'><strong>multis</strong></span> <span class='ocrx_word' id='word_1_144' title='bbox 853 2047 1215 2116; x_wconf 83' lang='lat' dir='ltr'><strong>sanguini‘bus,</strong></span> <span class='ocrx_word' id='word_1_145' title='bbox 1243 2053 1488 2112; x_wconf 77' lang='lat' dir='ltr'><strong>tanquam</strong></span> <span class='ocrx_word' id='word_1_146' title='bbox 1521 2044 1571 2096; x_wconf 91' lang='lat' dir='ltr'><strong>in</strong></span> <span class='ocrx_word' id='word_1_147' title='bbox 1603 2043 1767 2112; x_wconf 87' lang='lat' dir='ltr'><strong>origi-</strong></span> 
     </span>
    </p>
   </div>
   <div class='ocr_carea' id='block_1_20' title="bbox 193 2133 1768 2207">
    <p class='ocr_par' dir='ltr' id='par_1_20' title="bbox 193 2133 1768 2207">
     <span class='ocr_line' id='line_1_20' title="bbox 193 2133 1768 2207; baseline -0.004 -14"><span class='ocrx_word' id='word_1_148' title='bbox 193 2154 252 2194; x_wconf 88' lang='lat' dir='ltr'><strong>ne</strong></span> <span class='ocrx_word' id='word_1_149' title='bbox 277 2139 456 2193; x_wconf 81' lang='lat' dir='ltr'><strong>carnis</strong></span> <span class='ocrx_word' id='word_1_150' title='bbox 487 2140 726 2207; x_wconf 87' lang='lat' dir='ltr'><strong>peccati,</strong></span> <span class='ocrx_word' id='word_1_151' title='bbox 755 2137 917 2192; x_wconf 90' lang='lat' dir='ltr'><strong>multa</strong></span> <span class='ocrx_word' id='word_1_152' title='bbox 960 2145 1176 2206; x_wconf 88' lang='lat' dir='ltr'><strong>peccata</strong></span> <span class='ocrx_word' id='word_1_153' title='bbox 1203 2135 1418 2204; x_wconf 89' lang='lat' dir='ltr'><strong>intelligi</strong></span> <span class='ocrx_word' id='word_1_154' title='bbox 1461 2134 1647 2188; x_wconf 83' lang='lat' dir='ltr'><strong>voluit.</strong></span> <span class='ocrx_word' id='word_1_155' title='bbox 1686 2133 1768 2186; x_wconf 85' lang='lat' dir='ltr'><strong>Ad</strong></span> 
     </span>
    </p>
   </div>
   <div class='ocr_carea' id='block_1_21' title="bbox 194 2224 1769 2299">
    <p class='ocr_par' dir='ltr' id='par_1_21' title="bbox 194 2224 1769 2299">
     <span class='ocr_line' id='line_1_21' title="bbox 194 2224 1769 2299; baseline -0.003 -16"><span class='ocrx_word' id='word_1_156' title='bbox 194 2230 294 2298; x_wconf 80' lang='lat' dir='ltr'><strong>ipsa</strong></span> <span class='ocrx_word' id='word_1_157' title='bbox 340 2239 555 2298; x_wconf 84' lang='lat' dir='ltr'><strong>peccata</strong></span> <span class='ocrx_word' id='word_1_158' title='bbox 595 2230 887 2299; x_wconf 85' lang='lat' dir='ltr'><strong>respiciens</strong></span> <span class='ocrx_word' id='word_1_159' title='bbox 924 2228 1248 2298; x_wconf 83' lang='lat' dir='ltr'><strong>Apostolus,</strong></span> <span class='ocrx_word' id='word_1_160' title='bbox 1289 2243 1407 2297; x_wconf 71' lang='lat' dir='ltr'><strong>qua:</strong></span> <span class='ocrx_word' id='word_1_161' title='bbox 1450 2227 1665 2280; x_wconf 89' lang='lat' dir='ltr'><strong>veniunt</strong></span> <span class='ocrx_word' id='word_1_162' title='bbox 1701 2224 1769 2280; x_wconf 87' lang='lat' dir='ltr'><strong>de</strong></span> 
     </span>
    </p>
   </div>
   <div class='ocr_carea' id='block_1_22' title="bbox 193 2316 1770 2389">
    <p class='ocr_par' dir='ltr' id='par_1_22' title="bbox 193 2316 1770 2389">
     <span class='ocr_line' id='line_1_22' title="bbox 193 2316 1770 2389; baseline -0.003 -15"><span class='ocrx_word' id='word_1_163' title='bbox 193 2322 522 2389; x_wconf 77' lang='lat' dir='ltr'><strong>corruptione</strong></span> <span class='ocrx_word' id='word_1_164' title='bbox 537 2321 714 2375; x_wconf 90' lang='lat' dir='ltr'><strong>carnis</strong></span> <span class='ocrx_word' id='word_1_165' title='bbox 729 2331 783 2374; x_wconf 89' lang='lat' dir='ltr'><strong>et</strong></span> <span class='ocrx_word' id='word_1_166' title='bbox 807 2320 1096 2386; x_wconf 81' lang='lat' dir='ltr'><strong>sanguinis,</strong></span> <span class='ocrx_word' id='word_1_167' title='bbox 1111 2319 1184 2372; x_wconf 92' lang='lat' dir='ltr'><strong>ait</strong></span> <span class='ocrx_word' id='word_1_168' title='bbox 1207 2335 1220 2371; x_wconf 88' lang='lat'><strong>:</strong></span> <span class='ocrx_word' id='word_1_169' title='bbox 1248 2317 1378 2371; x_wconf 90' lang='lat' dir='ltr'><strong>Caro</strong></span> <span class='ocrx_word' id='word_1_170' title='bbox 1402 2326 1447 2370; x_wconf 87' lang='lat' dir='ltr'><strong>et</strong></span> <span class='ocrx_word' id='word_1_171' title='bbox 1472 2316 1674 2388; x_wconf 83' lang='lat' dir='ltr'><strong>sanguis</strong></span> <span class='ocrx_word' id='word_1_172' title='bbox 1690 2331 1770 2369; x_wconf 78' lang='lat' dir='ltr'><strong>re-</strong></span> 
     </span>
    </p>
   </div>
   <div class='ocr_carea' id='block_1_23' title="bbox 192 2409 1765 2484">
    <p class='ocr_par' dir='ltr' id='par_1_23' title="bbox 192 2409 1765 2484">
     <span class='ocr_line' id='line_1_23' title="bbox 192 2409 1765 2484; baseline -0.001 -19"><span class='ocrx_word' id='word_1_173' title='bbox 192 2430 336 2484; x_wconf 75' lang='lat' dir='ltr'><strong>gnum</strong></span> <span class='ocrx_word' id='word_1_174' title='bbox 355 2412 444 2466; x_wconf 83' lang='lat' dir='ltr'><strong>Dei</strong></span> <span class='ocrx_word' id='word_1_175' title='bbox 471 2429 572 2466; x_wconf 88' lang='lat' dir='ltr'><strong>non</strong></span> <span class='ocrx_word' id='word_1_176' title='bbox 594 2411 930 2482; x_wconf 81' lang='lat' dir='ltr'><strong>possidebunt.</strong></span> <span class='ocrx_word' id='word_1_177' title='bbox 949 2413 1080 2466; x_wconf 89' lang='lat' dir='ltr'><strong>Nam</strong></span> <span class='ocrx_word' id='word_1_178' title='bbox 1100 2412 1277 2482; x_wconf 88' lang='lat' dir='ltr'><strong>utique</strong></span> <span class='ocrx_word' id='word_1_179' title='bbox 1293 2411 1580 2465; x_wconf 85' lang='lat' dir='ltr'><strong>secundum</strong></span> <span class='ocrx_word' id='word_1_180' title='bbox 1606 2409 1765 2464; x_wconf 82' lang='lat' dir='ltr'><strong>ﬁdem</strong></span> 
     </span>
    </p>
   </div>
   <div class='ocr_carea' id='block_1_24' title="bbox 192 2501 1767 2572">
    <p class='ocr_par' dir='ltr' id='par_1_24' title="bbox 192 2501 1767 2572">
     <span class='ocr_line' id='line_1_24' title="bbox 192 2501 1767 2572; baseline 0 -19"><span class='ocrx_word' id='word_1_181' title='bbox 192 2517 361 2556; x_wconf 82' lang='lat' dir='ltr'><strong>verum</strong></span> <span class='ocrx_word' id='word_1_182' title='bbox 402 2502 641 2571; x_wconf 86' lang='lat' dir='ltr'><strong>ejusdem</strong></span> <span class='ocrx_word' id='word_1_183' title='bbox 672 2503 928 2572; x_wconf 88' lang='lat' dir='ltr'><strong>apostoli,</strong></span> <span class='ocrx_word' id='word_1_184' title='bbox 961 2516 1086 2557; x_wconf 89' lang='lat' dir='ltr'><strong>caro</strong></span> <span class='ocrx_word' id='word_1_185' title='bbox 1129 2502 1226 2555; x_wconf 89' lang='lat' dir='ltr'><strong>ista</strong></span> <span class='ocrx_word' id='word_1_186' title='bbox 1274 2509 1548 2570; x_wconf 78' lang='lat' dir='ltr'><strong>resurget,</strong></span> <span class='ocrx_word' id='word_1_187' title='bbox 1573 2509 1626 2554; x_wconf 90' lang='lat' dir='ltr'><strong>et</strong></span> <span class='ocrx_word' id='word_1_188' title='bbox 1655 2501 1767 2571; x_wconf 88' lang='lat' dir='ltr'><strong>ipsa</strong></span> 
     </span>
    </p>
   </div>
   <div class='ocr_carea' id='block_1_25' title="bbox 193 2592 1766 2661">
    <p class='ocr_par' dir='ltr' id='par_1_25' title="bbox 193 2592 1766 2661">
     <span class='ocr_line' id='line_1_25' title="bbox 193 2592 1766 2661; baseline 0 -17"><span class='ocrx_word' id='word_1_189' title='bbox 193 2593 474 2647; x_wconf 87' lang='lat' dir='ltr'><strong>merebitur</strong></span> <span class='ocrx_word' id='word_1_190' title='bbox 495 2592 968 2661; x_wconf 67' lang='lat' dir='ltr'><strong>interruptionem,</strong></span> <span class='ocrx_word' id='word_1_191' title='bbox 1000 2593 1212 2647; x_wconf 87' lang='lat' dir='ltr'><strong>dicente</strong></span> <span class='ocrx_word' id='word_1_192' title='bbox 1231 2593 1349 2661; x_wconf 91' lang='lat' dir='ltr'><strong>ipso</strong></span> <span class='ocrx_word' id='word_1_193' title='bbox 1375 2609 1388 2646; x_wconf 90' lang='lat'>:</span> <span class='ocrx_word' id='word_1_194' title='bbox 1419 2592 1628 2660; x_wconf 81' lang='lat' dir='ltr'><strong><em>Oportet</em></strong></span> <span class='ocrx_word' id='word_1_195' title='bbox 1649 2607 1766 2645; x_wconf 78' lang='lat' dir='ltr'><strong>cor-</strong></span> 
     </span>
    </p>
   </div>
   <div class='ocr_carea' id='block_1_26' title="bbox 191 2681 1768 2752">
    <p class='ocr_par' dir='ltr' id='par_1_26' title="bbox 191 2681 1768 2752">
     <span class='ocr_line' id='line_1_26' title="bbox 191 2681 1768 2752; baseline 0.001 -20"><span class='ocrx_word' id='word_1_196' title='bbox 191 2683 418 2751; x_wconf 74' lang='lat' dir='ltr'><strong>ruptibile</strong></span> <span class='ocrx_word' id='word_1_197' title='bbox 445 2682 540 2736; x_wconf 73' lang='lat' dir='ltr'><strong>hoc</strong></span> <span class='ocrx_word' id='word_1_198' title='bbox 564 2683 772 2736; x_wconf 81' lang='lat' dir='ltr'><strong>induere</strong></span> <span class='ocrx_word' id='word_1_199' title='bbox 795 2683 1234 2752; x_wconf 84' lang='lat' dir='ltr'><strong>incorruptionem,</strong></span> <span class='ocrx_word' id='word_1_200' title='bbox 1261 2692 1308 2735; x_wconf 88' lang='lat' dir='ltr'><strong>et</strong></span> <span class='ocrx_word' id='word_1_201' title='bbox 1338 2682 1549 2734; x_wconf 79' lang='lat' dir='ltr'><strong>mortale</strong></span> <span class='ocrx_word' id='word_1_202' title='bbox 1569 2681 1662 2734; x_wconf 78' lang='lat' dir='ltr'><strong>hoc</strong></span> <span class='ocrx_word' id='word_1_203' title='bbox 1688 2682 1768 2734; x_wconf 86' lang='lat' dir='ltr'><strong>in-</strong></span> 
     </span>
    </p>
   </div>
   <div class='ocr_carea' id='block_1_27' title="bbox 193 2771 1768 2844">
    <p class='ocr_par' dir='ltr' id='par_1_27' title="bbox 193 2771 1768 2844">
     <span class='ocr_line' id='line_1_27' title="bbox 193 2771 1768 2844; baseline -0.001 -20"><span class='ocrx_word' id='word_1_204' title='bbox 193 2773 336 2827; x_wconf 73' lang='lat' dir='ltr'><strong>duere</strong></span> <span class='ocrx_word' id='word_1_205' title='bbox 360 2774 787 2827; x_wconf 83' lang='lat' dir='ltr'><strong>immortalitatem</strong></span> <span class='ocrx_word' id='word_1_206' title='bbox 813 2772 854 2844; x_wconf 94' lang='grc' dir='ltr'><strong>(Ι</strong></span> <span class='ocrx_word' id='word_1_207' title='bbox 882 2773 998 2826; x_wconf 83' lang='lat' dir='ltr'><strong>Cor.</strong></span> <span class='ocrx_word' id='word_1_208' title='bbox 1027 2789 1130 2842; x_wconf 66' lang='lat' dir='ltr'><strong>xv,</strong></span> <span class='ocrx_word' id='word_1_209' title='bbox 1161 2772 1262 2836; x_wconf 39' lang='lat'><strong>50’,</strong></span> <span class='ocrx_word' id='word_1_210' title='bbox 1294 2772 1417 2841; x_wconf 74' lang='lat'><strong>55).</strong></span> <span class='ocrx_word' id='word_1_211' title='bbox 1467 2771 1596 2838; x_wconf 88' lang='lat' dir='ltr'><strong>Quia</strong></span> <span class='ocrx_word' id='word_1_212' title='bbox 1640 2785 1768 2840; x_wconf 87' lang='lat' dir='ltr'><strong>ergo</strong></span> 
     </span>
    </p>
   </div>
   <div class='ocr_carea' id='block_1_28' title="bbox 190 2861 1768 2934">
    <p class='ocr_par' dir='ltr' id='par_1_28' title="bbox 190 2861 1768 2934">
     <span class='ocr_line' id='line_1_28' title="bbox 190 2861 1768 2934; baseline -0.003 -17"><span class='ocrx_word' id='word_1_213' title='bbox 190 2864 455 2934; x_wconf 85' lang='lat' dir='ltr'><strong>corruptio</strong></span> <span class='ocrx_word' id='word_1_214' title='bbox 478 2863 578 2918; x_wconf 91' lang='lat' dir='ltr'><strong>ista</strong></span> <span class='ocrx_word' id='word_1_215' title='bbox 601 2864 671 2918; x_wconf 90' lang='lat' dir='ltr'><strong>de</strong></span> <span class='ocrx_word' id='word_1_216' title='bbox 700 2872 915 2933; x_wconf 85' lang='lat' dir='ltr'><strong>peccato</strong></span> <span class='ocrx_word' id='word_1_217' title='bbox 938 2872 1039 2926; x_wconf 88' lang='lat' dir='ltr'><strong>est,</strong></span> <span class='ocrx_word' id='word_1_218' title='bbox 1068 2862 1231 2932; x_wconf 87' lang='lat' dir='ltr'><strong>ipsius</strong></span> <span class='ocrx_word' id='word_1_219' title='bbox 1255 2862 1468 2917; x_wconf 87' lang='lat' dir='ltr'><strong>nomine</strong></span> <span class='ocrx_word' id='word_1_220' title='bbox 1497 2861 1768 2930; x_wconf 79' lang='lat' dir='ltr'><strong>appellan-</strong></span> 
     </span>
    </p>
   </div>
   <div class='ocr_carea' id='block_1_29' title="bbox 192 2950 1767 3023">
    <p class='ocr_par' dir='ltr' id='par_1_29' title="bbox 192 2950 1767 3023">
     <span class='ocr_line' id='line_1_29' title="bbox 192 2950 1767 3023; baseline -0.001 -17"><span class='ocrx_word' id='word_1_221' title='bbox 192 2963 267 3007; x_wconf 89' lang='lat' dir='ltr'><strong>tur</strong></span> <span class='ocrx_word' id='word_1_222' title='bbox 293 2965 510 3023; x_wconf 86' lang='lat' dir='ltr'><strong>peccata</strong></span> <span class='ocrx_word' id='word_1_223' title='bbox 541 2965 562 3008; x_wconf 89' lang='lat'><strong>:&#39;</strong></span> <span class='ocrx_word' id='word_1_224' title='bbox 590 2953 1034 3023; x_wconf 86' lang='lat' dir='ltr'><strong>quemadmodum</strong></span> <span class='ocrx_word' id='word_1_225' title='bbox 1079 2953 1273 3007; x_wconf 77' lang='lat' dir='ltr'><strong>dicitur</strong></span> <span class='ocrx_word' id='word_1_226' title='bbox 1318 2953 1493 3021; x_wconf 77' lang='lat' dir='ltr'><strong>lingua</strong></span> <span class='ocrx_word' id='word_1_227' title='bbox 1541 2960 1593 3006; x_wconf 93' lang='lat' dir='ltr'><strong>et</strong></span> <span class='ocrx_word' id='word_1_228' title='bbox 1639 2950 1767 3005; x_wconf 90' lang='lat' dir='ltr'><strong>illud</strong></span> 
     </span>
    </p>
   </div>
   <div class='ocr_carea' id='block_1_30' title="bbox 193 3044 1764 3114">
    <p class='ocr_par' dir='ltr' id='par_1_30' title="bbox 193 3044 1764 3114">
     <span class='ocr_line' id='line_1_30' title="bbox 193 3044 1764 3114; baseline 0 -17"><span class='ocrx_word' id='word_1_229' title='bbox 193 3044 404 3100; x_wconf 77' lang='lat' dir='ltr'><strong>frustum</strong></span> <span class='ocrx_word' id='word_1_230' title='bbox 447 3045 624 3100; x_wconf 86' lang='lat' dir='ltr'><strong>carnis</strong></span> <span class='ocrx_word' id='word_1_231' title='bbox 667 3055 725 3100; x_wconf 90' lang='lat' dir='ltr'><strong>et</strong></span> <span class='ocrx_word' id='word_1_232' title='bbox 760 3045 1052 3100; x_wconf 84' lang='lat' dir='ltr'><strong>membrum</strong></span> <span class='ocrx_word' id='word_1_233' title='bbox 1093 3044 1233 3114; x_wconf 87' lang='lat' dir='ltr'><strong>quod</strong></span> <span class='ocrx_word' id='word_1_234' title='bbox 1273 3046 1324 3099; x_wconf 90' lang='lat' dir='ltr'><strong>in</strong></span> <span class='ocrx_word' id='word_1_235' title='bbox 1353 3060 1448 3099; x_wconf 92' lang='lat' dir='ltr'><strong>ore</strong></span> <span class='ocrx_word' id='word_1_236' title='bbox 1477 3054 1720 3098; x_wconf 87' lang='lat' dir='ltr'><strong>movetur</strong></span> <span class='ocrx_word' id='word_1_237' title='bbox 1747 3084 1764 3112; x_wconf 94' lang='lat'><strong>,</strong></span> 
     </span>
    </p>
   </div>
   <div class='ocr_carea' id='block_1_31' title="bbox 193 3135 1768 3206">
    <p class='ocr_par' dir='ltr' id='par_1_31' title="bbox 193 3135 1768 3206">
     <span class='ocr_line' id='line_1_31' title="bbox 193 3135 1768 3206; baseline 0.001 -18"><span class='ocrx_word' id='word_1_238' title='bbox 193 3149 300 3188; x_wconf 75' lang='lat' dir='ltr'><strong>etim</strong></span> <span class='ocrx_word' id='word_1_239' title='bbox 327 3135 489 3190; x_wconf 82' lang='lat' dir='ltr'><strong>verba</strong></span> <span class='ocrx_word' id='word_1_240' title='bbox 533 3135 928 3204; x_wconf 79' lang='lat' dir='ltr'><strong>distinguimus,</strong></span> <span class='ocrx_word' id='word_1_241' title='bbox 959 3147 1013 3190; x_wconf 92' lang='lat' dir='ltr'><strong>et</strong></span> <span class='ocrx_word' id='word_1_242' title='bbox 1036 3136 1209 3206; x_wconf 89' lang='lat' dir='ltr'><strong>lingua</strong></span> <span class='ocrx_word' id='word_1_243' title='bbox 1246 3135 1387 3205; x_wconf 91' lang='lat' dir='ltr'><strong>quod</strong></span> <span class='ocrx_word' id='word_1_244' title='bbox 1417 3151 1511 3205; x_wconf 90' lang='lat' dir='ltr'><strong>per</strong></span> <span class='ocrx_word' id='word_1_245' title='bbox 1536 3135 1768 3205; x_wconf 87' lang='lat' dir='ltr'><strong>linguam</strong></span> 
     </span>
    </p>
   </div>
   <div class='ocr_carea' id='block_1_32' title="bbox 193 3226 1766 3298">
    <p class='ocr_par' dir='ltr' id='par_1_32' title="bbox 193 3226 1766 3298">
     <span class='ocr_line' id='line_1_32' title="bbox 193 3226 1766 3298; baseline 0.001 -19"><span class='ocrx_word' id='word_1_246' title='bbox 193 3226 260 3292; x_wconf 85' lang='lat' dir='ltr'><strong>ﬁt,</strong></span> <span class='ocrx_word' id='word_1_247' title='bbox 285 3228 430 3281; x_wconf 84' lang='lat' dir='ltr'><strong>sicut</strong></span> <span class='ocrx_word' id='word_1_248' title='bbox 453 3227 681 3282; x_wconf 79' lang='lat' dir='ltr'><strong>dicimus</strong></span> <span class='ocrx_word' id='word_1_249' title='bbox 709 3228 864 3281; x_wconf 84' lang='lat' dir='ltr'><strong>aliam</strong></span> <span class='ocrx_word' id='word_1_250' title='bbox 896 3229 1126 3298; x_wconf 84' lang='lat' dir='ltr'><strong>linguam</strong></span> <span class='ocrx_word' id='word_1_251' title='bbox 1153 3243 1379 3297; x_wconf 68' lang='lat' dir='ltr'><strong>graecam</strong></span> <span class='ocrx_word' id='word_1_252' title='bbox 1401 3269 1416 3291; x_wconf 89' lang='lat'><strong>,</strong></span> <span class='ocrx_word' id='word_1_253' title='bbox 1442 3229 1600 3281; x_wconf 84' lang='lat' dir='ltr'><strong>aliam</strong></span> <span class='ocrx_word' id='word_1_254' title='bbox 1649 3229 1766 3282; x_wconf 86' lang='lat' dir='ltr'><strong>lati-</strong></span> 
     </span>
    </p>
   </div>
   <div class='ocr_carea' id='block_1_33' title="bbox 194 3319 1767 3386">
    <p class='ocr_par' dir='ltr' id='par_1_33' title="bbox 194 3319 1767 3386">
     <span class='ocr_line' id='line_1_33' title="bbox 194 3319 1767 3386; baseline 0.001 -14"><span class='ocrx_word' id='word_1_255' title='bbox 194 3335 302 3373; x_wconf 82' lang='lat' dir='ltr'><strong>nam</strong></span> <span class='ocrx_word' id='word_1_256' title='bbox 335 3339 349 3373; x_wconf 92' lang='lat'>:</span> <span class='ocrx_word' id='word_1_257' title='bbox 380 3335 485 3375; x_wconf 89' lang='lat' dir='ltr'><strong>non</strong></span> <span class='ocrx_word' id='word_1_258' title='bbox 517 3321 661 3374; x_wconf 90' lang='lat' dir='ltr'><strong>enim</strong></span> <span class='ocrx_word' id='word_1_259' title='bbox 683 3334 808 3374; x_wconf 89' lang='lat' dir='ltr'><strong>caro</strong></span> <span class='ocrx_word' id='word_1_260' title='bbox 833 3320 1042 3374; x_wconf 88' lang='lat' dir='ltr'><strong>diversa</strong></span> <span class='ocrx_word' id='word_1_261' title='bbox 1069 3331 1170 3386; x_wconf 88' lang='lat' dir='ltr'><strong>est,</strong></span> <span class='ocrx_word' id='word_1_262' title='bbox 1194 3319 1285 3374; x_wconf 84' lang='lat' dir='ltr'><strong>sed</strong></span> <span class='ocrx_word' id='word_1_263' title='bbox 1317 3334 1498 3374; x_wconf 91' lang='lat' dir='ltr'><strong>sonus.</strong></span> <span class='ocrx_word' id='word_1_264' title='bbox 1530 3321 1767 3384; x_wconf 81' lang='lat' dir='ltr'><strong>Quomo—</strong></span> 
     </span>
    </p>
   </div>
   <div class='ocr_carea' id='block_1_34' title="bbox 193 3409 1764 3481">
    <p class='ocr_par' dir='ltr' id='par_1_34' title="bbox 193 3409 1764 3481">
     <span class='ocr_line' id='line_1_34' title="bbox 193 3409 1764 3481; baseline -0.001 -17"><span class='ocrx_word' id='word_1_265' title='bbox 193 3409 252 3463; x_wconf 97' lang='lat' dir='ltr'><strong>do</strong></span> <span class='ocrx_word' id='word_1_266' title='bbox 284 3425 414 3480; x_wconf 88' lang='lat' dir='ltr'><strong>ergo</strong></span> <span class='ocrx_word' id='word_1_267' title='bbox 429 3410 624 3465; x_wconf 89' lang='lat' dir='ltr'><strong>dicitur</strong></span> <span class='ocrx_word' id='word_1_268' title='bbox 672 3411 846 3480; x_wconf 80' lang='lat' dir='ltr'><strong>lingua</strong></span> <span class='ocrx_word' id='word_1_269' title='bbox 872 3452 886 3474; x_wconf 89' lang='lat'><strong>,</strong></span> <span class='ocrx_word' id='word_1_270' title='bbox 915 3410 1112 3464; x_wconf 87' lang='lat' dir='ltr'><strong>locutio</strong></span> <span class='ocrx_word' id='word_1_271' title='bbox 1149 3425 1265 3480; x_wconf 65' lang='lat' dir='ltr'><strong>quae</strong></span> <span class='ocrx_word' id='word_1_272' title='bbox 1302 3409 1360 3463; x_wconf 86' lang='lat' dir='ltr'><strong>ilt</strong></span> <span class='ocrx_word' id='word_1_273' title='bbox 1387 3426 1485 3481; x_wconf 88' lang='lat' dir='ltr'><strong>per</strong></span> <span class='ocrx_word' id='word_1_274' title='bbox 1511 3410 1764 3479; x_wconf 81' lang='lat' dir='ltr'><strong>linguam:</strong></span> 
     </span>
    </p>
   </div>
   <div class='ocr_carea' id='block_1_35' title="bbox 192 3492 1764 3569">
    <p class='ocr_par' dir='ltr' id='par_1_35' title="bbox 192 3492 1764 3569">
     <span class='ocr_line' id='line_1_35' title="bbox 192 3492 1764 3569; baseline 0.001 -16"><span class='ocrx_word' id='word_1_275' title='bbox 192 3499 258 3554; x_wconf 84' lang='lat' dir='ltr'><strong>sic</strong></span> <span class='ocrx_word' id='word_1_276' title='bbox 282 3492 478 3554; x_wconf 69' lang='lat' dir='ltr'><strong>dicitur</strong></span> <span class='ocrx_word' id='word_1_277' title='bbox 498 3508 555 3554; x_wconf 89' lang='lat' dir='ltr'><strong>et</strong></span> <span class='ocrx_word' id='word_1_278' title='bbox 572 3501 804 3569; x_wconf 84' lang='lat' dir='ltr'><strong>sanguis,</strong></span> <span class='ocrx_word' id='word_1_279' title='bbox 825 3499 1073 3569; x_wconf 84' lang='lat' dir='ltr'><strong>iniquitas</strong></span> <span class='ocrx_word' id='word_1_280' title='bbox 1093 3515 1210 3568; x_wconf 80' lang='lat' dir='ltr'><strong>qua:</strong></span> <span class='ocrx_word' id='word_1_281' title='bbox 1233 3499 1289 3552; x_wconf 87' lang='lat' dir='ltr'><strong>ﬁt</strong></span> <span class='ocrx_word' id='word_1_282' title='bbox 1315 3513 1410 3568; x_wconf 89' lang='lat' dir='ltr'><strong>per</strong></span> <span class='ocrx_word' id='word_1_283' title='bbox 1430 3499 1764 3568; x_wconf 82' lang='lat' dir='ltr'><strong>sanguinem.</strong></span> 
     </span>
    </p>
   </div>
   <div class='ocr_carea' id='block_1_36' title="bbox 192 3588 1771 3660">
    <p class='ocr_par' dir='ltr' id='par_1_36' title="bbox 192 3588 1771 3660">
     <span class='ocr_line' id='line_1_36' title="bbox 192 3588 1771 3660; baseline 0 -18"><span class='ocrx_word' id='word_1_284' title='bbox 192 3591 475 3645; x_wconf 79' lang='lat' dir='ltr'><strong>Attendens</strong></span> <span class='ocrx_word' id='word_1_285' title='bbox 499 3604 631 3660; x_wconf 87' lang='lat' dir='ltr'><strong>ergo</strong></span> <span class='ocrx_word' id='word_1_286' title='bbox 658 3591 850 3644; x_wconf 84' lang='lat' dir='ltr'><strong>multas</strong></span> <span class='ocrx_word' id='word_1_287' title='bbox 881 3589 1179 3659; x_wconf 82' lang='lat' dir='ltr'><strong>iniquitates</strong></span> <span class='ocrx_word' id='word_1_288' title='bbox 1203 3604 1347 3654; x_wconf 84' lang='lat' dir='ltr'><strong>suas,</strong></span> <span class='ocrx_word' id='word_1_289' title='bbox 1376 3597 1431 3642; x_wconf 91' lang='lat' dir='ltr'><strong>et</strong></span> <span class='ocrx_word' id='word_1_290' title='bbox 1455 3588 1596 3643; x_wconf 84' lang='lat' dir='ltr'><strong>illud-</strong></span> <span class='ocrx_word' id='word_1_291' title='bbox 1612 3604 1771 3658; x_wconf 90' lang='lat' dir='ltr'><strong>supe-</strong></span> 
     </span>
    </p>
   </div>
   <div class='ocr_carea' id='block_1_37' title="bbox 193 3677 1770 3749">
    <p class='ocr_par' dir='ltr' id='par_1_37' title="bbox 193 3677 1770 3749">
     <span class='ocr_line' id='line_1_37' title="bbox 193 3677 1770 3749; baseline 0.002 -18"><span class='ocrx_word' id='word_1_292' title='bbox 193 3679 291 3733; x_wconf 86' lang='lat' dir='ltr'><strong>rius</strong></span> <span class='ocrx_word' id='word_1_293' title='bbox 311 3721 328 3746; x_wconf 94' lang='lat'><strong>,</strong></span> <span class='ocrx_word' id='word_1_294' title='bbox 359 3679 424 3733; x_wconf 81' lang='lat' dir='ltr'><strong>Et</strong></span> <span class='ocrx_word' id='word_1_295' title='bbox 463 3695 637 3733; x_wconf 84' lang='lat' dir='ltr'><strong>omnes</strong></span> <span class='ocrx_word' id='word_1_296' title='bbox 663 3677 956 3749; x_wconf 70' lang='lat' dir='ltr'><strong>iniguitates.</strong></span> <span class='ocrx_word' id='word_1_297' title='bbox 987 3694 1122 3732; x_wconf 85' lang='lat' dir='ltr'><strong>meas</strong></span> <span class='ocrx_word' id='word_1_298' title='bbox 1148 3678 1259 3731; x_wconf 81' lang='lat' dir='ltr'><strong>dele</strong></span> <span class='ocrx_word' id='word_1_299' title='bbox 1279 3687 1382 3740; x_wconf 85' lang='lat' dir='ltr'><strong>;-et</strong></span> <span class='ocrx_word' id='word_1_300' title='bbox 1401 3693 1497 3732; x_wconf 89' lang='lat' dir='ltr'><strong>eas</strong></span> <span class='ocrx_word' id='word_1_301' title='bbox 1532 3679 1770 3734; x_wconf 82' lang='lat' dir='ltr'><strong>tribuens</strong></span> 
     </span>
    </p>
   </div>
   <div class='ocr_carea' id='block_1_38' title="bbox 193 3769 1771 3841">
    <p class='ocr_par' dir='ltr' id='par_1_38' title="bbox 193 3769 1771 3841">
     <span class='ocr_line' id='line_1_38' title="bbox 193 3769 1771 3841; baseline 0.001 -17"><span class='ocrx_word' id='word_1_302' title='bbox 193 3771 710 3841; x_wconf 57' lang='lat' dir='ltr'><strong>corr-uptionLcarnis</strong></span> <span class='ocrx_word' id='word_1_303' title='bbox 738 3771 1105 3841; x_wconf 84' lang='lat' dir='ltr'><strong>ct.sanguinis,</strong></span> <span class='ocrx_word' id='word_1_304' title='bbox 1137 3769 1316 3826; x_wconf 79' lang='lat' dir='ltr'><strong>Libera</strong></span> <span class='ocrx_word' id='word_1_305' title='bbox 1337 3787 1448 3837; x_wconf 87' lang='lat' dir='ltr'><strong>me,</strong></span> <span class='ocrx_word' id='word_1_306' title='bbox 1479 3771 1677 3841; x_wconf 89' lang='lat' dir='ltr'><strong>inquit,</strong></span> <span class='ocrx_word' id='word_1_307' title='bbox 1708 3773 1771 3826; x_wconf 85' lang='lat' dir='ltr'><strong>de</strong></span> 
     </span>
    </p>
   </div>
   <div class='ocr_carea' id='block_1_39' title="bbox 192 3863 1766 3932">
    <p class='ocr_par' dir='ltr' id='par_1_39' title="bbox 192 3863 1766 3932">
     <span class='ocr_line' id='line_1_39' title="bbox 192 3863 1766 3932; baseline 0.003 -18"><span class='ocrx_word' id='word_1_308' title='bbox 192 3863 508 3932; x_wconf 77' lang='lat' dir='ltr'><strong>sanguinibus</strong></span> <span class='ocrx_word' id='word_1_309' title='bbox 539 3863 687 3918; x_wconf 82' lang='lat' dir='ltr'><strong>:boc</strong></span> <span class='ocrx_word' id='word_1_310' title='bbox 729 3871 847 3929; x_wconf 86' lang='lat' dir='ltr'><strong>est,</strong></span> <span class='ocrx_word' id='word_1_311' title='bbox 889 3863 1078 3917; x_wconf 78' lang='lat' dir='ltr'><strong>Libera</strong></span> <span class='ocrx_word' id='word_1_312' title='bbox 1126 3879 1212 3917; x_wconf 87' lang='lat' dir='ltr'><strong>me</strong></span> <span class='ocrx_word' id='word_1_313' title='bbox 1262 3863 1329 3918; x_wconf 86' lang='lat' dir='ltr'><strong>ab</strong></span> <span class='ocrx_word' id='word_1_314' title='bbox 1370 3863 1766 3932; x_wconf 88' lang='lat' dir='ltr'><strong>iniquitatibus,</strong></span> 
     </span>
    </p>
   </div>
   <div class='ocr_carea' id='block_1_40' title="bbox 193 3954 1768 4025">
    <p class='ocr_par' dir='ltr' id='par_1_40' title="bbox 193 3954 1768 4025">
     <span class='ocr_line' id='line_1_40' title="bbox 193 3954 1768 4025; baseline 0.003 -19"><span class='ocrx_word' id='word_1_315' title='bbox 193 3955 377 4008; x_wconf 83' lang='lat' dir='ltr'><strong>munda</strong></span> <span class='ocrx_word' id='word_1_316' title='bbox 445 3971 534 4010; x_wconf 87' lang='lat' dir='ltr'><strong>me</strong></span> <span class='ocrx_word' id='word_1_317' title='bbox 581 3956 648 4010; x_wconf 88' lang='lat' dir='ltr'><strong>ab</strong></span> <span class='ocrx_word' id='word_1_318' title='bbox 697 3956 842 4009; x_wconf 89' lang='lat' dir='ltr'><strong>omni</strong></span> <span class='ocrx_word' id='word_1_319' title='bbox 898 3954 1254 4024; x_wconf 85' lang='lat' dir='ltr'><strong>corruptione.</strong></span> <span class='ocrx_word' id='word_1_320' title='bbox 1317 3955 1768 4025; x_wconf 85' lang='lat' dir='ltr'><strong>lncorruptionem</strong></span> 
     </span>
    </p>
   </div>
   <div class='ocr_carea' id='block_1_41' title="bbox 194 4045 1769 4118">
    <p class='ocr_par' dir='ltr' id='par_1_41' title="bbox 194 4045 1769 4118">
     <span class='ocr_line' id='line_1_41' title="bbox 194 4045 1769 4118; baseline 0.003 -21"><span class='ocrx_word' id='word_1_321' title='bbox 194 4045 327 4098; x_wconf 84' lang='lat' dir='ltr'><strong>enim</strong></span> <span class='ocrx_word' id='word_1_322' title='bbox 367 4045 634 4102; x_wconf 85' lang='lat' dir='ltr'><strong>desiderat</strong></span> <span class='ocrx_word' id='word_1_323' title='bbox 671 4046 761 4116; x_wconf 89' lang='lat' dir='ltr'><strong>qui</strong></span> <span class='ocrx_word' id='word_1_324' title='bbox 787 4045 935 4113; x_wconf 86' lang='lat' dir='ltr'><strong>dicit,</strong></span> <span class='ocrx_word' id='word_1_325' title='bbox 966 4045 1148 4100; x_wconf 81' lang='lat' dir='ltr'><strong>Libera</strong></span> <span class='ocrx_word' id='word_1_326' title='bbox 1185 4063 1265 4099; x_wconf 84' lang='lat' dir='ltr'><strong>me</strong></span> <span class='ocrx_word' id='word_1_327' title='bbox 1296 4047 1360 4100; x_wconf 83' lang='lat' dir='ltr'><strong>de</strong></span> <span class='ocrx_word' id='word_1_328' title='bbox 1398 4048 1769 4118; x_wconf 65' lang='lat' dir='ltr'><strong>sanguinibus:</strong></span> 
     </span>
    </p>
   </div>
   <div class='ocr_carea' id='block_1_42' title="bbox 193 4135 1772 4209">
    <p class='ocr_par' dir='ltr' id='par_1_42' title="bbox 193 4135 1772 4209">
     <span class='ocr_line' id='line_1_42' title="bbox 193 4135 1772 4209; baseline 0.006 -25"><span class='ocrx_word' id='word_1_329' title='bbox 193 4135 298 4200; x_wconf 77' lang='lat' dir='ltr'><strong>quia</strong></span> <span class='ocrx_word' id='word_1_330' title='bbox 326 4151 454 4189; x_wconf 73' lang='lat' dir='ltr'><strong>caro</strong></span> <span class='ocrx_word' id='word_1_331' title='bbox 469 4145 516 4189; x_wconf 88' lang='lat' dir='ltr'><strong><em>et</em></strong></span> <span class='ocrx_word' id='word_1_332' title='bbox 526 4138 746 4205; x_wconf 68' lang='lat' dir='ltr'><strong>sanguis</strong></span> <span class='ocrx_word' id='word_1_333' title='bbox 770 4153 978 4208; x_wconf 80' lang='lat' dir='ltr'><strong>regnum</strong></span> <span class='ocrx_word' id='word_1_334' title='bbox 1011 4136 1099 4190; x_wconf 85' lang='lat' dir='ltr'><strong>Dei</strong></span> <span class='ocrx_word' id='word_1_335' title='bbox 1120 4153 1232 4191; x_wconf 82' lang='lat' dir='ltr'><strong>nou-</strong></span> <span class='ocrx_word' id='word_1_336' title='bbox 1245 4137 1590 4207; x_wconf 82' lang='lat' dir='ltr'><strong>possidebunt,</strong></span> <span class='ocrx_word' id='word_1_337' title='bbox 1615 4155 1772 4209; x_wconf 83' lang='lat' dir='ltr'><strong>neque</strong></span> 
     </span>
    </p>
   </div>
   <div class='ocr_carea' id='block_1_43' title="bbox 195 4226 1772 4300">
    <p class='ocr_par' dir='ltr' id='par_1_43' title="bbox 195 4226 1772 4300">
     <span class='ocr_line' id='line_1_43' title="bbox 195 4226 1772 4300; baseline 0.004 -24"><span class='ocrx_word' id='word_1_338' title='bbox 195 4227 442 4293; x_wconf 76' lang='lat' dir='ltr'><strong>corruptio</strong></span> <span class='ocrx_word' id='word_1_339' title='bbox 501 4227 950 4296; x_wconf 77' lang='lat' dir='ltr'><strong>incorruptionem.</strong></span> <span class='ocrx_word' id='word_1_340' title='bbox 1001 4226 1140 4281; x_wconf 86' lang='lat' dir='ltr'><strong>Erue</strong></span> <span class='ocrx_word' id='word_1_341' title='bbox 1192 4244 1273 4281; x_wconf 88' lang='lat' dir='ltr'><strong>me</strong></span> <span class='ocrx_word' id='word_1_342' title='bbox 1323 4229 1386 4282; x_wconf 85' lang='lat' dir='ltr'><strong>de</strong></span> <span class='ocrx_word' id='word_1_343' title='bbox 1447 4230 1772 4300; x_wconf 83' lang='lat' dir='ltr'><strong>sanguinibus</strong></span> 
     </span>
    </p>
   </div>
   <div class='ocr_carea' id='block_1_44' title="bbox 193 4309 1771 4388">
    <p class='ocr_par' dir='ltr' id='par_1_44' title="bbox 193 4309 1771 4388">
     <span class='ocr_line' id='line_1_44' title="bbox 193 4309 1771 4388; baseline 0.006 -23"><span class='ocrx_word' id='word_1_344' title='bbox 193 4309 346 4379; x_wconf 77' lang='lat' dir='ltr'><strong>Deus,</strong></span> <span class='ocrx_word' id='word_1_345' title='bbox 371 4315 504 4370; x_wconf 83' lang='lat' dir='ltr'><strong>Deus</strong></span> <span class='ocrx_word' id='word_1_346' title='bbox 523 4316 702 4372; x_wconf 79' lang='lat' dir='ltr'><strong>salutis</strong></span> <span class='ocrx_word' id='word_1_347' title='bbox 721 4333 862 4373; x_wconf 74' lang='lat' dir='ltr'><strong>mete.</strong></span> <span class='ocrx_word' id='word_1_348' title='bbox 890 4317 1132 4373; x_wconf 88' lang='lat' dir='ltr'><strong>Ostendit</strong></span> <span class='ocrx_word' id='word_1_349' title='bbox 1153 4319 1275 4388; x_wconf 85' lang='lat' dir='ltr'><strong>quia</strong></span> <span class='ocrx_word' id='word_1_350' title='bbox 1295 4333 1417 4373; x_wconf 88' lang='lat' dir='ltr'><strong>cum</strong></span> <span class='ocrx_word' id='word_1_351' title='bbox 1445 4318 1604 4374; x_wconf 74' lang='lat' dir='ltr'><strong>fuerit</strong></span> <span class='ocrx_word' id='word_1_352' title='bbox 1627 4323 1771 4376; x_wconf 85' lang='lat' dir='ltr'><strong>salus</strong></span> 
     </span>
    </p>
   </div>
   <div class='ocr_carea' id='block_1_45' title="bbox 195 4403 1767 4476">
    <p class='ocr_par' dir='ltr' id='par_1_45' title="bbox 195 4403 1767 4476">
     <span class='ocr_line' id='line_1_45' title="bbox 195 4403 1767 4476; baseline 0.006 -21"><span class='ocrx_word' id='word_1_353' title='bbox 195 4403 420 4469; x_wconf 79' lang='lat' dir='ltr'><strong>perlecta</strong></span> <span class='ocrx_word' id='word_1_354' title='bbox 460 4406 513 4459; x_wconf 93' lang='lat' dir='ltr'><strong>in</strong></span> <span class='ocrx_word' id='word_1_355' title='bbox 555 4406 658 4461; x_wconf 86' lang='lat' dir='ltr'><strong>isto</strong></span> <span class='ocrx_word' id='word_1_356' title='bbox 699 4421 962 4476; x_wconf 90' lang='lat' dir='ltr'><strong>corpore,</strong></span> <span class='ocrx_word' id='word_1_357' title='bbox 992 4410 1262 4476; x_wconf 86' lang='lat' dir='ltr'><strong>corruptio</strong></span> <span class='ocrx_word' id='word_1_358' title='bbox 1305 4409 1360 4462; x_wconf 90' lang='lat' dir='ltr'><strong>in</strong></span> <span class='ocrx_word' id='word_1_359' title='bbox 1400 4424 1465 4463; x_wconf 92' lang='lat' dir='ltr'><strong>eo</strong></span> <span class='ocrx_word' id='word_1_360' title='bbox 1492 4425 1598 4463; x_wconf 90' lang='lat' dir='ltr'><strong>non</strong></span> <span class='ocrx_word' id='word_1_361' title='bbox 1628 4410 1724 4464; x_wconf 90' lang='lat' dir='ltr'><strong>erit</strong></span> <span class='ocrx_word' id='word_1_362' title='bbox 1752 4451 1767 4476; x_wconf 93' lang='lat'><strong>,</strong></span> 
     </span>
    </p>
   </div>
   <div class='ocr_carea' id='block_1_46' title="bbox 193 4496 1771 4570">
    <p class='ocr_par' dir='ltr' id='par_1_46' title="bbox 193 4496 1771 4570">
     <span class='ocr_line' id='line_1_46' title="bbox 193 4496 1771 4570; baseline 0.004 -21"><span class='ocrx_word' id='word_1_363' title='bbox 193 4507 301 4563; x_wconf 65' lang='lat' dir='ltr'><strong>qtae</strong></span> <span class='ocrx_word' id='word_1_364' title='bbox 334 4496 645 4568; x_wconf 86' lang='lat' dir='ltr'><strong>intelligitur</strong></span> <span class='ocrx_word' id='word_1_365' title='bbox 671 4499 886 4553; x_wconf 88' lang='lat' dir='ltr'><strong>nomine</strong></span> <span class='ocrx_word' id='word_1_366' title='bbox 917 4501 1096 4553; x_wconf 89' lang='lat' dir='ltr'><strong>carnis</strong></span> <span class='ocrx_word' id='word_1_367' title='bbox 1123 4508 1177 4553; x_wconf 91' lang='lat' dir='ltr'><strong>et</strong></span> <span class='ocrx_word' id='word_1_368' title='bbox 1213 4499 1521 4569; x_wconf 80' lang='lat' dir='ltr'><strong>sanguinis:</strong></span> <span class='ocrx_word' id='word_1_369' title='bbox 1552 4500 1662 4570; x_wconf 89' lang='lat' dir='ltr'><strong>ipsa</strong></span> <span class='ocrx_word' id='word_1_370' title='bbox 1689 4509 1771 4556; x_wconf 90' lang='lat' dir='ltr'><strong>est</strong></span> 
     </span>
    </p>
   </div>
   <div class='ocr_carea' id='block_1_47' title="bbox 192 4585 1770 4660">
    <p class='ocr_par' dir='ltr' id='par_1_47' title="bbox 192 4585 1770 4660">
     <span class='ocr_line' id='line_1_47' title="bbox 192 4585 1770 4660; baseline 0.007 -25"><span class='ocrx_word' id='word_1_371' title='bbox 192 4585 324 4638; x_wconf 87' lang='lat' dir='ltr'><strong>enim</strong></span> <span class='ocrx_word' id='word_1_372' title='bbox 363 4585 592 4657; x_wconf 81' lang='lat' dir='ltr'><strong>perfecta</strong></span> <span class='ocrx_word' id='word_1_373' title='bbox 621 4589 820 4642; x_wconf 86' lang='lat' dir='ltr'><strong>sanitas</strong></span> <span class='ocrx_word' id='word_1_374' title='bbox 847 4589 1107 4658; x_wconf 89' lang='lat' dir='ltr'><strong>corporis.</strong></span> <span class='ocrx_word' id='word_1_375' title='bbox 1138 4589 1272 4643; x_wconf 89' lang='lat' dir='ltr'><strong>Nam</strong></span> <span class='ocrx_word' id='word_1_376' title='bbox 1312 4589 1471 4644; x_wconf 91' lang='lat' dir='ltr'><strong>modo</strong></span> <span class='ocrx_word' id='word_1_377' title='bbox 1498 4592 1770 4660; x_wconf 88' lang='lat' dir='ltr'><strong>quomodo</strong></span> 
     </span>
    </p>
   </div>
   <div class='ocr_carea' id='block_1_48' title="bbox 194 4678 1772 4750">
    <p class='ocr_par' dir='ltr' id='par_1_48' title="bbox 194 4678 1772 4750">
     <span class='ocr_line' id='line_1_48' title="bbox 194 4678 1772 4750; baseline 0.006 -23"><span class='ocrx_word' id='word_1_378' title='bbox 194 4688 376 4729; x_wconf 62' lang='lat' dir='ltr'><strong>unus]!</strong></span> <span class='ocrx_word' id='word_1_379' title='bbox 414 4687 497 4732; x_wconf 82' lang='lat' dir='ltr'><strong>est</strong></span> <span class='ocrx_word' id='word_1_380' title='bbox 523 4678 665 4748; x_wconf 85' lang='lat' dir='ltr'><strong>quod</strong></span> <span class='ocrx_word' id='word_1_381' title='bbox 709 4679 899 4733; x_wconf 84' lang='lat' dir='ltr'><strong>labitur</strong></span> <span class='ocrx_word' id='word_1_382' title='bbox 924 4720 938 4744; x_wconf 93' lang='lat'><strong>,</strong></span> <span class='ocrx_word' id='word_1_383' title='bbox 969 4680 1131 4748; x_wconf 79' lang='lat' dir='ltr'><strong>quod</strong></span> <span class='ocrx_word' id='word_1_384' title='bbox 1163 4679 1398 4750; x_wconf 85' lang='lat' dir='ltr'><strong>indiget,</strong></span> <span class='ocrx_word' id='word_1_385' title='bbox 1422 4681 1564 4750; x_wconf 88' lang='lat' dir='ltr'><strong>quod</strong></span> <span class='ocrx_word' id='word_1_386' title='bbox 1612 4681 1772 4736; x_wconf 83' lang='lat' dir='ltr'><strong>habet</strong></span> 
     </span>
    </p>
   </div>
   <div class='ocr_carea' id='block_1_49' title="bbox 194 4770 1770 4842">
    <p class='ocr_par' dir='ltr' id='par_1_49' title="bbox 194 4770 1770 4842">
     <span class='ocr_line' id='line_1_49' title="bbox 194 4770 1770 4842; baseline 0.006 -22"><span class='ocrx_word' id='word_1_387' title='bbox 194 4777 492 4835; x_wconf 81' lang='lat' dir='ltr'><strong>perpetuam</strong></span> <span class='ocrx_word' id='word_1_388' title='bbox 515 4770 796 4840; x_wconf 86' lang='lat' dir='ltr'><strong>quamdam</strong></span> <span class='ocrx_word' id='word_1_389' title='bbox 820 4772 1185 4842; x_wconf 76' lang='lat' dir='ltr'><strong>aegritudinem</strong></span> <span class='ocrx_word' id='word_1_390' title='bbox 1215 4774 1368 4827; x_wconf 85' lang='lat' dir='ltr'><strong>lamis</strong></span> <span class='ocrx_word' id='word_1_391' title='bbox 1389 4782 1442 4828; x_wconf 91' lang='lat' dir='ltr'><strong>et</strong></span> <span class='ocrx_word' id='word_1_392' title='bbox 1467 4774 1628 4830; x_wconf 86' lang='lat' dir='ltr'><strong>sitis?</strong></span> <span class='ocrx_word' id='word_1_393' title='bbox 1648 4775 1770 4829; x_wconf 85' lang='lat' dir='ltr'><strong>Haec</strong></span> 
     </span>
    </p>
   </div>
   <div class='ocr_carea' id='block_1_50' title="bbox 195 4861 1770 4929">
    <p class='ocr_par' dir='ltr' id='par_1_50' title="bbox 195 4861 1770 4929">
     <span class='ocr_line' id='line_1_50' title="bbox 195 4861 1770 4929; baseline 0.008 -23"><span class='ocrx_word' id='word_1_394' title='bbox 195 4863 310 4911; x_wconf 91' lang='lat' dir='ltr'><strong>tunc</strong></span> <span class='ocrx_word' id='word_1_395' title='bbox 353 4873 455 4912; x_wconf 86' lang='lat' dir='ltr'><strong>non</strong></span> <span class='ocrx_word' id='word_1_396' title='bbox 500 4869 659 4914; x_wconf 84' lang='lat' dir='ltr'><strong>erunt</strong></span> <span class='ocrx_word' id='word_1_397' title='bbox 688 4877 702 4912; x_wconf 89' lang='lat'><strong>:</strong></span> <span class='ocrx_word' id='word_1_398' title='bbox 730 4861 851 4929; x_wconf 91' lang='lat' dir='ltr'><strong>quia</strong></span> <span class='ocrx_word' id='word_1_399' title='bbox 896 4876 1019 4916; x_wconf 87' lang='lat' dir='ltr'><strong>esca</strong></span> <span class='ocrx_word' id='word_1_400' title='bbox 1068 4863 1242 4916; x_wconf 84' lang='lat' dir='ltr'><strong>ventri</strong></span> <span class='ocrx_word' id='word_1_401' title='bbox 1273 4903 1288 4927; x_wconf 89' lang='lat'><strong>,</strong></span> <span class='ocrx_word' id='word_1_402' title='bbox 1317 4871 1371 4916; x_wconf 91' lang='lat' dir='ltr'><strong>et</strong></span> <span class='ocrx_word' id='word_1_403' title='bbox 1399 4873 1585 4917; x_wconf 88' lang='lat' dir='ltr'><strong>venter</strong></span> <span class='ocrx_word' id='word_1_404' title='bbox 1630 4864 1770 4918; x_wconf 83' lang='lat' dir='ltr'><strong>escis</strong></span> 
     </span>
    </p>
   </div>
   <div class='ocr_carea' id='block_1_51' title="bbox 193 4947 1767 5023">
    <p class='ocr_par' dir='ltr' id='par_1_51' title="bbox 193 4947 1767 5023">
     <span class='ocr_line' id='line_1_51' title="bbox 193 4947 1767 5023; baseline 0.006 -24"><span class='ocrx_word' id='word_1_405' title='bbox 193 4947 296 5013; x_wconf 78' lang='lat' dir='ltr'><strong>(id.</strong></span> <span class='ocrx_word' id='word_1_406' title='bbox 328 4965 380 5004; x_wconf 80' lang='lat' dir='ltr'><strong>vi</strong></span> <span class='ocrx_word' id='word_1_407' title='bbox 401 4989 416 5016; x_wconf 96' lang='lat'><strong>,</strong></span> <span class='ocrx_word' id='word_1_408' title='bbox 447 4951 564 5020; x_wconf 75' lang='lat'><strong>15).</strong></span> <span class='ocrx_word' id='word_1_409' title='bbox 606 4953 746 5008; x_wconf 89' lang='lat' dir='ltr'><strong>Deus</strong></span> <span class='ocrx_word' id='word_1_410' title='bbox 781 4963 958 5008; x_wconf 86' lang='lat' dir='ltr'><strong>autem</strong></span> <span class='ocrx_word' id='word_1_411' title='bbox 986 4963 1042 5008; x_wconf 89' lang='lat' dir='ltr'><strong>et</strong></span> <span class='ocrx_word' id='word_1_412' title='bbox 1070 4953 1211 5008; x_wconf 87' lang='lat' dir='ltr'><strong>hunc</strong></span> <span class='ocrx_word' id='word_1_413' title='bbox 1251 4963 1305 5008; x_wconf 91' lang='lat' dir='ltr'><strong>et</strong></span> <span class='ocrx_word' id='word_1_414' title='bbox 1342 4953 1437 5009; x_wconf 89' lang='lat' dir='ltr'><strong>has</strong></span> <span class='ocrx_word' id='word_1_415' title='bbox 1473 4955 1767 5023; x_wconf 74' lang='lat' dir='ltr'><strong>evacuabit,</strong></span> 
     </span>
    </p>
   </div>
   <div class='ocr_carea' id='block_1_52' title="bbox 193 5039 1770 5116">
    <p class='ocr_par' dir='ltr' id='par_1_52' title="bbox 193 5039 1770 5116">
     <span class='ocr_line' id='line_1_52' title="bbox 193 5039 1770 5116; baseline 0.006 -23"><span class='ocrx_word' id='word_1_416' title='bbox 193 5039 299 5095; x_wconf 81' lang='lat' dir='ltr'><strong>Erit</strong></span> <span class='ocrx_word' id='word_1_417' title='bbox 319 5042 488 5098; x_wconf 84' lang='lat' dir='ltr'><strong>forma</strong></span> <span class='ocrx_word' id='word_1_418' title='bbox 524 5046 764 5112; x_wconf 84' lang='lat' dir='ltr'><strong>corporis</strong></span> <span class='ocrx_word' id='word_1_419' title='bbox 785 5046 1014 5115; x_wconf 81' lang='lat' dir='ltr'><strong>perfecta</strong></span> <span class='ocrx_word' id='word_1_420' title='bbox 1045 5062 1110 5100; x_wconf 82' lang='lat' dir='ltr'><strong>ex</strong></span> <span class='ocrx_word' id='word_1_421' title='bbox 1137 5047 1248 5102; x_wconf 87' lang='lat' dir='ltr'><strong>Deo</strong></span> <span class='ocrx_word' id='word_1_422' title='bbox 1273 5088 1286 5110; x_wconf 94' lang='lat'><strong>,</strong></span> <span class='ocrx_word' id='word_1_423' title='bbox 1311 5047 1559 5116; x_wconf 77' lang='lat' dir='ltr'><strong>absorpta</strong></span> <span class='ocrx_word' id='word_1_424' title='bbox 1600 5055 1770 5103; x_wconf 83' lang='lat' dir='ltr'><strong>morte</strong></span> 
     </span>
    </p>
   </div>
   <div class='ocr_carea' id='block_1_53' title="bbox 191 5129 1766 5206">
    <p class='ocr_par' dir='ltr' id='par_1_53' title="bbox 191 5129 1766 5206">
     <span class='ocr_line' id='line_1_53' title="bbox 191 5129 1766 5206; baseline 0.007 -24"><span class='ocrx_word' id='word_1_425' title='bbox 191 5129 240 5182; x_wconf 91' lang='lat' dir='ltr'><strong>in</strong></span> <span class='ocrx_word' id='word_1_426' title='bbox 261 5131 535 5186; x_wconf 82' lang='lat' dir='ltr'><strong>victoriam</strong></span> <span class='ocrx_word' id='word_1_427' title='bbox 563 5132 676 5205; x_wconf 89' lang='lat' dir='ltr'><strong>(Id.</strong></span> <span class='ocrx_word' id='word_1_428' title='bbox 699 5151 791 5200; x_wconf 78' lang='lat' dir='ltr'><strong>xv,</strong></span> <span class='ocrx_word' id='word_1_429' title='bbox 811 5137 924 5205; x_wconf 72' lang='grc'><strong>54),</strong></span> <span class='ocrx_word' id='word_1_430' title='bbox 949 5138 1091 5190; x_wconf 93' lang='lat' dir='ltr'><strong>nulla</strong></span> <span class='ocrx_word' id='word_1_431' title='bbox 1113 5137 1431 5205; x_wconf 86' lang='lat' dir='ltr'><strong>subrepente</strong></span> <span class='ocrx_word' id='word_1_432' title='bbox 1447 5137 1766 5206; x_wconf 80' lang='lat' dir='ltr'><strong>defectione,</strong></span> 
     </span>
    </p>
   </div>
   <div class='ocr_carea' id='block_1_54' title="bbox 192 5221 1768 5290">
    <p class='ocr_par' dir='ltr' id='par_1_54' title="bbox 192 5221 1768 5290">
     <span class='ocr_line' id='line_1_54' title="bbox 192 5221 1768 5290; baseline 0.006 -17"><span class='ocrx_word' id='word_1_433' title='bbox 192 5221 350 5275; x_wconf 85' lang='lat' dir='ltr'><strong>nullis</strong></span> <span class='ocrx_word' id='word_1_434' title='bbox 389 5233 588 5278; x_wconf 82' lang='lat' dir='ltr'><strong>mutata</strong></span> <span class='ocrx_word' id='word_1_435' title='bbox 622 5225 898 5290; x_wconf 68' lang='lat' dir='ltr'><strong>aetatibus,</strong></span> <span class='ocrx_word' id='word_1_436' title='bbox 925 5227 1072 5280; x_wconf 84' lang='lat' dir='ltr'><strong>nullo</strong></span> <span class='ocrx_word' id='word_1_437' title='bbox 1108 5227 1288 5281; x_wconf 81' lang='lat' dir='ltr'><strong>labore</strong></span> <span class='ocrx_word' id='word_1_438' title='bbox 1313 5227 1514 5282; x_wconf 27' lang='lat' dir='ltr'><strong>lassata.</strong></span> <span class='ocrx_word' id='word_1_439' title='bbox 1531 5237 1586 5282; x_wconf 91' lang='lat' dir='ltr'><strong>ut</strong></span> <span class='ocrx_word' id='word_1_440' title='bbox 1606 5230 1625 5259; x_wconf 83' lang='grc'>²</span> <span class='ocrx_word' id='word_1_441' title='bbox 1647 5228 1768 5284; x_wconf 88' lang='lat' dir='ltr'><strong>cibo</strong></span> 
     </span>
    </p>
   </div>
   <div class='ocr_carea' id='block_1_55' title="bbox 192 5310 1769 5386">
    <p class='ocr_par' dir='ltr' id='par_1_55' title="bbox 192 5310 1769 5386">
     <span class='ocr_line' id='line_1_55' title="bbox 192 5310 1769 5386; baseline 0.008 -24"><span class='ocrx_word' id='word_1_442' title='bbox 192 5310 430 5369; x_wconf 80' lang='lat' dir='ltr'><strong>iniciatur</strong></span> <span class='ocrx_word' id='word_1_443' title='bbox 452 5357 467 5379; x_wconf 88' lang='lat'><strong>,</strong></span> <span class='ocrx_word' id='word_1_444' title='bbox 496 5325 550 5370; x_wconf 89' lang='lat' dir='ltr'><strong>et</strong></span> <span class='ocrx_word' id='word_1_445' title='bbox 590 5316 768 5386; x_wconf 88' lang='lat' dir='ltr'><strong>aliqua</strong></span> <span class='ocrx_word' id='word_1_446' title='bbox 810 5333 932 5372; x_wconf 85' lang='lat' dir='ltr'><strong>esca</strong></span> <span class='ocrx_word' id='word_1_447' title='bbox 973 5319 1257 5373; x_wconf 68' lang='lat' dir='ltr'><strong>reﬁcietur.</strong></span> <span class='ocrx_word' id='word_1_448' title='bbox 1285 5319 1388 5374; x_wconf 90' lang='lat' dir='ltr'><strong>Sed</strong></span> <span class='ocrx_word' id='word_1_449' title='bbox 1435 5336 1540 5374; x_wconf 90' lang='lat' dir='ltr'><strong>non</strong></span> <span class='ocrx_word' id='word_1_450' title='bbox 1570 5322 1769 5376; x_wconf 84' lang='lat' dir='ltr'><strong>erimus</strong></span> 
     </span>
    </p>
   </div>
   <div class='ocr_carea' id='block_1_56' title="bbox 192 5405 1772 5478">
    <p class='ocr_par' dir='ltr' id='par_1_56' title="bbox 192 5405 1772 5478">
     <span class='ocr_line' id='line_1_56' title="bbox 192 5405 1772 5478; baseline 0.008 -26"><span class='ocrx_word' id='word_1_451' title='bbox 192 5405 303 5458; x_wconf 87' lang='lat' dir='ltr'><strong>sine</strong></span> <span class='ocrx_word' id='word_1_452' title='bbox 330 5421 449 5460; x_wconf 86' lang='lat' dir='ltr'><strong>esca</strong></span> <span class='ocrx_word' id='word_1_453' title='bbox 488 5416 542 5460; x_wconf 90' lang='lat' dir='ltr'><strong>et</strong></span> <span class='ocrx_word' id='word_1_454' title='bbox 581 5416 705 5476; x_wconf 89' lang='lat' dir='ltr'><strong>potu</strong></span> <span class='ocrx_word' id='word_1_455' title='bbox 733 5425 746 5460; x_wconf 91' lang='lat'><strong>:</strong></span> <span class='ocrx_word' id='word_1_456' title='bbox 779 5408 888 5476; x_wconf 93' lang='lat' dir='ltr'><strong>ipse</strong></span> <span class='ocrx_word' id='word_1_457' title='bbox 913 5409 1014 5462; x_wconf 90' lang='lat' dir='ltr'><strong>erit</strong></span> <span class='ocrx_word' id='word_1_458' title='bbox 1035 5410 1186 5463; x_wconf 91' lang='lat' dir='ltr'><strong>cibus</strong></span> <span class='ocrx_word' id='word_1_459' title='bbox 1213 5419 1396 5464; x_wconf 90' lang='lat' dir='ltr'><strong>noster</strong></span> <span class='ocrx_word' id='word_1_460' title='bbox 1423 5411 1566 5465; x_wconf 90' lang='lat' dir='ltr'><strong>Deus</strong></span> <span class='ocrx_word' id='word_1_461' title='bbox 1593 5422 1646 5466; x_wconf 90' lang='lat' dir='ltr'><strong>et</strong></span> <span class='ocrx_word' id='word_1_462' title='bbox 1675 5426 1772 5478; x_wconf 89' lang='lat' dir='ltr'><strong>po-</strong></span> 
     </span>
    </p>
   </div>
   <div class='ocr_carea' id='block_1_57' title="bbox 192 5497 1774 5568">
    <p class='ocr_par' dir='ltr' id='par_1_57' title="bbox 192 5497 1774 5568">
     <span class='ocr_line' id='line_1_57' title="bbox 192 5497 1774 5568; baseline 0.008 -24"><span class='ocrx_word' id='word_1_463' title='bbox 192 5499 272 5547; x_wconf 80' lang='lat' dir='ltr'><strong>tus</strong></span> <span class='ocrx_word' id='word_1_464' title='bbox 305 5506 504 5551; x_wconf 83' lang='lat' dir='ltr'><strong>noster.</strong></span> <span class='ocrx_word' id='word_1_465' title='bbox 533 5497 691 5552; x_wconf 87' lang='lat' dir='ltr'><strong>Solus</strong></span> <span class='ocrx_word' id='word_1_466' title='bbox 723 5498 810 5552; x_wconf 88' lang='lat' dir='ltr'><strong>ille</strong></span> <span class='ocrx_word' id='word_1_467' title='bbox 842 5499 991 5568; x_wconf 80' lang='lat' dir='ltr'><strong>cibus</strong></span> <span class='ocrx_word' id='word_1_468' title='bbox 1030 5499 1202 5554; x_wconf 75' lang='lat' dir='ltr'><strong>relllzit</strong></span> <span class='ocrx_word' id='word_1_469' title='bbox 1237 5515 1334 5555; x_wconf 90' lang='lat' dir='ltr'><strong>nec</strong></span> <span class='ocrx_word' id='word_1_470' title='bbox 1358 5501 1557 5555; x_wconf 82' lang='lat' dir='ltr'><strong>deﬁcit.</strong></span> <span class='ocrx_word' id='word_1_471' title='bbox 1589 5501 1774 5556; x_wconf 84' lang='lat' dir='ltr'><strong>Libera</strong></span> 
     </span>
    </p>
   </div>
   <div class='ocr_carea' id='block_1_58' title="bbox 191 5585 1770 5656">
    <p class='ocr_par' dir='ltr' id='par_1_58' title="bbox 191 5585 1770 5656">
     <span class='ocr_line' id='line_1_58' title="bbox 191 5585 1770 5656; baseline 0.009 -22"><span class='ocrx_word' id='word_1_472' title='bbox 191 5599 267 5636; x_wconf 77' lang='lat' dir='ltr'><strong>ure</strong></span> <span class='ocrx_word' id='word_1_473' title='bbox 285 5585 354 5638; x_wconf 82' lang='lat' dir='ltr'><strong>de</strong></span> <span class='ocrx_word' id='word_1_474' title='bbox 377 5588 702 5656; x_wconf 76' lang='lat' dir='ltr'><strong>sanguinibus</strong></span> <span class='ocrx_word' id='word_1_475' title='bbox 727 5588 881 5654; x_wconf 82' lang='lat' dir='ltr'><strong>Deus,</strong></span> <span class='ocrx_word' id='word_1_476' title='bbox 913 5590 1045 5644; x_wconf 86' lang='lat' dir='ltr'><strong>Deus</strong></span> <span class='ocrx_word' id='word_1_477' title='bbox 1064 5591 1245 5645; x_wconf 87' lang='lat' dir='ltr'><strong>salutis</strong></span> <span class='ocrx_word' id='word_1_478' title='bbox 1276 5607 1421 5652; x_wconf 62' lang='lat' dir='ltr'><strong>meat.</strong></span> <span class='ocrx_word' id='word_1_479' title='bbox 1445 5592 1600 5648; x_wconf 79' lang='lat' dir='ltr'><strong>Modo</strong></span> <span class='ocrx_word' id='word_1_480' title='bbox 1627 5594 1770 5654; x_wconf 80' lang='lat' dir='ltr'><strong>enim</strong></span> 
     </span>
    </p>
   </div>
   <div class='ocr_carea' id='block_1_59' title="bbox 251 5761 873 5828">
    <p class='ocr_par' dir='ltr' id='par_1_59' title="bbox 251 5761 873 5828">
     <span class='ocr_line' id='line_1_59' title="bbox 251 5761 873 5828; baseline 0.008 -19"><span class='ocrx_word' id='word_1_481' title='bbox 251 5763 268 5828; x_wconf 66' lang='grc' dir='ltr'><strong>ξ</strong></span> <span class='ocrx_word' id='word_1_482' title='bbox 306 5761 524 5828; x_wconf 78' lang='lat' dir='ltr'><strong>Plerique</strong></span> <span class='ocrx_word' id='word_1_483' title='bbox 549 5773 678 5823; x_wconf 58' lang='lat' dir='ltr'><strong>Mss,</strong></span> <span class='ocrx_word' id='word_1_484' title='bbox 703 5763 873 5828; x_wconf 73' lang='lat' dir='ltr'><strong>potius,</strong></span> 
     </span>
    </p>
   </div>
   <div class='ocr_carea' id='block_1_60' title="bbox 249 5823 1558 5890">
    <p class='ocr_par' dir='ltr' id='par_1_60' title="bbox 249 5823 1558 5890">
     <span class='ocr_line' id='line_1_60' title="bbox 249 5823 1558 5890; baseline 0.007 -17"><span class='ocrx_word' id='word_1_485' title='bbox 249 5823 269 5854; x_wconf 84' lang='lat'>&#39;</span> <span class='ocrx_word' id='word_1_486' title='bbox 302 5823 503 5887; x_wconf 66' lang='lat' dir='ltr'><strong>Edd.,&#39;ut</strong></span> <span class='ocrx_word' id='word_1_487' title='bbox 527 5828 660 5878; x_wconf 90' lang='lat' dir='ltr'><strong>nullo</strong></span> <span class='ocrx_word' id='word_1_488' title='bbox 675 5823 780 5878; x_wconf 83' lang='lat' dir='ltr'><strong>cibo</strong></span> <span class='ocrx_word' id='word_1_489' title='bbox 793 5825 1038 5890; x_wconf 71' lang='lat' dir='ltr'><strong>fulcimur:</strong></span> <span class='ocrx_word' id='word_1_490' title='bbox 1061 5828 1223 5890; x_wconf 77' lang='lat' dir='ltr'><strong>Abest,</strong></span> <span class='ocrx_word' id='word_1_491' title='bbox 1239 5827 1382 5890; x_wconf 78' lang='lat' dir='ltr'><strong>milio,</strong></span> <span class='ocrx_word' id='word_1_492' title='bbox 1405 5842 1429 5878; x_wconf 91' lang='lat' dir='ltr'><strong>a</strong></span> <span class='ocrx_word' id='word_1_493' title='bbox 1452 5835 1558 5882; x_wconf 67' lang='lat' dir='ltr'><strong>Mss.</strong></span> 
     </span>
    </p>
   </div>
   <div class='ocr_carea' id='block_1_61' title="bbox 1329 394 2280 457">
    <p class='ocr_par' dir='ltr' id='par_1_61' title="bbox 1329 394 2280 457">
     <span class='ocr_line' id='line_1_61' title="bbox 1329 394 2280 457; baseline -0.001 -5"><span class='ocrx_word' id='word_1_494' title='bbox 1329 395 1720 457; x_wconf 66' lang='lat' dir='ltr'><strong>ENAllllATlO</strong></span> <span class='ocrx_word' id='word_1_495' title='bbox 1760 394 1822 449; x_wconf 75' lang='lat' dir='ltr'><strong>IN</strong></span> <span class='ocrx_word' id='word_1_496' title='bbox 1863 395 2178 452; x_wconf 57' lang='lat' dir='ltr'><strong>PSALNIUM</strong></span> <span class='ocrx_word' id='word_1_497' title='bbox 2221 396 2280 451; x_wconf 77' lang='lat' dir='ltr'><strong>l..</strong></span> 
     </span>
    </p>
   </div>
   <div class='ocr_carea' id='block_1_62' title="bbox 3338 403 3444 460">
    <p class='ocr_par' dir='ltr' id='par_1_62' title="bbox 3338 403 3444 460">
     <span class='ocr_line' id='line_1_62' title="bbox 3338 403 3444 460; baseline 0 -1"><span class='ocrx_word' id='word_1_498' title='bbox 3338 403 3444 460; x_wconf 75' lang='lat'><strong>598</strong></span> 
     </span>
    </p>
   </div>
   <div class='ocr_carea' id='block_1_63' title="bbox 1862 532 3452 611">
    <p class='ocr_par' dir='ltr' id='par_1_63' title="bbox 1862 532 3452 611">
     <span class='ocr_line' id='line_1_63' title="bbox 1862 532 3452 611; baseline 0.009 -28"><span class='ocrx_word' id='word_1_499' title='bbox 1862 532 1970 601; x_wconf 87' lang='lat' dir='ltr'><strong>jam</strong></span> <span class='ocrx_word' id='word_1_500' title='bbox 2003 534 2054 587; x_wconf 92' lang='lat' dir='ltr'><strong>in</strong></span> <span class='ocrx_word' id='word_1_501' title='bbox 2083 537 2384 602; x_wconf 18' lang='lat' dir='ltr'><strong>ipsavsalule</strong></span> <span class='ocrx_word' id='word_1_502' title='bbox 2413 551 2614 592; x_wconf 88' lang='lat' dir='ltr'><strong>sumus.</strong></span> <span class='ocrx_word' id='word_1_503' title='bbox 2641 537 3108 606; x_wconf 80' lang='lat' dir='ltr'><strong>AudiApostolum</strong></span> <span class='ocrx_word' id='word_1_504' title='bbox 3138 558 3150 594; x_wconf 89' lang='lat'><strong>:</strong></span> <span class='ocrx_word' id='word_1_505' title='bbox 3183 542 3289 611; x_wconf 82' lang='lat' dir='ltr'><strong>Spe</strong></span> <span class='ocrx_word' id='word_1_506' title='bbox 3311 546 3452 605; x_wconf 73' lang='grc' dir='ltr'><strong>ιιηὶηι,</strong></span> 
     </span>
    </p>
   </div>
   <div class='ocr_carea' id='block_1_64' title="bbox 1866 624 3446 704">
    <p class='ocr_par' dir='ltr' id='par_1_64' title="bbox 1866 624 3446 704">
     <span class='ocr_line' id='line_1_64' title="bbox 1866 624 3446 704; baseline 0.008 -28"><span class='ocrx_word' id='word_1_507' title='bbox 1866 624 1991 679; x_wconf 83' lang='lat' dir='ltr'><strong>salvi</strong></span> <span class='ocrx_word' id='word_1_508' title='bbox 2018 626 2136 694; x_wconf 74' lang='lat' dir='ltr'><strong>facti</strong></span> <span class='ocrx_word' id='word_1_509' title='bbox 2166 643 2358 679; x_wconf 80' lang='lat' dir='ltr'><strong>sanius.</strong></span> <span class='ocrx_word' id='word_1_510' title='bbox 2384 626 2450 680; x_wconf 84' lang='lat' dir='ltr'><strong>Et</strong></span> <span class='ocrx_word' id='word_1_511' title='bbox 2484 626 2600 681; x_wconf 87' lang='lat' dir='ltr'><strong>vide</strong></span> <span class='ocrx_word' id='word_1_512' title='bbox 2630 628 2748 694; x_wconf 91' lang='lat' dir='ltr'><strong>quia</strong></span> <span class='ocrx_word' id='word_1_513' title='bbox 2781 627 2845 681; x_wconf 92' lang='lat' dir='ltr'><strong>de</strong></span> <span class='ocrx_word' id='word_1_514' title='bbox 2873 629 2981 697; x_wconf 88' lang='lat' dir='ltr'><strong>ipsa</strong></span> <span class='ocrx_word' id='word_1_515' title='bbox 3004 633 3172 687; x_wconf 89' lang='lat' dir='ltr'><strong>salute</strong></span> <span class='ocrx_word' id='word_1_516' title='bbox 3203 637 3446 704; x_wconf 84' lang='lat' dir='ltr'><strong>corporis</strong></span> 
     </span>
    </p>
   </div>
   <div class='ocr_carea' id='block_1_65' title="bbox 1867 713 3442 795">
    <p class='ocr_par' dir='ltr' id='par_1_65' title="bbox 1867 713 3442 795">
     <span class='ocr_line' id='line_1_65' title="bbox 1867 713 3442 795; baseline 0.009 -30"><span class='ocrx_word' id='word_1_517' title='bbox 1867 713 2075 768; x_wconf 75' lang='lat' dir='ltr'><strong>dicebat</strong></span> <span class='ocrx_word' id='word_1_518' title='bbox 2100 735 2110 768; x_wconf 90' lang='lat'><strong>:</strong></span> <span class='ocrx_word' id='word_1_519' title='bbox 2143 714 2208 768; x_wconf 87' lang='lat' dir='ltr'><strong>In</strong></span> <span class='ocrx_word' id='word_1_520' title='bbox 2237 718 2632 783; x_wconf 61' lang='lat' dir='ltr'><strong>nobismetipsis,</strong></span> <span class='ocrx_word' id='word_1_521' title='bbox 2656 720 2820 787; x_wconf 87' lang='lat' dir='ltr'><strong>inquit</strong></span> <span class='ocrx_word' id='word_1_522' title='bbox 2846 759 2858 782; x_wconf 89' lang='lat'><strong>,</strong></span> <span class='ocrx_word' id='word_1_523' title='bbox 2885 720 3252 795; x_wconf 79' lang='lat' dir='ltr'><strong>ingemiscimas</strong></span> <span class='ocrx_word' id='word_1_524' title='bbox 3273 767 3286 787; x_wconf 91' lang='lat'><strong>,</strong></span> <span class='ocrx_word' id='word_1_525' title='bbox 3313 727 3442 779; x_wconf 62' lang='lat' dir='ltr'><strong>adoo</strong></span> 
     </span>
    </p>
   </div>
   <div class='ocr_carea' id='block_1_66' title="bbox 1870 805 3444 881">
    <p class='ocr_par' dir='ltr' id='par_1_66' title="bbox 1870 805 3444 881">
     <span class='ocr_line' id='line_1_66' title="bbox 1870 805 3444 881; baseline 0.01 -28"><span class='ocrx_word' id='word_1_526' title='bbox 1870 805 2087 870; x_wconf 79' lang='lat' dir='ltr'><strong>plionem</strong></span> <span class='ocrx_word' id='word_1_527' title='bbox 2128 816 2526 881; x_wconf 65' lang='lat' dir='ltr'><strong>exspectantes,_</strong></span> <span class='ocrx_word' id='word_1_528' title='bbox 2553 810 2945 877; x_wconf 66' lang='lat' dir='ltr'><strong>redemptiom’m</strong></span> <span class='ocrx_word' id='word_1_529' title='bbox 2996 816 3221 880; x_wconf 84' lang='lat' dir='ltr'><strong>corporis</strong></span> <span class='ocrx_word' id='word_1_530' title='bbox 3264 819 3444 869; x_wconf 78' lang='lat' dir='ltr'><strong>nostri.</strong></span> 
     </span>
    </p>
   </div>
   <div class='ocr_carea' id='block_1_67' title="bbox 1871 895 3446 976">
    <p class='ocr_par' dir='ltr' id='par_1_67' title="bbox 1871 895 3446 976">
     <span class='ocr_line' id='line_1_67' title="bbox 1871 895 3446 976; baseline 0.008 -30"><span class='ocrx_word' id='word_1_531' title='bbox 1871 895 1975 967; x_wconf 62' lang='lat' dir='ltr'><strong>Spe</strong></span> <span class='ocrx_word' id='word_1_532' title='bbox 1995 897 2122 958; x_wconf 85' lang='lat' dir='ltr'><strong>enim</strong></span> <span class='ocrx_word' id='word_1_533' title='bbox 2147 899 2271 958; x_wconf 81' lang='lat' dir='ltr'><strong>salui</strong></span> <span class='ocrx_word' id='word_1_534' title='bbox 2289 900 2412 966; x_wconf 76' lang='lat' dir='ltr'><strong>[acti</strong></span> <span class='ocrx_word' id='word_1_535' title='bbox 2431 913 2622 953; x_wconf 85' lang='lat' dir='ltr'><strong>sumus.</strong></span> <span class='ocrx_word' id='word_1_536' title='bbox 2648 900 2778 971; x_wconf 82' lang='lat' dir='ltr'><strong>Spes</strong></span> <span class='ocrx_word' id='word_1_537' title='bbox 2795 911 2958 976; x_wconf 80' lang='lat' dir='ltr'><strong>autem</strong></span> <span class='ocrx_word' id='word_1_538' title='bbox 2979 919 3089 970; x_wconf 67' lang='lat' dir='ltr'><strong>qua:</strong></span> <span class='ocrx_word' id='word_1_539' title='bbox 3109 905 3320 970; x_wconf 77' lang='lat' dir='ltr'><strong>videtur,</strong></span> <span class='ocrx_word' id='word_1_540' title='bbox 3347 924 3446 960; x_wconf 82' lang='lat' dir='ltr'><strong>non</strong></span> 
     </span>
    </p>
   </div>
   <div class='ocr_carea' id='block_1_68' title="bbox 1870 989 3445 1062">
    <p class='ocr_par' dir='ltr' id='par_1_68' title="bbox 1870 989 3445 1062">
     <span class='ocr_line' id='line_1_68' title="bbox 1870 989 3445 1062; baseline 0.008 -27"><span class='ocrx_word' id='word_1_541' title='bbox 1870 997 1938 1036; x_wconf 80' lang='lat' dir='ltr'><strong>est</strong></span> <span class='ocrx_word' id='word_1_542' title='bbox 1967 1002 2075 1054; x_wconf 82' lang='lat' dir='ltr'><strong>spes</strong></span> <span class='ocrx_word' id='word_1_543' title='bbox 2107 1003 2125 1039; x_wconf 90' lang='lat'><strong><em>:</em></strong></span> <span class='ocrx_word' id='word_1_544' title='bbox 2155 989 2287 1055; x_wconf 86' lang='lat' dir='ltr'><strong>quod</strong></span> <span class='ocrx_word' id='word_1_545' title='bbox 2316 990 2448 1041; x_wconf 88' lang='lat' dir='ltr'><strong>enim</strong></span> <span class='ocrx_word' id='word_1_546' title='bbox 2492 991 2620 1043; x_wconf 81' lang='lat' dir='ltr'><strong>uidet</strong></span> <span class='ocrx_word' id='word_1_547' title='bbox 2646 992 2775 1055; x_wconf 84' lang='lat' dir='ltr'><strong>quis,</strong></span> <span class='ocrx_word' id='word_1_548' title='bbox 2808 993 2931 1058; x_wconf 83' lang='lat' dir='ltr'><strong>quid</strong></span> <span class='ocrx_word' id='word_1_549' title='bbox 2955 995 3167 1062; x_wconf 83' lang='lat' dir='ltr'><strong>sperat?</strong></span> <span class='ocrx_word' id='word_1_550' title='bbox 3193 994 3253 1048; x_wconf 89' lang='lat' dir='ltr'><strong>Si</strong></span> <span class='ocrx_word' id='word_1_551' title='bbox 3281 1007 3445 1048; x_wconf 85' lang='lat' dir='ltr'><strong>autem</strong></span> 
     </span>
    </p>
   </div>
   <div class='ocr_carea' id='block_1_69' title="bbox 1869 1076 3448 1152">
    <p class='ocr_par' dir='ltr' id='par_1_69' title="bbox 1869 1076 3448 1152">
     <span class='ocr_line' id='line_1_69' title="bbox 1869 1076 3448 1152; baseline 0.007 -26"><span class='ocrx_word' id='word_1_552' title='bbox 1869 1076 2005 1145; x_wconf 82' lang='lat' dir='ltr'><strong>quod</strong></span> <span class='ocrx_word' id='word_1_553' title='bbox 2029 1093 2126 1129; x_wconf 91' lang='lat' dir='ltr'><strong><em>non</em></strong></span> <span class='ocrx_word' id='word_1_554' title='bbox 2150 1077 2369 1131; x_wconf 83' lang='lat' dir='ltr'><strong>videmus</strong></span> <span class='ocrx_word' id='word_1_555' title='bbox 2389 1096 2665 1148; x_wconf 83' lang='lat' dir='ltr'><strong>speramus,</strong></span> <span class='ocrx_word' id='word_1_556' title='bbox 2690 1098 2778 1150; x_wconf 79' lang='lat' dir='ltr'><strong>per</strong></span> <span class='ocrx_word' id='word_1_557' title='bbox 2799 1083 3086 1149; x_wconf 83' lang='lat' dir='ltr'><strong>patientiam</strong></span> <span class='ocrx_word' id='word_1_558' title='bbox 3108 1095 3448 1152; x_wconf 78' lang='lat' dir='ltr'><strong>exspectamus</strong></span> 
     </span>
    </p>
   </div>
   <div class='ocr_carea' id='block_1_70' title="bbox 1875 1165 3444 1242">
    <p class='ocr_par' dir='ltr' id='par_1_70' title="bbox 1875 1165 3444 1242">
     <span class='ocr_line' id='line_1_70' title="bbox 1875 1165 3444 1242; baseline 0.007 -27"><span class='ocrx_word' id='word_1_559' title='bbox 1875 1165 2173 1235; x_wconf 58' lang='lat' dir='ltr'><strong>(Rennvm,</strong></span> <span class='ocrx_word' id='word_1_560' title='bbox 2191 1167 2282 1233; x_wconf 72' lang='lat'><strong>‘23,</strong></span> <span class='ocrx_word' id='word_1_561' title='bbox 2304 1168 2418 1240; x_wconf 70' lang='lat'><strong>25).</strong></span> <span class='ocrx_word' id='word_1_562' title='bbox 2437 1169 2534 1234; x_wconf 89' lang='lat' dir='ltr'><strong>Qui</strong></span> <span class='ocrx_word' id='word_1_563' title='bbox 2553 1173 2966 1238; x_wconf 87' lang='lat' dir='ltr'><strong>perseveraverit</strong></span> <span class='ocrx_word' id='word_1_564' title='bbox 2988 1189 3151 1242; x_wconf 87' lang='lat' dir='ltr'><strong>usque</strong></span> <span class='ocrx_word' id='word_1_565' title='bbox 3184 1174 3235 1227; x_wconf 90' lang='lat' dir='ltr'><strong>in</strong></span> <span class='ocrx_word' id='word_1_566' title='bbox 3267 1174 3444 1238; x_wconf 89' lang='lat' dir='ltr'><strong>linem,</strong></span> 
     </span>
    </p>
   </div>
   <div class='ocr_carea' id='block_1_71' title="bbox 1873 1256 3448 1334">
    <p class='ocr_par' dir='ltr' id='par_1_71' title="bbox 1873 1256 3448 1334">
     <span class='ocr_line' id='line_1_71' title="bbox 1873 1256 3448 1334; baseline 0.008 -27"><span class='ocrx_word' id='word_1_567' title='bbox 1873 1256 1983 1324; x_wconf 84' lang='lat' dir='ltr'><strong>ipsa</strong></span> <span class='ocrx_word' id='word_1_568' title='bbox 2014 1265 2097 1311; x_wconf 87' lang='lat' dir='ltr'><strong>est</strong></span> <span class='ocrx_word' id='word_1_569' title='bbox 2121 1259 2208 1312; x_wconf 89' lang='lat' dir='ltr'><strong>illa</strong></span> <span class='ocrx_word' id='word_1_570' title='bbox 2237 1263 2484 1327; x_wconf 80' lang='lat' dir='ltr'><strong>patientia</strong></span> <span class='ocrx_word' id='word_1_571' title='bbox 2519 1280 2530 1315; x_wconf 87' lang='lat'><strong>:</strong></span> <span class='ocrx_word' id='word_1_572' title='bbox 2568 1261 2654 1315; x_wconf 90' lang='lat' dir='ltr'><strong>hic</strong></span> <span class='ocrx_word' id='word_1_573' title='bbox 2682 1263 2856 1315; x_wconf 84' lang='lat' dir='ltr'><strong>salvus</strong></span> <span class='ocrx_word' id='word_1_574' title='bbox 2884 1264 2984 1316; x_wconf 86' lang='lat' dir='ltr'><strong>erit</strong></span> <span class='ocrx_word' id='word_1_575' title='bbox 3015 1264 3228 1334; x_wconf 81' lang='lat' dir='ltr'><strong>(Matth.</strong></span> <span class='ocrx_word' id='word_1_576' title='bbox 3259 1281 3313 1328; x_wconf 68' lang='grc' dir='ltr'><strong>κ,</strong></span> <span class='ocrx_word' id='word_1_577' title='bbox 3343 1265 3403 1319; x_wconf 69' lang='grc'><strong>21</strong></span> <span class='ocrx_word' id='word_1_578' title='bbox 3433 1308 3448 1329; x_wconf 85' lang='grc'><em>,</em></span> 
     </span>
    </p>
   </div>
   <div class='ocr_carea' id='block_1_72' title="bbox 1873 1341 3446 1422">
    <p class='ocr_par' dir='ltr' id='par_1_72' title="bbox 1873 1341 3446 1422">
     <span class='ocr_line' id='line_1_72' title="bbox 1873 1341 3446 1422; baseline 0.004 -24"><span class='ocrx_word' id='word_1_579' title='bbox 1873 1355 1918 1398; x_wconf 84' lang='grc' dir='ltr'>οι</span> <span class='ocrx_word' id='word_1_580' title='bbox 1940 1361 2096 1411; x_wconf 73' lang='lat' dir='ltr'><strong>xxrv,</strong></span> <span class='ocrx_word' id='word_1_581' title='bbox 2130 1346 2240 1418; x_wconf 79' lang='lat'><strong>15),</strong></span> <span class='ocrx_word' id='word_1_582' title='bbox 2271 1348 2380 1418; x_wconf 87' lang='lat' dir='ltr'><strong>ipsa</strong></span> <span class='ocrx_word' id='word_1_583' title='bbox 2411 1357 2493 1404; x_wconf 89' lang='lat' dir='ltr'><strong>est</strong></span> <span class='ocrx_word' id='word_1_584' title='bbox 2536 1351 2678 1406; x_wconf 90' lang='lat' dir='ltr'><strong>salus</strong></span> <span class='ocrx_word' id='word_1_585' title='bbox 2703 1368 2862 1420; x_wconf 80' lang='lat' dir='ltr'><strong>quam</strong></span> <span class='ocrx_word' id='word_1_586' title='bbox 2888 1354 3119 1409; x_wconf 89' lang='lat' dir='ltr'><strong>nondum</strong></span> <span class='ocrx_word' id='word_1_587' title='bbox 3151 1341 3405 1409; x_wconf 58' lang='lat' dir='ltr'><strong>habemus</strong></span> <span class='ocrx_word' id='word_1_588' title='bbox 3425 1396 3446 1422; x_wconf 64' lang='grc' dir='ltr'><strong>ο</strong></span> 
     </span>
    </p>
   </div>
   <div class='ocr_carea' id='block_1_73' title="bbox 1872 1435 3447 1518">
    <p class='ocr_par' dir='ltr' id='par_1_73' title="bbox 1872 1435 3447 1518">
     <span class='ocr_line' id='line_1_73' title="bbox 1872 1435 3447 1518; baseline 0.01 -31"><span class='ocrx_word' id='word_1_589' title='bbox 1872 1435 1964 1489; x_wconf 85' lang='lat' dir='ltr'><strong>sed</strong></span> <span class='ocrx_word' id='word_1_590' title='bbox 1993 1436 2220 1491; x_wconf 83' lang='lat' dir='ltr'><strong>habituri</strong></span> <span class='ocrx_word' id='word_1_591' title='bbox 2255 1455 2456 1494; x_wconf 91' lang='lat' dir='ltr'><strong>sumus.</strong></span> <span class='ocrx_word' id='word_1_592' title='bbox 2487 1440 2727 1495; x_wconf 84' lang='lat' dir='ltr'><strong>Nondum</strong></span> <span class='ocrx_word' id='word_1_593' title='bbox 2760 1453 2837 1501; x_wconf 73' lang='lat' dir='ltr'><strong>est</strong></span> <span class='ocrx_word' id='word_1_594' title='bbox 2868 1461 2954 1498; x_wconf 86' lang='lat' dir='ltr'><strong>res</strong></span> <span class='ocrx_word' id='word_1_595' title='bbox 2973 1487 2986 1509; x_wconf 87' lang='lat'><strong>,</strong></span> <span class='ocrx_word' id='word_1_596' title='bbox 3014 1447 3106 1500; x_wconf 65' lang='lat' dir='ltr'><strong>Stati</strong></span> <span class='ocrx_word' id='word_1_597' title='bbox 3135 1457 3279 1500; x_wconf 84' lang='lat' dir='ltr'><strong>certa</strong></span> <span class='ocrx_word' id='word_1_598' title='bbox 3304 1463 3447 1518; x_wconf 80' lang='lat' dir='ltr'><strong>spes.</strong></span> 
     </span>
    </p>
   </div>
   <div class='ocr_carea' id='block_1_74' title="bbox 1874 1522 3021 1599">
    <p class='ocr_par' dir='ltr' id='par_1_74' title="bbox 1874 1522 3021 1599">
     <span class='ocr_line' id='line_1_74' title="bbox 1874 1522 3021 1599; baseline 0.01 -23"><span class='ocrx_word' id='word_1_599' title='bbox 1874 1522 1940 1576; x_wconf 84' lang='lat' dir='ltr'><strong>Et</strong></span> <span class='ocrx_word' id='word_1_600' title='bbox 1969 1526 2230 1580; x_wconf 75' lang='lat' dir='ltr'><strong>exsultabit</strong></span> <span class='ocrx_word' id='word_1_601' title='bbox 2263 1527 2435 1598; x_wconf 79' lang='lat' dir='ltr'><strong>lingua</strong></span> <span class='ocrx_word' id='word_1_602' title='bbox 2458 1547 2566 1583; x_wconf 86' lang='lat' dir='ltr'><strong>mea</strong></span> <span class='ocrx_word' id='word_1_603' title='bbox 2585 1533 2836 1599; x_wconf 82' lang='lat' dir='ltr'><strong>justitith</strong></span> <span class='ocrx_word' id='word_1_604' title='bbox 2866 1544 3021 1588; x_wconf 89' lang='lat' dir='ltr'><strong>tuam.</strong></span> 
     </span>
    </p>
   </div>
   <div class='ocr_carea' id='block_1_75' title="bbox 1941 1614 3447 1696">
    <p class='ocr_par' dir='ltr' id='par_1_75' title="bbox 1941 1614 3447 1696">
     <span class='ocr_line' id='line_1_75' title="bbox 1941 1614 3447 1696; baseline 0.012 -30"><span class='ocrx_word' id='word_1_605' title='bbox 1941 1614 2028 1679; x_wconf 70' lang='lat'><strong>90.</strong></span> <span class='ocrx_word' id='word_1_606' title='bbox 2073 1615 2237 1687; x_wconf 69' lang='grc' dir='ltr'><strong>[νει-ε,</strong></span> <span class='ocrx_word' id='word_1_607' title='bbox 2286 1619 2369 1674; x_wconf 76' lang='grc' dir='ltr'><strong>Π.</strong></span> <span class='ocrx_word' id='word_1_608' title='bbox 2448 1619 2659 1680; x_wconf 81' lang='lat' dir='ltr'><strong>Domine</strong></span> <span class='ocrx_word' id='word_1_609' title='bbox 2686 1665 2701 1688; x_wconf 93' lang='lat'><strong>,</strong></span> <span class='ocrx_word' id='word_1_610' title='bbox 2731 1623 2863 1682; x_wconf 74' lang='lat' dir='ltr'><strong>labia</strong></span> <span class='ocrx_word' id='word_1_611' title='bbox 2904 1643 3012 1678; x_wconf 87' lang='lat' dir='ltr'><strong>mea</strong></span> <span class='ocrx_word' id='word_1_612' title='bbox 3049 1629 3243 1696; x_wconf 63' lang='lat' dir='ltr'><strong>aperias</strong></span> <span class='ocrx_word' id='word_1_613' title='bbox 3276 1671 3291 1694; x_wconf 93' lang='lat'><strong>,</strong></span> <span class='ocrx_word' id='word_1_614' title='bbox 3323 1639 3368 1683; x_wconf 85' lang='lat' dir='ltr'><strong>el</strong></span> <span class='ocrx_word' id='word_1_615' title='bbox 3393 1647 3447 1684; x_wconf 80' lang='lat' dir='ltr'><strong>os</strong></span> 
     </span>
    </p>
   </div>
   <div class='ocr_carea' id='block_1_76' title="bbox 1871 1710 3447 1791">
    <p class='ocr_par' dir='ltr' id='par_1_76' title="bbox 1871 1710 3447 1791">
     <span class='ocr_line' id='line_1_76' title="bbox 1871 1710 3447 1791; baseline 0.011 -32"><span class='ocrx_word' id='word_1_616' title='bbox 1871 1723 2034 1767; x_wconf 80' lang='lat' dir='ltr'><strong>meum</strong></span> <span class='ocrx_word' id='word_1_617' title='bbox 2074 1710 2388 1763; x_wconf 72' lang='lat' dir='ltr'><strong>antruntiabit</strong></span> <span class='ocrx_word' id='word_1_618' title='bbox 2422 1713 2621 1768; x_wconf 80' lang='lat' dir='ltr'><strong>laudent</strong></span> <span class='ocrx_word' id='word_1_619' title='bbox 2661 1725 2815 1768; x_wconf 69' lang='lat' dir='ltr'><strong>tuom.</strong></span> <span class='ocrx_word' id='word_1_620' title='bbox 2851 1716 3071 1773; x_wconf 84' lang='lat' dir='ltr'><strong>Laudem</strong></span> <span class='ocrx_word' id='word_1_621' title='bbox 3097 1729 3255 1784; x_wconf 80' lang='lat' dir='ltr'><strong>luant,</strong></span> <span class='ocrx_word' id='word_1_622' title='bbox 3283 1723 3402 1791; x_wconf 88' lang='lat' dir='ltr'><strong>quia</strong></span> <span class='ocrx_word' id='word_1_623' title='bbox 3431 1723 3447 1753; x_wconf 77' lang='grc'>⁸</span> 
     </span>
    </p>
   </div>
   <div class='ocr_carea' id='block_1_77' title="bbox 1869 1802 3449 1876">
    <p class='ocr_par' dir='ltr' id='par_1_77' title="bbox 1869 1802 3449 1876">
     <span class='ocr_line' id='line_1_77' title="bbox 1869 1802 3449 1876; baseline 0.011 -26"><span class='ocrx_word' id='word_1_624' title='bbox 1869 1808 2081 1856; x_wconf 87' lang='lat' dir='ltr'><strong>creatus</strong></span> <span class='ocrx_word' id='word_1_625' title='bbox 2106 1815 2253 1864; x_wconf 86' lang='lat' dir='ltr'><strong>sum;</strong></span> <span class='ocrx_word' id='word_1_626' title='bbox 2283 1802 2484 1857; x_wconf 83' lang='lat' dir='ltr'><strong>tandem</strong></span> <span class='ocrx_word' id='word_1_627' title='bbox 2505 1813 2642 1858; x_wconf 88' lang='lat' dir='ltr'><strong>tuam</strong></span> <span class='ocrx_word' id='word_1_628' title='bbox 2667 1847 2682 1871; x_wconf 94' lang='lat'><strong>,</strong></span> <span class='ocrx_word' id='word_1_629' title='bbox 2714 1807 2834 1875; x_wconf 91' lang='lat' dir='ltr'><strong>quia</strong></span> <span class='ocrx_word' id='word_1_630' title='bbox 2866 1824 3089 1876; x_wconf 82' lang='lat' dir='ltr'><strong>peccans</strong></span> <span class='ocrx_word' id='word_1_631' title='bbox 3115 1827 3218 1866; x_wconf 86' lang='lat' dir='ltr'><strong>non</strong></span> <span class='ocrx_word' id='word_1_632' title='bbox 3255 1812 3449 1867; x_wconf 78' lang='lat' dir='ltr'><strong>dereli—</strong></span> 
     </span>
    </p>
   </div>
   <div class='ocr_carea' id='block_1_78' title="bbox 1870 1893 3448 1970">
    <p class='ocr_par' dir='ltr' id='par_1_78' title="bbox 1870 1893 3448 1970">
     <span class='ocr_line' id='line_1_78' title="bbox 1870 1893 3448 1970; baseline 0.008 -25"><span class='ocrx_word' id='word_1_633' title='bbox 1870 1899 1985 1945; x_wconf 91' lang='lat' dir='ltr'><strong>ctus</strong></span> <span class='ocrx_word' id='word_1_634' title='bbox 2013 1906 2129 1945; x_wconf 89' lang='lat' dir='ltr'><strong>sum</strong></span> <span class='ocrx_word' id='word_1_635' title='bbox 2154 1911 2168 1956; x_wconf 87' lang='lat'><strong>;</strong></span> <span class='ocrx_word' id='word_1_636' title='bbox 2198 1893 2398 1970; x_wconf 78' lang='lat' dir='ltr'><strong>laudem</strong></span> <span class='ocrx_word' id='word_1_637' title='bbox 2424 1905 2580 1959; x_wconf 86' lang='lat' dir='ltr'><strong>tuam,</strong></span> <span class='ocrx_word' id='word_1_638' title='bbox 2608 1897 2729 1966; x_wconf 88' lang='lat' dir='ltr'><strong>quia</strong></span> <span class='ocrx_word' id='word_1_639' title='bbox 2761 1908 2814 1951; x_wconf 91' lang='lat' dir='ltr'><strong>ut</strong></span> <span class='ocrx_word' id='word_1_640' title='bbox 2843 1901 3124 1955; x_wconf 88' lang='lat' dir='ltr'><strong>conlitercr</strong></span> <span class='ocrx_word' id='word_1_641' title='bbox 3147 1902 3448 1958; x_wconf 78' lang='lat' dir='ltr'><strong>admonitus</strong></span> 
     </span>
    </p>
   </div>
   <div class='ocr_carea' id='block_1_79' title="bbox 1871 1982 3448 2055">
    <p class='ocr_par' dir='ltr' id='par_1_79' title="bbox 1871 1982 3448 2055">
     <span class='ocr_line' id='line_1_79' title="bbox 1871 1982 3448 2055; baseline 0.008 -21"><span class='ocrx_word' id='word_1_642' title='bbox 1871 1995 2018 2044; x_wconf 88' lang='lat' dir='ltr'><strong>sum;</strong></span> <span class='ocrx_word' id='word_1_643' title='bbox 2052 1982 2250 2038; x_wconf 84' lang='lat' dir='ltr'><strong>laudem</strong></span> <span class='ocrx_word' id='word_1_644' title='bbox 2279 1993 2414 2037; x_wconf 86' lang='lat' dir='ltr'><strong>tuam</strong></span> <span class='ocrx_word' id='word_1_645' title='bbox 2436 2028 2450 2050; x_wconf 93' lang='lat'><strong>,</strong></span> <span class='ocrx_word' id='word_1_646' title='bbox 2483 1986 2603 2055; x_wconf 87' lang='lat' dir='ltr'><strong>quia</strong></span> <span class='ocrx_word' id='word_1_647' title='bbox 2630 1997 2686 2040; x_wconf 88' lang='lat' dir='ltr'><strong>ut</strong></span> <span class='ocrx_word' id='word_1_648' title='bbox 2715 2003 2934 2046; x_wconf 84' lang='lat' dir='ltr'><strong>securus</strong></span> <span class='ocrx_word' id='word_1_649' title='bbox 2956 2005 3128 2045; x_wconf 90' lang='lat' dir='ltr'><strong>essem</strong></span> <span class='ocrx_word' id='word_1_650' title='bbox 3167 1993 3448 2047; x_wconf 87' lang='lat' dir='ltr'><strong>mundatus</strong></span> 
     </span>
    </p>
   </div>
   <div class='ocr_carea' id='block_1_80' title="bbox 1871 2069 3449 2144">
    <p class='ocr_par' dir='ltr' id='par_1_80' title="bbox 1871 2069 3449 2144">
     <span class='ocr_line' id='line_1_80' title="bbox 1871 2069 3449 2144; baseline 0.008 -22"><span class='ocrx_word' id='word_1_651' title='bbox 1871 2085 2005 2123; x_wconf 87' lang='lat' dir='ltr'><strong>sum.</strong></span> <span class='ocrx_word' id='word_1_652' title='bbox 2031 2069 2188 2125; x_wconf 85' lang='lat' dir='ltr'><strong>Labia</strong></span> <span class='ocrx_word' id='word_1_653' title='bbox 2217 2089 2327 2130; x_wconf 82' lang='lat' dir='ltr'><strong>mea</strong></span> <span class='ocrx_word' id='word_1_654' title='bbox 2350 2075 2564 2144; x_wconf 72' lang='lat' dir='ltr'><strong>aperias,</strong></span> <span class='ocrx_word' id='word_1_655' title='bbox 2588 2084 2632 2129; x_wconf 86' lang='lat' dir='ltr'><strong>et</strong></span> <span class='ocrx_word' id='word_1_656' title='bbox 2655 2093 2710 2130; x_wconf 89' lang='lat' dir='ltr'><strong>os</strong></span> <span class='ocrx_word' id='word_1_657' title='bbox 2731 2095 2890 2132; x_wconf 79' lang='lat' dir='ltr'><strong>inenm</strong></span> <span class='ocrx_word' id='word_1_658' title='bbox 2913 2081 3227 2134; x_wconf 84' lang='lat' dir='ltr'><strong>annuntiabit</strong></span> <span class='ocrx_word' id='word_1_659' title='bbox 3250 2081 3449 2136; x_wconf 69' lang='lat' dir='ltr'><strong>[anilem</strong></span> 
     </span>
    </p>
   </div>
   <div class='ocr_carea' id='block_1_81' title="bbox 1872 2171 2030 2216">
    <p class='ocr_par' dir='ltr' id='par_1_81' title="bbox 1872 2171 2030 2216">
     <span class='ocr_line' id='line_1_81' title="bbox 1872 2171 2030 2216; baseline 0 -2"><span class='ocrx_word' id='word_1_660' title='bbox 1872 2171 2030 2216; x_wconf 85' lang='lat' dir='ltr'><strong>tuam.</strong></span> 
     </span>
    </p>
   </div>
   <div class='ocr_carea' id='block_1_82' title="bbox 1940 2250 3444 2333">
    <p class='ocr_par' dir='ltr' id='par_1_82' title="bbox 1940 2250 3444 2333">
     <span class='ocr_line' id='line_1_82' title="bbox 1940 2250 3444 2333; baseline 0.008 -29"><span class='ocrx_word' id='word_1_661' title='bbox 1940 2250 2029 2305; x_wconf 74' lang='lat'><strong>21.</strong></span> <span class='ocrx_word' id='word_1_662' title='bbox 2055 2251 2212 2325; x_wconf 84' lang='lat' dir='ltr'><strong>[vers.</strong></span> <span class='ocrx_word' id='word_1_663' title='bbox 2241 2255 2327 2319; x_wconf 89' lang='lat'><strong>18,</strong></span> <span class='ocrx_word' id='word_1_664' title='bbox 2360 2254 2469 2328; x_wconf 85' lang='lat'><strong>19.]</strong></span> <span class='ocrx_word' id='word_1_665' title='bbox 2505 2257 2752 2325; x_wconf 85' lang='lat' dir='ltr'><strong>Quoniam</strong></span> <span class='ocrx_word' id='word_1_666' title='bbox 2779 2261 2821 2313; x_wconf 85' lang='lat' dir='ltr'><strong>si</strong></span> <span class='ocrx_word' id='word_1_667' title='bbox 2848 2261 3086 2316; x_wconf 85' lang='lat' dir='ltr'><strong>voluisses</strong></span> <span class='ocrx_word' id='word_1_668' title='bbox 3114 2265 3444 2333; x_wconf 81' lang='lat' dir='ltr'><strong>sacri/icium,</strong></span> 
     </span>
    </p>
   </div>
   <div class='ocr_carea' id='block_1_83' title="bbox 1871 2341 3452 2423">
    <p class='ocr_par' dir='ltr' id='par_1_83' title="bbox 1871 2341 3452 2423">
     <span class='ocr_line' id='line_1_83' title="bbox 1871 2341 3452 2423; baseline 0.009 -30"><span class='ocrx_word' id='word_1_669' title='bbox 1871 2341 2118 2394; x_wconf 81' lang='lat' dir='ltr'><strong>dedissem</strong></span> <span class='ocrx_word' id='word_1_670' title='bbox 2153 2344 2338 2411; x_wconf 78' lang='lat' dir='ltr'><strong>utique.</strong></span> <span class='ocrx_word' id='word_1_671' title='bbox 2383 2345 2436 2398; x_wconf 90' lang='lat' dir='ltr'><strong>In</strong></span> <span class='ocrx_word' id='word_1_672' title='bbox 2484 2347 2575 2401; x_wconf 92' lang='lat' dir='ltr'><strong>illo</strong></span> <span class='ocrx_word' id='word_1_673' title='bbox 2607 2358 2845 2418; x_wconf 87' lang='lat' dir='ltr'><strong>tempore</strong></span> <span class='ocrx_word' id='word_1_674' title='bbox 2877 2359 2992 2404; x_wconf 89' lang='lat' dir='ltr'><strong>erat</strong></span> <span class='ocrx_word' id='word_1_675' title='bbox 3021 2352 3211 2417; x_wconf 84' lang='lat' dir='ltr'><strong>David,</strong></span> <span class='ocrx_word' id='word_1_676' title='bbox 3241 2354 3452 2423; x_wconf 89' lang='lat' dir='ltr'><strong>quando</strong></span> 
     </span>
    </p>
   </div>
   <div class='ocr_carea' id='block_1_84' title="bbox 1871 2433 3451 2512">
    <p class='ocr_par' dir='ltr' id='par_1_84' title="bbox 1871 2433 3451 2512">
     <span class='ocr_line' id='line_1_84' title="bbox 1871 2433 3451 2512; baseline 0.008 -26"><span class='ocrx_word' id='word_1_677' title='bbox 1871 2433 2128 2492; x_wconf 74' lang='lat' dir='ltr'><strong>sacrificia</strong></span> <span class='ocrx_word' id='word_1_678' title='bbox 2170 2436 2502 2492; x_wconf 86' lang='lat' dir='ltr'><strong>victimarum</strong></span> <span class='ocrx_word' id='word_1_679' title='bbox 2550 2440 2852 2494; x_wconf 88' lang='lat' dir='ltr'><strong>animalium</strong></span> <span class='ocrx_word' id='word_1_680' title='bbox 2911 2442 3273 2498; x_wconf 80' lang='lat' dir='ltr'><strong>offerebantur</strong></span> <span class='ocrx_word' id='word_1_681' title='bbox 3304 2445 3451 2512; x_wconf 89' lang='lat' dir='ltr'><strong>Deo,</strong></span> 
     </span>
    </p>
   </div>
   <div class='ocr_carea' id='block_1_85' title="bbox 1870 2523 3452 2600">
    <p class='ocr_par' dir='ltr' id='par_1_85' title="bbox 1870 2523 3452 2600">
     <span class='ocr_line' id='line_1_85' title="bbox 1870 2523 3452 2600; baseline 0.008 -22"><span class='ocrx_word' id='word_1_682' title='bbox 1870 2533 1924 2578; x_wconf 90' lang='lat' dir='ltr'><strong>et</strong></span> <span class='ocrx_word' id='word_1_683' title='bbox 1949 2523 2158 2580; x_wconf 89' lang='lat' dir='ltr'><strong>videbat</strong></span> <span class='ocrx_word' id='word_1_684' title='bbox 2183 2525 2297 2581; x_wconf 78' lang='lat' dir='ltr'><strong>lucc</strong></span> <span class='ocrx_word' id='word_1_685' title='bbox 2322 2527 2491 2582; x_wconf 83' lang='lat' dir='ltr'><strong>futura</strong></span> <span class='ocrx_word' id='word_1_686' title='bbox 2529 2539 2784 2600; x_wconf 89' lang='lat' dir='ltr'><strong>tempora.</strong></span> <span class='ocrx_word' id='word_1_687' title='bbox 2817 2532 3003 2588; x_wconf 88' lang='lat' dir='ltr'><strong>Nonne</strong></span> <span class='ocrx_word' id='word_1_688' title='bbox 3032 2535 3083 2588; x_wconf 92' lang='lat' dir='ltr'><strong>in</strong></span> <span class='ocrx_word' id='word_1_689' title='bbox 3127 2534 3208 2589; x_wconf 91' lang='lat' dir='ltr'><strong>his</strong></span> <span class='ocrx_word' id='word_1_690' title='bbox 3237 2538 3452 2600; x_wconf 80' lang='lat' dir='ltr'><strong>vocibus</strong></span> 
     </span>
    </p>
   </div>
   <div class='ocr_carea' id='block_1_86' title="bbox 1872 2619 3454 2696">
    <p class='ocr_par' dir='ltr' id='par_1_86' title="bbox 1872 2619 3454 2696">
     <span class='ocr_line' id='line_1_86' title="bbox 1872 2619 3454 2696; baseline 0.006 -26"><span class='ocrx_word' id='word_1_691' title='bbox 1872 2630 1970 2670; x_wconf 89' lang='lat' dir='ltr'><strong>nos</strong></span> <span class='ocrx_word' id='word_1_692' title='bbox 2015 2619 2391 2684; x_wconf 84' lang='lat' dir='ltr'><strong>agnoscimus?</strong></span> <span class='ocrx_word' id='word_1_693' title='bbox 2438 2621 2598 2674; x_wconf 84' lang='lat' dir='ltr'><strong>Erant</strong></span> <span class='ocrx_word' id='word_1_694' title='bbox 2628 2623 2711 2675; x_wconf 90' lang='lat' dir='ltr'><strong>illa</strong></span> <span class='ocrx_word' id='word_1_695' title='bbox 2753 2624 3009 2679; x_wconf 77' lang='lat' dir='ltr'><strong>sacrificia</strong></span> <span class='ocrx_word' id='word_1_696' title='bbox 3047 2624 3454 2696; x_wconf 7' lang='lat' dir='ltr'><strong>lignr,ata,gpra:~</strong></span> 
     </span>
    </p>
   </div>
   <div class='ocr_carea' id='block_1_87' title="bbox 1871 2707 3452 2772">
    <p class='ocr_par' dir='ltr' id='par_1_87' title="bbox 1871 2707 3452 2772">
     <span class='ocr_line' id='line_1_87' title="bbox 1871 2707 3452 2772; baseline 0.006 -10"><span class='ocrx_word' id='word_1_697' title='bbox 1871 2707 2163 2762; x_wconf 90' lang='lat' dir='ltr'><strong>nuntiantia</strong></span> <span class='ocrx_word' id='word_1_698' title='bbox 2191 2725 2352 2762; x_wconf 89' lang='lat' dir='ltr'><strong>unum</strong></span> <span class='ocrx_word' id='word_1_699' title='bbox 2375 2710 2602 2765; x_wconf 88' lang='lat' dir='ltr'><strong>salutare</strong></span> <span class='ocrx_word' id='word_1_700' title='bbox 2623 2713 2967 2770; x_wconf 73' lang='lat' dir='ltr'><strong>sacriﬁcium.</strong></span> <span class='ocrx_word' id='word_1_701' title='bbox 2989 2715 3097 2769; x_wconf 80' lang='lat' dir='ltr'><strong>Nec</strong></span> <span class='ocrx_word' id='word_1_702' title='bbox 3123 2731 3220 2770; x_wconf 92' lang='lat' dir='ltr'><strong>nos</strong></span> <span class='ocrx_word' id='word_1_703' title='bbox 3248 2717 3452 2772; x_wconf 90' lang='lat' dir='ltr'><strong>dimissi</strong></span> 
     </span>
    </p>
   </div>
   <div class='ocr_carea' id='block_1_88' title="bbox 1870 2799 3452 2878">
    <p class='ocr_par' dir='ltr' id='par_1_88' title="bbox 1870 2799 3452 2878">
     <span class='ocr_line' id='line_1_88' title="bbox 1870 2799 3452 2878; baseline 0.006 -24"><span class='ocrx_word' id='word_1_704' title='bbox 1870 2799 1986 2855; x_wconf 91' lang='lat' dir='ltr'><strong>sine</strong></span> <span class='ocrx_word' id='word_1_705' title='bbox 2009 2799 2268 2855; x_wconf 82' lang='lat' dir='ltr'><strong>sacriﬁcio</strong></span> <span class='ocrx_word' id='word_1_706' title='bbox 2291 2817 2494 2866; x_wconf 86' lang='lat' dir='ltr'><strong>sumus,</strong></span> <span class='ocrx_word' id='word_1_707' title='bbox 2523 2803 2664 2878; x_wconf 80' lang='lat' dir='ltr'><strong>quod</strong></span> <span class='ocrx_word' id='word_1_708' title='bbox 2683 2805 2798 2870; x_wconf 84' lang='lat' dir='ltr'><strong>.Deo</strong></span> <span class='ocrx_word' id='word_1_709' title='bbox 2820 2805 3122 2864; x_wconf 72' lang='lat' dir='ltr'><strong>oﬂ‘eramus.</strong></span> <span class='ocrx_word' id='word_1_710' title='bbox 3152 2809 3285 2862; x_wconf 87' lang='lat' dir='ltr'><strong>Audi</strong></span> <span class='ocrx_word' id='word_1_711' title='bbox 3312 2809 3452 2863; x_wconf 89' lang='lat' dir='ltr'><strong>enim</strong></span> 
     </span>
    </p>
   </div>
   <div class='ocr_carea' id='block_1_89' title="bbox 1869 2894 3452 2969">
    <p class='ocr_par' dir='ltr' id='par_1_89' title="bbox 1869 2894 3452 2969">
     <span class='ocr_line' id='line_1_89' title="bbox 1869 2894 3452 2969; baseline 0.006 -23"><span class='ocrx_word' id='word_1_712' title='bbox 1869 2894 1994 2962; x_wconf 93' lang='lat' dir='ltr'><strong>quid</strong></span> <span class='ocrx_word' id='word_1_713' title='bbox 2031 2894 2170 2948; x_wconf 88' lang='lat' dir='ltr'><strong>dicat</strong></span> <span class='ocrx_word' id='word_1_714' title='bbox 2210 2910 2388 2948; x_wconf 88' lang='lat' dir='ltr'><strong>curam</strong></span> <span class='ocrx_word' id='word_1_715' title='bbox 2415 2910 2607 2969; x_wconf 81' lang='lat' dir='ltr'><strong>gerens</strong></span> <span class='ocrx_word' id='word_1_716' title='bbox 2635 2912 2731 2967; x_wconf 83' lang='lat' dir='ltr'><strong>pro</strong></span> <span class='ocrx_word' id='word_1_717' title='bbox 2760 2907 2980 2966; x_wconf 79' lang='lat' dir='ltr'><strong>peccato</strong></span> <span class='ocrx_word' id='word_1_718' title='bbox 3023 2914 3138 2964; x_wconf 89' lang='lat' dir='ltr'><strong>suo,</strong></span> <span class='ocrx_word' id='word_1_719' title='bbox 3170 2910 3224 2954; x_wconf 90' lang='lat' dir='ltr'><strong>et</strong></span> <span class='ocrx_word' id='word_1_720' title='bbox 3252 2901 3452 2969; x_wconf 81' lang='lat' dir='ltr'><strong>ignosci</strong></span> 
     </span>
    </p>
   </div>
   <div class='ocr_carea' id='block_1_90' title="bbox 1870 2983 3454 3058">
    <p class='ocr_par' dir='ltr' id='par_1_90' title="bbox 1870 2983 3454 3058">
     <span class='ocr_line' id='line_1_90' title="bbox 1870 2983 3454 3058; baseline 0.004 -20"><span class='ocrx_word' id='word_1_721' title='bbox 1870 2983 1967 3038; x_wconf 90' lang='lat' dir='ltr'><strong>sibi</strong></span> <span class='ocrx_word' id='word_1_722' title='bbox 2002 2983 2182 3038; x_wconf 90' lang='lat' dir='ltr'><strong>volens</strong></span> <span class='ocrx_word' id='word_1_723' title='bbox 2211 2985 2404 3054; x_wconf 75' lang='lat' dir='ltr'><strong>malum</strong></span> <span class='ocrx_word' id='word_1_724' title='bbox 2436 2985 2572 3054; x_wconf 87' lang='lat' dir='ltr'><strong>quod</strong></span> <span class='ocrx_word' id='word_1_725' title='bbox 2597 2985 2718 3044; x_wconf 82' lang='lat' dir='ltr'><strong>fecit</strong></span> <span class='ocrx_word' id='word_1_726' title='bbox 2749 3005 2761 3040; x_wconf 90' lang='lat'><strong>:</strong></span> <span class='ocrx_word' id='word_1_727' title='bbox 2789 2987 2848 3041; x_wconf 88' lang='lat' dir='ltr'><strong>Si</strong></span> <span class='ocrx_word' id='word_1_728' title='bbox 2873 2989 3128 3055; x_wconf 78' lang='lat' dir='ltr'><strong>voluisses,</strong></span> <span class='ocrx_word' id='word_1_729' title='bbox 3157 2990 3346 3058; x_wconf 72' lang='lat' dir='ltr'><strong>inquit,</strong></span> <span class='ocrx_word' id='word_1_730' title='bbox 3365 3007 3454 3044; x_wconf 85' lang='lat' dir='ltr'><strong>sa-</strong></span> 
     </span>
    </p>
   </div>
   <div class='ocr_carea' id='block_1_91' title="bbox 1871 3074 3452 3144">
    <p class='ocr_par' dir='ltr' id='par_1_91' title="bbox 1871 3074 3452 3144">
     <span class='ocr_line' id='line_1_91' title="bbox 1871 3074 3452 3144; baseline 0.006 -18"><span class='ocrx_word' id='word_1_731' title='bbox 1871 3074 2141 3141; x_wconf 72' lang='lat' dir='ltr'><strong>oriﬁcium,</strong></span> <span class='ocrx_word' id='word_1_732' title='bbox 2151 3075 2402 3144; x_wconf 80' lang='lat' dir='ltr'><strong>dedissem</strong></span> <span class='ocrx_word' id='word_1_733' title='bbox 2426 3077 2611 3144; x_wconf 80' lang='lat' dir='ltr'><strong>utique.</strong></span> <span class='ocrx_word' id='word_1_734' title='bbox 2655 3076 2976 3131; x_wconf 83' lang='lat' dir='ltr'><strong>Holocaustis</strong></span> <span class='ocrx_word' id='word_1_735' title='bbox 2997 3095 3093 3132; x_wconf 89' lang='lat' dir='ltr'><strong>non</strong></span> <span class='ocrx_word' id='word_1_736' title='bbox 3111 3080 3452 3135; x_wconf 80' lang='lat' dir='ltr'><strong>delectaberis.</strong></span> 
     </span>
    </p>
   </div>
   <div class='ocr_carea' id='block_1_92' title="bbox 1871 3164 3455 3236">
    <p class='ocr_par' dir='ltr' id='par_1_92' title="bbox 1871 3164 3455 3236">
     <span class='ocr_line' id='line_1_92' title="bbox 1871 3164 3455 3236; baseline 0.005 -17"><span class='ocrx_word' id='word_1_737' title='bbox 1871 3164 2013 3234; x_wconf 81' lang='lat' dir='ltr'><strong>Nihil</strong></span> <span class='ocrx_word' id='word_1_738' title='bbox 2059 3182 2186 3236; x_wconf 84' lang='lat' dir='ltr'><strong>ergo</strong></span> <span class='ocrx_word' id='word_1_739' title='bbox 2235 3166 2554 3222; x_wconf 83' lang='lat' dir='ltr'><strong>oll&#39;eremus?</strong></span> <span class='ocrx_word' id='word_1_740' title='bbox 2602 3167 2679 3222; x_wconf 86' lang='lat' dir='ltr'><strong>sic</strong></span> <span class='ocrx_word' id='word_1_741' title='bbox 2724 3170 2998 3224; x_wconf 87' lang='lat' dir='ltr'><strong>veniemus</strong></span> <span class='ocrx_word' id='word_1_742' title='bbox 3041 3171 3106 3225; x_wconf 85' lang='lat' dir='ltr'><strong>ad</strong></span> <span class='ocrx_word' id='word_1_743' title='bbox 3149 3172 3360 3226; x_wconf 89' lang='lat' dir='ltr'><strong>Deum?</strong></span> <span class='ocrx_word' id='word_1_744' title='bbox 3389 3173 3455 3228; x_wconf 89' lang='lat' dir='ltr'><strong>Et</strong></span> 
     </span>
    </p>
   </div>
   <div class='ocr_carea' id='block_1_93' title="bbox 1872 3258 3457 3333">
    <p class='ocr_par' dir='ltr' id='par_1_93' title="bbox 1872 3258 3457 3333">
     <span class='ocr_line' id='line_1_93' title="bbox 1872 3258 3457 3333; baseline 0.005 -23"><span class='ocrx_word' id='word_1_745' title='bbox 1872 3258 2179 3313; x_wconf 83' lang='lat' dir='ltr'><strong>undeillum</strong></span> <span class='ocrx_word' id='word_1_746' title='bbox 2203 3259 2566 3328; x_wconf 82' lang='lat' dir='ltr'><strong>placabimus?</strong></span> <span class='ocrx_word' id='word_1_747' title='bbox 2587 3259 2731 3315; x_wconf 80' lang='lat' dir='ltr'><strong>Oil&#39;er</strong></span> <span class='ocrx_word' id='word_1_748' title='bbox 2755 3278 2770 3324; x_wconf 89' lang='lat'><strong>;</strong></span> <span class='ocrx_word' id='word_1_749' title='bbox 2791 3275 2923 3316; x_wconf 88' lang='lat' dir='ltr'><strong>sane</strong></span> <span class='ocrx_word' id='word_1_750' title='bbox 2953 3261 3003 3315; x_wconf 91' lang='lat' dir='ltr'><strong>in</strong></span> <span class='ocrx_word' id='word_1_751' title='bbox 3038 3273 3090 3316; x_wconf 88' lang='lat' dir='ltr'><strong>te</strong></span> <span class='ocrx_word' id='word_1_752' title='bbox 3118 3261 3280 3317; x_wconf 88' lang='lat' dir='ltr'><strong>habes</strong></span> <span class='ocrx_word' id='word_1_753' title='bbox 3313 3264 3457 3333; x_wconf 90' lang='lat' dir='ltr'><strong>quod</strong></span> 
     </span>
    </p>
   </div>
   <div class='ocr_carea' id='block_1_94' title="bbox 1873 3350 3454 3422">
    <p class='ocr_par' dir='ltr' id='par_1_94' title="bbox 1873 3350 3454 3422">
     <span class='ocr_line' id='line_1_94' title="bbox 1873 3350 3454 3422; baseline 0.003 -20"><span class='ocrx_word' id='word_1_754' title='bbox 1873 3350 2084 3404; x_wconf 84' lang='lat' dir='ltr'><strong>oll&#39;cras.</strong></span> <span class='ocrx_word' id='word_1_755' title='bbox 2111 3351 2228 3405; x_wconf 82' lang='lat' dir='ltr'><strong>Noli</strong></span> <span class='ocrx_word' id='word_1_756' title='bbox 2256 3353 2588 3407; x_wconf 81' lang='lat' dir='ltr'><strong>extrinsecus</strong></span> <span class='ocrx_word' id='word_1_757' title='bbox 2629 3352 2782 3408; x_wconf 88' lang='lat' dir='ltr'><strong>thura</strong></span> <span class='ocrx_word' id='word_1_758' title='bbox 2821 3368 3164 3422; x_wconf 68' lang='lat' dir='ltr'><strong>comparare,</strong></span> <span class='ocrx_word' id='word_1_759' title='bbox 3202 3355 3296 3410; x_wconf 91' lang='lat' dir='ltr'><strong>sed</strong></span> <span class='ocrx_word' id='word_1_760' title='bbox 3323 3355 3410 3411; x_wconf 90' lang='lat' dir='ltr'><strong>die</strong></span> <span class='ocrx_word' id='word_1_761' title='bbox 3441 3374 3454 3406; x_wconf 90' lang='lat'><strong>:</strong></span> 
     </span>
    </p>
   </div>
   <div class='ocr_carea' id='block_1_95' title="bbox 1873 3439 3458 3513">
    <p class='ocr_par' dir='ltr' id='par_1_95' title="bbox 1873 3439 3458 3513">
     <span class='ocr_line' id='line_1_95' title="bbox 1873 3439 3458 3513; baseline 0.004 -20"><span class='ocrx_word' id='word_1_762' title='bbox 1873 3439 1938 3494; x_wconf 89' lang='lat' dir='ltr'><strong>In</strong></span> <span class='ocrx_word' id='word_1_763' title='bbox 1969 3458 2046 3496; x_wconf 87' lang='lat' dir='ltr'><strong>me</strong></span> <span class='ocrx_word' id='word_1_764' title='bbox 2071 3451 2186 3495; x_wconf 88' lang='lat' dir='ltr'><strong>sunt</strong></span> <span class='ocrx_word' id='word_1_765' title='bbox 2209 3483 2223 3507; x_wconf 95' lang='lat'><strong>,</strong></span> <span class='ocrx_word' id='word_1_766' title='bbox 2257 3441 2410 3508; x_wconf 88' lang='lat' dir='ltr'><strong>Deus,</strong></span> <span class='ocrx_word' id='word_1_767' title='bbox 2461 3452 2574 3496; x_wconf 84' lang='lat' dir='ltr'><strong>vota</strong></span> <span class='ocrx_word' id='word_1_768' title='bbox 2613 3453 2722 3509; x_wconf 87' lang='lat' dir='ltr'><strong>tua,</strong></span> <span class='ocrx_word' id='word_1_769' title='bbox 2777 3459 2888 3513; x_wconf 83' lang='lat' dir='ltr'><strong>qua:</strong></span> <span class='ocrx_word' id='word_1_770' title='bbox 2936 3445 3146 3503; x_wconf 80' lang='lat' dir='ltr'><strong>reddam</strong></span> <span class='ocrx_word' id='word_1_771' title='bbox 3175 3444 3340 3506; x_wconf 80' lang='lat' dir='ltr'><strong>laudis</strong></span> <span class='ocrx_word' id='word_1_772' title='bbox 3370 3447 3458 3500; x_wconf 87' lang='lat' dir='ltr'><strong>tibi</strong></span> 
     </span>
    </p>
   </div>
   <div class='ocr_carea' id='block_1_96' title="bbox 1874 3529 3456 3604">
    <p class='ocr_par' dir='ltr' id='par_1_96' title="bbox 1874 3529 3456 3604">
     <span class='ocr_line' id='line_1_96' title="bbox 1874 3529 3456 3604; baseline 0.005 -21"><span class='ocrx_word' id='word_1_773' title='bbox 1874 3531 1894 3604; x_wconf 96' lang='lat'>(</span> <span class='ocrx_word' id='word_1_774' title='bbox 1919 3529 2061 3584; x_wconf 84' lang='lat' dir='ltr'><strong>Psal.</strong></span> <span class='ocrx_word' id='word_1_775' title='bbox 2093 3548 2178 3596; x_wconf 79' lang='lat' dir='ltr'><strong>Ly,</strong></span> <span class='ocrx_word' id='word_1_776' title='bbox 2220 3532 2348 3603; x_wconf 75' lang='lat'><strong>12.).</strong></span> <span class='ocrx_word' id='word_1_777' title='bbox 2380 3532 2494 3587; x_wconf 87' lang='lat' dir='ltr'><strong>Noli</strong></span> <span class='ocrx_word' id='word_1_778' title='bbox 2519 3534 2851 3588; x_wconf 80' lang='lat' dir='ltr'><strong>extrinsecus</strong></span> <span class='ocrx_word' id='word_1_779' title='bbox 2875 3548 3036 3602; x_wconf 87' lang='lat' dir='ltr'><strong>pecus</strong></span> <span class='ocrx_word' id='word_1_780' title='bbox 3077 3535 3237 3604; x_wconf 75' lang='lat' dir='ltr'><strong>quod.</strong></span> <span class='ocrx_word' id='word_1_781' title='bbox 3258 3545 3456 3591; x_wconf 88' lang='lat' dir='ltr'><strong>mactes</strong></span> 
     </span>
    </p>
   </div>
   <div class='ocr_carea' id='block_1_97' title="bbox 1873 3621 3458 3694">
    <p class='ocr_par' dir='ltr' id='par_1_97' title="bbox 1873 3621 3458 3694">
     <span class='ocr_line' id='line_1_97' title="bbox 1873 3621 3458 3694; baseline 0.003 -19"><span class='ocrx_word' id='word_1_782' title='bbox 1873 3621 2160 3690; x_wconf 87' lang='lat' dir='ltr'><strong>inquirere,</strong></span> <span class='ocrx_word' id='word_1_783' title='bbox 2191 3622 2352 3676; x_wconf 87' lang='lat' dir='ltr'><strong>habes</strong></span> <span class='ocrx_word' id='word_1_784' title='bbox 2394 3624 2446 3676; x_wconf 93' lang='lat' dir='ltr'><strong>in</strong></span> <span class='ocrx_word' id='word_1_785' title='bbox 2478 3632 2528 3678; x_wconf 90' lang='lat' dir='ltr'><strong>te</strong></span> <span class='ocrx_word' id='word_1_786' title='bbox 2553 3623 2695 3694; x_wconf 92' lang='lat' dir='ltr'><strong>quod</strong></span> <span class='ocrx_word' id='word_1_787' title='bbox 2721 3624 2952 3678; x_wconf 86' lang='lat' dir='ltr'><strong>occidas.</strong></span> <span class='ocrx_word' id='word_1_788' title='bbox 2997 3623 3318 3692; x_wconf 76' lang='lat' dir='ltr'><strong>Sacri/icium</strong></span> <span class='ocrx_word' id='word_1_789' title='bbox 3351 3625 3458 3680; x_wconf 87' lang='lat' dir='ltr'><strong>Deo</strong></span> 
     </span>
    </p>
   </div>
   <div class='ocr_carea' id='block_1_98' title="bbox 1871 3713 3456 3782">
    <p class='ocr_par' dir='ltr' id='par_1_98' title="bbox 1871 3713 3456 3782">
     <span class='ocr_line' id='line_1_98' title="bbox 1871 3713 3456 3782; baseline 0.003 -16"><span class='ocrx_word' id='word_1_790' title='bbox 1871 3713 2079 3782; x_wconf 87' lang='lat' dir='ltr'><strong>spiritus</strong></span> <span class='ocrx_word' id='word_1_791' title='bbox 2116 3713 2473 3768; x_wconf 79' lang='lat' dir='ltr'><strong>contribulatus</strong></span> <span class='ocrx_word' id='word_1_792' title='bbox 2527 3730 2545 3767; x_wconf 91' lang='lat'><em>:</em></span> <span class='ocrx_word' id='word_1_793' title='bbox 2578 3731 2665 3768; x_wconf 88' lang='lat' dir='ltr'><strong>cor</strong></span> <span class='ocrx_word' id='word_1_794' title='bbox 2707 3715 2997 3778; x_wconf 48' lang='lat' dir='ltr'><strong>contritam.</strong></span> <span class='ocrx_word' id='word_1_795' title='bbox 3030 3725 3076 3769; x_wconf 87' lang='lat' dir='ltr'><strong>et</strong></span> <span class='ocrx_word' id='word_1_796' title='bbox 3129 3717 3456 3770; x_wconf 82' lang='lat' dir='ltr'><strong>liumiliatum</strong></span> 
     </span>
    </p>
   </div>
   <div class='ocr_carea' id='block_1_99' title="bbox 1859 3801 3455 3876">
    <p class='ocr_par' dir='ltr' id='par_1_99' title="bbox 1859 3801 3455 3876">
     <span class='ocr_line' id='line_1_99' title="bbox 1859 3801 3455 3876; baseline 0.005 -21"><span class='ocrx_word' id='word_1_797' title='bbox 1859 3801 2013 3866; x_wconf 74' lang='lat' dir='ltr'><strong>Deus</strong></span> <span class='ocrx_word' id='word_1_798' title='bbox 2043 3820 2142 3857; x_wconf 88' lang='lat' dir='ltr'><strong>non</strong></span> <span class='ocrx_word' id='word_1_799' title='bbox 2161 3805 2379 3872; x_wconf 79' lang='lat' dir='ltr'><strong>spernit.</strong></span> <span class='ocrx_word' id='word_1_800' title='bbox 2432 3805 2658 3860; x_wconf 83' lang='lat' dir='ltr'><strong>Prorsus</strong></span> <span class='ocrx_word' id='word_1_801' title='bbox 2711 3807 2913 3876; x_wconf 84' lang='lat' dir='ltr'><strong>spernit</strong></span> <span class='ocrx_word' id='word_1_802' title='bbox 2954 3817 3190 3876; x_wconf 62' lang='lat' dir='ltr'><strong>taurum,</strong></span> <span class='ocrx_word' id='word_1_803' title='bbox 3227 3807 3455 3876; x_wconf 91' lang='lat' dir='ltr'><strong>hircum,</strong></span> 
     </span>
    </p>
   </div>
   <div class='ocr_carea' id='block_1_100' title="bbox 1873 3894 3456 3970">
    <p class='ocr_par' dir='ltr' id='par_1_100' title="bbox 1873 3894 3456 3970">
     <span class='ocr_line' id='line_1_100' title="bbox 1873 3894 3456 3970; baseline 0.004 -24"><span class='ocrx_word' id='word_1_804' title='bbox 1873 3895 2153 3965; x_wconf 87' lang='lat' dir='ltr'><strong>arietem:</strong></span> <span class='ocrx_word' id='word_1_805' title='bbox 2191 3894 2301 3963; x_wconf 87' lang='lat' dir='ltr'><strong>jam</strong></span> <span class='ocrx_word' id='word_1_806' title='bbox 2341 3913 2446 3952; x_wconf 90' lang='lat' dir='ltr'><strong>non</strong></span> <span class='ocrx_word' id='word_1_807' title='bbox 2481 3906 2562 3950; x_wconf 91' lang='lat' dir='ltr'><strong>est</strong></span> <span class='ocrx_word' id='word_1_808' title='bbox 2613 3904 2824 3970; x_wconf 84' lang='lat' dir='ltr'><strong>tempus</strong></span> <span class='ocrx_word' id='word_1_809' title='bbox 2869 3907 2927 3952; x_wconf 91' lang='lat' dir='ltr'><strong>ut</strong></span> <span class='ocrx_word' id='word_1_810' title='bbox 2979 3899 3095 3953; x_wconf 67' lang='lat' dir='ltr'><strong>haec</strong></span> <span class='ocrx_word' id='word_1_811' title='bbox 3143 3899 3456 3962; x_wconf 68' lang='lat' dir='ltr'><strong>oll‘erantur.</strong></span> 
     </span>
    </p>
   </div>
   <div class='ocr_carea' id='block_1_101' title="bbox 1873 3985 3460 4060">
    <p class='ocr_par' dir='ltr' id='par_1_101' title="bbox 1873 3985 3460 4060">
     <span class='ocr_line' id='line_1_101' title="bbox 1873 3985 3460 4060; baseline 0.004 -21"><span class='ocrx_word' id='word_1_812' title='bbox 1873 3985 2060 4040; x_wconf 83' lang='lat' dir='ltr'><strong>Oblata</strong></span> <span class='ocrx_word' id='word_1_813' title='bbox 2089 3995 2212 4041; x_wconf 91' lang='lat' dir='ltr'><strong>sunt</strong></span> <span class='ocrx_word' id='word_1_814' title='bbox 2238 4001 2357 4041; x_wconf 91' lang='lat' dir='ltr'><strong>cum</strong></span> <span class='ocrx_word' id='word_1_815' title='bbox 2387 3987 2584 4058; x_wconf 84' lang='lat' dir='ltr'><strong>aliquid</strong></span> <span class='ocrx_word' id='word_1_816' title='bbox 2609 3988 2924 4059; x_wconf 88' lang='lat' dir='ltr'><strong>iudicarent,</strong></span> <span class='ocrx_word' id='word_1_817' title='bbox 2962 4005 3083 4045; x_wconf 90' lang='lat' dir='ltr'><strong>cum</strong></span> <span class='ocrx_word' id='word_1_818' title='bbox 3110 3991 3306 4058; x_wconf 77' lang='lat' dir='ltr'><strong>aliquid</strong></span> <span class='ocrx_word' id='word_1_819' title='bbox 3333 4006 3460 4060; x_wconf 88' lang='lat' dir='ltr'><strong>pro-</strong></span> 
     </span>
    </p>
   </div>
   <div class='ocr_carea' id='block_1_102' title="bbox 1873 4077 3461 4150">
    <p class='ocr_par' dir='ltr' id='par_1_102' title="bbox 1873 4077 3461 4150">
     <span class='ocr_line' id='line_1_102' title="bbox 1873 4077 3461 4150; baseline 0.004 -19"><span class='ocrx_word' id='word_1_820' title='bbox 1873 4077 2185 4142; x_wconf 88' lang='lat' dir='ltr'><strong>mitterent;</strong></span> <span class='ocrx_word' id='word_1_821' title='bbox 2227 4079 2560 4134; x_wconf 82' lang='lat' dir='ltr'><strong>venientibus</strong></span> <span class='ocrx_word' id='word_1_822' title='bbox 2598 4079 2758 4134; x_wconf 88' lang='lat' dir='ltr'><strong>rebus</strong></span> <span class='ocrx_word' id='word_1_823' title='bbox 2798 4081 3097 4150; x_wconf 84' lang='lat' dir='ltr'><strong>promissis,</strong></span> <span class='ocrx_word' id='word_1_824' title='bbox 3149 4083 3461 4150; x_wconf 85' lang='lat' dir='ltr'><strong>promissio-</strong></span> 
     </span>
    </p>
   </div>
   <div class='ocr_carea' id='block_1_103' title="bbox 1874 4170 3458 4238">
    <p class='ocr_par' dir='ltr' id='par_1_103' title="bbox 1874 4170 3458 4238">
     <span class='ocr_line' id='line_1_103' title="bbox 1874 4170 3458 4238; baseline 0 -12"><span class='ocrx_word' id='word_1_825' title='bbox 1874 4186 1970 4226; x_wconf 87' lang='lat' dir='ltr'><strong>nes</strong></span> <span class='ocrx_word' id='word_1_826' title='bbox 2007 4171 2197 4225; x_wconf 67' lang='lat' dir='ltr'><strong>ablatae</strong></span> <span class='ocrx_word' id='word_1_827' title='bbox 2226 4179 2369 4225; x_wconf 89' lang='lat' dir='ltr'><strong>sunt.</strong></span> <span class='ocrx_word' id='word_1_828' title='bbox 2413 4170 2511 4233; x_wconf 79' lang='lat' dir='ltr'><strong>Cor</strong></span> <span class='ocrx_word' id='word_1_829' title='bbox 2551 4174 2822 4238; x_wconf 85' lang='lat' dir='ltr'><strong>contritum</strong></span> <span class='ocrx_word' id='word_1_830' title='bbox 2871 4182 2919 4226; x_wconf 86' lang='lat' dir='ltr'><strong>et</strong></span> <span class='ocrx_word' id='word_1_831' title='bbox 2964 4173 3282 4236; x_wconf 78' lang='lat' dir='ltr'><strong>humiliatum</strong></span> <span class='ocrx_word' id='word_1_832' title='bbox 3321 4173 3458 4229; x_wconf 84' lang='lat' dir='ltr'><strong>Deus</strong></span> 
     </span>
    </p>
   </div>
   <div class='ocr_carea' id='block_1_104' title="bbox 1875 4259 3460 4330">
    <p class='ocr_par' dir='ltr' id='par_1_104' title="bbox 1875 4259 3460 4330">
     <span class='ocr_line' id='line_1_104' title="bbox 1875 4259 3460 4330; baseline 0.004 -16"><span class='ocrx_word' id='word_1_833' title='bbox 1875 4277 1976 4314; x_wconf 89' lang='lat' dir='ltr'><strong>non</strong></span> <span class='ocrx_word' id='word_1_834' title='bbox 2026 4261 2236 4330; x_wconf 82' lang='lat' dir='ltr'><strong>spernit.</strong></span> <span class='ocrx_word' id='word_1_835' title='bbox 2268 4259 2447 4315; x_wconf 88' lang='lat' dir='ltr'><strong>Nostis</strong></span> <span class='ocrx_word' id='word_1_836' title='bbox 2493 4262 2615 4330; x_wconf 85' lang='lat' dir='ltr'><strong>quia</strong></span> <span class='ocrx_word' id='word_1_837' title='bbox 2666 4262 2912 4316; x_wconf 80' lang='lat' dir='ltr'><strong>excelsus</strong></span> <span class='ocrx_word' id='word_1_838' title='bbox 2953 4272 3033 4316; x_wconf 90' lang='lat' dir='ltr'><strong>est</strong></span> <span class='ocrx_word' id='word_1_839' title='bbox 3077 4263 3264 4316; x_wconf 87' lang='lat' dir='ltr'><strong>Deus:</strong></span> <span class='ocrx_word' id='word_1_840' title='bbox 3307 4265 3352 4318; x_wconf 89' lang='lat' dir='ltr'><strong>si</strong></span> <span class='ocrx_word' id='word_1_841' title='bbox 3407 4273 3460 4321; x_wconf 82' lang='lat' dir='ltr'><strong>te</strong></span> 
     </span>
    </p>
   </div>
   <div class='ocr_carea' id='block_1_105' title="bbox 1874 4350 3455 4420">
    <p class='ocr_par' dir='ltr' id='par_1_105' title="bbox 1874 4350 3455 4420">
     <span class='ocr_line' id='line_1_105' title="bbox 1874 4350 3455 4420; baseline 0.001 -14"><span class='ocrx_word' id='word_1_842' title='bbox 1874 4351 2140 4406; x_wconf 79' lang='lat' dir='ltr'><strong>excelsum</strong></span> <span class='ocrx_word' id='word_1_843' title='bbox 2162 4350 2756 4420; x_wconf 84' lang='lat' dir='ltr'><strong>feceris,_longinquabit</strong></span> <span class='ocrx_word' id='word_1_844' title='bbox 2775 4368 2802 4404; x_wconf 88' lang='lat' dir='ltr'><strong>a</strong></span> <span class='ocrx_word' id='word_1_845' title='bbox 2825 4361 2874 4406; x_wconf 90' lang='lat' dir='ltr'><strong>te</strong></span> <span class='ocrx_word' id='word_1_846' title='bbox 2892 4367 2907 4415; x_wconf 91' lang='lat'><strong>;</strong></span> <span class='ocrx_word' id='word_1_847' title='bbox 2935 4351 2981 4406; x_wconf 87' lang='lat' dir='ltr'><strong>si</strong></span> <span class='ocrx_word' id='word_1_848' title='bbox 2997 4360 3058 4418; x_wconf 74' lang='lat' dir='ltr'><strong>te</strong></span> <span class='ocrx_word' id='word_1_849' title='bbox 3074 4351 3455 4417; x_wconf 86' lang='lat' dir='ltr'><strong>humiliaveris,</strong></span> 
     </span>
    </p>
   </div>
   <div class='ocr_carea' id='block_1_106' title="bbox 1880 4440 2438 4511">
    <p class='ocr_par' dir='ltr' id='par_1_106' title="bbox 1880 4440 2438 4511">
     <span class='ocr_line' id='line_1_106' title="bbox 1880 4440 2438 4511; baseline 0.002 -17"><span class='ocrx_word' id='word_1_850' title='bbox 1880 4440 2245 4511; x_wconf 86' lang='lat' dir='ltr'><strong>propinquabit</strong></span> <span class='ocrx_word' id='word_1_851' title='bbox 2272 4440 2340 4495; x_wconf 87' lang='lat' dir='ltr'><strong>ad</strong></span> <span class='ocrx_word' id='word_1_852' title='bbox 2367 4450 2438 4495; x_wconf 88' lang='lat' dir='ltr'><strong>te.</strong></span> 
     </span>
    </p>
   </div>
   <div class='ocr_carea' id='block_1_107' title="bbox 1943 4530 3458 4605">
    <p class='ocr_par' dir='ltr' id='par_1_107' title="bbox 1943 4530 3458 4605">
     <span class='ocr_line' id='line_1_107' title="bbox 1943 4530 3458 4605; baseline 0.001 -17"><span class='ocrx_word' id='word_1_853' title='bbox 1943 4532 2034 4588; x_wconf 75' lang='lat'><strong>‘22.</strong></span> <span class='ocrx_word' id='word_1_854' title='bbox 2063 4531 2210 4605; x_wconf 88' lang='lat' dir='ltr'><strong>[vers.</strong></span> <span class='ocrx_word' id='word_1_855' title='bbox 2237 4530 2361 4604; x_wconf 52' lang='lat'><strong>20.3</strong></span> <span class='ocrx_word' id='word_1_856' title='bbox 2383 4532 2570 4588; x_wconf 83' lang='lat' dir='ltr'><strong>Videte</strong></span> <span class='ocrx_word' id='word_1_857' title='bbox 2593 4534 2710 4602; x_wconf 91' lang='lat' dir='ltr'><strong>quis</strong></span> <span class='ocrx_word' id='word_1_858' title='bbox 2736 4533 2834 4590; x_wconf 91' lang='lat' dir='ltr'><strong>iste</strong></span> <span class='ocrx_word' id='word_1_859' title='bbox 2871 4534 2939 4598; x_wconf 86' lang='lat' dir='ltr'><strong>sit</strong></span> <span class='ocrx_word' id='word_1_860' title='bbox 2971 4551 2998 4593; x_wconf 59' lang='grc' dir='ltr'><strong>ε,</strong></span> <span class='ocrx_word' id='word_1_861' title='bbox 3017 4549 3151 4588; x_wconf 90' lang='lat' dir='ltr'><strong>unus</strong></span> <span class='ocrx_word' id='word_1_862' title='bbox 3180 4533 3458 4590; x_wconf 83' lang='lat' dir='ltr'><strong>videbatur</strong></span> 
     </span>
    </p>
   </div>
   <div class='ocr_carea' id='block_1_108' title="bbox 1874 4623 3458 4698">
    <p class='ocr_par' dir='ltr' id='par_1_108' title="bbox 1874 4623 3458 4698">
     <span class='ocr_line' id='line_1_108' title="bbox 1874 4623 3458 4698; baseline 0 -18"><span class='ocrx_word' id='word_1_863' title='bbox 1874 4625 2149 4694; x_wconf 85' lang='lat' dir='ltr'><strong>deprecari</strong></span> <span class='ocrx_word' id='word_1_864' title='bbox 2180 4623 2342 4678; x_wconf 91' lang='lat' dir='ltr'><strong>David</strong></span> <span class='ocrx_word' id='word_1_865' title='bbox 2367 4666 2383 4690; x_wconf 95' lang='lat'><strong>,</strong></span> <span class='ocrx_word' id='word_1_866' title='bbox 2415 4624 2587 4678; x_wconf 89' lang='lat' dir='ltr'><strong>videte</strong></span> <span class='ocrx_word' id='word_1_867' title='bbox 2613 4625 2696 4679; x_wconf 82' lang='lat' dir='ltr'><strong>hic</strong></span> <span class='ocrx_word' id='word_1_868' title='bbox 2722 4625 3006 4695; x_wconf 79' lang='lat' dir='ltr'><strong>imaginem</strong></span> <span class='ocrx_word' id='word_1_869' title='bbox 3031 4635 3264 4680; x_wconf 89' lang='lat' dir='ltr'><strong>nostram</strong></span> <span class='ocrx_word' id='word_1_870' title='bbox 3293 4636 3345 4680; x_wconf 92' lang='lat' dir='ltr'><strong>et</strong></span> <span class='ocrx_word' id='word_1_871' title='bbox 3371 4635 3458 4698; x_wconf 48' lang='lat' dir='ltr'><strong>ty:</strong></span> 
     </span>
    </p>
   </div>
   <div class='ocr_carea' id='block_1_109' title="bbox 1876 4717 3460 4789">
    <p class='ocr_par' dir='ltr' id='par_1_109' title="bbox 1876 4717 3460 4789">
     <span class='ocr_line' id='line_1_109' title="bbox 1876 4717 3460 4789; baseline 0.001 -17"><span class='ocrx_word' id='word_1_872' title='bbox 1876 4733 2000 4788; x_wconf 88' lang='lat' dir='ltr'><strong>pum</strong></span> <span class='ocrx_word' id='word_1_873' title='bbox 2030 4718 2300 4772; x_wconf 72' lang='lat' dir='ltr'><strong>Ecclesiae.</strong></span> <span class='ocrx_word' id='word_1_874' title='bbox 2321 4717 2548 4788; x_wconf 85' lang='lat' dir='ltr'><strong>Benigne</strong></span> <span class='ocrx_word' id='word_1_875' title='bbox 2577 4720 2679 4789; x_wconf 70' lang='lat' dir='ltr'><strong>(ac,</strong></span> <span class='ocrx_word' id='word_1_876' title='bbox 2697 4717 3022 4782; x_wconf 16' lang='lat' dir='ltr'><strong>‘Dontine,,in</strong></span> <span class='ocrx_word' id='word_1_877' title='bbox 3047 4718 3178 4771; x_wconf 84' lang='lat' dir='ltr'><strong>bona</strong></span> <span class='ocrx_word' id='word_1_878' title='bbox 3204 4719 3460 4773; x_wconf 82' lang='lat' dir='ltr'><strong>voluntate</strong></span> 
     </span>
    </p>
   </div>
   <div class='ocr_carea' id='block_1_110' title="bbox 1877 4808 3462 4878">
    <p class='ocr_par' dir='ltr' id='par_1_110' title="bbox 1877 4808 3462 4878">
     <span class='ocr_line' id='line_1_110' title="bbox 1877 4808 3462 4878; baseline 0.004 -17"><span class='ocrx_word' id='word_1_879' title='bbox 1877 4819 1962 4862; x_wconf 87' lang='lat' dir='ltr'><strong>tua</strong></span> <span class='ocrx_word' id='word_1_880' title='bbox 1993 4808 2140 4863; x_wconf 88' lang='lat' dir='ltr'><strong>Sion.</strong></span> <span class='ocrx_word' id='word_1_881' title='bbox 2175 4808 2306 4872; x_wconf 84' lang='lat' dir='ltr'><strong>Huic</strong></span> <span class='ocrx_word' id='word_1_882' title='bbox 2333 4808 2460 4864; x_wconf 88' lang='lat' dir='ltr'><strong>Sion</strong></span> <span class='ocrx_word' id='word_1_883' title='bbox 2502 4808 2726 4878; x_wconf 87' lang='lat' dir='ltr'><strong>benigne</strong></span> <span class='ocrx_word' id='word_1_884' title='bbox 2753 4808 2855 4864; x_wconf 74' lang='lat' dir='ltr'><strong>lac.</strong></span> <span class='ocrx_word' id='word_1_885' title='bbox 2904 4809 3032 4874; x_wconf 74' lang='lat' dir='ltr'><strong>Qum</strong></span> <span class='ocrx_word' id='word_1_886' title='bbox 3070 4820 3151 4864; x_wconf 89' lang='lat' dir='ltr'><strong>est</strong></span> <span class='ocrx_word' id='word_1_887' title='bbox 3177 4809 3343 4865; x_wconf 85' lang='lat' dir='ltr'><strong>Sion?</strong></span> <span class='ocrx_word' id='word_1_888' title='bbox 3372 4811 3462 4866; x_wconf 81' lang='lat' dir='ltr'><strong>Ci-</strong></span> 
     </span>
    </p>
   </div>
   <div class='ocr_carea' id='block_1_111' title="bbox 1875 4898 3461 4967">
    <p class='ocr_par' dir='ltr' id='par_1_111' title="bbox 1875 4898 3461 4967">
     <span class='ocr_line' id='line_1_111' title="bbox 1875 4898 3461 4967; baseline 0.002 -13"><span class='ocrx_word' id='word_1_889' title='bbox 1875 4899 2011 4954; x_wconf 88' lang='lat' dir='ltr'><strong>vitas</strong></span> <span class='ocrx_word' id='word_1_890' title='bbox 2035 4909 2238 4954; x_wconf 85' lang='lat' dir='ltr'><strong>saucta.</strong></span> <span class='ocrx_word' id='word_1_891' title='bbox 2282 4899 2410 4967; x_wconf 76' lang='lat' dir='ltr'><strong>Qua:</strong></span> <span class='ocrx_word' id='word_1_892' title='bbox 2457 4909 2538 4953; x_wconf 89' lang='lat' dir='ltr'><strong>est</strong></span> <span class='ocrx_word' id='word_1_893' title='bbox 2563 4900 2750 4959; x_wconf 87' lang='lat' dir='ltr'><strong>civitas</strong></span> <span class='ocrx_word' id='word_1_894' title='bbox 2794 4899 3020 4954; x_wconf 85' lang='lat' dir='ltr'><strong>sancta?</strong></span> <span class='ocrx_word' id='word_1_895' title='bbox 3047 4898 3175 4966; x_wconf 80' lang='lat' dir='ltr'><strong>Qua:</strong></span> <span class='ocrx_word' id='word_1_896' title='bbox 3203 4901 3461 4957; x_wconf 87' lang='lat' dir='ltr'><strong>abscondi</strong></span> 
     </span>
    </p>
   </div>
   <div class='ocr_carea' id='block_1_112' title="bbox 1875 4990 3457 5064">
    <p class='ocr_par' dir='ltr' id='par_1_112' title="bbox 1875 4990 3457 5064">
     <span class='ocr_line' id='line_1_112' title="bbox 1875 4990 3457 5064; baseline 0.002 -19"><span class='ocrx_word' id='word_1_897' title='bbox 1875 5006 1980 5045; x_wconf 92' lang='lat' dir='ltr'><strong>non</strong></span> <span class='ocrx_word' id='word_1_898' title='bbox 2012 4997 2186 5059; x_wconf 89' lang='lat' dir='ltr'><strong>potest</strong></span> <span class='ocrx_word' id='word_1_899' title='bbox 2217 5004 2377 5059; x_wconf 88' lang='lat' dir='ltr'><strong>super</strong></span> <span class='ocrx_word' id='word_1_900' title='bbox 2409 5001 2640 5046; x_wconf 91' lang='lat' dir='ltr'><strong>montem</strong></span> <span class='ocrx_word' id='word_1_901' title='bbox 2667 4991 2947 5045; x_wconf 88' lang='lat' dir='ltr'><strong>constituta</strong></span> <span class='ocrx_word' id='word_1_902' title='bbox 2975 4990 2993 5062; x_wconf 98' lang='lat'>(</span> <span class='ocrx_word' id='word_1_903' title='bbox 3019 4990 3202 5044; x_wconf 79' lang='lat' dir='ltr'><strong>Matth.</strong></span> <span class='ocrx_word' id='word_1_904' title='bbox 3248 5009 3299 5057; x_wconf 88' lang='lat' dir='ltr'><strong>v,</strong></span> <span class='ocrx_word' id='word_1_905' title='bbox 3331 4991 3457 5064; x_wconf 67' lang='lat'><strong>14).</strong></span> 
     </span>
    </p>
   </div>
   <div class='ocr_carea' id='block_1_113' title="bbox 1875 5079 3454 5151">
    <p class='ocr_par' dir='ltr' id='par_1_113' title="bbox 1875 5079 3454 5151">
     <span class='ocr_line' id='line_1_113' title="bbox 1875 5079 3454 5151; baseline 0.001 -15"><span class='ocrx_word' id='word_1_906' title='bbox 1875 5079 2004 5136; x_wconf 91' lang='lat' dir='ltr'><strong>Sion</strong></span> <span class='ocrx_word' id='word_1_907' title='bbox 2032 5081 2464 5149; x_wconf 82' lang='lat' dir='ltr'><strong>inspeculatione</strong></span> <span class='ocrx_word' id='word_1_908' title='bbox 2489 5080 2608 5148; x_wconf 92' lang='lat' dir='ltr'><strong>quia</strong></span> <span class='ocrx_word' id='word_1_909' title='bbox 2638 5079 2833 5149; x_wconf 88' lang='lat' dir='ltr'><strong>aliquid</strong></span> <span class='ocrx_word' id='word_1_910' title='bbox 2862 5090 3067 5150; x_wconf 75' lang='lat' dir='ltr'><strong>spectat</strong></span> <span class='ocrx_word' id='word_1_911' title='bbox 3094 5082 3232 5151; x_wconf 85' lang='lat' dir='ltr'><strong>quod</strong></span> <span class='ocrx_word' id='word_1_912' title='bbox 3257 5094 3454 5150; x_wconf 87' lang='lat' dir='ltr'><strong>sperat.</strong></span> 
     </span>
    </p>
   </div>
   <div class='ocr_carea' id='block_1_114' title="bbox 1879 5171 3452 5242">
    <p class='ocr_par' dir='ltr' id='par_1_114' title="bbox 1879 5171 3452 5242">
     <span class='ocr_line' id='line_1_114' title="bbox 1879 5171 3452 5242; baseline -0.001 -15"><span class='ocrx_word' id='word_1_913' title='bbox 1879 5173 2257 5242; x_wconf 85' lang='lat' dir='ltr'><strong>Interpretatur</strong></span> <span class='ocrx_word' id='word_1_914' title='bbox 2272 5172 2568 5232; x_wconf 83' lang='lat' dir='ltr'><strong>enimSion</strong></span> <span class='ocrx_word' id='word_1_915' title='bbox 2593 5171 2894 5240; x_wconf 86' lang='lat' dir='ltr'><strong>Speculatio</strong></span> <span class='ocrx_word' id='word_1_916' title='bbox 2921 5214 2937 5239; x_wconf 92' lang='lat'><strong>,</strong></span> <span class='ocrx_word' id='word_1_917' title='bbox 2965 5183 3019 5229; x_wconf 90' lang='lat' dir='ltr'><strong>et</strong></span> <span class='ocrx_word' id='word_1_918' title='bbox 3047 5173 3338 5228; x_wconf 86' lang='lat' dir='ltr'><strong>Jerusalem</strong></span> <span class='ocrx_word' id='word_1_919' title='bbox 3371 5173 3452 5226; x_wconf 85' lang='lat' dir='ltr'><strong>Vi-</strong></span> 
     </span>
    </p>
   </div>
   <div class='ocr_carea' id='block_1_115' title="bbox 1880 5263 3450 5334">
    <p class='ocr_par' dir='ltr' id='par_1_115' title="bbox 1880 5263 3450 5334">
     <span class='ocr_line' id='line_1_115' title="bbox 1880 5263 3450 5334; baseline -0.001 -16"><span class='ocrx_word' id='word_1_920' title='bbox 1880 5265 1959 5319; x_wconf 87' lang='lat' dir='ltr'><strong>sio</strong></span> <span class='ocrx_word' id='word_1_921' title='bbox 1988 5265 2152 5334; x_wconf 90' lang='lat' dir='ltr'><strong>pacis.</strong></span> <span class='ocrx_word' id='word_1_922' title='bbox 2178 5263 2478 5334; x_wconf 85' lang='lat' dir='ltr'><strong>Agnoscitis</strong></span> <span class='ocrx_word' id='word_1_923' title='bbox 2498 5278 2624 5332; x_wconf 89' lang='lat' dir='ltr'><strong>ergo</strong></span> <span class='ocrx_word' id='word_1_924' title='bbox 2641 5279 2735 5317; x_wconf 88' lang='lat' dir='ltr'><strong>vos</strong></span> <span class='ocrx_word' id='word_1_925' title='bbox 2764 5265 2815 5317; x_wconf 90' lang='lat' dir='ltr'><strong>in</strong></span> <span class='ocrx_word' id='word_1_926' title='bbox 2835 5264 2960 5320; x_wconf 90' lang='lat' dir='ltr'><strong>Sion</strong></span> <span class='ocrx_word' id='word_1_927' title='bbox 2988 5275 3041 5320; x_wconf 92' lang='lat' dir='ltr'><strong>et</strong></span> <span class='ocrx_word' id='word_1_928' title='bbox 3063 5267 3112 5318; x_wconf 94' lang='lat' dir='ltr'><strong>in</strong></span> <span class='ocrx_word' id='word_1_929' title='bbox 3135 5264 3450 5328; x_wconf 85' lang='lat' dir='ltr'><strong>Jerusalem,</strong></span> 
     </span>
    </p>
   </div>
   <div class='ocr_carea' id='block_1_116' title="bbox 1876 5352 3455 5423">
    <p class='ocr_par' dir='ltr' id='par_1_116' title="bbox 1876 5352 3455 5423">
     <span class='ocr_line' id='line_1_116' title="bbox 1876 5352 3455 5423; baseline 0 -14"><span class='ocrx_word' id='word_1_930' title='bbox 1876 5355 1921 5409; x_wconf 88' lang='lat' dir='ltr'><strong>si</strong></span> <span class='ocrx_word' id='word_1_931' title='bbox 1951 5355 2082 5408; x_wconf 91' lang='lat' dir='ltr'><strong>certi</strong></span> <span class='ocrx_word' id='word_1_932' title='bbox 2110 5354 2399 5423; x_wconf 80' lang='lat' dir='ltr'><strong>expectatis</strong></span> <span class='ocrx_word' id='word_1_933' title='bbox 2428 5368 2575 5420; x_wconf 86' lang='lat' dir='ltr'><strong>spem</strong></span> <span class='ocrx_word' id='word_1_934' title='bbox 2613 5353 2861 5420; x_wconf 77' lang='lat' dir='ltr'><strong>futuram,</strong></span> <span class='ocrx_word' id='word_1_935' title='bbox 2890 5367 2942 5408; x_wconf 90' lang='lat' dir='ltr'><strong>et</strong></span> <span class='ocrx_word' id='word_1_936' title='bbox 2967 5355 3010 5408; x_wconf 92' lang='lat' dir='ltr'><strong>si</strong></span> <span class='ocrx_word' id='word_1_937' title='bbox 3042 5369 3221 5422; x_wconf 87' lang='lat' dir='ltr'><strong>pacem</strong></span> <span class='ocrx_word' id='word_1_938' title='bbox 3248 5352 3455 5410; x_wconf 89' lang='lat' dir='ltr'><strong>habetis</strong></span> 
     </span>
    </p>
   </div>
   <div class='ocr_carea' id='block_1_117' title="bbox 1875 5445 3453 5516">
    <p class='ocr_par' dir='ltr' id='par_1_117' title="bbox 1875 5445 3453 5516">
     <span class='ocr_line' id='line_1_117' title="bbox 1875 5445 3453 5516; baseline -0.001 -16"><span class='ocrx_word' id='word_1_939' title='bbox 1875 5462 1995 5500; x_wconf 86' lang='lat' dir='ltr'><strong>cum</strong></span> <span class='ocrx_word' id='word_1_940' title='bbox 2027 5446 2156 5500; x_wconf 82' lang='lat' dir='ltr'><strong>Deo.</strong></span> <span class='ocrx_word' id='word_1_941' title='bbox 2190 5445 2256 5497; x_wconf 84' lang='lat' dir='ltr'><strong>Et</strong></span> <span class='ocrx_word' id='word_1_942' title='bbox 2271 5445 2579 5512; x_wconf 67' lang='lat' dir='ltr'><strong>aediﬁcentur</strong></span> <span class='ocrx_word' id='word_1_943' title='bbox 2609 5447 2740 5498; x_wconf 87' lang='lat' dir='ltr'><strong>muri</strong></span> <span class='ocrx_word' id='word_1_944' title='bbox 2771 5445 3070 5500; x_wconf 81' lang='lat' dir='ltr'><strong>Jerusalem.</strong></span> <span class='ocrx_word' id='word_1_945' title='bbox 3105 5445 3326 5515; x_wconf 85' lang='lat' dir='ltr'><strong>Benigne</strong></span> <span class='ocrx_word' id='word_1_946' title='bbox 3350 5449 3453 5516; x_wconf 77' lang='lat' dir='ltr'><strong>far,</strong></span> 
     </span>
    </p>
   </div>
   <div class='ocr_carea' id='block_1_118' title="bbox 1835 5535 3458 5602">
    <p class='ocr_par' dir='ltr' id='par_1_118' title="bbox 1835 5535 3458 5602">
     <span class='ocr_line' id='line_1_118' title="bbox 1835 5535 3458 5602; baseline -0.002 -11"><span class='ocrx_word' id='word_1_947' title='bbox 1835 5572 1838 5574; x_wconf 98' lang='lat'><strong><em>-</em></strong></span> <span class='ocrx_word' id='word_1_948' title='bbox 1879 5536 2114 5600; x_wconf 79' lang='lat' dir='ltr'><strong>Domine,</strong></span> <span class='ocrx_word' id='word_1_949' title='bbox 2133 5536 2182 5588; x_wconf 89' lang='lat' dir='ltr'><strong>in</strong></span> <span class='ocrx_word' id='word_1_950' title='bbox 2201 5535 2330 5588; x_wconf 88' lang='lat' dir='ltr'><strong>bona</strong></span> <span class='ocrx_word' id='word_1_951' title='bbox 2356 5537 2612 5589; x_wconf 76' lang='lat' dir='ltr'><strong>voluntate</strong></span> <span class='ocrx_word' id='word_1_952' title='bbox 2635 5546 2720 5588; x_wconf 88' lang='lat' dir='ltr'><strong>tua</strong></span> <span class='ocrx_word' id='word_1_953' title='bbox 2746 5536 2894 5599; x_wconf 83' lang='lat' dir='ltr'><strong>Sion,</strong></span> <span class='ocrx_word' id='word_1_954' title='bbox 2919 5545 2966 5587; x_wconf 89' lang='lat' dir='ltr'><strong>et</strong></span> <span class='ocrx_word' id='word_1_955' title='bbox 2981 5535 3293 5602; x_wconf 69' lang='lat' dir='ltr'><strong>aediﬁcentur</strong></span> <span class='ocrx_word' id='word_1_956' title='bbox 3324 5542 3458 5589; x_wconf 80' lang='lat' dir='ltr'><strong>muri</strong></span> 
     </span>
    </p>
   </div>
   <div class='ocr_carea' id='block_1_119' title="bbox 1875 5625 3453 5694">
    <p class='ocr_par' dir='ltr' id='par_1_119' title="bbox 1875 5625 3453 5694">
     <span class='ocr_line' id='line_1_119' title="bbox 1875 5625 3453 5694; baseline -0.002 -12"><span class='ocrx_word' id='word_1_957' title='bbox 1875 5627 2158 5682; x_wconf 85' lang='lat' dir='ltr'><strong>Jerusalem</strong></span> <span class='ocrx_word' id='word_1_958' title='bbox 2183 5642 2202 5680; x_wconf 89' lang='lat'><strong><em>:</em></strong></span> <span class='ocrx_word' id='word_1_959' title='bbox 2226 5625 2342 5679; x_wconf 83' lang='lat' dir='ltr'><strong>Non</strong></span> <span class='ocrx_word' id='word_1_960' title='bbox 2370 5626 2469 5680; x_wconf 82' lang='lat' dir='ltr'><strong>sibi</strong></span> <span class='ocrx_word' id='word_1_961' title='bbox 2501 5627 2640 5679; x_wconf 89' lang='lat' dir='ltr'><strong>enim</strong></span> <span class='ocrx_word' id='word_1_962' title='bbox 2670 5627 2865 5679; x_wconf 89' lang='lat' dir='ltr'><strong>tribuat</strong></span> <span class='ocrx_word' id='word_1_963' title='bbox 2890 5625 3015 5680; x_wconf 85' lang='lat' dir='ltr'><strong>Sion</strong></span> <span class='ocrx_word' id='word_1_964' title='bbox 3057 5625 3231 5694; x_wconf 86' lang='lat' dir='ltr'><strong>aliqua</strong></span> <span class='ocrx_word' id='word_1_965' title='bbox 3261 5625 3453 5679; x_wconf 88' lang='lat' dir='ltr'><strong>merita</strong></span> 
     </span>
    </p>
   </div>
   <div class='ocr_carea' id='block_1_120' title="bbox 1875 5715 3454 5786">
    <p class='ocr_par' dir='ltr' id='par_1_120' title="bbox 1875 5715 3454 5786">
     <span class='ocr_line' id='line_1_120' title="bbox 1875 5715 3454 5786; baseline -0.003 -11"><span class='ocrx_word' id='word_1_966' title='bbox 1875 5733 1970 5776; x_wconf 87' lang='lat' dir='ltr'><strong>sua</strong></span> <span class='ocrx_word' id='word_1_967' title='bbox 2004 5735 2018 5773; x_wconf 94' lang='lat'>:</span> <span class='ocrx_word' id='word_1_968' title='bbox 2048 5725 2104 5772; x_wconf 90' lang='lat' dir='ltr'><strong>tu</strong></span> <span class='ocrx_word' id='word_1_969' title='bbox 2129 5732 2251 5772; x_wconf 91' lang='lat' dir='ltr'><strong>cum</strong></span> <span class='ocrx_word' id='word_1_970' title='bbox 2280 5716 2368 5771; x_wconf 88' lang='lat' dir='ltr'><strong>illa</strong></span> <span class='ocrx_word' id='word_1_971' title='bbox 2395 5717 2476 5772; x_wconf 83' lang='lat' dir='ltr'><strong>fac</strong></span> <span class='ocrx_word' id='word_1_972' title='bbox 2504 5718 2748 5786; x_wconf 87' lang='lat' dir='ltr'><strong>benigne.</strong></span> <span class='ocrx_word' id='word_1_973' title='bbox 2780 5715 3123 5784; x_wconf 60' lang='lat' dir='ltr'><strong>didi/iocatur</strong></span> <span class='ocrx_word' id='word_1_974' title='bbox 3150 5717 3280 5770; x_wconf 80' lang='lat' dir='ltr'><strong>muri</strong></span> <span class='ocrx_word' id='word_1_975' title='bbox 3297 5716 3454 5771; x_wconf 82' lang='lat' dir='ltr'><strong>Jeru-</strong></span> 
     </span>
    </p>
   </div>
   <div class='ocr_carea' id='block_1_121' title="bbox 1943 5825 2886 5891">
    <p class='ocr_par' dir='ltr' id='par_1_121' title="bbox 1943 5825 2886 5891">
     <span class='ocr_line' id='line_1_121' title="bbox 1943 5825 2886 5891; baseline 0.001 -15"><span class='ocrx_word' id='word_1_976' title='bbox 1943 5830 1958 5861; x_wconf 78' lang='grc'><strong><em>⁸</em></strong></span> <span class='ocrx_word' id='word_1_977' title='bbox 1997 5835 2044 5878; x_wconf 82' lang='grc' dir='ltr'><strong>ιιι</strong></span> <span class='ocrx_word' id='word_1_978' title='bbox 2070 5825 2317 5891; x_wconf 83' lang='lat' dir='ltr'><strong>plerisque</strong></span> <span class='ocrx_word' id='word_1_979' title='bbox 2341 5837 2442 5878; x_wconf 73' lang='lat' dir='ltr'><strong>Mss.</strong></span> <span class='ocrx_word' id='word_1_980' title='bbox 2465 5835 2757 5884; x_wconf 84' lang='lat' dir='ltr'><strong>constanter,</strong></span> <span class='ocrx_word' id='word_1_981' title='bbox 2776 5840 2886 5888; x_wconf 80' lang='lat' dir='ltr'><strong>qua.</strong></span> 
     </span>
    </p>
   </div>
  </div>
