4042 6472
574 450 729 506 salem
767 464 786 505 :
827 448 1157 504 munimenta
1199 451 1572 501 construantur
1607 441 2016 498 immortalitatis
2054 456 2153 497 no-

577 543 727 604 stra),
753 541 804 594 in
834 539 962 607 fide,
992 547 1047 595 et
1065 551 1181 608 spe,
1211 546 1266 592 et
1289 536 1567 591 charitate.

643 631 736 691 23.
775 627 926 707 [oers.
961 627 1080 700 ΞΒ]
1107 625 1248 682 Tunc
1270 626 1551 696 acceptabis
1574 623 1877 693 sacriﬁcium
1905 622 2111 690 iustitia:
2134 639 2154 678 :

574 722 737 779 modo
764 729 945 777 autem
969 718 1289 776 sacrificium
1322 733 1417 789 pro
1434 716 1727 790 iniquitate,
1755 713 1998 785 spiritum
2022 727 2151 769 con-

574 811 884 871 tribulatum
912 823 968 869 et
988 812 1476 877 corhumiliatum;
1506 794 1630 864 tunc
1657 807 1974 870 sacriﬁcium
1998 806 2157 879 justi-

574 905 662 961 tite
690 901 875 960 laudes
895 902 1058 959 solas.
1080 901 1230 958 Beati
1249 900 1390 957 enim
1406 899 1497 971 qui
1518 898 1759 965 habitant
1778 897 1832 954 in
1852 896 2015 956 domo
2039 907 2149 968 tua,

573 995 628 1049 in
656 993 852 1049 saecula
897 992 1215 1049 saeculorum
1267 990 1555 1046 laudabunt
1592 997 1647 1045 te
1686 987 1879 1061 (Psal.
1924 976 2152 1057 suam,

573 1087 631 1159 5)
662 1104 677 1141 :
705 1084 810 1141 hoc
844 1093 928 1141 est
965 1085 1106 1140 enim
1135 1082 1450 1141 sacrificium
1496 1080 1742 1156 justitim.
1791 1074 2081 1135 Obiatiorm
2108 1088 2159 1134 et

574 1177 1027 1232 holocaustomata.
1077 1173 1206 1241 Quae
1266 1180 1390 1237 sunt
1436 1169 1910 1232 holocaustomataf
1964 1169 2155 1228 Totum

574 1268 698 1340 igne
717 1275 1107 1338 consumptum.
1137 1265 1359 1333 Quando
1388 1272 1555 1319 totum
1585 1277 1747 1333 pecus
1784 1259 2157 1332 imponebatur

576 1373 684 1414 arm
709 1357 830 1429 igne
856 1355 1297 1420 consumendum,
1326 1354 1693 1408 holocaustum
1718 1350 2012 1407 dicebatur.
2044 1349 2151 1405 To-

577 1458 661 1505 tos
687 1463 785 1504 nos
810 1448 1024 1505 divinus
1052 1445 1190 1517 ignis
1208 1445 1469 1510 absumat,
1500 1453 1553 1499 et
1575 1442 1750 1498 fervor
1776 1441 1867 1496 ille
1896 1450 2035 1496 totos
2063 1454 2153 1494 ar-

576 1542 755 1615 ripiat.
781 1539 912 1609 Quis
935 1538 1152 1595 fervor?
1179 1536 1288 1595 Nec
1320 1546 1390 1591 est
1417 1536 1501 1605 qui
1546 1551 1598 1589 se
1627 1532 1904 1590 abscondat
1929 1549 1961 1586 a
1987 1530 2157 1588 calore

577 1634 686 1704 ejus
727 1630 923 1708 (Psal.
958 1645 1114 1697 xvnt,
1173 1628 1263 1700 7).
1315 1628 1447 1696 Quis
1494 1625 1708 1681 fervor?
1756 1625 1831 1680 De
1876 1638 1983 1694 quo
2023 1622 2157 1677 dicit

578 1721 906 1793 Apostolus,
972 1719 1174 1791 Spiritu
1259 1720 1502 1791 ferventes
1572 1715 1760 1788 (Rom.
1822 1729 1894 1768 ιιι
1927 1755 1943 1781 ,
2021 1714 2081 1768 ll
2113 1712 2155 1782 ).

577 1814 694 1870 Non
719 1822 918 1869 tantum
962 1811 1139 1869 anima
1182 1819 1363 1865 nostra
1411 1809 1720 1865 absumatur
1744 1805 1811 1860 ab
1841 1804 1935 1860 illo
1972 1803 2154 1859 divino

577 1905 701 1976 igne
747 1903 1041 1973 sapientim,
1072 1900 1167 1956 sed
1193 1908 1248 1956 et
1272 1914 1467 1970 corpus
1493 1905 1754 1959 nostrum,
1803 1904 1861 1950 ut
1894 1901 2161 1959 mereatur

579 1998 651 2052 ibi
678 1996 1127 2054 immortalitatem
1166 1995 1225 2059 ¹;
1270 1992 1350 2048 sic
1399 1991 1605 2047 levetur
1653 1988 2025 2043 holocaustum
2051 2026 2069 2058 ι
2100 1995 2160 2041 ut

576 2088 924 2145 absorbeatur
949 2101 1093 2141 mors
1121 2085 1179 2141 in
1198 2082 1473 2139 victoriam
1504 2080 1703 2154 (ICor.
1733 2094 1829 2147 xv,
1860 2077 1981 2148 54).
2009 2075 2161 2132 Obla-

578 2179 737 2233 tioues
779 2186 827 2230 et
848 2176 1296 2243 holocaustomata.
1328 2170 1475 2226 Tunc
1517 2171 1776 2240 imponent
1818 2183 1972 2238 super
1994 2165 2157 2221 altare

578 2276 719 2320 tuum
743 2265 942 2320 vitulos.
966 2261 1118 2320 Unde
1145 2261 1367 2320 vitulos?
1393 2257 1532 2327 Quid
1568 2258 1640 2320 ibi
1670 2256 1869 2327 eliget?
1895 2255 2162 2311 innocen-

586 2357 716 2413 tiam
747 2369 899 2411 nova:
926 2352 1119 2417 aetatis,
1147 2366 1214 2410 an
1243 2350 1407 2406 libera
1433 2349 1573 2405 colla
1596 2362 1627 2403 a
1649 2346 1779 2417 jugo
1802 2344 1972 2418 legis?

646 2447 739 2511 24.
783 2444 1025 2503 Psalmus
1067 2443 1122 2498 in
1151 2442 1367 2497 nomine
1395 2438 1616 2509 Christi,
1648 2438 1749 2493 etsi
1790 2436 1925 2491 forte
1968 2451 2075 2493 non
2102 2442 2161 2499 ut

576 2539 846 2603 volumus,
888 2542 1254 2592 verumtamen
1283 2541 1342 2588 ut
1385 2529 1675 2602 potuimus,
1718 2529 2030 2586 terminatus
2056 2533 2158 2583 est.

575 2628 763 2691 Restat
802 2627 982 2699 paucis
1029 2626 1227 2696 alloqui
1271 2637 1367 2678 vos
1391 2664 1407 2689 ,
1461 2621 1690 2690 fratres,
1730 2628 1947 2698 propter
1996 2615 2160 2673 multa

576 2720 711 2776 mala
741 2720 879 2775 inter
907 2730 1026 2789 qum
1058 2715 1303 2770 vivimus.
1331 2710 1517 2784 Neque
1543 2710 1687 2773 enim
1717 2709 1957 2772 viventes
1983 2707 2036 2763 in
2073 2722 2162 2767 re-

574 2812 675 2869 bus
703 2809 950 2871 humanis
973 2847 989 2873 ,
1030 2806 1259 2878 migrare
1286 2816 1570 2875 possumus
1610 2816 1642 2857 a
1681 2799 1849 2858 rebus
1891 2798 2159 2854 humanis.

576 2905 706 2961 Cum
737 2900 1015 2965 tolerantia
1044 2897 1330 2955 vivendum
1351 2905 1436 2952 est
1456 2894 1613 2952 nobis
1631 2896 1771 2950 inter
1788 2894 1959 2962 malos
1988 2909 2004 2948 :
2035 2892 2157 2963 quia

576 3010 697 3054 cum
724 2994 848 3051 mali
873 3004 1137 3055 essemus,
1164 3004 1285 3045 cum
1326 2987 1606 3045 tolerantia
1630 2985 1879 3041 vixerunt
1906 2982 2029 3044 boni
2079 2983 2161 3038 in-

576 3094 658 3139 ter
681 3098 797 3138 nos.
828 3080 945 3136 Non
970 3079 1351 3136 obliviscentes
1369 3075 1496 3148 quid
1524 3074 1806 3140 fuerimus,
1830 3089 1937 3129 non
1962 3072 2158 3142 despe-

576 3176 812 3233 rabimus
837 3173 904 3231 de
931 3173 1017 3243 his
1043 3173 1134 3244 qui
1160 3185 1301 3227 nunc
1328 3181 1454 3224 sunt
1488 3166 1630 3238 quod
1660 3165 1880 3221 fuimus.
1922 3164 2155 3231 Verum-

577 3277 776 3339 tamen,
805 3262 1123 3327 charissimi,
1151 3262 1205 3316 in
1230 3267 1378 3316 tanta
1400 3272 1608 3313 morum
1634 3256 1943 3327 diversitate
1968 3262 2023 3310 et
2048 3263 2155 3311 tam

577 3355 889 3414 detestabili
924 3351 1249 3423 corruptela,
1294 3348 1462 3420 regite
1486 3346 1676 3402 domos
1715 3353 1921 3401 vestras
1944 3386 1960 3411 ,
1988 3343 2159 3415 regite

580 3448 722 3509 filios
747 3456 978 3512 vestros,
1030 3443 1198 3512 regite
1247 3439 1473 3503 familias
1496 3446 1705 3494 vestras
1728 3434 2055 3504 '.Quomodo
2089 3432 2157 3489 ad
2188 3472 2197 3479 -

573 3554 674 3596 nos
705 3536 934 3615 pertinet
957 3535 1010 3591 in
1038 3531 1274 3589 Ecclesia
1298 3529 1440 3601 loqui
1469 3528 1639 3592 vobis,
1671 3526 1751 3585 sic
1773 3525 1840 3581 ad
1880 3539 1977 3581 vos
1996 3525 2160 3595 perti—

573 3640 665 3688 net
699 3632 753 3686 in
799 3626 1047 3688 domibus
1072 3624 1262 3680 vestris
1309 3635 1488 3693 agere,
1544 3626 1603 3673 ut
1653 3618 1848 3683 bonam
1894 3616 2157 3673 rationem

573 3721 808 3779 reddatis
831 3719 897 3773 de
920 3717 1003 3772 his
1030 3715 1117 3786 qui
1140 3713 1288 3769 vobis
1312 3719 1436 3771 sunt
1461 3708 1681 3776 subditi.
1724 3708 1881 3762 Amat
1906 3707 2044 3763 Deus
2069 3705 2152 3760 di-

573 3812 874 3881 sciplinam.
926 3807 1183 3865 Perversa
1226 3809 1401 3856 autem
1430 3807 1485 3854 et
1529 3797 1662 3852 falsa
1703 3795 2004 3851 innocentia
2051 3804 2155 3863 est,

573 3902 813 3963 habenas
832 3898 1011 3969 laxare
1037 3892 1288 3964 peccatis.
1319 3888 1490 3946 Valde
1515 3887 1793 3952 inutiliter,
1837 3885 1994 3941 valde
2038 3901 2161 3956 per-

572 3994 779 4050 niciose
826 3988 988 4049 sentit
1016 3985 1154 4052 illius
1198 3982 1363 4064 patris
1407 3980 1718 4050 lenitatem,
1747 3986 1805 4033 ut
1834 3986 2015 4049 postea
2065 3977 2160 4034 Dei

573 4085 772 4142 sentiat
795 4080 1132 4141 severitatem
1155 4092 1170 4129 :
1198 4073 1377 4133 ethoc
1397 4086 1503 4131 non
1524 4070 1691 4137 solus,
1719 4068 1814 4127 sed
1842 4082 1962 4123 cum
1985 4068 2160 4135 disso-

572 4177 686 4232 lnto
710 4182 859 4246 patre
879 4185 996 4227 suo.
1023 4167 1159 4238 Quid
1180 4165 1363 4223 enim?
1385 4164 1440 4221 Si
1472 4164 1586 4234 ipse
1609 4177 1716 4218 non
1744 4168 1947 4241 peccat,
1976 4168 2031 4216 et
2051 4176 2157 4216 non

572 4265 701 4328 facit
723 4263 864 4338 quod
891 4262 1028 4333 illius
1053 4259 1190 4332 eius,
1223 4256 1346 4321 ideo
1373 4268 1478 4314 non
1508 4253 1669 4316 debet
1689 4252 1757 4309 ab
1783 4252 1894 4321 ipsa
1922 4250 2155 4321 nequitia

571 4359 738 4418 filium
770 4340 1195 4427 prohiberetAn
1223 4347 1360 4403 forte
1390 4353 1453 4409 ut
1474 4344 1719 4410 videatur
1752 4341 1862 4411 tilio
1883 4341 1999 4411 ejus
2033 4340 2155 4410 quia

570 4460 627 4506 et
649 4456 801 4520 pater
825 4443 950 4500 talia
976 4441 1201 4520 faceret,
1238 4439 1339 4507 nisi
1359 4439 1623 4493 senuisset
1640 4435 1665 4486 τ
1693 4435 1987 4494 Peccatum
2011 4431 2153 4502 quod

570 4541 666 4597 tibi
693 4554 798 4595 non
818 4533 1063 4608 displicet
1088 4534 1147 4597 in.
1168 4531 1274 4603 filio
1292 4540 1403 4595 tuo,
1429 4529 1660 4585 delectat
1682 4537 1731 4583 te
1753 4543 1768 4593 ;
1791 4525 1883 4581 sed
1908 4534 2039 4580 mtas
2062 4524 2158 4581 de-

571 4633 761 4697 seruit,
792 4645 897 4685 non
926 4625 1207 4700 cupiditas.
1237 4623 1485 4688 Maxime,
1510 4621 1702 4676 fratres
1739 4620 1865 4683 mei,
1900 4618 2039 4673 filios
2064 4632 2158 4674 ve-

571 4732 715 4779 atros
751 4720 942 4782 fideles
976 4715 1250 4781 attendite,
1278 4728 1414 4787 quos
1439 4711 1751 4780 ﬂdedixistis
1771 4711 1792 4742 ³
1828 4717 1885 4764 ιιι
1914 4708 2154 4791 ὺιιριίιείτ

571 4824 777 4873 rentur.
801 4812 906 4870 Sed
933 4810 1071 4868 forte
1099 4808 1317 4881 negligit
1345 4806 1517 4862 malus
1545 4806 1685 4859 filius
1710 4804 1795 4858 vel
1822 4802 2024 4859 monita
2056 4815 2154 4871 pao.

573 4910 691 4973 tris,
746 4907 834 4962 vel
876 4903 1323 4976 obiurgationem,
1376 4900 1459 4955 vel
1489 4898 1827 4956 severitatem
1859 4912 1877 4948 :
1908 4902 1962 4948 tu
1992 4892 2159 4965 imple

571 5012 856 5070 personam
878 5004 1022 5051 tuam
1043 5012 1059 5062 ;
1094 4994 1233 5049 Deus
1256 4992 1324 5057 de
1364 4991 1454 5047 illo
1474 4988 1634 5060 exigit
1663 5001 1836 5041 suam.

1028 5161 1109 5223 ιιι
1152 5156 1534 5221 PSALMUM
1576 5115 1688 5249 ιιι
1734 5120 1738 5124 ’

1138 5273 1553 5333 ENARRATIO.

1089 5404 1260 5457 annuo
1298 5405 1369 5458 an
1403 5402 1663 5454 renotus.

646 5513 694 5567 I.
728 5508 968 5565 Psalmus
992 5503 1170 5563 brevis
1198 5508 1282 5560 est
1304 5541 1319 5563 ,
1347 5498 1417 5553 de
1458 5511 1564 5566 quo
1601 5492 1924 5565 loquendum
1964 5506 2151 5557 ωερε..

631 5626 647 5657 ί
685 5630 790 5673 Mss.
815 5623 1038 5679 omittunt
1066 5611 1446 5679 particulant‘ut,
1475 5616 1527 5658 et
1550 5609 1693 5665 exiis
1714 5603 1928 5665 nonnulli
1945 5602 2148 5657 ferunt:

567 5671 807 5738 mereatur
827 5671 1014 5736 «om
1030 5671 1092 5730 ab
1108 5671 1478 5735 ἰηιηιοηαιὲιαιὲ-

631 5752 651 5779 ²
683 5751 888 5806 Quatuor
913 5738 1001 5792 Stas
1023 5776 1041 5807 ι
1058 5736 1403 5807 ﬁliqspcstras.

633 5811 661 5844 ι
686 5785 1233 5863 ἓῗῖιῖιὲἷιιὲἑζζβὶιε
1245 5785 1494 5859 genuinis.
1521 5792 1606 5844 Alii
1643 5797 1750 5842 uss.
1775 5794 2002 5854 quatuor,
2014 5785 2145 5852 ﬁde-

1803 330 1862 387 S.
1900 328 2261 388 AUGUSTINI
2302 330 2599 393 EPISCOPI

3720 341 3837 401 ωε

2257 446 2431 515 pimus
2472 447 2728 505 Cbaritati
2756 448 2958 504 Vestrae
2991 451 3125 507 :sed
3158 452 3363 519 titulum
3394 454 3550 515 habet
3589 457 3832 533 aliqua..-

2257 538 2433 631 tolum,
2465 543 2819 613 negotiosum.
2852 542 3121 599 Patienter
3147 560 3276 631 ergo
3301 550 3559 606 sustinete
3586 568 3702 618 nos,
3732 555 3833 617 do-

2258 643 2359 684 nec
2385 629 2531 685 illum
2552 631 2866 700 enodemus,
2892 642 2951 689 ut
2975 629 3276 705 possumus,
3295 650 3547 711 quantum
3571 643 3836 714 adjuverit

2257 720 2536 792 Dominus.
2559 722 2740 796 Neque
2767 727 2908 782 enim
2934 728 3131 797 passim
3157 730 3522 800 prmtereunda
3543 745 3667 790 sunt
3685 736 3835 802 haec;

2259 812 2683 885 quandoquidem
2713 815 2904 886 placuit
2932 817 3217 886 fratribus,
3242 837 3349 878 non
3376 831 3577 880 tantum
3618 841 3751 883 aure
3782 838 3840 884 et

2262 901 2423 961 corde
2443 944 2462 975 ,
2489 904 2583 960 sed
2625 915 2680 960 et
2708 907 2848 978 stylo
2872 909 3181 979 excipienda
3203 927 3324 983 quae
3349 913 3574 971 dicimus
3604 933 3618 970 :
3650 925 3707 972 ut
3726 932 3840 974 non

2261 993 2555 1051 auditorem
2585 1004 2810 1063 tantum,
2837 998 2935 1060 sed
2963 1008 3018 1054 et
3044 999 3293 1059 lectorem
3312 1004 3472 1059 etiam
3492 1006 3725 1076 cogitare
3743 1007 3841 1064 de-

2261 1080 2502 1143 beamus.
2528 1084 2660 1145 Nata
2681 1095 2764 1143 est
2800 1088 3014 1158 quidem
3053 1092 3264 1151 occasio
3289 1094 3495 1163 psalmo
3520 1094 3644 1159 huic
3686 1113 3757 1165 ex
3780 1113 3842 1154 re

2260 1175 2488 1245 quadam
2512 1186 2683 1248 gesta,
2712 1195 2873 1250 quam
2901 1182 3052 1245 vobis
3092 1185 3252 1240 etiam
3283 1185 3508 1247 fecimus
3532 1190 3745 1245 recitari
3773 1190 3842 1247 de

2260 1264 2399 1362 libro
2453 1267 2779 1362 Regnorum.
2838 1271 2965 1342 Satjl
3034 1276 3175 1335 enim
3214 1292 3311 1341 rex,
3361 1295 3467 1343 non
3513 1279 3581 1335 ad
3626 1296 3841 1362 perma-

2258 1355 2491 1415 nendum
2518 1360 2717 1419 eleCtus
2742 1377 2774 1417 a
2804 1362 3046 1432 Domino,
3077 1366 3170 1421 sed
3192 1368 3484 1425 secundum
3532 1355 3714 1441 populi
3748 1387 3843 1428 eor

2263 1444 2455 1501 durum
2499 1457 2553 1503 et
2577 1449 2777 1506 malum
2802 1451 2958 1509 datus
2983 1454 3048 1508 ad
3074 1470 3258 1510 eorum
3284 1468 3706 1528 corrcptronem,
3735 1476 3844 1519 non

2262 1536 2331 1592 ad
2380 1536 2659 1596 utilitatem
2697 1540 2756 1613 (l
2787 1542 2915 1615 Reg.
2947 1560 3057 1611 vnt,
3089 1545 3183 1618 7),
3224 1548 3511 1604 secundum
3545 1550 3689 1605 illam
3716 1566 3843 1607 seu.

2264 1628 2482 1683 tentiam
2530 1639 2833 1697 sanctarum
2879 1633 3311 1707 scripturarum,
3358 1655 3478 1710 qua:
3514 1641 3590 1696 ait
3613 1640 3682 1698 de
3710 1642 3841 1709 Dect

2268 1719 2369 1786 Qui
2386 1734 2596 1792 regnare
2623 1727 2744 1796 facit
2764 1727 3020 1784 hominem
3042 1731 3376 1801 hypocritam,
3403 1744 3613 1806 prepter
3644 1754 3847 1807 ρσυιτςι

2261 1809 2460 1866 sitatem
2481 1816 2659 1884 populi
2681 1815 2822 1886 (Job
2861 1834 3060 1886 χχχιιι,
3086 1822 3178 1891 50)
3207 1839 3222 1877 :
3255 1838 3377 1878 cum
3398 1838 3525 1895 ergo
3548 1826 3672 1881 talis
3698 1838 3849 1889 esset

2264 1900 2391 1970 Saitl
2419 1944 2436 1969 ,
2485 1907 2898 1976 persequebatur
2939 1910 3102 1975 David
3129 1911 3191 1983 (ι
3233 1913 3362 1985 Reg.
3410 1931 3692 1983 svnt-xxxv
3714 1917 3768 1988 ),
3793 1918 3847 1975 in

2262 2007 2368 2066 quo
2421 1993 2559 2050 Deus
2605 1996 2974 2069 praeﬁgurabat
3014 2016 3235 2072 regnum
3282 2004 3472 2059 salutis
3519 2015 3765 2074 atteram,
3796 2007 3869 2062 et'

2262 2097 2421 2153 quem
2471 2085 2610 2140 Deus
2654 2088 2889 2159 elegerat
2931 2105 3338 2162 permansurum
3365 2094 3419 2161 in
3459 2094 3665 2161 semine
3711 2111 3846 2166 suo;

2263 2179 2693 2251 quandoquidem
2731 2182 2942 2247 futurus
2965 2194 3086 2244 erat
3122 2202 3219 2245 rex
3243 2196 3448 2264 noster,
3477 2204 3574 2253 rex
3621 2190 3853 2247 saculo-

2263 2284 2382 2326 rttm
2426 2286 2553 2333 cum.
2581 2288 2687 2345 quo
2722 2277 2992 2346 regnaturi
3021 2292 3205 2335 sumus
3242 2279 3295 2334 in
3338 2287 3623 2351 attentum,
3641 2294 3711 2338 ex
3761 2295 3852 2339 se-

2263 2362 2412 2421 mine
2453 2362 2619 2435 ipsitts
2673 2366 2841 2433 David
2873 2368 3166 2425 secundum
3203 2384 3421 2426 carnem
3451 2369 3642 2443 (Rom.
3676 2387 3716 2439 ι,
3756 2371 3853 2443 ωε

2265 2453 2399 2512 Cum
2425 2471 2555 2528 ergo
2597 2458 2762 2515 David
2810 2460 2953 2516 Deus
2993 2460 3263 2531 elegisset,
3290 2470 3347 2517 et
3392 2462 3773 2533 pra'elegisset,
3796 2474 3853 2519 et

2265 2547 2697 2622 prmdestinasset
2738 2550 2807 2606 ad
2847 2567 3089 2624 regnum,
3134 2552 3310 2614 noluit
3352 2560 3408 2609 et
3454 2553 3629 2623 ipsum
3687 2553 3854 2611 David

2261 2647 2388 2697 ante
2432 2655 2657 2712 regnum
2697 2650 2918 2711 tenere,
2946 2658 3105 2714 quam
3142 2645 3368 2715 primoa
3398 2645 3848 2717 persequentibus

2262 2730 2555 2801 liberaret;
2602 2743 2659 2795 ut
2683 2734 2845 2791 etiam
2868 2736 2922 2791 in
2959 2736 3062 2793 hoc
3088 2737 3207 2807 ipso
3233 2738 3486 2808 figuraret
3515 2752 3636 2803 nos,
3683 2738 3742 2794 id
3766 2747 3852 2795 est

2261 2838 2458 2895 corpus
2480 2824 2616 2895 ejus,
2642 2825 2794 2895 cujus
2819 2827 3060 2898 corporis
3081 2839 3241 2898 caput
3257 2826 3500 2895 Christus
3528 2828 3766 2899 (Galeas.
3808 2845 3851 2897 t,

2222 2958 2235 2965 ι
2267 2915 2334 2971 l8
2352 2914 2394 2989 ).
2421 2915 2590 2979 Porro
2615 2917 2758 2980 enim
2784 2917 2829 2972 si
2855 2918 3028 2987 ipsum
3057 2928 3216 2988 caput
3253 2928 3498 2975 nostrum
3532 2919 3651 2983 sine
3679 2922 3854 2990 primo

2265 3017 2483 3087 peracto
2511 3008 2692 3065 labore
2709 3008 2761 3063 in
2790 3018 2950 3075 terra,
2969 3010 3022 3065 in
3042 3011 3183 3067 creto
3210 3025 3434 3082 regnare
3455 3011 3646 3077 noluit,
3671 3026 3852 3083 neque

2262 3098 2443 3161 levare
2486 3113 2699 3163 sorsum
2751 3114 2948 3179 corpus
2990 3100 3135 3173 quod
3182 3101 3436 3171 deorsum
3460 3104 3692 3174 accepit,
3748 3105 3853 3161 nisi

2263 3201 2360 3256 per
2385 3189 2745 3260 tribulationis
2759 3190 2898 3255 viam
2918 3208 2935 3258 ;
2957 3182 3086 3265 quid
3104 3191 3308 3258 audent
3328 3193 3568 3261 membra
3594 3210 3845 3265 sperare,

2261 3281 2435 3352 capite
2476 3296 2575 3338 suo
2601 3283 2769 3352 magis
2788 3298 2849 3340 se
2877 3298 3036 3354 posse
3061 3300 3185 3342 esse
3218 3285 3433 3342 felicia?
3460 3287 3524 3344 Si
3567 3292 3855 3361 patremfa-

2260 3373 2427 3427 milias
2451 3371 2731 3428 Beelzebub
2765 3384 3066 3431 vocaverunt
3093 3414 3111 3443 ,
3148 3386 3339 3451 quanto
3547 3377 3854 3435 domesticos

2260 3464 2370 3535 ejus
2399 3464 2624 3536 (Matth.
2651 3482 2707 3532 ι,
2736 3465 2883 3539 35)?
2909 3467 3026 3522 Non
3054 3483 3184 3538 ergo
3211 3484 3488 3540 speremus
3509 3471 3816 3532 molliorem
3832 3472 3855 3508 ι

2261 3555 2404 3621 viam
2428 3572 2441 3608 :
2472 3570 2575 3630 qua
2598 3558 2874 3633 praecessit
2897 3572 3104 3625 eamus,
3132 3575 3236 3629 qua
3266 3560 3417 3616 duxit
3451 3574 3769 3631 sequamur.
3794 3563 3852 3619 Si

2262 3649 2410 3715 enim
2455 3663 2489 3705 a
2519 3651 2747 3720 vestigio
2772 3651 2890 3719 ejus
2932 3652 3320 3719 aberravimus,
3345 3655 3603 3726 perimus,
3633 3656 3696 3712 In
3750 3658 3855 3712 hoc

2258 3754 2389 3809 ergo
2417 3739 2581 3797 David
2618 3741 2744 3811 quid
2775 3742 3232 3813 prefigurabatur,
3263 3744 3454 3801 videtis
3495 3762 3510 3800 :
3537 3761 3670 3817 ergo
3693 3756 3753 3803 et
3799 3748 3855 3803 in

2260 3830 2388 3886 Sat'tl
2412 3830 2539 3901 quid
2569 3832 3023 3902 praetigurabatur,
3050 3834 3241 3891 videtis
3274 3850 3530 3906 :regnum
3554 3836 3762 3892 malum
3793 3838 3849 3893 in

2259 3923 2406 3989 Sani,
2433 3937 2661 3993 regnum
2680 3923 2877 3985 bonum
2905 3925 2957 3980 in
2987 3925 3150 3982 David
3181 3943 3197 3983 :
3226 3943 3370 3983 mors
3389 3928 3443 3982 in
3473 3927 3629 3993 Sani,
3654 3936 3718 3984 et
3741 3929 3853 3983 vita

2260 4014 2314 4067 in
2348 4012 2532 4076 David.
2559 4013 2768 4072 Etenim
2809 4029 2910 4080 nos
2960 4032 3067 4071 non
3132 4018 3466 4088 persequitur
3518 4017 3621 4072 nisi
3675 4033 3853 4087 mors,

2257 4102 2328 4169 de
2371 4116 2477 4174 qua
2524 4101 2579 4158 in
2618 4100 2726 4171 ﬁne
2768 4103 3245 4175 triumphabimus,
3296 4105 3533 4162 dicentes
3564 4123 3582 4161 :
3609 4105 3716 4162 Ubi
3756 4119 3854 4176 est,

2257 4211 2414 4262 mors,
2437 4197 2688 4251 contentio
2711 4204 2800 4251 tua
2813 4197 2841 4250 ?
2880 4196 2971 4262 ubi
2987 4208 3081 4263 est,
3101 4215 3259 4265 mors,
3282 4198 3485 4255 aculeus
3504 4209 3624 4254 tuus
3644 4199 3711 4266 (Ι
3729 4199 3853 4257 Cor.

2258 4302 2351 4358 xv,
2366 4286 2501 4359 55)?
2528 4287 2664 4354 Quid
2685 4296 2768 4343 est
2789 4288 2933 4358 quod
2958 4287 3107 4354 dico,
3132 4305 3246 4350 non
3266 4303 3365 4345 nos
3380 4290 3728 4360 persequitur
3751 4291 3859 4349 ubi

2260 4377 2447 4443 mors?
2487 4376 2621 4450 Quia
2649 4378 2751 4443 nisi
2779 4379 3035 4434 mortales
3076 4393 3353 4445 manus,
3385 4394 3493 4438 non
3532 4390 3680 4436 esset
3706 4381 3857 4452 quod

2260 4468 2416 4531 nobis
2458 4468 2657 4524 faceret
2680 4468 2948 4529 inimicus.
2976 4468 3242 4540 Numquid
3267 4470 3412 4526 enim
3441 4471 3665 4540 Angelis
3690 4471 3860 4542 quid-

2258 4574 2419 4631 quam
2470 4559 2629 4620 ι’αεὶιῖ
2672 4560 2813 4631 Ergo
2859 4560 3020 4616 etiam
3064 4560 3176 4630 ipsa
3204 4574 3387 4628 mors,
3412 4574 3446 4617 a
3471 4575 3577 4631 qua
3614 4564 3862 4619 maxime

2261 4651 2520 4719 habemus
2540 4653 2991 4723 persecutionem,
3009 4655 3164 4722 cujus
3190 4653 3373 4709 finitur
3390 4653 3448 4709 in
3469 4652 3582 4709 fine
3609 4663 3860 4712 centen-

2258 4748 2337 4808 tio
2363 4762 2482 4811 eum
2511 4744 3016 4815 resurreserimusa
3044 4745 3292 4812 mortuis,
3321 4745 3463 4803 sicut
3487 4744 3636 4800 finita
3676 4758 3773 4800 est
3801 4748 3863 4807 in

2259 4839 2435 4910 capite
2492 4848 2698 4903 nostro,
2752 4838 2832 4892 sic
2876 4835 3089 4893 finietur
3114 4845 3169 4895 et
3194 4837 3252 4898 in,
3296 4835 3472 4902 nobis,
3503 4835 3546 4889 si
3568 4834 3705 4905 justi
3737 4836 3861 4891 fue-

2260 4931 2433 4989 rimus
2479 4929 2701 4984 inventi.
2740 4926 2874 4983 Nam
2912 4936 3155 4988 mortuus
3201 4926 3291 4987 ille
3314 4925 3505 4983 mortis
3533 4924 3865 4983 interfector

2260 5021 2374 5087 fuit,
2406 5030 2462 5077 et
2489 5020 2656 5093 magis
2681 5020 2734 5075 in
2770 5019 2870 5083 illo,
2889 5033 3037 5083 mors
3062 5027 3270 5074 utortna
3293 5027 3411 5084 est,
3441 5032 3603 5088 quam
3636 5017 3767 5088 ipse
3800 5022 3862 5075 in

2260 5122 2453 5170 morte.

2329 5205 2385 5269 2;.
2418 5202 2656 5272 Denique
2672 5201 2839 5257 etiam
2863 5215 3058 5257 nomen
3085 5201 3261 5270 ipsum
3278 5200 3327 5254 si
3344 5200 3718 5266 attendamus,
3744 5216 3863 5257 non

2256 5298 2343 5354 cat
2362 5295 2477 5350 sine
2493 5291 2916 5377 mysterimNam
2939 5292 3066 5349 Sani
3096 5292 3464 5361 interpretatur
3495 5290 3721 5358 Petitio,
3750 5291 3866 5348 hoc

2255 5400 2340 5447 est
2359 5389 2631 5461 appetitio.
2663 5388 2801 5457 Quid
2825 5388 2969 5444 enim
3004 5388 3248 5443 dubitare
3276 5387 3532 5450 debentus
3559 5401 3659 5441 nos
3688 5388 3865 5442 nobis

2256 5482 2445 5540 fecisse
2470 5489 2699 5541 mortem
2722 5480 2921 5534 ist:an
2956 5480 2998 5534 Α
3030 5488 3255 5551 peccato
3277 5480 3423 5541 enim
3455 5477 3693 5533 hominis
3724 5489 3865 5535 nata

2244 5594 2475 5659 iussistis.
2495 5600 2568 5659 AM,
2604 5590 3055 5659 Lov.,_ﬁdcdia‘istis
3078 5606 3095 5643 :
3122 5601 3173 5643 et
3202 5593 3286 5659 psic
3306 5591 3697 5659 meliorismgtae
3740 5598 3863 5643 διδ.

2254 5651 2384 5707 idem
2407 5651 2608 5707 verbum
2631 5651 2894 5706 adhibitum
2919 5662 2997 5705 est
3010 5668 3174 5718 supra,
3201 5656 3249 5703 in
3267 5662 3427 5703 Enarr.
3448 5651 3568 5704 l‘sal.
3588 5653 3670 5714 δῦ,
3687 5665 3866 5707 serus.

2252 5721 2304 5781 δ’
2323 5718 2446 5832 9'53;
2467 5785 2539 5831 Er.
2564 5785 2617 5831 et
2639 5788 2742 5831 Mss.
2770 5784 2827 5830 At
2842 5785 2973 5841 Lov.,
2998 5776 3256 5830 meliorem.
