4042 6480
216 395 305 453 σοι

219 518 292 564 est
306 522 468 561 mors.
502 505 692 561 Merito
719 520 846 575 ergo
870 502 982 574 ipse
1024 503 1124 558 sibi
1171 502 1330 558 homo
1361 499 1613 569 appetivit
1636 510 1788 552 mor-

219 609 337 663 tem,
372 606 431 652 et
457 597 582 653 ideo
629 596 813 666 petitio
840 609 1033 651 nomen
1079 601 1164 649 est
1213 592 1420 646 mortis.
1472 588 1603 643 Nam
1652 587 1793 641 sicut

220 689 468 757 scriptum
489 697 596 753 est,
634 685 771 742 Deus
813 694 1023 740 mortem
1049 699 1152 737 non
1204 682 1342 752 fecit,
1386 695 1477 733 nec
1505 678 1711 737 latam.
1734 676 1790 730 in

220 779 491 851 perditione
516 780 762 833 vivorum.
790 775 987 834 Creaslt
1015 775 1146 831 enim
1173 772 1310 827 Deus
1333 781 1388 828 ut
1413 779 1576 826 essent
1596 769 1788 834 omnia,

220 879 266 926 et
284 871 535 926 mobiles
554 871 676 943 fecit
688 870 914 929 nationes
940 868 1074 923 orbis
1098 878 1365 921 (errat-tun.
1385 863 1455 927 Et
1476 861 1617 918 unde
1646 874 1792 915 mors

240 976 469 1030 unquam
524 973 798 1030 qumreres
837 977 852 1015 :
896 957 1054 1027 Impii
1100 966 1271 1011 autent
1308 953 1561 1017 manibus,
1604 949 1795 1021 inquit,

223 1062 266 1106 et
284 1052 445 1106 verbis
462 1052 803 1107 accersierunt
822 1050 983 1114 illam,
1014 1058 1062 1105 et
1086 1049 1389 1103 aestimantes
1412 1044 1557 1100 illam
1583 1044 1798 1097 anticum

222 1144 539 1213 deﬂuxerunt
559 1145 579 1214 (
598 1143 728 1215 Sep.
761 1160 798 1209 ι,
829 1144 898 1198 i3
921 1185 937 1210 ,
969 1142 1055 1210 Η,
1088 1140 1211 1211 16).
1245 1140 1387 1209 Ergo
1410 1134 1709 1208 appetendo
1733 1133 1801 1188 il-

222 1233 320 1287 lam
342 1233 701 1300 deﬂuxerunt,
727 1244 783 1289 et
808 1234 861 1289 in
892 1242 1120 1289 mortem
1148 1233 1440 1295 ,irruerunt,
1471 1229 1801 1283 aestimantes

220 1322 358 1378 ilhm
382 1323 485 1379 sibi
501 1338 624 1379 esse
669 1324 895 1379 amicam
930 1341 944 1378 :
983 1321 1254 1393 quomodo
1273 1319 1554 1375 :estimavit
1573 1315 1799 1387 populus

239 1415 492 1481 amicum,
519 1422 575 1470 ct
602 1416 787 1484 petivit
822 1430 1002 1485 regem
1050 1412 1343 1472 inimicum.
1398 1408 1633 1465 Extorsit
1655 1407 1798 1462 enim

222 1506 445 1576 populus
474 1522 504 1560 a
549 1507 774 1561 Domino
808 1506 1008 1562 habere
1036 1521 1235 1575 regem,
1271 1511 1327 1559 et
1365 1502 1523 1558 datus
1540 1510 1621 1556 est
1649 1498 1801 1564 Saul,

222 1606 467 1667 tanquam
498 1596 612 1653 dati
639 1607 817 1657 essent
837 1598 910 1652 illi
942 1599 999 1653 in
1031 1610 1219 1653 manus
1256 1607 1414 1659 suas,
1442 1592 1536 1662 qui
1558 1590 1803 1646 manibus

221 1694 273 1740 et
299 1688 479 1742 verbis
505 1690 866 1755 accersierimt
890 1695 1136 1751 mortem,
1165 1693 1219 1740 et
1237 1684 1459 1754 ﬁgurata
1479 1689 1562 1737 est
1585 1682 1638 1736 in
1687 1680 1805 1750 ipso

220 1777 256 1831 S
289 1777 379 1832 ille
392 1777 505 1845 ipsa
521 1793 683 1833 mors.
707 1776 830 1837 ideo
843 1777 1075 1846 psalmus
1094 1775 1181 1830 ille
1200 1773 1458 1845 septimus
1470 1771 1708 1826 decimus
1723 1769 1803 1824 sic

223 1866 382 1925 habet
409 1868 618 1923 titulum
663 1885 677 1923 :
710 1867 776 1923 In
803 1868 886 1923 die
921 1884 1021 1938 qua
1047 1866 1271 1922 liberauit
1299 1880 1415 1919 eum
1439 1862 1691 1918 Dominus
1739 1861 1805 1915 de

221 1974 372 2012 manu
400 1959 626 2013 omnium
648 1958 966 2015 immiserunt
983 1959 1111 2028 ejus,
1134 1965 1182 2012 et
1205 1956 1269 2010 de
1303 1970 1456 2009 ιιιιιηιι
1477 1952 1628 2009 Sail.
1660 1951 1804 2005 Dixit

222 2049 413 2117 primo,
453 2064 644 2105 omnes
686 2049 928 2111 inimicos
970 2048 1114 2118 ejus;
1170 2057 1227 2103 et
1278 2054 1500 2117 postea,
1556 2044 1622 2098 de
1647 2058 1805 2096 manu

222 2142 351 2197 Sail
377 2158 397 2197 :
421 2143 544 2212 quia
568 2142 859 2198 novissima
876 2140 1093 2199 inimica
1108 2139 1409 2195 destruetur
1425 2151 1571 2192 mors
1598 2134 1656 2206 (l
1678 2135 1802 2192 Cor.

220 2248 308 2299 xv,
342 2232 469 2306 26).
495 2234 632 2303 Quid
655 2241 759 2297 est,
792 2231 861 2286 Et
879 2233 947 2294 de
965 2248 1120 2287 manu
1160 2230 1329 2286 Sail?
1365 2228 1628 2297 Quoniam
1672 2240 1804 2282 exe-

222 2324 317 2378 mit
336 2339 437 2380 nos
460 2324 531 2379 ob
557 2324 737 2379 inferis
759 2331 812 2379 et
834 2322 905 2387 de
943 2337 1102 2379 manu
1129 2322 1315 2379 mortis
1343 2319 1588 2379 liberavit
1609 2331 1731 2372 nos.

285 2414 343 2471 3.
388 2413 525 2469 Cum
566 2428 695 2485 ergo
729 2412 855 2469 Sail!
895 2422 1303 2482 persequeretur
1341 2413 1513 2465 virum
1555 2418 1801 2464 sanctum

221 2505 418 2574 David,
462 2506 699 2577 confugit
740 2505 902 2561 David
947 2505 1034 2560 ubi
1065 2514 1234 2560 tutum
1264 2501 1507 2573 putavit:
1536 2498 1800 2555 transiens

221 2611 314 2666 per
337 2596 671 2663 sacerdotem
696 2596 979 2666 quemdam
1006 2594 1345 2661 Achimelech
1367 2633 1384 2661 ,
1414 2590 1620 2661 accepit
1641 2590 1710 2645 ab
1734 2603 1800 2644 eo

221 2702 400 2758 panes.
430 2686 531 2744 Ubi
557 2688 800 2758 ﬁguravit
823 2687 983 2743 etiam
1014 2700 1319 2757 personam,
1350 2698 1454 2741 non
1482 2690 1687 2738 tantum
1714 2697 1803 2737 re-

220 2777 326 2846 gis,
357 2777 454 2833 sed
493 2786 550 2833 et
576 2776 906 2833 sacerdotis:
937 2776 1061 2847 quia
1096 2775 1439 2830 manducavit
1468 2786 1631 2843 panes
1671 2787 1799 2841 pro-

220 2867 530 2938 positionis,
570 2883 725 2937 quos,
765 2868 905 2925 sicut
941 2866 1069 2925 dicit
1113 2863 1368 2920 Dominus
1396 2864 1451 2920 in
1477 2860 1797 2931 Evangelio,

219 2976 317 3023 non
345 2960 527 3014 licebat
567 2959 875 3015 manducare
912 2960 1011 3014 nisi
1050 2958 1174 3014 solis
1209 2954 1551 3012 sacerdotibus
1581 2952 1818 3023 (Matth.

140 3046 145 3055 ’
220 3064 314 3114 xu,
341 3048 421 3121 Δ),
454 3050 644 3105 Postea
671 3048 835 3117 cmpit
854 3063 976 3103 eum
1002 3060 1244 3117 quaerere
1267 3044 1416 3109 Sm'tl,
1447 3053 1501 3099 et
1525 3043 1689 3098 iratus
1717 3049 1798 3097 est

221 3141 329 3194 suis
354 3139 497 3210 quod
529 3153 688 3193 nemo
728 3152 856 3193 eum
892 3137 993 3193 sibi
1022 3136 1182 3191 vellet
1211 3133 1457 3205 prodere.
1485 3132 1600 3188 Hoc
1638 3130 1804 3190 modo.

222 3232 411 3288 lectum
439 3240 525 3286 est
549 3232 601 3283 in
630 3230 766 3284 libro
798 3229 1119 3298 Regnorum.
1152 3226 1279 3282 Erat
1305 3233 1483 3281 autem
1510 3223 1585 3285 ibi
1618 3222 1798 3279 Doech

220 3322 460 3391 quidam,
492 3319 706 3388 quando
723 3328 939 3385 venerat
969 3318 1057 3372 ille
1083 3316 1148 3371 ad
1182 3313 1522 3371 Acbimelech
1549 3312 1799 3369 sacerdo-

222 3418 358 3476 tem,
404 3412 655 3482 princeps
696 3419 965 3477 pastorum
1009 3407 1177 3477 Saul,
1220 3406 1502 3463 ldunueus.
1532 3404 1634 3472 Qui
1676 3419 1798 3459 cum

221 3503 430 3558 adesset
451 3500 667 3572 quando
691 3498 817 3556 Saul
845 3497 1173 3554 irascebatur
1193 3498 1323 3561 suis,
1346 3495 1491 3566 quod
1517 3493 1694 3551 nullus
1725 3495 1800 3548 illi

223 3595 381 3657 vellet
407 3593 636 3663 prodere
665 3590 847 3656 David,
878 3589 1112 3661 prodidit
1139 3588 1230 3642 ubi
1253 3601 1375 3642 eum
1398 3585 1637 3641 vidisset.
1661 3584 1802 3640 Misit

221 3687 470 3742 continuo
494 3683 643 3749 Sani,
669 3681 908 3738 exhibuit
930 3679 1261 3736 sacerdotem
1287 3686 1342 3734 et
1358 3690 1546 3737 omnes
1567 3676 1686 3745 ejus
1705 3716 1719 3738 .
1745 3684 1801 3730 et

220 3777 369 3846 jussit
401 3775 593 3833 occidi.
625 3774 792 3829 Nemo
825 3786 989 3827 ausus
1029 3780 1113 3826 est
1140 3769 1415 3824 hominum
1452 3767 1592 3837 regis
1629 3765 1758 3823 εδει]
1781 3804 1798 3831 ,

224 3885 319 3927 nec
338 3871 562 3939 iubente
587 3883 741 3938 rege,
779 3867 988 3922 mittere
1014 3877 1226 3919 manum
1266 3862 1318 3916 in
1348 3859 1653 3916 sacerdotes
1690 3858 1798 3913 Do-

223 3964 392 4023 mini:
431 3961 533 4018 sed
577 3961 668 4017 ille
708 3960 797 4028 qui
830 3956 1164 4028 prochderat,
1211 3955 1346 4011 sicut
1371 3952 1567 4016 ludas,
1611 3949 1701 4021 qui
1766 3965 1798 4005 a

224 4055 494 4127 proposito
517 4065 617 4109 suo
645 4066 749 4107 non
780 4049 1034 4113 recessit,
1063 4056 1121 4102 et
1147 4061 1315 4116 usque
1339 4044 1391 4099 in
1424 4043 1582 4099 linem
1608 4055 1799 4112 perse-

220 4148 422 4203 veravit
441 4146 513 4202 de
537 4144 624 4200 ills
649 4142 829 4199 radice
853 4142 1051 4197 fructus
1072 4137 1230 4199 ferre,
1254 4136 1479 4208 (quales,
1503 4134 1603 4191 nisi
1615 4132 1800 4204 quales

222 4238 322 4295 fert
355 4238 520 4293 arbor
539 4233 746 4305 mala?)
776 4231 972 4288 occidit
1010 4227 1189 4285 Doech
1227 4228 1328 4281 iste
1369 4239 1528 4280 manu
1556 4237 1653 4278 sua
1674 4263 1688 4288 ,
1713 4221 1802 4291 ju-

222 4327 381 4384 heutc
418 4340 576 4397 rege,
604 4322 935 4380 sacerdotem
971 4330 1028 4378 et
1066 4332 1255 4376 omnes
1296 4316 1450 4385 ejus:
1479 4312 1673 4371 deinde
1699 4312 1800 4367 de-

222 4418 417 4476 bellata
444 4426 542 4476 est
581 4415 768 4472 civitas
810 4414 969 4470 etiam
1015 4408 1351 4467 sacerdotum
1382 4405 1426 4475 (Ι
1456 4405 1585 4475 Reg.
1621 4417 1714 4458 xxi
1752 4410 1801 4456 et

222 4512 378 4582 xxu).
422 4509 729 4566 Invenimus
773 4520 901 4576 ergo
946 4502 1123 4559 Doech
1167 4502 1327 4557 istum
1371 4498 1642 4555 inimicum
1687 4495 1800 4565 regi

222 4602 386 4659 David
404 4611 460 4658 et
476 4599 741 4657 sacerdoti
762 4595 1123 4654 Achimelech.
1146 4593 1295 4651 Unus
1315 4593 1476 4648 homo
1493 4598 1577 4647 est
1597 4589 1796 4654 Doecb,

221 4695 317 4751 sed
344 4690 813 4764 genus'hominum
841 4698 924 4743 est
965 4686 1144 4743 Doech
1169 4702 1184 4740 :
1214 4683 1354 4740 sicut
1379 4682 1547 4739 David
1586 4690 1641 4736 et
1679 4696 1801 4735 cor-

220 4798 321 4853 pus
345 4784 515 4853 ipsum
534 4781 681 4851 regis
700 4789 754 4834 et
780 4777 1097 4844 sacerdotis,
1129 4785 1376 4844 tanquam
1406 4786 1547 4828 unus
1567 4771 1726 4827 homo
1744 4779 1799 4825 et

220 4873 342 4930 dtu:
385 4886 664 4943 personae,
712 4868 808 4925 sed
854 4876 1031 4923 tatnen
1076 4881 1240 4923 uitium
1287 4878 1456 4934 genus
1498 4862 1795 4919 hominum.

219 4963 448 5020 Proinde
474 4963 530 5018 in
558 4961 664 5017 isto
702 4969 976 5030 tempore.
1003 4966 1060 5014 et
1084 4957 1137 5013 in
1169 4956 1272 5012 isto
1294 4953 1490 5010 sectile
1523 4952 1798 5007 videamus

218 5052 337 5109 hac
361 5053 464 5110 duo
490 5067 688 5125 genera
704 5092 719 5115 ,
746 5061 804 5107 ut
834 5051 1094 5120 pertineat
1120 5048 1187 5113 ad
1214 5047 1494 5111 utilitatem
1523 5053 1757 5099 nostram
1779 5084 1794 5108 ,

218 5143 300 5197 vel
329 5143 467 5211 quod
496 5149 804 5203 cantamus.
835 5140 921 5195 vel
945 5139 1084 5209 quod
1114 5138 1317 5193 cantari
1344 5136 1610 5191 audimus.
1641 5133 1797 5189 Modo

219 5232 492 5288 videamus
522 5232 726 5295 Doocb,
763 5230 923 5285 modo
943 5228 1216 5285 videmnus
1242 5242 1437 5296 corpus
1466 5225 1605 5294 regis
1631 5234 1686 5281 et
1706 5238 1796 5279 sa-

215 5324 476 5389 cerdotis,
508 5323 670 5378 modo
712 5321 985 5381 videamus
1019 5334 1215 5389 corpus
1240 5318 1512 5378 hominum
1537 5315 1794 5375 adversus

218 5428 396 5485 regem
424 5422 481 5472 et.
504 5415 861 5472 sacerdotem.

288 5507 346 5562 ι.
375 5507 554 5563 Primo
578 5504 795 5564 nomina
819 5505 933 5574 ipsa
957 5502 1213 5559 attendite
1237 5515 1395 5571 quam
1416 5498 1641 5571 mystica
1663 5497 1791 5553 sint.

220 5597 400 5652 Doech
444 5599 824 5667 interpretatur
865 5595 1078 5654 Motus:
1119 5593 1379 5649 idumaeus
1422 5592 1798 5659 interpretatur

218 5689 504 5746 Terrenus.
528 5689 647 5746 1am
676 5687 853 5745 videte
872 5688 1027 5757 quale
1049 5702 1216 5755 genus
1244 5684 1516 5739 hominum
1535 5681 1796 5751 signiticet

221 5781 399 5836 Doech
418 5782 517 5839 iste
535 5789 715 5839 motus
737 5797 753 5839 :
786 5793 890 5837 non
909 5792 1037 5849 ergo
1062 5789 1410 5849 perseverans
1432 5774 1484 5829 in
1510 5780 1791 5838 aeternum,

1339 380 1734 441 ENA’BRATIO
1772 378 1835 435 IN
1877 377 2201 435 PSALHIJM
2237 379 2325 434 LI.

2767 254 2799 301 Ο

3371 387 3479 444 ϐω

1899 489 1995 548 sed
2022 489 2380 559 emigrandus.
2420 490 2723 547 Terreous:
2755 493 2882 563 quid
2924 498 3241 568 exspectatis
3269 498 3337 556 de
3374 501 3477 559 he—

1900 582 2046 637 mine
2089 591 2303 638 terreno
2336 582 2542 652 aliquos
2577 582 2816 640 fructus?
2855 588 3098 645 Calestis
3125 592 3143 623 ⁸
3184 591 3345 649 homo
3373 597 3483 649 erit

1901 672 1957 727 in
1993 670 2271 728 atomum.
2292 673 2393 728 Est
2417 687 2547 742 ergo
2574 688 2798 743 regnum
2828 685 3093 740 terrenum
3115 722 3134 749 ,
3159 690 3218 736 ut
3241 682 3478 741 breviter

1901 758 2074 817 dicem
2101 770 2158 817 et
2179 761 2288 818 cito
2314 761 2578 817 insinuem
2598 800 2614 825 .
2645 761 2805 821 hodie
2831 764 2883 819 in
2911 764 3020 825 ista
3036 769 3253 835 smcuio,
3284 771 3379 827 ubi
3397 783 3482 830 est

1903 857 1959 906 et
2007 860 2229 922 regnum
2279 852 2521 909 caleste.
2571 851 2889 923 Peregrinos
2948 854 3109 918 habet
3154 859 3302 915 cives
3353 877 3483 917 suos

1904 949 2188 1012 utrumque
2210 957 2463 1012 regnum,
2490 958 2712 1013 regnum
2744 954 3014 1001 terrenum
3038 955 3095 1002 et
3120 962 3341 1019 regnum
3366 966 3483 1008 em-

1904 1031 2073 1102 leste,
2119 1052 2337 1106 mgnum
2381 1037 2752 1093 eradicandum
2783 1048 2839 1093 et
2880 1053 3100 1107 regnum
3130 1041 3183 1095 in
3225 1050 3485 1100 aeternum

1906 1125 2272 1194 plantandtun.
2310 1129 2465 1185 Modo
2492 1131 2544 1185 in
2575 1130 2677 1187 hoc
2699 1132 2904 1188 suacqu
2921 1132 3067 1188 cives
3094 1135 3368 1205 utriusque
3396 1153 3483 1193 re-

1908 1220 1995 1288 gni
2025 1221 2271 1290 permixti
2310 1229 2433 1276 sunt
2458 1239 2472 1275 :
2502 1237 2697 1292 corpus
2739 1224 2886 1293 regni
2928 1225 3158 1288 terreni.
3199 1236 3255 1281 et
3291 1241 3489 1298 corpus

1907 1309 2057 1380 regni
2083 1309 2318 1366 celestis
2342 1312 2684 1368 commixtum
2721 1321 2824 1368 est.
2863 1312 3107 1383 Regnum
3145 1315 3359 1373 calcate
3393 1331 3487 1385 ge-

1906 1398 2006 1454 mit
2031 1398 2169 1454 inter
2203 1400 2349 1455 cives
2389 1403 2536 1471 regni
2578 1401 2809 1467 terreni,
2839 1412 2892 1456 et
2935 1401 3219 1472 aliquando
3260 1402 3404 1474 (nam
3430 1413 3488 1462 et

1909 1488 2012 1546 hoc
2038 1490 2317 1546 tacendum
2345 1506 2451 1547 non
2493 1492 2608 1563 est)
2635 1492 3025 1562 quodammodo
3057 1508 3281 1563 regnum
3321 1504 3489 1551 terre-

1907 1594 2035 1639 num
2060 1582 2298 1650 angariat
2336 1582 2480 1637 cives
2502 1583 2647 1651 regni
2677 1583 2933 1638 emtor-um
2954 1623 2970 1648 ,
3013 1591 3069 1638 et
3112 1596 3331 1653 regnum
3373 1599 3487 1641 cte-

1906 1669 2042 1726 leste
2066 1672 2305 1741 angariat
2328 1672 2472 1727 cives
2498 1673 2645 1741 regni
2674 1673 2889 1727 terreni.
2924 1671 3221 1743 Utrumque
3247 1673 3398 1730 vobis
3417 1674 3489 1731 de

1906 1759 2177 1829 Scriptura
2210 1761 2302 1816 Dei
2342 1761 2845 1819 demonstrabimus.
2894 1762 3077 1819 Daniel
3113 1773 3166 1818 et
3201 1774 3308 1819 tres
3335 1766 3485 1834 pueri

1906 1848 1962 1904 in
2005 1850 2291 1922 Babylonia
2319 1851 2588 1921 ιιι-τεροδίιί
2627 1861 2752 1907 sunt
2789 1854 3012 1923 negotiis
3041 1854 3180 1925 regis
3208 1852 3382 1927 (Dan.
3409 1871 3485 1923 ιι,

1903 1940 2000 2010 ιθ)
2029 1958 2042 1994 :
2089 1941 2287 2011 Joseph
2314 1943 2367 1997 in
2397 1943 2631 2013 Egypto
2656 1943 2922 1998 secundus
2950 1959 2981 1999 a
3021 1959 3145 2014 rege
3174 1946 3375 2015 positus
3401 1954 3487 2003 est

1904 2030 2277 2088 administrare
2296 2031 2679 2102 rempublicam
2709 2032 2860 2103 (Gen.
2892 2049 3003 2098 xu,
3030 2033 3144 2105 40),
3174 2037 3242 2091 de
3270 2051 3370 2104 quo
3396 2052 3485 2092 re-

1904 2121 2115 2191 publica
2154 2130 2272 2176 erat
2315 2121 2539 2191 populus
2584 2121 2676 2178 ille
2717 2122 2811 2177 Dei
2860 2122 3166 2178 liberandus
3208 2141 3222 2177 :
3263 2124 3314 2180 in
3372 2125 3486 2195 ipsa

1905 2213 2174 2280 republica
2227 2214 2497 2284 angariam
2547 2214 2941 2285 quodammodo
2987 2214 3211 2270 faciebat
3263 2216 3484 2286 .loseph,

1903 2303 2041 2365 sicut
2083 2306 2158 2360 illi
2209 2315 2316 2361 tres
2364 2305 2534 2376 pueri,
2580 2306 2719 2362 sicut
2770 2306 2976 2361 Daniel.
3026 2306 3358 2362 Manifestum
3400 2314 3487 2365 est

1905 2409 2033 2467 ergo
2073 2397 2219 2466 quod
2250 2406 2530 2468 usurparet
2571 2397 2672 2463 sibi
2715 2396 2781 2452 ad
2824 2412 2987 2467 opera
3024 2412 3153 2465 sua,
3200 2397 3252 2454 id
3300 2405 3384 2454 est
3418 2398 3486 2455 ad

1902 2500 2067 2557 opera
2110 2488 2260 2558 regni
2301 2488 2420 2556 sui,
2465 2503 2570 2543 non
2615 2487 2682 2542 ad
2727 2487 2863 2543 facta
2910 2503 3004 2543 sua
3048 2488 3219 2555 mala,
3268 2504 3487 2559 regntmt

1905 2585 2174 2634 terrenum
2204 2577 2350 2634 cives
2384 2578 2535 2649 regni
2573 2578 2854 2635 cmlorum.
2888 2577 3023 2645 Quid
3049 2587 3104 2633 et
3136 2593 3355 2648 regnum
3380 2592 3489 2635 om-

1902 2666 2110 2736 lorum,
2142 2671 2412 2740 quomodo
2451 2678 2671 2738 usurpat
2711 2668 2764 2724 in
2813 2669 2916 2723 hoc
2952 2668 3149 2724 saeculo
3174 2669 3241 2723 ad
3277 2678 3491 2739 tempus

1902 2758 2048 2817 cives
2090 2758 2237 2829 regni
2278 2758 2518 2814 terreni?
2558 2757 2746 2813 Nonne
2781 2757 2849 2813 de
2888 2756 2973 2812 his
3002 2756 3288 2825 Apostolus
3328 2758 3482 2823 dicit,

1901 2846 2043 2917 quod
2077 2864 2180 2902 non
2220 2855 2366 2903 caste
2403 2846 2748 2917 Evangelium
2790 2846 3202 2909 annuntiabant.
3256 2846 3349 2902 sed
3382 2857 3490 2902 tero

1900 2952 2031 3007 vena
2058 2937 2423 2993 desiderantes
2442 2952 2664 3008 regnum
2686 2936 2943 2993 cmlorum
2972 2936 3360 3005 prmdieabant;
3386 2951 3487 2995 sua
3558 2999 3573 3013 ο

1900 3027 2228 3098 quaerebant,
2257 3035 2313 3082 et
2338 3026 2608 3083 Christum
2637 3025 3062 3085 annuntiabant?
3092 3024 3162 3080 Et
3187 3034 3247 3081 ut
3271 3026 3486 3081 noveri-

1902 3117 1974 3178 tis
2009 3116 2151 3187 quod
2192 3126 2246 3171 et
2287 3115 2388 3186 ipsi
2431 3116 2497 3171 ad
2540 3130 2677 3188 opus
2714 3115 2862 3186 regni
2900 3115 3192 3179 cmlorum,
3238 3124 3486 3185 tanquam

1907 3208 2224 3265 mercenarii
2250 3209 2511 3280 assumpti
2538 3216 2683 3273 sunt,
2714 3207 3004 3278 Apostolus
3025 3206 3261 3275 gaudens
3285 3206 3352 3262 de
3382 3205 3487 3263 illis

1903 3302 2069 3357 dicit:
2102 3301 2240 3358 Sunt
2259 3302 2347 3372 qui
2377 3318 2467 3372 per
2490 3301 2733 3355 invidiam
2760 3308 2809 3353 et
2829 3300 3192 3354 contentionem
3231 3297 3497 3353 Christum

1903 3396 2206 3459 annumiant
2233 3410 2333 3448 non
2359 3403 2510 3456 caste,
2538 3392 2881 3447 existimantes
2905 3390 3271 3444 tribulationem
3296 3406 3350 3443 se
3374 3405 3488 3445 sus-

1903 3489 2062 3543 citare
2094 3485 2308 3539 vinculis
2344 3484 2486 3538 meis.
2532 3484 2668 3551 Quid
2707 3484 2840 3538 enim
2876 3483 2998 3537 dunt
3037 3482 3175 3536 omni
3210 3481 3358 3536 modo
3385 3483 3489 3539 sive

1904 3593 1994 3647 per
2019 3575 2329 3631 occasionem
2353 3574 2457 3628 sive
2484 3590 2572 3643 per
2593 3556 2851 3627 veritatem
2876 3570 3105 3626 Christus
3122 3572 3489 3627 annuntietur?

1906 3666 1973 3723 Et
1997 3668 2052 3722 in
2077 3667 2170 3721 hoc
2192 3664 2387 3737 gaudeo
2404 3705 2420 3728 .
2448 3664 2536 3719 sed
2557 3662 2843 3735 elgaudebo
2873 3661 3127 3732 (Philipp.
3154 3677 3194 3722 ι.
3225 3663 3353 3717 17η
3370 3661 3483 3732 l8).

1905 3760 1981 3815 De
2010 3758 2205 3814 talibus
2229 3757 2389 3814 etiam
2431 3755 2674 3814 Christus
2700 3755 3010 3820 annuntiat,
3039 3754 3261 3810 dicens:
3298 3752 3485 3808 Phari-

1901 3851 1993 3906 αΒὶ
2014 3859 2061 3905 et
2088 3847 2284 3906 Scrilue
2305 3863 2459 3915 super
2479 3845 2771 3901 cathedram
2794 3843 2962 3915 Moysi
2987 3842 3242 3899 sederunt.
3273 3842 3398 3911 Quae
3414 3842 3490 3896 di-

1901 3949 2054 4005 cunt,
2094 3940 2418 4009 facilesque
2442 3946 2611 3993 autem
2650 3936 2873 4007 faciunt,
2908 3935 3074 4005 facere
3093 3935 3284 3991 nolite:
3314 3935 3487 3988 dicunt

1903 4032 2057 4094 enim.
2084 4040 2129 4086 et
2155 4046 2256 4085 non
2281 4028 2473 4100 faciunt
2503 4026 2713 4098 (Matth.
2743 4041 2901 4089 χχιιι,
2926 4024 2983 4089 2,
3011 4024 3090 4093 5).
3123 4024 3253 4093 Qua:
3280 4025 3483 4086 dicunt,

1904 4121 2171 4191 pertinent
2198 4119 2264 4174 ad
2295 4117 2493 4183 David;
2523 4133 2644 4188 qua:
2665 4126 2839 4172 autem
2869 4115 3094 4176 faciunt.
3130 4116 3393 4184 pertinent
3418 4114 3487 4169 ad

1903 4211 2107 4267 Docch.
2135 4210 2237 4269 Per
2274 4209 2397 4264 illos
2419 4224 2506 4264 me
2532 4207 2746 4271 audite,
2788 4207 2906 4261 illos
2934 4205 3126 4260 imitari
3165 4206 3349 4259 nolite.
3382 4204 3486 4258 Ista

1903 4301 2009 4358 duo
2032 4314 2227 4371 genera
2254 4298 2527 4357 hominum
2558 4305 2681 4351 sunt
2702 4296 2857 4350 hodie
2880 4296 2931 4349 in
2944 4287 3115 4349 terra.
3146 4295 3219 4348 De
3244 4296 3324 4348 his
3353 4294 3489 4348 duo-

1902 4390 2004 4446 hus
2031 4388 2316 4459 generibus
2345 4386 2618 4440 hominum
2646 4392 2820 4439 cantat
2858 4383 3093 4450 psalmus
3122 4383 3242 4436 iste.

1974 4480 2028 4535 5.
2060 4477 2208 4550 [vers.
2242 4476 2293 4541 i,
2333 4474 2414 4549 2.]
2458 4474 2629 4530 Habet
2674 4483 2852 4528 autem
2903 4470 3096 4526 Psalmi
3144 4471 3324 4525 titulus
3360 4489 3374 4525 :
3418 4470 3484 4525 In

1902 4570 2056 4639 linem
2082 4568 2361 4623 intellectus
2389 4565 2553 4620 David
2571 4606 2586 4632 ,
2614 4581 2729 4618 cunt
2759 4562 2889 4618 venit
2914 4561 3089 4617 Docclt
3114 4560 3373 4617 Idumtcus
3390 4604 3406 4628 ,
3436 4572 3503 4617 et.

1902 4662 2149 4717 nuntiarit
2191 4659 2323 4717 δαᾶί
2344 4675 2363 4713 :
2404 4657 2546 4713 Venit
2592 4655 2758 4709 Dauid
2794 4655 2848 4708 in
2878 4654 3082 4707 domum
3113 4651 3393 4707 Abintelech
3419 4655 3438 4685 ²
3465 4672 3480 4708 :

1902 4768 2024 4807 cum
2054 4753 2291 4820 legamus
2319 4764 2441 4807 etim
2472 4748 2683 4802 venisse
2710 4747 2764 4800 in
2782 4744 2997 4800 domum
3024 4743 3387 4800 Achimelecb.
3420 4744 3484 4801 Et

1902 4842 2128 4897 fortasse
2161 4839 2301 4910 quod
2336 4854 2441 4894 non
2470 4838 2700 4892 absurde
2739 4835 2996 4891 sentimus
3034 4840 3254 4904 prepter
3289 4834 3483 4891 simili-

1903 4934 2138 4990 tudinem
2165 4932 2399 4989 nominis
2419 4971 2434 4998 ,
2479 4938 2534 4983 et
2563 4929 2717 4984 unius
2741 4923 2958 4998 syllaba:
2985 4924 3336 4981 diﬂ'ercntiam
3353 4967 3368 4990 ,
3402 4926 3482 4980 vel

1902 5026 2076 5095 potius
2110 5024 2263 5080 unius
2302 5022 2520 5085 litterae,
2556 5020 2739 5074 variati
2780 5026 2903 5073 sunt
2943 5017 3175 5073 tituli.ln
3214 5006 3505 5073 codicibus

1902 5124 2082 5170 tamen
2110 5114 2439 5168 Psalmorum
2468 5127 2587 5165 cum
2624 5110 3008 5178 inspiceremus
3030 5152 3043 5171 .
3072 5109 3238 5177 magis
3261 5107 3483 5162 Abime-

1900 5205 2018 5263 lech
2043 5220 2201 5276 quam
2228 5200 2570 5258 Achimelech
2596 5200 2908 5255 invenimus.
2931 5199 2997 5253 Et
3021 5200 3266 5266 quoniam
3297 5198 3349 5249 in
3378 5197 3485 5249 alio

1899 5298 2018 5354 loco
2036 5297 2200 5351 habes
2225 5293 2680 5350 evidentissimum
2712 5292 2996 5361 psalmum,
3025 5305 3129 5344 non
3157 5288 3486 5343 dissimilitu-

1899 5391 2076 5445 dinem
2094 5387 2344 5451 nominis,
2362 5384 2456 5439 sed
2480 5398 2694 5453 prorsus
2713 5383 2979 5438 diversum
3003 5395 3195 5434 nomen
3222 5378 3485 5432 insinuan-

1900 5491 2028 5546 tem;
2046 5478 2472 5549 quandoquidem
2502 5476 2663 5532 David
2680 5486 2802 5530 ante
2828 5488 3007 5543 regem
3034 5471 3215 5537 Achis,
3237 5487 3341 5525 non
3360 5484 3484 5526 ante

1964 5594 1981 5626 ι
2015 5594 2088 5643 sic
2110 5592 2290 5656 aliquot
2312 5599 2416 5641 Mss.
2445 5590 2648 5649 Athd.,
2673 5585 2855 5652 aliquos
2885 5585 3071 5647 fructus
3107 5581 3352 5635 cwlcstcs?
3388 5590 3482 5632 Ho-

1899 5667 1994 5748 me,
2020 5661 2242 5776 tetigique
2264 5710 2780 5776 Mss.,APsahnit_itnl_ns
2795 5745 2808 5763 .
2834 5704 3101 5776 nuntiatum
3124 5719 3226 5776 esse
3256 5703 3388 5756 διιῖεί
3420 5702 3478 5756 de

1901 5775 2077 5837 David,
2100 5766 2229 5839 qu'od
2253 5766 2429 5827 venerit
2456 5771 2609 5825 David
2627 5772 2675 5824 in
2698 5770 2888 5822 domum
2919 5766 3202 5820 .tbirnrlech.
