4042 6476
528 361 634 419 603

527 489 705 546 regem
735 472 1039 528 Abimclech
1071 469 1366 526 immutavit
1391 467 1578 522 faciem
1609 480 1786 532 suam,
1813 475 1871 520 et
1898 464 2104 519 dimisit

526 582 679 632 eum,
707 573 763 620 et
798 564 960 618 abiit:
996 564 1178 618 titulus
1211 572 1385 617 autem
1427 559 1723 614 Psalmisic
1743 559 1973 626 scriptus
1997 568 2098 624 est,

527 661 745 728 Quando
761 661 1041 715 immutavit
1057 658 1246 714 vultum
1260 675 1407 713 suum
1423 674 1592 711 coram
1613 655 1898 709 Abimelech
1925 652 2094 724 (Psal;

525 767 716 816 xum,
750 752 804 821 1)
829 769 843 804 :
874 752 984 820 ipsa
1013 750 1180 819 magis
1204 749 1424 802 mutatio
1449 748 1676 800 nominis
1703 746 1754 798 iu
1785 743 2110 814 mysterium-

523 841 650 896 facit
667 843 915 904 intentos,
942 857 1008 896 ne
1027 849 1272 910 tauquam
1291 854 1376 893 res
1407 837 1642 891 historia:
1669 833 2024 904 persequaris,
2047 841 2109 886 et-

524 943 728 987 saerata
749 934 764 965 ί
784 933 894 988 vela
917 943 1245 988 contemnas.
1273 931 1574 984 Discussum
1594 943 1784 982 nomen
1810 927 1863 980 in
1893 925 2105 996 psalmo

488 1008 492 1014 ί
521 1025 615 1080 illo
635 1066 649 1088 ,
693 1026 833 1095 quod
862 1033 946 1080 est
975 1023 1282 1078 Abimelech
1301 1063 1315 1086 ,
1351 1021 1615 1076 invenitur
1655 1020 2061 1088 interpretatum
2081 1056 2096 1080 ,

520 1115 692 1170 Patris
735 1116 838 1170 mei
881 1131 1120 1184 regnum.
1159 1113 1436 1179 Quomodo
1477 1121 1651 1166 autem
1693 1110 1858 1180 patris
1899 1109 1980 1163 sui
2009 1124 2103 1165 re-.

520 1223 683 1278 gnum
709 1207 908 1262 dimisit
940 1207 1102 1261 David
1122 1248 1136 1271 ,
1168 1215 1220 1261 et
1245 1205 1404 1270 abiit,
1437 1204 1536 1257 nisi
1567 1201 1831 1272 quomodo
1857 1199 2098 1255 Christus

521 1315 744 1369 regnum
786 1298 1088 1353 Iud-.eorum
1127 1297 1354 1361 dimisit,
1405 1305 1459 1350 et
1499 1294 1564 1348 ad
1595 1295 1790 1348 Gentes
1820 1291 2102 1346 transivit?

522 1388 656 1443 Hinc
681 1389 920 1443 fortassis
966 1389 1122 1442 etiam
1155 1388 1497 1457 propheticus
1538 1386 1754 1455 spiritus
1791 1383 2098 1438 adscribcns

521 1481 730 1535 titulum
761 1482 965 1550 psalmo
997 1481 1146 1546 huic,
1188 1480 1352 1534 voluit
1386 1488 1444 1532 ut
1484 1493 1589 1532 non
1627 1477 1824 1531 diceret
1855 1474 2101 1530 Achime-

521 1571 669 1637 lceh,
705 1571 796 1624 sed
838 1571 1183 1637 Abimelech,
1230 1570 1353 1640 quia
1393 1567 1604 1638 quando
1648 1566 1794 1619 venit
1834 1564 1995 1618 David
2030 1564 2109 1619 ad

521 1666 688 1732 patris
713 1663 794 1718 sui
822 1678 1065 1733 regnum,
1098 1671 1222 1716 tunc
1248 1671 1329 1716 est
1355 1659 1629 1730 proditus;
1659 1658 1759 1712 hoc
1783 1666 1866 1712 est
1887 1657 2101 1727 quando

522 1755 669 1807 venit
698 1754 950 1807 Dominus
976 1763 1160 1808 noster
1196 1753 1353 1808 Jesus
1387 1751 1628 1805 Christus
1664 1746 1729 1802 ad
1759 1763 1976 1818 regnum
2005 1748 2102 1803 Ju-

524 1844 759 1900 daaorum
791 1845 1089 1900 institutum
1126 1859 1156 1898 a
1184 1844 1338 1898 Patre
1374 1859 1470 1898 suo
1489 1883 1504 1907 ,
1531 1842 1598 1896 de
1626 1857 1732 1911 quo
1757 1841 1911 1907 dicit,
1943 1841 2101 1909 Aufe-

523 1946 664 1992 retur
690 1954 722 1990 a
747 1937 880 1991 vobis
908 1953 1121 2008 regnum
1150 1935 1263 2000 Dei,
1301 1945 1345 1989 et
1372 1935 1576 1989 dabitur
1603 1935 1738 2004 genti
1764 1933 1966 2006 facienti
1991 1932 2102 2001 fru-

525 2037 634 2082 ctus
658 2028 766 2095 eius
789 2037 836 2080 et
861 2028 1120 2097 justitiam
1161 2025 1383 2096 (Matth.
1417 2041 1536 2090 XXI,
1565 2025 1688 2092 45),
1719 2033 1842 2077 tunc
1871 2031 1953 2078 est
1979 2037 2104 2091 pro-

525 2119 668 2173 ditus
712 2119 902 2184 morti,
952 2132 1108 2186 quam
1153 2115 1416 2185 signiﬁcat
1443 2115 1590 2170 Saﬁl.
1635 2112 1751 2168 Non
1798 2121 1881 2168 est
1920 2121 2104 2166 autem

524 2209 731 2262 occisus
763 2206 859 2279 (a),
891 2208 1025 2260 sicut
1054 2219 1154 2260 nec
1190 2205 1368 2270 Isaac,
1409 2218 1528 2259 cum
1565 2211 1623 2257 et
1660 2203 1773 2271 ipse
1798 2202 2107 2271 passionem

523 2298 733 2352 Domini
783 2298 1062 2366 tiguraret;
1114 2310 1213 2349 nec
1259 2305 1432 2348 tamen
1478 2293 1592 2348 sine
1633 2293 1886 2363 sanguine
1931 2291 2106 2363 ﬁgura-

526 2398 788 2444 transacta
815 2396 916 2452 est,
949 2389 1028 2441 vel
1065 2388 1135 2441 ibi
1164 2387 1303 2441 illius
1327 2387 1507 2440 arietis
1537 2385 1686 2455 (Gen.
1715 2402 1847 2449 xxu,
1872 2384 1982 2456 1%),
2011 2386 2096 2440 vel

521 2479 610 2533 hic
638 2475 977 2532 Achin’telech
1017 2475 1326 2532 Sacerdotis.
1365 2475 1545 2545 Neque
1568 2476 1708 2530 enim
1735 2475 1902 2530 occidi
1941 2491 2099 2546 opor-

522 2571 622 2624 tuit
662 2583 789 2632 eos,
836 2584 967 2638 quos
1008 2576 1132 2622 tunc
1177 2583 1455 2634 resurgere
1495 2582 1601 2620 non
1642 2567 1965 2635 oportebat:
2002 2566 2097 2620 sed

519 2673 703 2716 eorum
734 2658 894 2711 vitam
938 2672 968 2710 a
1012 2658 1198 2710 mortis
1235 2657 1491 2726 periculo,
1523 2655 2104 2710 verumtamen-effuso

517 2747 794 2817 sanguine,
824 2746 1054 2800 liberans
1081 2745 1235 2799 Jesus
1261 2744 1702 2799 resurrectionem
1729 2745 1905 2814 potius
1933 2745 2104 2814 signi-'

515 2839 726 2902 ﬁcabat,
755 2853 870 2908 qua:
901 2837 1002 2891 hoc
1031 2835 1191 2890 modo
1228 2836 1279 2889 in
1308 2835 1412 2888 illis
1446 2834 1788 2903 ﬁgurabatur,
1817 2834 1938 2903 quia
1968 2848 2106 2889 vero-

440 2977 451 2988 .
514 2927 742 2984 Domino
773 2927 1099 2982 servabatur.
1133 2926 1289 2979 Plura
1331 2925 1457 2979 hinc
1479 2925 1582 2978 dici
1611 2926 1630 2954 ²
1676 2933 1924 2992 possent,
1953 2925 1998 2978 si
2025 2924 2096 2978 il-

511 3020 681 3075 larum
707 3034 882 3073 rerum
911 3027 1178 3088 gestarum
1208 3016 1259 3069 iu
1287 3015 1389 3070 hoc
1409 3029 1657 3070 sermone
1677 3017 2104 3084 suscepissemus-

511 3108 784 3164 tractanda
814 3107 1086 3178 mysteria.

579 3199 633 3252 6.
667 3197 814 3252 Nunc
840 3198 949 3265 jam
984 3196 1260 3250 audiamus
1291 3195 1390 3248 ista
1421 3194 1527 3249 duo
1563 3208 1757 3264 genera
1784 3194 2088 3265 hominum,

508 3288 935 3359 quandoquidem
977 3288 1044 3340 de
1092 3286 1241 3340 titulo
1282 3285 1404 3350 isto,
1449 3285 1547 3339 etsi
1579 3285 1856 3353 Operosius
1888 3295 1941 3340 et
1979 3285 2091 3340 for-

507 3389 652 3434 tasse
678 3379 966 3448 loquacius,
1001 3387 1174 3432 tamen
1203 3387 1259 3430 ut
1292 3375 1551 3430 Dominus
1579 3377 1859 3440 concessit,
1891 3377 2088 3432 exitum

505 3478 608 3524 εει.
653 3470 766 3522 Duo
792 3483 987 3538 genera
1025 3467 1300 3521 hominum
1327 3465 1584 3520 attendite
1611 3483 1624 3522 :
1659 3482 1819 3520 unum
1848 3466 2091 3522 laboran-

505 3561 634 3615 tium
655 3601 670 3626 ,
703 3559 929 3614 alterum
957 3575 1139 3612 eorum
1165 3559 1304 3612 inter
1332 3571 1464 3627 quos
1495 3558 1797 3624 laboratur;
1830 3574 1993 3612 unum
2023 3558 2090 3615 de

504 3659 644 3704 terra
665 3691 679 3713 ,
711 3650 936 3704 alterum
976 3648 1044 3702 de
1088 3648 1224 3703 caelo
1261 3647 1643 3717 cogitantium;
1689 3664 1851 3702 unum
1882 3649 1933 3702 in
1961 3664 2087 3718 pro-

502 3740 724 3795 fundum
755 3757 848 3795 cor
875 3741 1194 3794 mittentium
1217 3781 1232 3806 ,
1259 3740 1484 3794 alterum
1507 3754 1602 3794 cor
1627 3743 1845 3812 Angelis
1867 3742 2092 3811 conjun-

502 3834 767 3904 gcntium;
801 3847 961 3885 unum
1003 3832 1329 3900 spcrantium
1363 3830 1431 3884 de
1457 3832 1682 3885 terrenis
1706 3832 1896 3900 quibus
1926 3833 2088 3901 pollet

503 3925 592 3980 hic
623 3922 884 3988 mundus,
926 3923 1150 3975 alterum
1194 3922 1630 3990 praesumentium
1673 3921 1741 3975 de
1779 3922 2086 3979 ccelcstibus

502 4029 622 4083 quae
650 4013 890 4081 promisit
935 4027 1040 4065 non
1071 4010 1295 4065 mendax
1349 4011 1490 4066 Deus
1516 4012 1558 4065 ³.
1605 4009 1712 4066 Sed
1755 4013 1915 4066 mixta
1961 4023 2087 4069 sunt

503 4104 602 4157 ista
629 4117 822 4173 genera
861 4101 1158 4155 hominum.
1193 4101 1494 4155 Invenimus
1534 4101 1694 4156 modo
1728 4102 1896 4157 civem
1932 4103 2086 4159 Jeru-

502 4197 702 4259 salem,
733 4197 902 4250 civem
945 4195 1093 4264 regni
1117 4194 1375 4250 caelorum
1399 4194 1772 4250 administrare
1805 4195 2004 4266 aliquid
2029 4197 2083 4252 in

503 4295 683 4351 terra;
719 4295 776 4339 ut
801 4294 924 4355 puta
946 4327 960 4349 ,
1005 4300 1291 4354 purpuram
1320 4285 1459 4354 gerit
1485 4284 1539 4352 δ,
1587 4287 1928 4357 magistratus
1964 4297 2080 4356 est,

501 4379 672 4434 aedilis
709 4387 819 4443 est,
850 4378 1132 4448 proconsul
1172 4386 1286 4441 est,
1331 4377 1620 4446 imperator
1645 4387 1753 4444 est,
1795 4380 2086 4448 rempubli-

500 4485 620 4525 cam
649 4469 781 4539 gerit
809 4480 1072 4524 terrenam
1100 4487 1113 4522 :
1145 4468 1236 4524 sed
1267 4483 1360 4524 cor
1394 4483 1604 4522 sursum
1636 4468 1824 4533 habet,
1857 4471 1902 4525 si
1939 4471 2096 4551 chri-_

502 4564 704 4618 stianus
735 4571 815 4615 est
842 4604 854 4626 ,
883 4563 926 4615 si
957 4561 1126 4615 ﬁdelis
1151 4571 1233 4615 est
1253 4603 1267 4626 ,
1295 4561 1338 4614 si
1367 4561 1484 4629 pius
1513 4568 1596 4615 est
1615 4601 1630 4623 ,
1662 4561 1707 4615 si
1733 4570 2082 4619 contemnens

501 4655 553 4709 in
576 4652 770 4722 quibus
799 4658 911 4716 est,
959 4660 1013 4705 et
1049 4661 1227 4721 sperat
1260 4651 1312 4704 in
1340 4666 1446 4720 quo
1476 4650 1706 4705 nondum
1743 4661 1842 4706 est.
1875 4653 1949 4707 De
1974 4669 2081 4724 quo

499 4758 695 4815 genere
721 4742 817 4794 fuit
852 4741 940 4794 illa
974 4751 1154 4796 sancta
1185 4741 1374 4795 mulier
1402 4741 1614 4807 Esther,
1644 4757 1762 4812 qua:
1789 4757 1908 4797 cum
1938 4752 2081 4799 esset

565 4857 580 4887 ι
618 4855 686 4902 sic
708 4860 780 4901 Er.
809 4861 860 4902 et
884 4861 988 4902 Mss.
1016 4860 1068 4902 At
1088 4861 1216 4914 t.ov.,
1244 4861 1444 4904 secreta.

561 4919 581 4948 ³
615 4919 688 4986 sic
711 4915 923 4963 melioris
946 4923 1072 4964 noue
1095 4921 1205 4986 iusst
1224 4922 1279 4963 Αι
1299 4916 1410 4986 Edd.
1429 4951 1450 4986 ,_
1477 4928 1550 4986 «_a_
1571 4915 1737 4986 mortis
1766 4916 1984 4976 periculo
2007 4917 2076 4986 li-

499 4977 678 5026 berari.
705 4982 1042 5038 verumtamen
1069 4977 1206 5024 effusi
1231 4978 1479 5038 sanguinis
1507 4977 1727 5038 liberatio
1756 4982 2077 5028 resurrectio-

498 5053 612 5087 nem
638 5039 796 5099 potius
818 5036 1113 5100 significabat
1135 5073 1148 5096 ,
1173 5051 1280 5100 qua:
1305 5036 1393 5086 hoc
1417 5038 1558 5085 tnodo
1583 5040 1626 5086 iu
1652 5037 1744 5100 illis
1766 5037 2073 5099 ﬁgurabatur.

495 5103 612 5158 Quia
635 5098 754 5149 vero
775 5099 972 5146 Domino
994 5098 1276 5148 servabatur
1297 5101 1592 5149 resurrectio
1609 5134 1623 5159 ,
1650 5098 1784 5161 plura
1809 5098 1886 5149 hic
1919 5102 2028 5163 dici,
2047 5120 2069 5147 ι

498 5168 593 5211 etc.

561 5225 582 5255 ³
615 5224 696 5271 Hic
731 5222 781 5269 in
825 5219 938 5268 me.
985 5228 1094 5282 post
1135 5235 1225 5271 non
1267 5222 1480 5272 mendax
1526 5230 1670 5282 Deus,
1711 5223 1890 5272 inserta
1938 5231 2078 5274 erant

495 5284 663 5333 isthzec
686 5284 834 5332 verba
859 5295 871 5329 :
906 5289 1040 5331 «Non
1067 5284 1564 5344 essegdesperandum
1592 5285 1656 5334 de
1691 5285 1962 5333 hominibus
1991 5285 2102 5335 bo»

495 5348 589 5405 nis,
613 5347 654 5394 si
677 5358 762 5405 [er
789 5356 873 5392 eos
890 5348 1149 5418 terrenum
1159 5343 1335 5418 aliquid
1360 5345 1749 5418 administretur;
1775 5359 1867 5395 nec
1883 5359 2076 5418 rursum

493 5403 722 5456 continuo
761 5403 1098 5466 gratulandum
1137 5403 1410 5467 hominibus
1440 5403 1780 5467 quicoelestia
1814 5420 1967 5466 agere
1999 5407 2075 5456 di-

513 5465 788 5527 moscantur
803 5467 1009 5530 negotia
1032 5479 1044 5514 :
1071 5479 1179 5514 cum
1201 5465 1487 5528 plerumque
1504 5465 1570 5515 illi
1593 5469 1676 5530 qui
1695 5465 1905 5530 negotiis
1920 5482 2075 5518 saecu-

517 5525 690 5599 aribus
705 5525 928 5599 implicati
952 5533 1082 5586 sunt,
1107 5525 1624 5599 cor_:semper'su_rsum'
1645 5525 1880 5599 habeant,
1909 5541 1960 5580 et
1995 5532 2074 5599 isti

493 5592 575 5651 qui
599 5589 817 5640 cwlestia
849 5601 1044 5649 semper
1067 5589 1349 5650 pradicant,
1369 5601 1452 5638 cor
1477 5589 1666 5641 trahant
1689 5605 1738 5639 tu
1761 5598 1906 5642 terra.
1928 5608 1950 5638 ι
1981 5594 2071 5643 Ab-

493 5659 607 5716 suut
631 5666 689 5702 ea
715 5663 908 5716 prorsus
929 5662 956 5698 a
980 5651 1158 5700 nostris
1179 5658 1283 5699 Mss.

555 5713 579 5776 ξ
609 5713 934 5776 omnes_ttss.,
959 5723 1200 5776 purpuras
1229 5715 1368 5776 gertt.

562 5774 635 5837 (a)
661 5772 891 5836 tutcllig.,
915 5771 1083 5822 David.

1754 354 1810 410 S.
1852 349 2216 409 AUGUSTI?"
2256 352 2552 414 EPISCOPI
2615 364 2621 372 '

3680 377 3786 433 604

2214 480 2347 520 uxor
2371 472 2509 539 regis
2527 511 2544 536 ,
2572 483 2784 528 ventum
2813 485 2894 531 est
2921 477 2987 532 ad
3016 481 3306 548 periculmn
3337 484 3656 554 deprecandi
3685 508 3788 560 pro

2209 557 2412 614 civibus
2437 563 2575 628 suis;
2603 574 2656 621 et
2681 581 2801 620 cum
2828 581 3003 624 oraret
3039 585 3219 628 coram
3264 576 3404 638 Deo,
3435 579 3523 633 ubi
3567 557 3787 639 men-tiri

2210 662 2314 701 non
2348 661 2558 720 posset,
2601 655 2652 708 iu
2690 658 2927 713 oratione
2957 676 3062 716 sua-
3077 663 3235 729 dixit,
3269 666 3339 720 ita
3372 669 3472 722 sibi
3500 671 3666 728 fuisse
3693 676 3786 730 illa

2209 748 2745 815 ornamentaregalia
2779 751 2915 804 sicut
2956 769 3552 820 panmuutuenstruatte
3594 764 3785 831 (Kuh.

2207 843 2320 922 inv,
2348 831 2460 895 16).
2491 833 2607 892 Non
2634 852 2760 906 ergo
2785 838 3126 907 desperemus
3155 846 3222 899 dc
3248 849 3450 903 civibus
3487 855 3633 922 regni
3663 869 3785 910 ca:-

2206 917 2409 987 lorum,
2442 925 2656 993 quando
2676 943 2769 983 eos
2797 930 3032 988 videmus
3056 936 3227 1006 aliqua
3265 955 3454 1008 gerere
3478 917 3787 1016 Babylonia:

2205 1013 2442 1080 negotia,
2483 1015 2679 1085 aliquid
2711 1028 2978 1076 terrenum
3007 1026 3060 1082 in
3088 1031 3355 1097 republica
3397 1013 3606 1092 terrena
3631 1055 3645 1092 :
3675 1055 3786 1094 nec

2204 1114 2388 1156 rursus
2416 1107 2667 1162 continuo
2695 1111 3019 1178 gratulemur
3046 1119 3290 1174 omnibus
3316 1121 3618 1182 hominibus
3643 1145 3785 1198 quos

2205 1192 2442 1249 videmus
2457 1212 2614 1268 agere
2632 1204 2839 1272 negotia
2861 1208 3126 1273 caelestia;
3148 1215 3267 1281 quia
3291 1225 3346 1268 et
3359 1219 3445 1270 lilii
3462 1192 3786 1288 pestilentia

2203 1285 2390 1342 sedent
2415 1289 2696 1359 aliquando
2719 1296 2780 1349 in
2798 1298 3048 1354 cathedra
3066 1302 3250 1373 Moysi,
3273 1307 3342 1362 de
3354 1285 3544 1378 quibus
3560 1313 3780 1382 dicitur,

2208 1379 2332 1445 Qua?
2355 1382 2526 1438 dicunt
2553 1388 2738 1456 facite;
2780 1406 2893 1459 quin
2927 1405 3091 1447 autem
3128 1398 3350 1466 faciunt,
3392 1403 3557 1471 facere
3584 1379 3789 1464 nolite.-

2204 1472 2376 1526 dicunt
2404 1476 2535 1529 enim
2559 1517 2573 1541 ,
2601 1488 2647 1532 et
2674 1496 2772 1534 non
2795 1484 3010 1552 faciunt.
3039 1485 3116 1540 Illi
3162 1488 3212 1541 in
3256 1494 3480 1548 terrenis
3508 1496 3666 1551 rebus
3697 1499 3784 1554 le-

2202 1573 2326 1618 vant
2353 1579 2446 1620 cor
2471 1566 2524 1620 in
2550 1570 2774 1635 cmlum,
2814 1573 2898 1627 isti
2943 1575 2992 1628 iu
3019 1579 3325 1635 caelestibus
3349 1584 3520 1639 verbis
3559 1588 3787 1645 trahunt

2203 1668 2298 1709 eor
2324 1656 2376 1710 iu
2405 1669 2562 1713 terra.
2592 1660 2779 1717 Veniet
2800 1674 2976 1720 autem
3003 1677 3214 1739 tempus
3236 1675 3532 1739 ventilabri,
3562 1683 3786 1748 quando

2203 1756 2485 1818 utrumque
2511 1751 2913 1824 diligentissime
2952 1751 3302 1829 discernatur,
3333 1781 3399 1820 ne
3423 1781 3644 1836 granum
3673 1773 3786 1827 ali-

2202 1837 2344 1906 quod
2374 1847 2620 1896 transeat
2643 1844 2695 1898 in
2733 1861 2978 1925 acervum
3019 1851 3181 1919 palea:
3215 1856 3665 1928 comburendum,
3709 1879 3788 1920 ne

2203 1945 2307 1984 una
2333 1934 2526 2000 stipula
2557 1945 2795 1992 transeat
2819 1941 2884 1994 ad
2909 1956 3137 1998 massam
3167 1945 3218 1998 in
3259 1947 3452 2004 horreo
3477 1953 3786 2010 reconden-

2203 2021 2324 2076 dam
2355 2023 2564 2094 (Mattli.
2592 2043 2646 2081 ιιι
2668 2071 2682 2094 ,
2709 2030 2823 2100 12).
2851 2031 3112 2098 Quamdiu
3140 2051 3266 2106 ergo
3292 2054 3431 2093 nunc
3459 2045 3788 2110 permixtum

2202 2122 2303 2179 est,
2332 2116 2608 2174 audiamus
2634 2119 2758 2176 hinc
2787 2138 2970 2179 vocem
2998 2135 3256 2193 nostram,
3290 2131 3450 2187 id-est
3473 2135 3666 2192 civium
3694 2153 3790 2194 re-

2201 2204 2290 2272 gni
2320 2207 2573 2262 emlorum
2615 2211 2739 2281 (hoc
2768 2215 2908 2268 enim
2953 2216 3202 2274 affectare
3229 2221 3516 2290 debemus,
3551 2228 3792 2286 tolerare
3819 2257 3830 2267 ~

2203 2294 2291 2349 hic
2333 2297 2528 2364 malos,
2561 2316 2717 2369 quam
2768 2305 2975 2360 tolerari
3014 2323 3044 2362 a
3067 2308 3270 2382 bonis);
3303 2321 3355 2367 et
3396 2316 3787 2388 conjungamus

2203 2400 2300 2439 nos
2332 2387 2452 2442 huic
2478 2391 2613 2457 voci,
2644 2401 2698 2446 ct
2725 2409 2872 2459 aure,
2905 2407 2957 2450 et
2983 2397 3179 2469 lingua,
3212 2413 3265 2456 et
3295 2405 3486 2472 corde,
3514 2417 3568 2462 et
3592 2387 3784 2480 opere.

2202 2475 2354 2542 Quod
2382 2479 2424 2532 si
2451 2478 2766 2552 fecerimus,
2801 2502 2900 2541 nos
2939 2488 3026 2544 hic
3067 2491 3331 2563 loquimur
3353 2497 3405 2550 in
3431 2499 3512 2553 his
3540 2517 3662 2570 qua:
3687 2518 3788 2558 au.

2201 2566 2396 2622 dimus.
2441 2571 2655 2629 Dicatur
2693 2591 2821 2648 ergo
2853 2580 3024 2649 primo
3065 2582 3132 2639 de
3177 2599 3401 2656 corpore
3443 2566 3585 2646 malo
3629 2596 3788 2664 regni

2202 2661 2420 2715 terreni.

2273 2753 2324 2806 7.
2358 2753 2504 2826 [vers
2530 2757 2606 2830 5.]
2639 2759 2774 2827 Quid
2795 2763 3046 2832 gloriatur
3068 2766 3120 2820 in
3148 2768 3341 2824 malitia
3364 2772 3450 2840 qui
3471 2783 3646 2842 potens
3671 2779 3796 2831 est?

2199 2845 2470 2902 Attendite
2491 2891 2506 2915 ,
2538 2848 2729 2906 fratres
2755 2857 2858 2908 mei
2881 2897 2894 2921 ,
2921 2858 3143 2927 gloriam
3168 2864 3524 2930 malignitatis,
3554 2867 3787 2936 gloriam

2195 2933 2471 2991 hominum
2497 2942 2776 2997 malorum.
2804 2946 2932 3014 Quae
2962 2960 3041 3004 est
3067 2953 3268 3021 gloria?
3297 2955 3432 3021 Quid
3458 2958 3710 3028 gloriatur
3731 2963 3787 3014 in

2198 3026 2393 3081 malitia
2420 3031 2506 3098 qui
2543 3042 2716 3101 potens
2731 3039 2844 3091 est?
2872 3039 2922 3092 id
2948 3051 3058 3105 est,
3093 3044 3179 3112 qui
3222 3045 3274 3098 in
3331 3026 3531 3101 malitia
3585 3060 3786 3118 potens

2195 3122 2310 3182 est,
2341 3118 2464 3187 quid
2504 3121 2796 3190 gloriatur?
2824 3126 2968 3197 Opus
2996 3139 3075 3184 est
3116 3142 3383 3200 potentem
3414 3151 3532 3191 esse
3551 3180 3564 3202 ,
3596 3140 3693 3193 sed
3727 3142 3783 3196 in

2196 3203 2449 3272 bonitate,
2481 3226 2584 3264 non
2614 3213 2663 3266 in
2688 3215 2906 3269 malitia.
2939 3219 3148 3289 Aliquid
3178 3238 3423 3292 magnum
3452 3235 3531 3280 est
3556 3228 3790 3297 gloriaris

2198 3294 2248 3348 in
2303 3298 2540 3353 malitia?
2585 3301 2873 3360 Aidiﬁcare
2913 3307 3130 3364 domum
3179 3327 3465 3380 paucorum
3509 3294 3624 3380 est,
3673 3320 3782 3375 de-

2195 3395 2403 3443 struere
2449 3393 2617 3460 quivis
2660 3395 2874 3465 ignarus
2914 3409 3108 3468 potest.
3153 3403 3430 3461 Seminare
3474 3407 3779 3478 frumenta,

2195 3475 2441 3534 excolere
2484 3492 2718 3551 segetem
2741 3527 2754 3549 ,
2787 3499 3099 3556 exspectare
3140 3491 3310 3548 donec
3339 3505 3695 3566 maturescat,
3726 3509 3784 3556 et

2194 3569 2245 3622 in
2274 3570 2388 3640 ejus
2431 3572 2602 3628 fructu
2638 3576 2690 3630 in
2729 3593 2836 3647 quo
2875 3580 3134 3638 laboravit
3172 3585 3436 3654 gaudere,
3481 3603 3782 3658 paucorum

2192 3668 2274 3714 est
2307 3679 2320 3715 :
2352 3677 2452 3715 una
2482 3665 2706 3719 scintilla
2749 3683 2967 3724 omnem
3003 3681 3237 3743 segetem
3271 3675 3552 3732 incendere
3593 3681 3779 3748 quivis

2194 3759 2382 3818 potest.
2414 3751 2697 3824 Suscipere
2723 3757 3000 3826 infantem,
3034 3771 3212 3816 uatum
3245 3767 3468 3832 nutrire,
3501 3768 3738 3825 educare
3758 3814 3775 3839 ,

2191 3842 2257 3896 ad
2294 3843 2583 3912 juvenilem
2623 3857 2831 3904 mtatem
2871 3853 3193 3920 perducere,
3242 3871 3488 3926 magnum
3529 3858 3777 3916 ofﬁcium

2191 3944 2310 3991 est:
2342 3939 2584 3995 occidere
2612 3942 2760 3996 illum
2800 3959 2907 3998 uno
2945 3955 3144 4015 puncto
3180 3951 3430 4018 temporis
3467 3953 3639 4020 quivis
3673 3969 3777 4022 po-

2191 4035 2314 4082 test.
2347 4029 2486 4098 Ergo
2524 4046 2586 4085 ea
2615 4047 2734 4102 qua:
2773 4034 2842 4088 ad
2885 4035 3297 4093 destructionem
3329 4040 3491 4107 ﬁunt,
3519 4041 3783 4101 facillime

2190 4119 2340 4172 ﬁunt.
2364 4121 2461 4185 Qui
2480 4123 2754 4190 gloriatur,
2778 4123 2831 4178 in
2857 4126 3080 4180 Domino
3098 4129 3350 4199 glorietur
3372 4130 3413 4200 (1
3431 4128 3545 4185 Cor.
3573 4149 3608 4197 ι,
3633 4135 3736 4204 51)
3757 4152 3774 4190 :

2188 4208 2279 4278 qui
2320 4209 2594 4278 gloriatur,
2638 4213 2689 4267 in
2729 4214 2967 4270 bonitate
3002 4217 3276 4287 glorietur.
3323 4219 3603 4288 Gloriaris,
3642 4226 3777 4294 quia

2187 4309 2374 4370 potens
2403 4317 2463 4357 es
2489 4303 2541 4357 in
2565 4307 2723 4360 malo.
2763 4306 2900 4374 Quid
2931 4309 3162 4364 facturus
3185 4325 3244 4364 es
3263 4351 3278 4376 ,
3323 4327 3356 4365 ο
3384 4325 3570 4382 potens
3589 4355 3603 4381 ,
3635 4315 3783 4384 quid

2187 4390 2419 4447 facturus
2457 4409 2515 4449 es
2536 4435 2550 4460 ,
2584 4398 2806 4450 multum
2853 4407 2904 4452 ιε
2931 4399 3170 4466 iactans?
3197 4401 3478 4458 Occisurus
3501 4419 3562 4458 es
3588 4405 3780 4461 homi-

2187 4497 2351 4537 nem:
2385 4483 2486 4540 hoc
2525 4494 2578 4539 et
2603 4487 2874 4556 scorpius,
2922 4487 3024 4542 hoc
3066 4497 3120 4544 et
3161 4505 3263 4544 una
3308 4489 3472 4546 iebris
3496 4532 3510 4558 ,
3560 4493 3667 4548 hoc
3715 4505 3779 4551 et

2185 4575 2375 4645 l'ungus
2401 4577 2590 4631 malus.
2624 4579 2807 4634 lluene
2833 4580 3043 4634 redacta
3074 4591 3155 4636 est
3181 4583 3356 4637 omnis
3383 4586 3616 4653 potentia
3651 4595 3774 4652 tua,

2185 4677 2243 4720 ut
2269 4669 2407 4722 malo
2436 4670 2594 4739 fungo
2617 4675 2958 4742 coaequatur?
2987 4674 3097 4729 Hoc
3136 4691 3265 4746 ergo
3294 4676 3488 4732 faciunt
3525 4679 3651 4733 boni
3685 4681 3779 4736 ci-

2183 4774 2275 4814 ves
2312 4759 2602 4815 Jerusalcm
2626 4804 2640 4829 ,
2671 4764 2760 4833 qui
2800 4780 2904 4818 non
2950 4765 3002 4820 in
3049 4769 3247 4822 malitia
3274 4809 3289 4835 ,
3321 4769 3414 4824 sed
3443 4770 3493 4823 in
3526 4769 3780 4831 bonitate

2181 4850 2511 4920 gloriantur:
2541 4853 2716 4922 primo
2744 4863 2800 4907 ut
2829 4869 2934 4909 non
2973 4857 3024 4910 in
3055 4872 3141 4922 se,
3191 4858 3284 4913 sed
3313 4859 3364 4912 iu
3399 4859 3624 4916 Domino
3651 4864 3776 4932 glo-

2181 4941 2415 5007 rientur;
2443 4941 2638 4997 deinde
2676 4953 2733 4998 ut
2764 4960 2826 4999 ea
2852 4961 2970 5015 qua:
3000 4946 3064 5001 ad
3093 4949 3496 5004 azditieationem
3526 4950 3738 5008 faciunt
3758 4997 3775 5019 ,

2180 5033 2416 5088 studiose
2443 5034 2664 5103 faciant,
2695 5047 2748 5091 et
2778 5037 2901 5091 talia
2929 5037 3125 5092 faciant
3152 5055 3271 5109 quae
3297 5041 3506 5095 valeant
3540 5041 3610 5096 ad
3643 5059 3779 5111 pcr-

2180 5125 2527 5192 manendum;
2574 5143 2692 5196 qua:
2733 5137 2907 5183 autem
2957 5129 3155 5184 faciunt
3196 5131 3264 5185 ad
3306 5131 3777 5203 destructionem,

2179 5215 2376 5270 faciant
2413 5228 2629 5287 propter
2660 5217 2993 5288 disciplinam
3032 5220 3452 5290 proﬁcientium,
3493 5237 3599 5277 non
3638 5239 3784 5292 pro»

2181 5317 2298 5377 pter
2323 5309 2721 5377 oppressionem
2763 5310 3147 5365 innocentium.
3179 5311 3312 5366 Huic
3355 5327 3482 5382 ergo
3511 5317 3807 5384 potentia‘

2179 5408 2538 5468 comparatum
2566 5414 2758 5468 corpus
2795 5400 2920 5455 illud
2952 5411 3216 5457 terrenum
3244 5443 3258 5467 ,
3303 5417 3467 5474 quare
3513 5419 3620 5460 non
3663 5421 3780 5462 au-

2179 5491 2288 5545 diat
2313 5505 2380 5545 ex
2411 5489 2492 5544 his
2518 5491 2694 5546 verbis
2715 5535 2727 5556 ,
2759 5491 2893 5558 Quid
2920 5493 3169 5563 gloriatur
3203 5495 3256 5548 in
3292 5494 3485 5548 malitia
3525 5496 3614 5565 qui
3655 5513 3770 5566 po-

2180 5592 2289 5636 tens
2317 5590 2389 5636 est
2408 5581 2433 5634 ?

2249 5671 2303 5728 8.
2337 5671 2486 5742 [verm
2515 5669 2592 5744 4.]
2616 5669 2680 5725 1η
2703 5672 2964 5742 iniquitate
2983 5683 3088 5728 tota
3109 5675 3194 5728 die
3210 5675 3506 5747 injustitiam
3525 5675 3782 5745 cogitavit

2089 5799 2092 5803 -
2183 5764 2356 5835 lingua
2382 5773 2483 5818 tua.
2518 5762 2582 5818 In
2610 5764 2868 5835 iniquitate
2893 5774 2996 5822 tota
3022 5767 3132 5836 die,
3166 5767 3217 5824 id
3248 5776 3327 5826 est
3353 5777 3464 5824 toto
3493 5775 3774 5839 tempore,
