4042 6480
205 489 310 544 sine
335 481 686 549 lassitudine,
713 479 829 537 sine
855 475 1136 535 intervallo
1159 517 1174 541 ,
1201 475 1319 531 sine
1342 473 1670 545 pausatione.
1704 469 1773 524 Et

205 578 402 653 quando
443 591 551 632 non
595 574 754 642 lacis,
793 572 1029 645 cogitas;
1072 580 1127 626 ut
1165 567 1376 638 quando
1410 564 1607 636 aliquid
1642 562 1772 653 mali

203 671 338 726 abest
365 683 397 722 a
421 665 688 730 manibus,
714 679 745 719 ιι
772 663 933 719 corde
958 676 1063 716 non
1088 659 1225 713 absit
1251 676 1264 712 :
1286 666 1381 711 aut
1397 655 1529 709 iacis
1548 652 1768 718 malum,

202 770 286 818 aut
303 761 431 815 dum
450 774 566 827 non
591 768 746 828 potes
771 755 967 820 facere,
993 751 1129 808 dicis
1153 750 1373 815 malum,
1403 747 1505 801 hoc
1530 754 1634 809 est,
1660 760 1771 797 ma-

201 852 377 911 ledicis
402 870 418 905 :
444 859 537 905 aut
561 849 774 919 quando
801 860 900 901 nec
927 847 1029 900 hoc
1054 853 1224 913 potes,
1249 842 1331 895 vis
1355 848 1410 894 et
1432 839 1633 910 cogitas
1656 851 1771 892 ma-

201 947 318 1003 lum.
349 943 484 999 Tota
508 942 594 998 die
614 957 761 1010 ergo,
794 940 846 996 id
873 939 1096 995 estsine
1122 933 1534 990 intermissione.
1562 927 1774 997 Exspe-

199 1050 389 1094 stamus
429 1036 555 1092 huic
594 1035 797 1090 homini
838 1047 1074 1104 prunam.
1115 1029 1282 1085 Parva
1326 1023 1426 1080 sibi
1462 1037 1619 1107 ptena
1646 1020 1771 1075 est?

200 1128 401 1187 Minaris
429 1128 479 1183 ei
509 1146 523 1182 :
555 1136 609 1181 ιιι
640 1141 761 1182 cum
792 1125 840 1180 ei
871 1122 1089 1179 minaris
1110 1161 1127 1188 ,
1161 1134 1269 1190 quo
1302 1132 1423 1172 eum
1454 1116 1533 1170 vis
1558 1113 1770 1168 mittere

200 1223 245 1277 in
274 1220 514 1277 malum?
552 1218 769 1274 Dimitte
798 1216 943 1271 illum
985 1215 1036 1269 in
1078 1228 1156 1268 se.
1189 1211 1258 1267 Ut
1293 1207 1514 1264 multum
1541 1203 1730 1258 servias
1752 1240 1768 1270 ,

199 1312 524 1380 subjectums
554 1313 569 1346 ¹
598 1327 659 1368 es
686 1310 871 1367 bestiis
900 1328 913 1363 :
942 1309 993 1363 in
1024 1309 1255 1377 seipsum
1285 1304 1436 1375 pejor
1458 1310 1539 1358 est
1561 1299 1766 1356 bestiis.

199 1402 360 1459 Bestia
405 1403 549 1459 enim
591 1402 832 1458 lacerare
871 1414 1068 1470 corpus
1109 1399 1223 1468 eius
1264 1405 1437 1467 potest
1474 1414 1489 1451 :
1522 1396 1637 1464 ipse
1676 1402 1771 1449 cor

199 1510 341 1551 suum
368 1509 560 1550 sanum
589 1493 888 1563 relinquere
912 1506 1016 1546 non
1049 1497 1240 1560 potest.
1272 1486 1496 1542 Interius
1522 1484 1572 1539 in
1601 1499 1661 1539 se
1688 1484 1772 1552 ipe

199 1603 249 1643 se
267 1588 440 1655 saevit,
465 1597 522 1642 et
541 1595 595 1642 tu
616 1586 851 1642 exterius
876 1585 1054 1654 plagas
1074 1579 1333 1651 inquiris?
1354 1579 1465 1634 lmo
1483 1592 1574 1633 ora
1598 1577 1765 1631 Deum

199 1692 282 1747 pro
299 1677 417 1744 illo,
440 1686 497 1732 ut
520 1677 774 1733 liberetur
792 1691 821 1729 a
843 1690 920 1730 se.
942 1673 1321 1730 Verumtamen
1343 1671 1395 1725 in
1418 1670 1520 1724 hoc
1541 1668 1766 1739 psalmo,

199 1767 374 1822 lratres
400 1768 528 1832 mei,
556 1783 663 1821 non
688 1764 859 1821 oratio
882 1773 964 1820 cst
990 1778 1083 1834 pro
1108 1761 1289 1828 malis,
1316 1768 1407 1814 aut
1432 1768 1613 1814 contra
1646 1770 1771 1810 ma-

198 1860 283 1928 los,
312 1860 407 1916 sed
436 1859 715 1930 prOpltetia
743 1856 870 1929 quid
896 1857 966 1911 sit
987 1862 1301 1912 eventurum
1325 1850 1499 1907 malis.
1524 1848 1640 1904 Non
1664 1848 1767 1901 ita-v

197 1966 287 2022 que
319 1950 518 2020 putetis
543 1965 609 2004 ex
636 1946 1005 2003 malevolentia
1035 1945 1300 2000 Psalmum
1322 1939 1520 2012 aliquid
1542 1939 1723 1995 dicere
1747 1955 1767 1994 τ

197 2043 378 2098 dicitur
402 2043 548 2098 enim
574 2043 627 2097 in
654 2037 841 2111 spiritu
870 2036 1184 2109 prophetiae.
1210 2066 1214 2071 λ
1610 2057 1617 2063 ι
1744 2074 1747 2079 .

252 2133 303 2189 9.
347 2131 485 2200 Quid
524 2146 653 2202 ergo
681 2129 961 2199 sequitur?
989 2127 1119 2182 Tota
1158 2122 1391 2195 potentia
1422 2130 1507 2178 tua
1529 2161 1545 2189 ,
1572 2126 1624 2176 et
1654 2127 1767 2175 tota

196 2222 432 2292 cogitatio
460 2220 751 2290 iniquitatis
780 2227 889 2275 tota
912 2218 1020 2284 die,
1048 2226 1102 2272 et
1126 2215 1399 2271 meditatio
1423 2213 1766 2284 malignitatis

196 2312 238 2365 in
258 2312 434 2383 lingua
459 2320 546 2365 tua
569 2311 686 2365 sine
708 2308 1121 2373 intermissione,
1143 2305 1268 2377 quid
1290 2304 1436 2375 egit?
1454 2303 1580 2374 quid
1602 2301 1765 2358 fecit?

196 2401 330 2458 Sim
368 2401 622 2456 naucula
658 2408 807 2453 acuta
832 2398 995 2471 fecisti
1018 2397 1211 2451 dolum.
1245 2395 1381 2450 Ecce
1411 2394 1536 2464 quid
1565 2393 1766 2448 iaciunt

195 2495 376 2550 unctis
405 2493 567 2559 mali;
596 2492 816 2562 capillos
844 2490 1053 2546 radunt.
1080 2487 1215 2556 Quid
1239 2495 1321 2542 est
1348 2486 1489 2556 quod
1515 2484 1675 2540 dixi?
1702 2483 1762 2539 Si

194 2587 284 2641 sint
321 2586 460 2641 tales
486 2585 634 2640 cives
661 2582 953 2639 Jerusalem
979 2581 1070 2651 qui
1096 2579 1314 2634 audiant
1340 2592 1524 2632 vocem
1552 2574 1762 2631 Domini

193 2677 292 2741 sui,
336 2676 480 2747 regis
517 2675 599 2730 sui
637 2672 897 2737 dicentis,
943 2670 1119 2725 Nolite
1158 2670 1332 2722 timere
1355 2683 1440 2721 eos
1463 2666 1551 2736 qui
1577 2679 1763 2736 corpus

193 2768 431 2835 occidunt,
458 2767 683 2821 animum
697 2774 863 2820 autent
882 2780 982 2817 non
1001 2770 1207 2834 possunt
1224 2758 1448 2814 occidere
1465 2756 1678 2831 (Matth.
1699 2762 1758 2823 κ,

192 2860 300 2932 23);
331 2861 420 2931 qui
450 2859 668 2913 audiant
694 2872 878 2912 vocem
895 2896 910 2920 ,
938 2869 1057 2925 qua:
1083 2852 1241 2908 modo
1265 2867 1330 2907 ex
1357 2850 1645 2921 Evangelia
1670 2864 1758 2903 re-

191 2952 337 3007 citata
373 2959 458 3007 est
478 2991 494 3015 ,
542 2949 679 3017 Quid
709 2947 909 3018 prodest
935 2944 1125 2999 homini
1152 2944 1199 2998 si
1224 2951 1380 2995 totum
1403 2940 1648 2993 mundum
1676 2938 1761 2992 lu-
1792 2980 1813 3001 ,

192 3053 359 3109 eretur,
382 3059 438 3097 se
454 3050 621 3095 autem
640 3042 807 3109 ipsum
822 3027 1175 3096 detrimentum
1192 3034 1345 3106 faciat
1367 3030 1475 3103 (Id.
1498 3045 1605 3096 xvr,
1626 3029 1722 3098 26)
1739 3069 1757 3096 ,

192 3141 528 3191 contemnunt
554 3131 730 3185 omnia
760 3128 1037 3200 praesentia
1064 3126 1201 3181 bona
1221 3166 1235 3188 ,
1269 3124 1484 3194 insuper
1504 3129 1561 3177 et
1589 3123 1756 3191 ipsam

192 3224 360 3279 vitam.
408 3224 478 3279 Et
520 3219 646 3293 quid
680 3222 896 3276 iactura
928 3227 1011 3273 est
1042 3214 1296 3271 novacula
1340 3212 1518 3268 Doecb
1558 3212 1767 3267 homini

191 3317 451 3373 meditanti
478 3317 531 3370 in
557 3315 657 3369 hac
680 3322 819 3367 terra
847 3324 1066 3380 regnum
1093 3308 1349 3363 caelorum
1373 3346 1390 3373 ,
1424 3314 1478 3360 et
1501 3304 1676 3360 inituro
1704 3305 1758 3359 in

192 3422 341 3479 regno
362 3408 643 3471 calorum,
671 3402 884 3458 babenti
911 3413 1091 3455 secum
1118 3399 1306 3464 Deum,
1331 3407 1381 3451 et
1412 3409 1760 3465 permansura

194 3513 294 3554 cum
316 3497 473 3554 Deo?
496 3494 623 3567 quid
649 3502 731 3550 est
755 3494 954 3547 iactura
981 3490 1069 3545 illa
1093 3487 1389 3544 novacula?
1415 3485 1648 3555 Capillos
1673 3499 1761 3539 ra-

192 3604 319 3658 sura,
345 3589 553 3645 calvum
576 3586 778 3641 iactura
798 3593 899 3638 est.
923 3583 990 3638 Et
1012 3581 1113 3636 hoc
1131 3579 1198 3635 ad
1219 3578 1485 3635 Christum
1509 3578 1755 3647 pertinet,

194 3683 267 3751 qui
302 3683 359 3738 in
397 3681 519 3736 loco
555 3678 812 3735 Cztlvariae
848 3674 1132 3731 cruciﬁxus
1166 3679 1267 3727 est.
1310 3670 1462 3726 Facit
1495 3678 1551 3724 et
1589 3668 1755 3722 illium

192 3776 310 3833 Core
331 3808 350 3844 ,—
388 3775 532 3847 quod
566 3774 945 3841 interpretatur
972 3765 1271 3822 Calvitium.
1305 3762 1437 3817 Nam
1464 3760 1552 3815 isti
1579 3758 1758 3829 capilli

191 3867 440 3938 superum
467 3880 647 3921 rerum
677 3860 1045 3931 temporalium
1069 3856 1388 3928 signiﬁcant.
1416 3853 1516 3938 Qui
1541 3851 1756 3922 quidem

192 3934 357 4030 capilli
382 3973 488 4015 non
515 3953 785 4027 superﬂue
815 3950 937 4007 lacti
968 3958 1092 4005 sunt
1117 3964 1147 4002 ιι
1180 3948 1292 4003 Deo
1320 3946 1373 4000 in
1402 3934 1626 4014 corpore
1656 3941 1758 3998 ho-

191 4051 402 4114 minum,
428 4049 521 4105 sed
545 4048 613 4103 ad
633 4044 848 4116 aliquod
869 4048 1238 4098 imitamentum
1264 4056 1276 4091 :
1302 4048 1476 4092 tamen
1499 4036 1620 4107 quia
1642 4034 1761 4090 sino

191 4155 344 4196 sensu
370 4138 752 4210 praeciduntur,
783 4135 856 4188 illi
886 4133 978 4203 qui
1012 4130 1216 4187 haerent
1241 4127 1404 4182 corde
1429 4127 1481 4181 in
1512 4124 1757 4188 Domino,

192 4233 259 4287 sic
280 4232 480 4286 habent
503 4230 602 4284 ista
625 4237 835 4282 terrena
858 4233 1108 4293 tanquam
1128 4219 1374 4290 capillos.
1396 4215 1500 4273 Sed
1521 4217 1773 4285 aliquano-

192 4324 254 4380 do
276 4335 335 4380 et
361 4324 561 4394 aliquid
584 4321 707 4376 boni
736 4319 804 4373 de
824 4316 1032 4388 capillis
1055 4311 1381 4384 aperandum
1409 4317 1521 4375 est,
1549 4307 1762 4378 quando

192 4416 383 4487 frangis
402 4430 592 4486 panem
618 4410 892 4474 esurienti,
919 4420 1144 4477 egenum
1170 4404 1287 4459 sine
1312 4410 1449 4457 tecto
1475 4399 1680 4455 inducis
1706 4397 1760 4452 in

191 4508 399 4563 domum
420 4517 590 4571 tuam,
613 4506 657 4559 si
680 4502 874 4558 videris
893 4499 1113 4566 nudum,
1134 4496 1299 4553 vestis
1323 4494 1474 4567 (Isai.
1498 4507 1642 4555 LVIII,
1665 4491 1761 4560 'l):

190 4612 457 4669 postremo
489 4598 650 4652 etiam
694 4595 792 4664 ipsi
835 4599 1100 4661 martyres
1138 4588 1406 4642 imitantes
1436 4583 1719 4638 Dominum
1743 4621 1762 4649 ,

192 4692 491 4762 sanguinem
524 4703 623 4758 pro
653 4684 890 4741 Ecclesia
919 4680 1204 4738 fundentes
1226 4720 1241 4744 ,
1271 4676 1547 4732 audientes
1578 4689 1763 4729 vocem

193 4781 326 4836 illam
354 4820 372 4847 ,
396 4781 546 4836 Sicut
569 4777 815 4833 Christus
836 4774 1058 4828 animam
1086 4785 1231 4825 suam
1260 4784 1352 4839 pro
1386 4766 1529 4820 nobis
1556 4763 1760 4835 posuit,

192 4873 454 4943 sic-e!_nos
477 4870 711 4926 debemus
738 4883 828 4936 pro
853 4864 1089 4936 fratribus
1115 4861 1311 4915 animas
1337 4874 1519 4928 ponere
1543 4856 1581 4928 (Ι
1603 4856 1760 4909 Joan.

194 4981 243 5020 Ill
263 5007 281 5033 ,
311 4964 399 5037 16)
423 5006 443 5030 ,
468 4958 878 5034 quodammodo
890 4956 958 5011 de
979 4954 1185 5024 capillis
1207 4952 1318 5006 suis
1342 4950 1479 5004 bene
1505 4947 1663 5002 nobis
1686 4946 1759 5000 le-

191 5066 373 5113 oerunt
392 5096 411 5122 ,
442 5055 497 5111 id
523 5062 607 5109 est
632 5051 702 5107 de
735 5050 818 5104 bis
841 5047 1001 5103 rebus
1023 5059 1154 5116 quas
1179 5052 1353 5115 potest
1377 5052 1655 5110 amputare
1680 5040 1765 5094 vel

194 5148 376 5203 radere
394 5147 482 5201 illa
503 5142 781 5200 novacula.
802 5138 932 5207 Quia
954 5151 1083 5207 ergo
1101 5144 1157 5191 et
1174 5135 1242 5189 de
1262 5135 1391 5203 ipsis
1412 5131 1620 5202 capillis
1641 5131 1767 5187 boni

192 5240 382 5308 alitmid
401 5239 515 5295 ﬁeri
554 5242 730 5307 potest
747 5230 1060 5303 signiﬁcavit
1081 5236 1135 5285 et
1153 5227 1241 5283 illa
1263 5226 1455 5282 mulier
1474 5224 1764 5296 peccatﬁx,

193 5351 309 5404 quae
334 5349 454 5389 cum
484 5331 722 5388 ﬂevisset
755 5341 916 5397 super
944 5322 1105 5395 pedes
1138 5320 1345 5376 Domini
1368 5334 1399 5383 ,ί
1416 5317 1624 5387 capillis
1652 5316 1765 5370 suis

195 5426 362 5491 tersit,
387 5438 523 5495 quos
550 5417 803 5492 lacryutis
830 5414 1019 5486 rigavit
1044 5411 1208 5484 (Luc.
1236 5426 1336 5473 vn,
1368 5406 1497 5482 '58).
1530 5406 1668 5476 Quid
1694 5407 1772 5461 sic

193 5516 473 5589 gniﬁcaus?
497 5515 633 5583 Quia
655 5527 778 5570 cum
805 5510 1054 5566 misertus
1074 5504 1242 5562 fueris
1261 5501 1506 5574 alicujus,
1532 5499 1697 5556 debes
1717 5506 1772 5555 et

208 5717 272 5778 μ·
307 5716 505 5778 opum
532 5718 663 5778 note
689 5715 821 5778 ιιξι,
840 5707 1146 5778 subactum
1166 5716 1218 5778 et.
1238 5699 1442 5778 bestiis:
1460 5699 1550 5778 sic.
1578 5693 1770 5778 ιιιιὶεξὲ

193 5776 271 5832 38.
524 5758 1087 5831 ὗῖῖἐζὸῦεετγιιιιειιιιιδ
1103 5769 1149 5819 in
1174 5765 1421 5831 plerisque
1459 5760 1571 5812 odd.
1600 5758 1773 5811 haberi

192 5838 313 5890 alios
326 5834 475 5896 bestiis
490 5834 814 5919 sabrcatertmt
821 5870 834 5886 .

1320 355 1715 418 ΕΝικιιΑτιο
1753 353 1819 410 ΙΝ
1858 354 2189 419 ΡΒΑΙΔΙΠΜ
2228 364 2312 421 ιι.

3346 379 3453 439 608

1876 473 2161 533 subvenire
2180 498 2209 544 ,·
2237 477 2283 532 si
2324 486 2493 547 potes.
2532 479 2667 536 Cum
2692 482 2833 540 enim
2858 484 3130 545 misereris
3151 530 3167 556 ,
3198 497 3455 562 tanquam

1872 570 2135 644 lacrymas
2162 573 2335 628 fundis
2365 590 2379 628 :
2407 589 2529 629 cum
2553 577 2803 633 subvenis
2822 620 2838 645 ,
2864 583 3068 650 capillis
3098 568 3280 655 tergis;
3309 587 3375 641 Et
3404 589 3450 646 si

1874 663 1976 719 hoc
2011 666 2343 736 cuicumque,
2384 677 2584 738 quanto
2622 671 2789 740 magis
2826 673 3050 740 pedibus
3081 676 3450 745 DomioiiQui

1874 764 1997 812 sunt
2035 756 2199 827 pedes
2238 759 2488 814 Domini?
2523 760 2878 832 Evangeiista:
2904 766 3110 833 sancti,
3154 768 3221 824 de
3255 769 3448 839 quibus

1872 847 2071 904 dictum
2107 859 2189 905 est
2208 852 2431 919 ,‘Qttttm
2459 854 2671 921 speciosi
2700 867 2828 911 sunt.
2848 856 2997 926 peda
3030 874 3201 914 eorum
3237 863 3325 931 qui
3355 880 3449 916 an-

1872 942 2102 997 nuntiant
2122 960 2315 1014 pacem,
2334 946 2421 1015 qui
2440 947 2742 1002 annuntiant
2754 947 2883 1004 bona
2898 947 3048 1022 (lsai.
3069 952 3219 1019 Ltt,7,
3235 963 3281 1007 et
3298 952 3447 1009 Rom.

1872 1048 1927 1101 ι,
1951 1035 2072 1101 i5)!
2095 1035 2236 1107 Ergo
2254 1048 2409 1094 acuat
2428 1041 2565 1095 sicut
2584 1026 2892 1097 novacuiam
2915 1043 3143 1115 linguam
3167 1059 3318 1101 suam
3341 1047 3449 1102 Do-

1870 1126 1991 1189 ecb;
2015 1139 2169 1183 acuat
2186 1129 2366 1184 dolum
2386 1140 2637 1201 quantum
2656 1144 2828 1203 potest
2846 1151 2859 1189 :
2877 1134 3148 1192 ablaturus
3164 1147 3241 1191 est
3263 1152 3455 1206 super-

1870 1215 1974 1271 ﬂua
2007 1220 2347 1289 temporalia;
2377 1223 2631 1292 numquid
2663 1225 2960 1279 necessaria
2991 1228 3358 1295 sempiterna?

1887 1329 1894 1337 θ
1942 1307 2030 1364 10.
2072 1307 2219 1381 [vers.
2249 1310 2326 1385 5.]
2366 1311 2599 1367 Dilexisti
2627 1315 2872 1368 malitiam
2895 1331 3046 1384 super
3071 1317 3446 1387 benignitatem.

1870 1398 2009 1456 Ante
2050 1409 2102 1456 te
2136 1410 2250 1456 erat
2288 1402 2620 1474 benignitas,
2663 1405 2828 1475 ipsam
2863 1405 3133 1478 diligeres.
3162 1408 3277 1464 Non
3303 1410 3449 1464 enim

1870 1489 2070 1560 aliquid
2098 1507 2218 1547 eras
2238 1502 2565 1565 erogaturus,
2595 1507 2684 1550 aut
2710 1496 2848 1565 quod
2875 1496 3121 1568 diligeres
3144 1497 3213 1553 de
3238 1497 3450 1568 longin-

1868 1598 1970 1653 qua
2012 1584 2344 1655 navigatione
2384 1587 2639 1641 allaturus
2668 1603 2807 1643 eras.
2852 1587 3153 1658 Bcoignitas
3190 1600 3314 1645 ante
3352 1600 3404 1646 te
3431 1630 3447 1655 ,

1870 1672 2119 1747 iniquitas
2144 1685 2267 1733 ante
2295 1685 2348 1732 te
2381 1695 2395 1731 :
2426 1692 2695 1748 compara,
2727 1686 2781 1734 et
2805 1680 2956 1750 elige.
2987 1680 3090 1736 Sed
3121 1679 3258 1737 forte
3283 1670 3449 1738 liabcs
3540 1726 3557 1739 .

1868 1768 2079 1823 oculum
2109 1783 2216 1838 quo
2244 1768 2425 1824 videas
2455 1769 2831 1839 malignitatem
2856 1810 2871 1838 ,
2900 1779 2954 1827 et
2981 1786 3087 1825 non
3117 1772 3282 1828 habes
3315 1787 3448 1828 ocu-

1870 1858 1978 1915 ium
2005 1873 2110 1929 quo
2132 1858 2315 1915 videas
2338 1860 2737 1931 benignitatem.
2766 1859 2856 1915 Va:
2882 1860 3061 1931 iniquo
3085 1862 3231 1917 cordi
3254 1862 3268 1916 i
3294 1861 3448 1930 Quod

1866 1948 2018 2020 pejus
2057 1959 2177 2016 est,
2217 1950 2409 2006 avertit
2449 1964 2509 2006 se
2549 1966 2617 2006 ne
2653 1952 2830 2006 videat
2866 1951 3006 2022 quod
3037 1951 3215 2007 videre
3247 1960 3445 2022 potest.

1866 2042 2008 2111 Quid
2029 2043 2171 2098 enim
2200 2043 2270 2099 de
2296 2042 2489 2098 talibus
2516 2043 2623 2098 alio
2647 2042 2766 2099 loco
2791 2042 2989 2098 dietum
3016 2042 3135 2098 est?
3163 2043 3342 2097 Noluit
3367 2042 3450 2096 in-

1867 2134 2090 2206 telligere
2116 2145 2169 2189 ut
2194 2135 2315 2190 bene
2337 2146 2524 2208 ageret.
2556 2135 2670 2190 Non
2696 2139 2838 2191 enim
2863 2136 3061 2191 dictum
3088 2144 3188 2203 est,
3222 2152 3325 2191 non
3352 2151 3447 2206 po-

1866 2226 2003 2294 luit;
2030 2226 2124 2281 sed
2147 2227 2331 2291 noluit,
2355 2226 2545 2297 inquit,
2570 2227 2845 2298 intelligere
2864 2238 2917 2281 ut
2938 2228 3059 2281 bene
3075 2235 3275 2298 ageret,
3301 2228 3449 2282 clau-

1864 2316 1936 2370 sit
1962 2315 2146 2371 oculos
2182 2331 2213 2370 a
2242 2316 2364 2371 hcc
2390 2317 2659 2387 praesenti.
2695 2316 2756 2371 Et
2786 2316 2912 2386 quid
2942 2316 3216 2385 sequitur?
3251 2315 3449 2386 Iniqui-

1865 2413 2018 2460 tatem
2042 2406 2309 2461 meditatus
2336 2415 2409 2460 cst
2434 2407 2485 2461 in
2512 2407 2667 2461 cubili
2687 2423 2778 2460 suo
2797 2405 2963 2476 (Psal.
2983 2422 3148 2471 xxxv,
3165 2407 3217 2470 4,
3240 2405 3316 2477 5),
3346 2405 3447 2461 hoc

1865 2507 1947 2554 est
1972 2498 2025 2553 in
2051 2498 2303 2554 interiore
2327 2508 2535 2555 secreto
2563 2499 2741 2554 cordis
2762 2499 2861 2555 sui.
2889 2499 3018 2554 Tale
3042 2498 3169 2569 quid
3194 2498 3445 2567 obiicitur

1864 2589 1989 2644 huic
2009 2590 2187 2645 Doecb
2210 2590 2463 2656 idumtco,
2484 2591 2716 2660 maligno
2735 2590 2967 2659 corpori,
2993 2589 3186 2644 mortui
3208 2598 3442 2654 terreno,

1863 2694 1969 2735 non
1996 2680 2352 2750 permanenti,
2383 2696 2490 2736 non
2518 2680 2743 2736 cmlesti.
2770 2679 3009 2733 Dilutiin
3029 2680 3273 2733 malitiam
3293 2695 3447 2748 super

1862 2770 2232 2843 benignitatem.
2255 2770 2387 2826 Nam
2405 2773 2484 2825 vis
2504 2785 2665 2827 nosse
2686 2785 2841 2841 quam
2866 2770 3046 2825 videat
3063 2770 3229 2824 malus
3246 2778 3445 2823 utrum-

1861 2876 1965 2933 que
1990 2902 2007 2930 ,
2047 2870 2103 2917 et
2136 2860 2268 2917 illud
2306 2861 2480 2932 potius
2516 2861 2712 2931 eligat,
2756 2861 2877 2914 hinc
2906 2875 2965 2915 se
2993 2858 3234 2914 avertat?
3262 2861 3441 2924 Quare

1861 2952 2056 3009 clamat
2099 2954 2310 3026 quando
2352 2954 2530 3024 inique
2575 2951 2773 3024 aliquid
2820 2951 3052 3021 patitur?
3096 2949 3274 3024 Quare
3317 2959 3444 3006 tunc

1859 3055 2143 3116 exaggerat
2176 3054 2428 3116 quantum
2458 3053 2631 3115 potest
2658 3043 2989 3113 iniquitatem
3012 3085 3027 3109 ,
3062 3052 3115 3098 ει
3139 3042 3318 3097 laudat
3344 3043 3443 3099 be-

1860 3137 2193 3208 nignitatem,
2224 3135 2619 3206 reprehendens
2645 3148 2765 3191 eum
2792 3134 2954 3205 quiin
2977 3134 3069 3188 illo
3089 3143 3338 3203 operatus
3359 3142 3444 3188 est

1860 3230 2240 3301 malignitatem
2292 3243 2455 3299 super
2473 3216 2915 3300 .bem’gnitatcm?
2964 3227 3044 3282 Sit
3090 3241 3219 3296 ergo
3259 3226 3444 3299 regula

1857 3323 1958 3378 sibi
1986 3322 2053 3377 ad
2083 3321 2365 3377 vivendum
2394 3338 2408 3375 :
2437 3321 2501 3376 de
2530 3322 2706 3391 seipso
2729 3319 3073 3390 judicabitur.
3099 3319 3266 3374 Porro
3292 3318 3337 3373 si
3366 3317 3446 3373 fa-

1858 3413 1964 3468 ciat
2003 3413 2145 3482 quod
2184 3414 2438 3481 scriptum
2474 3420 2587 3477 est,
2632 3410 2822 3481 Diliges
2851 3410 3134 3480 proximum
3162 3419 3300 3463 tuum
3325 3418 3443 3463 tan-

1857 3520 2007 3575 quam
2045 3505 2259 3572 teipsum
2300 3502 2527 3574 (Matth.
2562 3518 2668 3556 χχιι
2693 3544 2708 3569 ,
2740 3502 2887 3574 '59);
2933 3511 2987 3557 et
3009 3541 3027 3569 ,
3059 3500 3186 3566 Qua:
3210 3502 3359 3559 vultis
3387 3509 3443 3556 ut

1859 3596 2049 3666 fat-imit
2086 3593 2218 3649 vobis
2246 3593 2470 3648 homines
2498 3591 2628 3646 bona
2651 3633 2666 3656 ,
2704 3593 2811 3646 Iure
2842 3601 2886 3645 et
2912 3607 2995 3645 vos
3020 3592 3170 3662 facile
3192 3590 3295 3646 illis
3325 3588 3437 3662 (Id.

1859 3704 1956 3755 vn,
1988 3687 2107 3757 i2);
2139 3685 2280 3757 apud
2305 3700 2363 3741 se
2390 3684 2548 3739 habet
2573 3683 2710 3739 unde
2733 3682 2961 3748 noverit,
2987 3681 3109 3752 quia
3133 3680 3275 3752 quod
3304 3680 3355 3734 in
3380 3695 3440 3736 se

1858 3794 1963 3834 non
1993 3777 2109 3832 vult
2134 3777 2249 3831 lieri
2273 3818 2290 3845 ,
2322 3791 2427 3830 non
2457 3775 2615 3830 debet
2640 3774 2811 3828 facere
2837 3772 2987 3827 alteri
3022 3769 3171 3844 (Tab.
3201 3787 3254 3826 tv
3276 3813 3291 3838 ,
3326 3769 3438 3842 16).

1859 3869 2096 3924 Dilexisti
2133 3867 2379 3921 malitiam
2408 3881 2557 3935 super
2591 3864 2962 3936 benignitatem.
2994 3862 3177 3934 Inique
3199 3904 3214 3930 ,
3241 3863 3443 3919 inordi—

1858 3970 2021 4029 nate,
2063 3973 2314 4031 perverse
2356 3959 2434 4013 vis
2472 3958 2647 4014 ievare
2688 3974 2878 4031 aquam
2921 3973 3081 4027 super
3108 3957 3320 4022 oleum;
3351 3955 3445 4011 dc-

1859 4061 2128 4124 mergetur
2154 4067 2311 4124 aqua,
2342 4051 2518 4106 oleum
2544 4048 2977 4120 supereminebit.
3007 4048 3214 4103 Ponere
3238 4047 3319 4102 vis
3344 4048 3444 4103 sub

1863 4144 2096 4201 tenebris
2134 4144 2343 4207 lucem;
2384 4141 2701 4212 fugabuntur
2743 4141 3011 4206 tenebras,
3053 4137 3139 4193 lux
3186 4139 3440 4193 manebit.

1860 4237 2031 4307 Super
2055 4235 2247 4293 omium
2277 4242 2470 4287 terram
2495 4231 2571 4288 vis
2596 4231 2894 4297 collocare;
2916 4228 3149 4300 pondere
3170 4244 3267 4283 suo
3289 4229 3445 4284 cadet

1863 4339 2003 4384 terra
2046 4328 2097 4382 in
2139 4327 2312 4382 locum
2357 4339 2534 4380 suum.
2579 4322 2660 4377 Tu
2701 4337 2828 4391 ergo
2870 4322 3129 4390 mergeris
3172 4320 3443 4390 diligendo

1860 4420 2115 4474 malit'am
2156 4432 2315 4491 super
2354 4415 2751 4486 benignitatem.
2793 4412 2924 4467 Nam
2966 4427 3232 4482 nunquam
3285 4412 3441 4466 boui-

1861 4516 2114 4587 guitatcm
2159 4510 2356 4565 malitia
2399 4507 2688 4579 superabit.
2721 4504 2961 4560 Dilexisti
3005 4504 3249 4558 malitiam
3290 4520 3442 4573 super

1863 4606 2213 4676 benignitatem
2240 4618 2258 4656 :
2282 4601 2591 4670 iniquitatem
2616 4597 2774 4669 magis
2799 4612 2946 4668 quant
2977 4594 3113 4666 loqui
3136 4594 3441 4663 wquitatem.

1866 4700 2002 4754 Ante
2033 4705 2083 4751 te
2107 4705 2190 4751 est
2214 4691 2457 4764 aequitas,
2492 4699 2614 4745 ante
2645 4696 2694 4745 lc
2723 4697 2804 4744 est
2829 4687 3076 4757 iniquitas
3104 4704 3117 4740 :
3148 4703 3305 4741 unum
3337 4686 3443 4741 lin-

1864 4805 2021 4863 guam
2049 4787 2217 4843 habes
2242 4829 2259 4855 ,
2289 4801 2394 4856 quo
2421 4783 2502 4839 vis
2532 4798 2650 4840 cum
2680 4780 2841 4836 vertis
2866 4797 2880 4846 ;
2910 4795 3075 4850 quare
3104 4794 3233 4850 ergo
3271 4780 3448 4850 potius

1865 4864 1931 4940 ad
1963 4883 2291 4954 iniquitatem
2314 4921 2330 4947 ,
2371 4888 2424 4934 et
2462 4894 2566 4932 non
2596 4874 2662 4929 ad
2691 4872 3033 4943 mquitatem?
3060 4870 3221 4927 Cibos
3246 4873 3444 4925 amari-

1869 4974 2065 5030 tudinis
2104 4988 2211 5028 non
2247 4971 2342 5026 das
2379 4968 2549 5024 ventri
2596 4973 2715 5030 tuo,
2753 4973 2807 5018 ct
2843 4963 2991 5019 cibos
3030 4962 3320 5035 iniquitatis
3351 4961 3448 5017 das

1871 5067 2060 5138 linguae
2099 5074 2201 5120 tua:
2242 5059 2525 5130 malignae?
2563 5057 2709 5113 Sicut
2749 5055 2901 5126 eligis
2937 5070 3043 5125 quo
3080 5056 3332 5121 vescaris,
3374 5056 3452 5110 sic

1869 5152 2006 5229 elige
2032 5154 2172 5228 quod
2203 5152 2457 5224 loquaris.
2486 5147 2758 5217 Praeponis
2782 5162 2911 5218 ergo
2938 5146 3267 5217 iniquitatem
3296 5144 3451 5214 tequi-

1872 5222 2007 5319 tati,
2050 5222 2107 5304 et
2149 5222 2415 5319 praeponis
2459 5242 2715 5297 malitiam
2757 5240 3067 5311 benignitati
3098 5257 3110 5293 :
3141 5248 3197 5294 tu
3239 5222 3463 5309 quidem.

1872 5322 2170 5413 pneponis,
2209 5335 2304 5393 sed
2335 5350 2492 5404 supra
2523 5348 2641 5389 esse
2671 5331 2798 5402 quid
2830 5341 3002 5403 potest
3030 5332 3131 5387 nisi
3158 5329 3455 5400 benignitas

1870 5444 1924 5491 et
1952 5430 2216 5504 mquitas?
2244 5427 2350 5485 Sed
2381 5437 2435 5482 tu
2457 5425 2779 5497 imponendo
2804 5433 2856 5481 te
2881 5421 3270 5494 quodammodo
3294 5436 3457 5489 super

1871 5542 1934 5584 ea
1971 5540 2091 5596 qua:
2129 5536 2349 5578 necesse
2378 5531 2460 5577 est
2486 5528 2542 5574 ut
2570 5518 2819 5575 deorsum
2851 5524 2974 5571 cant
2999 5554 3014 5579 ,
3044 5511 3266 5587 non_illa
3292 5509 3458 5567 iacies

1871 5633 1993 5677 esse
2021 5632 2179 5687 supra
2207 5616 2365 5676 bona.
2397 5610 2493 5669 sed
2523 5619 2576 5666 tu
2603 5626 2724 5667 cum
2750 5608 2828 5663 eis
2853 5606 3112 5674 mergeris
3140 5605 3194 5659 in
3225 5603 3385 5658 mala.

1936 5713 2024 5768 il.
2050 5709 2199 5785 [vcrs.
2218 5704 2297 5781 6.]
2321 5706 2544 5777 Propter
2563 5704 2664 5759 hoc
2685 5701 2924 5773 sequitur
2942 5699 2999 5755 in
3016 5698 3251 5765 Psalmo,
3274 5695 3462 5750 υἱιεεὶ-

1774 5864 1777 5869 ,
1877 5804 1939 5862 sti
1963 5803 2131 5860 omnia
2155 5799 2302 5858 verba
2321 5795 2694 5858 subtttersianis.
2711 5793 2870 5865 Eripe
2896 5805 3025 5864 ergo
3052 5797 3128 5860 te,
3156 5804 3213 5845 st-
3230 5798 3405 5861 potes,
3431 5800 3462 5840 a
