4042 6498
544 355 649 424 6οἷ

542 465 930 524 submersione.
959 464 1300 536 Naufragium
1328 462 1469 536 fugis
1488 504 1504 531 ,
1534 472 1589 520 et
1619 462 1889 533 plumbum
1914 459 2122 531 ample-

543 559 740 613 cteris!
782 556 839 615 Si
869 572 978 613 non
1006 558 1086 613 vis
1114 556 1302 627 mergi,
1332 554 1565 611 tabulam
1589 552 1949 625 apprehende,
1981 551 2142 621 ligno.

542 655 754 714 portare
773 686 796 713 ,
820 660 955 700 crux
995 655 1048 700 te
1084 644 1356 716 perducat.
1385 643 1536 699 Nunc
1560 658 1686 698 vero
1708 642 1829 711 quia
1862 640 2145 701 Doech.es,

542 735 829 802 ldumams,
856 746 1032 790 motus
1054 745 1109 792 et
1142 745 1407 801 terrenus,
1428 733 1743 805 quidfucis?‘
1763 731 1994 795 Dilesisti
2012 747 2127 784 om-

542 827 628 883 nia
656 827 805 882 verba
827 828 1201 894 submersionis,
1229 829 1454 898 linguam
1477 826 1726 893 dolosam.
1748 823 1873 897 Haec
1898 838 2127 894 praeces-

540 924 633 986 sit,
658 918 818 974 verba
842 919 1225 975 submersionis
1244 926 1422 974 secuta
1445 926 1569 972 sunt
1582 916 1815 987 linguam
1830 914 2067 973 dolosam
2081 916 2145 984 ¹.,

546 1009 683 1076 Quid
726 1018 809 1064 est
839 1009 1013 1080 lingua
1043 1010 1270 1064 dolosa?
1300 1008 1539 1074 ministra
1577 1007 1800 1063 fallacia:
1836 1016 1919 1064 est
1947 1006 2124 1077 lingua

546 1099 753 1162 dolosa,
781 1100 923 1154 aliud
958 1100 1005 1155 in
1033 1100 1196 1155 corde
1221 1100 1561 1169 gestantium,
1588 1097 1730 1153 aliud
1755 1112 1849 1153 ore
1875 1111 2125 1169 promea;

544 1189 697 1243 tium.
728 1190 835 1245 Sed
865 1191 915 1243 in
944 1189 1025 1241 his
1054 1189 1350 1254 subversio,
1381 1188 1432 1242 in
1467 1190 1546 1244 his
1575 1188 1894 1245 submersio.

624 1282 709 1337 12.
753 1282 901 1354 [vers.
936 1280 1014 1354 7.]
1040 1280 1313 1355 Propterea
1334 1279 1728 1341 Deusdestruet
1749 1289 1796 1335 te
1830 1281 1893 1347 in.
1920 1280 2071 1349 ﬁnem
2105 1294 2126 1333 :

545 1373 648 1428 etsi
686 1389 824 1428 nunc
854 1374 1048 1428 videris
1079 1374 1253 1440 virere
1284 1382 1532 1444 tanquam
1562 1372 1740 1431 fenum
1771 1372 1822 1427 in
1849 1387 1976 1442 agro
2002 1380 2128 1426 ante

543 1474 731 1519 mstum
754 1465 896 1517 solis.
919 1462 1106 1525 Omnis
1121 1465 1260 1518 enim
1280 1479 1403 1528 caro
1423 1463 1694 1534 fenum,_et
1709 1462 1918 1520 claritas
1951 1460 2126 1517 homi-

544 1553 628 1606 nis
648 1563 703 1605 ut
724 1552 820 1606 llos
842 1551 947 1607 feni
970 1571 981 1607 :
1004 1552 1182 1607 fenum
1202 1553 1359 1620 aruit,
1377 1562 1430 1607 et
1444 1552 1543 1607 llos
1550 1552 1781 1617 decidit;
1801 1551 2019 1607 verbum
2036 1566 2128 1610 au-

545 1654 650 1698 tem
681 1644 888 1705 Domini
918 1654 1097 1701 tutariet
1126 1645 1180 1700 in
1206 1651 1466 1705 aeternum
1498 1643 1650 1716 (Isni.
1680 1660 1768 1714 XL,
1794 1644 1847 1711 6,
1878 1642 1957 1716 8).
1990 1644 2133 1700 Ecce

542 1749 647 1804 qun
661 1741 711 1787 te
727 1733 996 1798 teneas,ad
1012 1734 1151 1804 quod
1165 1742 1345 1791 manet
1357 1735 1409 1789 in
1422 1744 1701 1790 tetertmm.
1716 1734 1845 1789 Nam
1860 1735 1926 1788 ad
1943 1733 2123 1789 fenum

542 1833 599 1881 et
615 1826 682 1881 ad
703 1824 885 1881 liorem
910 1824 1013 1881 feni
1030 1826 1076 1882 si
1098 1834 1149 1881 te
1172 1827 1679 1899 tenueris,quoniam
1697 1825 1881 1882 fenum
1896 1835 2139 1896 arescet,

543 1925 597 1971 et
618 1916 714 1970 llos
732 1917 956 1981 decidet,
975 1917 1195 1981 destruet
1211 1926 1257 1972 te
1270 1917 1411 1973 Deus
1425 1920 1479 1973 in
1497 1919 1650 1989 finem
1665 1934 1683 1974 :
1700 1918 1800 1975 etsi
1822 1934 1925 1973 non
1944 1917 2147 1993 modok

545 2015 691 2063 certe
722 2008 772 2067 in
804 2007 963 2062 linem
992 2008 1251 2073 destruet,
1273 2008 1483 2079 quando
1503 2008 1633 2076 illud
1653 2009 2006 2073 ventilabrum
2032 2024 2142 2069 ve-..

545 2097 704 2160 ncrit,
729 2107 781 2153 et
801 2113 1021 2159 acervus
1039 2099 1201 2168 palea:
1215 2115 1246 2155 a
1265 2114 1440 2165 massa
1457 2111 1732 2171 separatus
1749 2101 1923 2156 fuerit.
1940 2100 2128 2166 Nonne

547 2203 721 2241 massa
746 2189 796 2243 in
822 2187 1032 2254 horrea,
1055 2189 1279 2259 ctpalea
1303 2190 1354 2244 in
1378 2191 1551 2261 ignem
1569 2190 1785 2261 (Matth.
1808 2208 1899 2260 ιιι,
1926 2201 1970 2247 et
1992 2208 2090 2247 xui
2109 2233 2125 2258 ,

546 2277 878 2346 40)?.Nonne
909 2287 1050 2334 totus
1072 2280 1170 2335 istc
1195 2281 1457 2351 Doeehad
1480 2282 1947 2349 sinistramstabit,
1969 2298 2137 2354 quan:

545 2370 617 2427 do
659 2368 896 2423 dicturus
950 2381 1033 2426 εει
1081 2372 1353 2439 Dominus,
1385 2371 1466 2426 Ite
1501 2374 1552 2426 in
1586 2374 1750 2445 ignem
1778 2385 2017 2432 teternum
2043 2379 2131 2447 qui

547 2471 756 2530 paratus
776 2471 846 2515 est
868 2461 1066 2519 diabolo
1081 2473 1127 2515 et
1150 2464 1342 2534 angelis
1366 2465 1475 2535 ejus
1497 2463 1740 2537 (ld.xxv,
1753 2468 1815 2522 41
1828 2468 1877 2539 )?
1890 2468 2135 2529 Destruet

545 2564 674 2619 ergo
714 2561 762 2605 te
800 2551 937 2606 Deus
957 2552 1009 2606 in
1050 2554 1213 2622 ﬁnem,
1237 2569 1256 2607 :
1284 2554 1453 2608 evellet
1492 2565 1557 2620 te,
1599 2566 1645 2611 et
1684 2558 1941 2629 emigrabit
1983 2570 2029 2613 te
2066 2560 2135 2615 de

548 2642 869 2697 tabernaculo
908 2652 1016 2698 tuo.
1056 2644 1210 2699 Modo
1246 2660 1373 2723 ergo
1412 2647 1587 2703 Doech
1629 2647 1727 2703 iste
1757 2648 2016 2705 idumaeas
2046 2660 2128 2706 est

550 2730 604 2788 in
651 2731 990 2788 tabernaculo
1031 2752 1045 2788 :
1091 2734 1186 2790 sed
1227 2750 1415 2792 servus
1454 2753 1558 2792 non
1590 2750 1769 2795 manet
1806 2741 1866 2795 in
1887 2740 2046 2795 domo
2077 2742 2139 2803 in.

550 2829 811 2876 aeternum
853 2820 1048 2894 (Joan.
1088 2840 1178 2879 vui
1200 2864 1215 2892 ,
1260 2824 1403 2896 5,5).
1434 2826 1699 2896 Operatur
1726 2838 1778 2883 et
1806 2829 1906 2885 istc
1933 2830 2139 2901 aliquid

547 2908 711 2976 boni,
744 2913 845 2967 etsi
884 2928 991 2968 non
1031 2913 1183 2970 factis
1209 2916 1355 2985 suis,
1394 2918 1584 2989 saltem
1613 2920 1789 2975 verbis
1830 2920 1957 2987 Dei,
1990 2929 2049 2977 ut
2074 2922 2134 2980 in

548 3000 788 3057 Ecclesia
818 3005 1030 3073 quando
1057 3021 1152 3061 sua
1181 3008 1369 3078 quaerit
1394 3007 1664 3085 (Philipp.
1697 3028 1732 3066 ιι
1751 3010 1913 3085 ,21),
1939 3014 2130 3070 saltem

548 3107 669 3161 quae
706 3093 901 3148 Christi
942 3105 1067 3151 sunt
1099 3096 1262 3153 dicat.
1294 3097 1404 3154 Sed
1441 3100 1701 3171 emigrabit
1729 3112 1777 3156 te
1803 3102 1866 3157 de
1892 3104 2145 3165 tabernam

550 3183 666 3235 culo
696 3193 803 3236 tuo.
846 3185 1017 3241 Amen
1043 3186 1165 3243 dico
1204 3189 1353 3243 vobis
1375 3210 1405 3254 δ’
1434 3201 1789 3261 perceperunt
1828 3194 2128 3250 mercedem

550 3286 702 3326 suam
731 3274 945 3342 (Matth.
977 3293 1049 3343 vt,
1081 3277 1161 3348 2).
1190 3277 1259 3332 Ει
1287 3258 1676 3335 radicem.tuam
1703 3284 1764 3336 tle
1793 3293 1927 3339 terra
1960 3286 2128 3341 niveu-

550 3361 695 3414 tium.
735 3362 877 3435 Ergo
906 3367 956 3420 in
1002 3375 1139 3428 terra
1177 3369 1463 3425 viventium
1500 3386 1597 3426 nos
1633 3372 1889 3430 debemus
1933 3375 2132 3434 habere

549 3452 807 3508 radicem.
844 3456 1007 3511 Radix
1051 3470 1233 3513 nostra
1265 3461 1333 3515 ibi
1363 3461 1450 3515 sit.
1496 3462 1549 3517 ln
1580 3463 1789 3518 occulto
1815 3474 1898 3521 est
1932 3468 2082 3522 radix
2112 3485 2126 3524 :

548 3542 751 3599 trtictns
776 3547 941 3602 videri
970 3559 1211 3618 possunt,
1243 3550 1393 3606 radix
1421 3551 1586 3609 videri
1608 3570 1714 3611 non
1736 3564 1932 3625 potest.
1957 3557 2143 3615 Radix.

550 3642 732 3688 nostra
759 3635 990 3692 charitas
1018 3648 1229 3706 nostra,
1262 3640 1465 3698 fructus
1505 3644 1671 3702 nostri
1703 3660 1863 3715 opera
1900 3659 2083 3705 nostra
2110 3667 2127 3706 :

549 3738 684 3793 opus
711 3738 793 3780 est
817 3736 874 3781 ut
898 3744 1060 3799 opera
1084 3741 1168 3783 tua
1194 3730 1261 3786 de
1286 3731 1544 3801 charitate
1567 3735 1876 3803 procedant,
1901 3747 2025 3795 tunc
2048 3747 2148 3803 est,

548 3814 697 3867 radix
739 3824 824 3869 tua
858 3818 908 3871 in
942 3827 1082 3873 terra
1124 3821 1433 3876 viventium.
1478 3822 1605 3880 inde
1648 3826 2002 3884 cradicab'ztur
2030 3830 2131 3887 iste

550 3902 760 3969 Docch,
796 3916 893 3960 nec
926 3910 1145 3962 omnino
1176 3912 1368 3979 poterit
1400 3912 1468 3966 ibi
1501 3928 1848 3982 permanere,
1876 3918 1999 3988 quia
2030 3935 2137 3991 nec,

548 3992 710 4048 altius
748 3994 816 4048 ibi
847 3995 959 4050 ﬁxit
997 3997 1226 4054 radicem
1256 4016 1268 4052 :
1298 4000 1391 4056 sed
1418 4004 1687 4073 quomodo
1728 4004 1814 4061 illa
1844 4009 2046 4073 semina
2075 4012 2131 4070 in

550 4093 735 4152 petra,
778 4087 877 4139 ειεὶ
921 4088 1153 4145 radicem
1198 4090 1433 4160 ejiciant,
1479 4102 1655 4149 tamen
1698 4097 1817 4164 quia
1849 4098 2128 4159 humorem

555 4188 660 4228 non
699 4173 1042 4239 habent,5o1e
1084 4190 1203 4235 orto
1241 4183 1491 4238 continuo
1532 4187 2025 4259 arcscunt(ld.,xtn,
2045 4193 2127 4267 5).

547 4261 619 4315 At
644 4278 770 4316 vero
792 4264 864 4318 illi
887 4267 977 4336 qui
1007 4269 1164 4324 altius
1195 4271 1361 4343 ﬁgunt
1385 4273 1642 4342 radicem,
1672 4279 1795 4348 quid
1819 4281 2040 4339 audiunt
2062 4261 2143 4345 ab.

549 4354 846 4424 Apostolo?
874 4359 921 4411 F
923 4360 1048 4414 lecto
1077 4379 1240 4432 genua
1270 4381 1381 4419 mea
1410 4384 1502 4436 pro
1526 4368 1664 4424 vobis
1693 4373 1761 4424 ad
1787 4371 1994 4429 Patrem
2026 4376 2139 4437 00-,

548 4446 674 4499 mini
702 4449 862 4503 nostri
887 4449 925 4502 Ι
926 4468 1013 4505 esu
1039 4452 1247 4522 Christi,
1276 4464 1331 4509 ut
1359 4457 1467 4513 sitis
1491 4460 1542 4513 in
1570 4459 1817 4517 charitote
1840 4467 2054 4523 radicati
2082 4480 2131 4525 et

546 4537 769 4606 fundati.
808 4540 875 4596 Et
902 4544 1022 4612 quia
1062 4546 1134 4600 ibi
1174 4547 1285 4617 jam
1322 4546 1500 4619 radix,
1554 4551 1622 4608 Ut
1650 4556 1889 4625 possitis,
1922 4560 2125 4632 inquit,

468 4654 485 4725 ἦ
545 4634 964 4703 comprehendere
996 4653 1112 4706 qua:
1142 4640 1205 4693 sit
1231 4640 1476 4710 altitudo,
1515 4643 1749 4713 latitudo,
1784 4650 2045 4723 longitudo
2084 4664 2129 4711 et

482 4723 485 4776 ξ
548 4723 889 4793 profundum;
915 4726 1043 4781 scire
1068 4730 1217 4783 etiam
1243 4735 1691 4800 snpereminentem
1716 4739 1975 4797 scientiam
2002 4745 2127 4799 cha-

544 4813 708 4866 ritatis
749 4814 956 4885 Christi,
1000 4831 1053 4873 ut
1091 4822 1405 4891 impleamini
1444 4826 1495 4880 in
1537 4845 1734 4884 onmem
1758 4827 2133 4900 plenitudinem

545 4903 643 4958 Dei
669 4904 894 4977 (Ephes.
930 4928 1012 4978 ιιι,
1044 4913 1142 4977 Η,
1178 4915 1399 4987 lli-l9).
1430 4917 1646 4975 Talibus
1678 4919 1938 4981 fruetibus
1967 4928 2125 5000 digna

546 5005 631 5049 est
654 5005 796 5053 tanta
822 5001 999 5065 radix,
1026 5013 1129 5057 tam
1154 5006 1409 5077 simplex,
1435 5021 1540 5065 tam
1563 5014 1897 5083 germinans,
1926 5018 1978 5073 in
1999 5035 2123 5091 ger-

545 5089 687 5144 mina
717 5098 823 5146 tam
854 5092 958 5147 alte
987 5094 1202 5152 fundata
1225 5101 1269 5153 ¹.
1297 5100 1367 5156 At
1389 5117 1516 5157 vero
1540 5103 1696 5176 hujus
1717 5108 1865 5164 radix
1888 5089 2126 5170 eradica-

542 5189 630 5234 tur
648 5182 714 5238 de
737 5192 875 5238 terra
899 5185 1205 5243 viventium.
1967 5187 1971 5191 ’

616 5273 700 5327 15.
736 5272 882 5345 [ισρνε.
917 5276 995 5349 8.]
1027 5277 1094 5332 Ει
1123 5280 1357 5337 videbunt
1372 5285 1521 5355 justi,
1545 5297 1589 5341 et
1615 5289 1875 5359 timebunt,
1903 5303 1949 5348 et
1971 5312 2123 5367 super

538 5378 650 5415 eum
679 5366 929 5421 ridebunt.
960 5368 1182 5436 Quando
1228 5372 1528 5432 timebunt?
1574 5380 1786 5451 quando
1833 5385 2123 5446 ridebunt?

601 5540 807 5653 intrii-hat
820 5541 947 5653 pigri
954 5557 1052 5608 que
1070 5554 1194 5597 Mss:
1219 5548 1464 5609 expressit
1488 5550 1633 5604 verba
1652 5551 2006 5623 submersionis,
2033 5561 2122 5614 tin-

601 5616 603 5625 ’
793 5619 821 5652 0
927 5642 940 5653 .

538 5612 685 5663 gnam
709 5612 940 5655 dolosam.
1992 5612 2005 5623 '
2052 5612 2061 5614 '
2087 5612 2095 5613 ’

538 5664 935 5748 ...2,.ἱί⁰.ἒ¹]ἓῐίὶἲεῐίὲ
952 5671 1189 5748 item!"
1224 5673 1423 5748 fluidam
1453 5687 1467 5748 ξ
1502 5680 1609 5746 tam.
1633 5676 1868 5748 είιιιριεπν
1893 5687 1992 5733 tam
2013 5699 2121 5748 ger-

535 5734 700 5811 mana,
724 5730 820 5775 tum
843 5728 1181 5811 (ιΙριιΙἹίιιιιιιιτιἰ
1213 5728 1279 5811 [⁸ιί¹
1297 5742 1426 5811 ιέσιντ
1456 5728 1804 5811 tant‘simp‘léar,
1828 5728 2121 5811 alligabit-

540 5794 660 5835 nttns
683 5790 732 5836 in
745 5790 975 5853 germine,
992 5798 1093 5847 tam
1113 5792 1214 5847 altu
1234 5801 1279 5847 et
1298 5790 1503 5855 [:mtlata
1517 5807 1563 5851 ct
1588 5790 1839 5870 prognata,

1789 350 1848 406 ε.
1889 344 2252 405 Αυευειιει
2292 322 2615 409 Episcopi~

3702 365 3822 423 608

2232 458 2607 533 lntelligamus.
2632 479 2763 534 ergo
2806 474 2860 521 et
2888 464 3254 522 disecrnamus
3290 469 3399 526 dun
3444 471 3544 528 ista
3573 484 3821 547 tempora

2230 553 2361 607 satis
2386 554 2585 610 utiliter
2611 555 2831 613 timendi
2847 566 2900 612 et
2923 557 3151 614 ridendi.
3173 559 3436 628 Quamdiu
3455 564 3598 620 enim
3626 581 3823 624 sumus

2234 641 2286 697 in
2318 641 2421 698 hoc
2447 646 2664 709 saeculo,
2689 646 2924 708 nondum
2957 658 3042 704 est
3069 649 3371 720 ridendum,
3394 671 3461 708 ne
3488 666 3670 726 postea
3693 661 3816 730 plo-

2234 748 2436 798 remus.
2462 734 2712 807 begimus
2735 739 2863 808 quid
2887 750 3131 796 servetur
3162 742 3216 796 in
3256 743 3414 799 linem
3443 745 3564 817 huic
3589 748 3772 806 Doecb
3796 768 3816 816 ;

2233 821 2486 893 legimus,
2513 835 2570 882 et
2594 828 2717 897 quia
2745 829 3084 902 intelligimus
3107 841 3162 887 et
3184 835 3483 903 credimus,
3526 839 3774 896 videmus
3797 883 3817 904 .

2233 913 2328 967 sed
2371 913 2637 979 timemus.
2683 917 2797 975 Hoc
2837 935 2966 990 ergo
3003 920 3217 993 dictum
3235 933 3336 990 est,
3382 924 3622 987 Videbunt
3638 931 3777 1001 justi
3800 973 3821 997 ,

2230 1016 2281 1062 et
2301 1007 2562 1073 timebant.
2594 1010 2855 1078 Quamdiu
2877 1011 3122 1085 videmus
3152 1015 3280 1083 quid
3320 1026 3632 1074 eventurum
3661 1022 3733 1077 sit
3762 1023 3821 1079 in

2234 1097 2393 1157 linem
2420 1100 2595 1167 malis,
2624 1117 2790 1171 quare
2815 1102 3110 1172 timemus?
3146 1104 3280 1173 Quia
3307 1106 3441 1167 dixit
3478 1111 3768 1179 Apostolus
3796 1155 3817 1178 ,

2232 1186 2300 1244 In
2327 1188 2504 1243 timore
2526 1200 2573 1244 et
2601 1201 2813 1247 tremore
2847 1202 3059 1248 vestram
3092 1195 3337 1265 ipsorum.“
3362 1202 3642 1269 operamini
3668 1204 3816 1257 salu-

2233 1286 2331 1330 tem
2360 1275 2617 1350 (Philipp.
2641 1297 2700 1346 ιι,
2738 1281 2848 1349 12);
2877 1283 2997 1353 quia
3026 1284 3226 1339 dictum
3248 1296 3337 1350 est
3352 1288 3405 1342 iu
3435 1291 3663 1363 psalmo,
3688 1292 3820 1348 Ser-

2234 1368 2332 1422 vite
2358 1367 2578 1423 Domino
2620 1372 2671 1426 in
2715 1374 2926 1439 timore,
2963 1384 3029 1443 et,
3058 1377 3304 1445 exsulans
3346 1380 3393 1433 ei
3436 1396 3551 1439 cum
3600 1392 3821 1441 ιιέιηοη

2233 1460 2404 1529 (Psat.
2436 1479 2493 1528 ιι,
2523 1463 2632 1534 ll).
2655 1464 2849 1531 Quare,
2878 1483 2998 1522 eum
3036 1469 3266 1527 timore?
3288 1471 3623 1544 Quapropter
3640 1477 3730 1547 qui
3763 1494 3819 1534 se

2234 1562 2376 1622 putat
2396 1555 2740 1625 stare,_qn_itleat
2767 1574 2828 1612 ne
2851 1558 3001 1613 cadat
3028 1558 3220 1632 (lCor.
3248 1578 3309 1630 ι,
3330 1562 3441 1634 l2).
3464 1563 3661 1631 Quare,
3688 1582 3815 1623 cum

2235 1650 2465 1704 tretnore
2482 1644 2663 1714 ?,Qnia
2702 1646 2829 1703 dicit
2863 1648 2986 1719 alibi
3021 1668 3035 1704 :
3065 1649 3311 1718 Fratres,
3343 1656 3388 1709 si
3429 1670 3820 1729 prmoccupatus

2234 1733 2383 1801 fuerit
2419 1732 2568 1791 homo
2605 1740 2656 1793 in
2683 1737 2854 1806 aliqua
2882 1738 3308 1812 delictokros-_qui
3334 1746 3623 1816 spirituales
3658 1751 3813 1814 estis,

2232 1821 2465 1879 instruite
2488 1824 2776 1896 hujusmodi
2799 1830 2857 1882 in
2877 1829 3053 1899 spiritu
3065 1831 3305 1897 unitatis,
3324 1834 3586 1895 intendens
3601 1840 3818 1911 teipsum

2234 1929 2303 1979 ne,
2323 1924 2368 1968 et
2396 1923 2451 1968 tu
2474 1918 2675 1979 teuteris
2698 1917 2838 1990 (Gal.
2865 1918 3043 1993 v1.1).
3075 1922 3219 1994 Ergo
3234 1925 3360 1994 justi
3377 1930 3465 1996 qui
3486 1941 3610 1985 sunt
3630 1934 3815 1998 modo,

2233 2006 2323 2079 qui
2351 2006 2531 2069 vivunt
2567 2023 2633 2063 ex
2679 2009 2825 2083 fide,
2848 2012 2927 2066 sic
2953 2012 3134 2077 vident
3173 2016 3332 2071 istum
3375 2018 3550 2077 Doech
3577 2023 3705 2093 quid
3739 2025 3820 2081 illi

2235 2106 2548 2160 eventurum
2590 2098 2680 2166 sit,
2708 2107 2968 2157 uttamen
3001 2105 3224 2165 timeant.
3257 2109 3641 2183 et~.sibi,:-quid
3672 2114 3817 2169 enim

2235 2197 2360 2243 sunt
2389 2187 2567 2256 hodie,
2602 2191 2801 2257 sciunt;
2834 2193 2959 2263 quid
3008 2209 3129 2250 cras
3171 2196 3331 2254 futuri
3377 2199 3505 2268 sint,
3549 2205 3816 2260 nesciunt.

2234 2279 2393 2341 Modo
2412 2296 2540 2351 ergo
2566 2283 2799 2341 ridebunt
2827 2287 2980 2357 justi,
3011 2290 3338 2352 ettimebunt.
3371 2293 3596 2359 Quando
3637 2307 3820 2354 autem

2235 2370 2514 2429 ridebunt?
2540 2374 2760 2441 Quando
2788 2377 3058 2436 transierit
3089 2380 3370 2449 iniquitas,
3403 2384 3618 2453 quando
3639 2396 3822 2444 trans-

2235 2464 2513 2531 Volavcrit,
2567 2466 2706 2521 sicut
2747 2467 2858 2536 jam
2904 2483 2985 2541 ex.
3018 2485 3208 2540 magna
3259 2484 3414 2540 parte
3469 2479 3825 2535 transvolavit

2236 2561 2447 2624 tempus
2497 2556 2779 2623 incertum,
2835 2560 3061 2628 quando.
3098 2561 3289 2632 fugatis
3329 2564 3530 2621 fuerint
3585 2571 3826 2626 tenebras

2237 2645 2396 2715 hujus
2422 2647 2628 2714 stcculi,
2658 2647 2711 2702 in
2750 2649 2953 2718 quibus
2985 2652 3147 2714 modo
3192 2668 3298 2708 non
3349 2656 3687 2714 ambulamus
3720 2662 3826 2717 nisi

2235 2735 2304 2799 ad
2329 2736 2601 2799 lucernam
2623 2737 3038 2807 Scripturarum,
3058 2751 3113 2797 et
3136 2742 3267 2800 ideo
3287 2746 3538 2805 timemus
3562 2758 3825 2820 tanquam

2236 2826 2291 2886 in
2335 2837 2511 2884 nocte.
2548 2828 2897 2888 Ambulamus
2923 2833 3065 2887 enim
3103 2833 3171 2888 ad
3210 2837 3579 2905 prophetiam,
3611 2839 3681 2895 de
3721 2856 3828 2909 qua

2236 2917 2367 2974 dicit
2406 2919 2703 2988 apostolus,
2722 2919 2912 2988 Petrus
2941 2939 2957 2976 :
2992 2921 3248 2991 Habemus
3276 2928 3536 2986 certiorem
3565 2932 3829 3000 propheti-

2238 3010 2391 3064 ticum
2427 3025 2726 3077 sermonem,
2766 3012 2848 3065 cui
2881 3011 3004 3069 bene
3026 3015 3209 3085 facitis
3220 3017 3548 3084 intenderim,
3576 3021 3713 3075 sicut
3747 3022 3830 3076 lu-

2236 3102 2679 3167 centteluceutiiu
2707 3101 2916 3157 obscuro
2936 3103 3071 3172 loco,
3098 3106 3254 3167 donec
3274 3107 3380 3162 dies
3400 3107 3642 3178 lucescat,
3673 3121 3718 3166 et
3746 3112 3830 3167 hi.

2236 3193 2362 3261 cifer
2385 3194 2579 3250 orietur
2612 3194 2666 3249 in
2690 3193 2925 3250 cordibus
2952 3198 3128 3252 vestris
3155 3198 3230 3270 (,ll
3254 3199 3399 3255 Petr.
3430 3217 3466 3269 ι,
3494 3202 3603 3274 l9).
3619 3204 3827 3271 Quam.

2235 3285 2325 3341 diu
2345 3301 2474 3357 ergo
2498 3286 2564 3341 ad
2592 3287 2863 3343 lucernam
2889 3289 3247 3357 ambulamus,
3268 3308 3488 3351 necesse
3509 3308 3595 3353 est
3618 3308 3679 3353 ut
3696 3314 3825 3358 omn

2237 3376 2427 3433 timore
2466 3377 2726 3433 vivamus.
2769 3375 2903 3434 Cum
2938 3389 3118 3435 autem
3134 3385 3348 3443 venerit
3381 3384 3737 3454 diesuoster,
3771 3391 3833 3450 id

2236 3478 2319 3524 est
2344 3468 2698 3529 manifestatio
2721 3468 3028 3534 Christi,de
3047 3486 3150 3542 qua
3177 3473 3318 3529 idem
3343 3474 3475 3532 dicit
3505 3477 3824 3549 Apostolus,

2237 3559 2365 3615 Cum
2393 3559 2621 3615 Christus
2643 3561 2940 3630 apparuerit
2968 3563 3070 3616 vita
3091 3574 3278 3633 vestra,
3321 3576 3440 3622 tunc
3469 3579 3514 3623 et
3538 3585 3629 3625 vos
3653 3589 3824 3644 appo-

2234 3653 2406 3708 rebitis
2451 3668 2568 3707 cum
2604 3652 2717 3723 ipso
2757 3652 2812 3707 in
2854 3653 3018 3725 gloria
3058 3653 3280 3727 (Colon.
3311 3675 3389 3726 ιιι,
3420 3661 3513 3731 4);
3545 3671 3676 3719 tunc
3692 3664 3827 3735 justi

2235 3744 2484 3800 ridebunt
2508 3744 2666 3799 istum
2704 3743 2904 3800 Doech.
2931 3744 3046 3801 Non
3066 3748 3318 3803 esbenim
3337 3750 3446 3818 jam
3468 3752 3827 3816 subveniendi

2235 3835 2385 3891 locus
2402 3852 2418 3891 :
2436 3850 2543 3891 non
2556 3833 2830 3905 quomodo
2854 3850 3016 3903 nunc,
3034 3838 3246 3908 quando
3271 3840 3418 3897 vides
3438 3842 3714 3902 hominem
3732 3849 3825 3905 in-

2230 3926 2375 3998 juste
2399 3922 2687 3997 viventem,
2706 3930 2788 4001 vis
2809 3944 2932 3986 cum
2950 3932 3042 3989 illo
3068 3933 3314 3991 laborare
3333 3944 3391 3991 ut
3408 3939 3678 4011 corrigas;
3698 3945 3829 4015 quia

2234 4022 2326 4092 qui
2352 4021 2578 4091 injustas
2606 4031 2722 4089 est,
2764 4038 3065 4081 conversus.
3096 4028 3293 4096 poterit
3304 4029 3481 4098 justus
3506 4047 3653 4100 esse,
3689 4052 3829 4106 quo-

2236 4112 2395 4167 modo
2431 4122 2489 4167 et
2514 4112 2689 4183 justus
2722 4128 2942 4170 aversus
2974 4118 3412 4188 potestinjustus
3449 4137 3591 4178 esse.
3632 4124 3829 4198 Itaque

2234 4217 2332 4258 nec
2355 4202 2422 4259 de
2449 4212 2503 4259 te
2532 4219 2843 4274 pmisuntas,
2868 4220 2969 4264 nec
2994 4206 3063 4263 de
3090 4207 3184 4263 illo
3206 4208 3494 4280 desperes;
3524 4223 3581 4270 et
3598 4215 3670 4271 da
3686 4232 3823 4289 ope-

2234 4307 2350 4347 ram
2373 4302 2631 4364 quantum
2656 4302 2826 4363 potes,
2852 4296 2899 4351 si
2922 4296 3182 4369 benignus
3200 4314 3278 4367 es,
3301 4302 3346 4356 si
3367 4316 3479 4359 non
3497 4304 3691 4377 diligis
3704 4325 3821 4366 ma-

2233 4384 2399 4442 litiam
2438 4386 2600 4456 super
2632 4388 3032 4459 benignitatem,
3055 4401 3115 4447 ut
3139 4394 3501 4454 ambulantem
3544 4398 3826 4458 hominem

2235 4476 2289 4531 in
2320 4478 2406 4531 via
2428 4478 2567 4533 mala
2587 4488 2644 4533 et
2657 4489 2928 4537 errantem
2946 4484 3184 4554 corrigas
3199 4486 3265 4542 ad
3282 4487 3419 4543 viam
3435 4487 3656 4547 bonam.
3670 4493 3827 4551 Tunc

2235 4583 2364 4623 vero
2404 4583 2526 4624 eum
2569 4572 2775 4628 venerit
2807 4572 2992 4642 judicii
3020 4584 3261 4647 tempus,
3294 4583 3644 4639 correctionis
3673 4585 3828 4643 locus

2234 4676 2341 4715 non
2371 4662 2492 4729 erit,
2521 4662 2614 4718 sed
2644 4674 2846 4720 tantum
2885 4665 3245 4727 damnationis
3272 4689 3288 4730 :
3319 4681 3373 4729 et
3399 4676 3503 4730 erit
3530 4676 3602 4732 ibi
3643 4681 3825 4748 penni-

2236 4755 2419 4820 tentia,
2442 4754 2537 4811 sed
2561 4754 2912 4825 infmctuosa,
2938 4761 3061 4830 quia
3084 4776 3226 4819 sera.
3251 4764 3347 4820 Vis
3362 4774 3419 4822 ut
3441 4768 3514 4823 sit
3537 4769 3780 4829 frutuosa
3801 4774 3829 4829 ἓ

2232 4843 2350 4900 Non
2394 4846 2464 4902 sit
2496 4859 2618 4901 sera
2648 4864 2665 4902 :
2695 4847 2855 4904 hodie
2882 4858 2936 4907 te
2958 4853 3186 4922 corrige.
3227 4854 3374 4912 Reus
3404 4873 3488 4925 es,
3524 4861 3615 4917 ille
3651 4863 3826 4933 judes

2232 4947 2315 4995 est
2346 4940 2593 5011 :enrrige
2633 4950 2869 5010 reatum,
2899 4953 2954 5000 et
2975 4946 3230 5016 gaudebis
3264 4950 3332 5007 ad
3356 4952 3611 5023 judicem.
3649 4956 3827 5016 Hodie

2233 5031 2375 5087 enim
2416 5030 2669 5111 hortatur
2697 5044 2778 5100 te,
2821 5050 2890 5091 ne
2921 5037 3119 5105 indicet
3161 5049 3247 5107 te;
3282 5052 3339 5098 et
3370 5046 3461 5115 qui
3493 5046 3658 5114 iudex
3699 5057 3830 5105 tuus

2232 5123 2440 5179 baturus
2464 5135 2566 5190 est,
2600 5127 2714 5196 ipse
2731 5137 2817 5183 est
2829 5128 2992 5187 hodie
3007 5131 3299 5192 advocatus
3325 5147 3466 5194 tuus.
3489 5139 3641 5197 Tunc
3667 5157 3821 5215 ergo,

2232 5214 2446 5285 fratres,
2471 5228 2635 5274 restat
2662 5220 2869 5278 ridendi
2900 5233 3128 5295 tempus.
3165 5228 3297 5284 Nam
3326 5230 3494 5301 ipsam
3517 5214 3828 5294 irrisiouem

2232 5309 2534 5379 iniquorum
2559 5324 2679 5382 qum
2718 5312 2894 5370 futura
2921 5325 3009 5372 est
3035 5318 3213 5388 justis,
3238 5323 3552 5393 significavit
3572 5327 3713 5384 liber
3734 5331 3827 5387 ille

2230 5398 2538 5471 Sapientiae.
2564 5401 2619 5457 In
2645 5404 2758 5460 suis
2780 5407 2951 5474 enim,
2988 5408 3047 5464 in
3067 5426 3293 5481 quorum
3322 5416 3533 5473 animas
3568 5420 3826 5478 transfert

2230 5505 2290 5547 se
2310 5493 2567 5559 sapientia
2596 5493 2636 5556 ί,
2666 5494 2871 5553 factura
2898 5501 3153 5580 estquod
3177 5503 3350 5561 dixit:
3379 5504 3744 5580 Increpabom,
3775 5524 3827 5568 ιε

2229 5599 2331 5636 non
2369 5583 2747 5649 “audiebatis;
2774 5574 3028 5658 loquebar,
3052 5601 3099 5646 et
3129 5594 3251 5649 meis
3273 5574 3586 5655 sermonibus
3608 5617 3712 5656 non
3729 5574 3820 5657 in.

2501 5704 2700 5786 ’Βέυηεν
2880 5699 3155 5786 Eicitur}?!
3178 5706 3491 5786 ςῑξσέιιοξαηη
3512 5715 3748 5786 "me."
3768 5728 3819 5767 δε

2229 5754 2478 5829 Ψηυίπ·
2506 5765 2587 5829 Ρττ
2614 5754 2679 5809 ἐί
2714 5768 2844 5810 ιον-ε
2877 5772 2931 5813 In
2953 5754 3147 5829 suorum
3169 5754 3819 5829 cui...”&.{.i26ri.i¢'"m'""
3768 5754 3812 5767 π

2230 5829 2340 5868 eum
2364 5821 2589 5883 trtntsfert
2608 5835 2679 5884 se,
2702 5830 2795 5876 etc.
2816 5831 2908 5878 Nos
2920 5834 3024 5878 Mss.
3051 5826 3197 5881 libros
3212 5836 3367 5883 secuti
