4042 6492
209 534 510 599 -ettdebalis;
538 541 589 588 et
615 549 708 606 ego
736 538 910 588 uestra!
943 529 1212 602 perditioni
1244 528 1564 599 superridebo
1595 526 1773 596 (Prov.

210 646 241 695 l,
264 627 478 694 9496).
509 627 625 681 lloc
646 626 735 680 fiet
762 634 883 679 tunc
918 624 946 677 a
972 625 1129 694 justis
1156 623 1207 677 in
1238 623 1394 676 istum
1421 617 1784 674 Doech.Modo

205 729 376 775 autent
398 719 680 774 videamus
708 726 761 771 ct
786 716 1085 778 timeamus,
1127 729 1196 769 ne
1236 714 1337 769 hoc
1371 714 1536 767 simus
1556 709 1694 781 quod
1730 708 1782 764 in

203 826 324 867 eum
351 812 582 866 dicimus
604 826 620 864 :
644 819 696 862 et
725 810 769 864 si
804 808 904 862 hoc
928 822 1160 870 eramus,
1188 807 1292 861 hoc
1319 818 1436 861 esse
1457 804 1781 869 desinamus,

210 915 262 959 ut
286 902 446 958 modo
476 904 749 962 timentes.
777 908 959 969 postea
992 897 1279 952 rideamus.

273 998 361 1051 υ.
389 993 543 1067 [κη.
571 991 655 1065 9.]
676 992 809 1060 Quid
838 1001 1014 1045 autem
1037 999 1160 1043 tunc
1178 987 1357 1043 dicent
1381 986 1469 1057 qui
1497 983 1787 1041 ridebunt?

207 1085 267 1146 Et
287 1104 441 1159 super
466 1103 584 1140 eum
620 1085 850 1138 ridebunt
870 1126 884 1147 ,
927 1074 983 1137 et
1009 1083 1172 1136 dicent
1196 1095 1215 1135 :
1242 1079 1373 1134 Ecce
1396 1080 1548 1133 homo
1577 1078 1663 1148 qui
1688 1094 1787 1132 non

208 1179 369 1250 posuit
395 1176 563 1230 Deum
586 1177 869 1247 adjutorem
890 1190 1055 1227 suum.
1075 1171 1261 1229 Videte
1274 1185 1472 1242 corpus
1495 1179 1784 1225 terrenum.

208 1273 473 1338 Quantum
497 1268 738 1334 habebis,
761 1277 941 1321 tantus
954 1266 1088 1320 eris.
1116 1264 1462 1319 l’mve‘rbium
1483 1272 1787 1328 avarorum,

209 1361 504 1432 rapacium,
530 1361 839 1416 innocentes
864 1356 1299 1429 opprimcttl'itlm,
1342 1371 1429 1411 res
1466 1355 1667 1409 alienas
1712 1353 1792 1408 ius

210 1453 537 1518 rudentium,
552 1450 919 1505 commendata
940 1448 1260 1520 negantium.
1276 1447 1445 1516 Quale
1466 1447 1563 1501 hoc
1578 1460 1792 1515 prover-

210 1546 388 1602 bium?
405 1546 674 1614 Quantum
702 1540 1149 1608 habebisﬂautus
1167 1541 1307 1606 eris;
1339 1539 1390 1595 id
1412 1542 1512 1601 es‘t,
1537 1547 1790 1608 quantum

211 1638 462 1694 habueris
499 1637 771 1706 pecuniae,
819 1639 1076 1704 quantum
1121 1631 1460 1703 acquisieris,
1498 1639 1642 1683 tanto
1672 1628 1794 1698 plus

213 1730 428 1800 poteris.
458 1726 592 1781 Ecce
616 1727 766 1781 homo
812 1726 899 1797 qui
944 1742 1044 1779 non
1094 1725 1261 1794 posuit
1312 1721 1469 1775 Deum
1512 1721 1795 1790 adjutoreut

204 1839 374 1887 suurn,
423 1821 515 1876 scd
563 1821 782 1890 sperauit
813 1827 865 1872 tu
897 1817 1214 1872 multitudine
1244 1816 1529 1870 divitiarum
1565 1828 1791 1867 suarum.

213 1913 325 1970 Non
364 1912 504 1969 dicat
534 1923 737 1983 pauper
764 1911 897 1965 forte
930 1908 1100 1964 malus
1127 1924 1142 1961 :
1174 1907 1287 1977 Ego
1317 1920 1421 1960 non
1455 1920 1569 1959 sum
1598 1904 1664 1959 de
1693 1903 1796 1958 hoc

212 2019 458 2074 corpore.
489 1998 708 2057 Audivit
744 2001 903 2057 enim
937 1999 1256 2069 Prophctcm
1301 1998 1563 2052 dicentem
1588 2036 1603 2062 ,
1660 1995 1795 2065 Spe-

214 2095 342 2149 ravit
390 2094 449 2147 in
510 2086 832 2147 multitudine
881 2088 1172 2143 divitiarum
1223 2098 1431 2142 suarum
1482 2102 1502 2140 :
1544 2086 1797 2141 continuo

214 2187 254 2241 si
302 2200 506 2257 panper
555 2191 673 2249 est,
705 2181 928 2237 attendit
976 2194 1181 2251 pannos
1215 2194 1360 2244 suos,
1393 2177 1626 2249 respexit
1648 2177 1797 2246 juxta

216 2291 269 2331 se
320 2275 459 2331 forte
508 2273 726 2329 divitem
765 2273 818 2327 in
858 2272 1055 2343 populo
1095 2271 1190 2327 Dei
1241 2269 1478 2325 ornatius
1523 2268 1794 2335 vestitum,

216 2380 266 2425 et
313 2370 389 2424 ait
437 2368 491 2422 in
533 2365 700 2423 corde
753 2380 899 2432 suo,
959 2364 1035 2420 De
1079 2363 1179 2419 ista
1210 2360 1374 2429 dicit,
1428 2359 1679 2432 numquid
1731 2359 1799 2415 de

219 2463 339 2516 me?
363 2460 480 2516 Noli
509 2458 632 2514 inde
658 2467 712 2514 te
748 2459 1012 2526 excipere,
1039 2454 1147 2509 noli
1175 2466 1442 2524 separare,
1475 2452 1574 2506 nisi
1605 2450 1801 2506 videris

219 2562 270 2608 et
291 2552 563 2616 timueris,
590 2559 651 2604 ut
677 2557 857 2620 postea
885 2546 1081 2602 rideas.
1107 2545 1238 2601 Nam
1265 2544 1391 2615 quid
1418 2542 1508 2599 tibi
1538 2541 1754 2613 prodest
1782 2582 1795 2608 ,

220 2647 259 2700 si
274 2659 402 2716 eges
422 2644 673 2698 facultate
698 2650 751 2697 et
777 2640 935 2696 ardes
961 2640 1288 2709 cupiditate?
1306 2636 1528 2704 Quando
1546 2634 1801 2690 Dominus

221 2746 397 2792 uoster
421 2735 581 2790 .le'sus
606 2732 854 2789 Christus
880 2731 1141 2786 abeuntia
1159 2729 1471 2785 seillidiviti
1488 2729 1801 2783 contristan

221 2830 445 2895 dixerat,
486 2825 647 2890 Vnde,
673 2825 835 2880 vende
859 2823 1030 2878 omnia
1068 2828 1180 2892 (rule
1210 2812 1388 2886 habes,
1429 2828 1474 2874 et
1515 2820 1582 2873 da
1611 2826 1803 2889 paupe-

221 2918 375 2985 ribus,
395 2927 442 2972 et
460 2916 662 2971 habebis
682 2916 972 2970 thesaurum
993 2915 1044 2967 in
1069 2914 1194 2967 ctelo
1216 2928 1235 2965 :
1256 2920 1300 2966 et
1318 2911 1451 2977 veni,
1476 2918 1679 2982 sequere
1700 2916 1798 2973 me,

221 3021 272 3068 et
293 3026 539 3082 magnam
564 3008 991 3079 desperationem
1020 3005 1272 3062 divitibus
1308 3003 1713 3074 prteuuutiarat,
1744 3005 1803 3056 ut

220 3104 424 3161 diceret
448 3100 656 3159 facilius
683 3116 844 3172 posse
882 3100 1145 3156 camclum
1190 3096 1416 3153 transire
1444 3110 1538 3167 per
1564 3096 1803 3150 foramen

223 3211 365 3260 acus,
409 3210 572 3266 quam
615 3193 832 3247 divitem
876 3192 1076 3245 intrare
1119 3190 1171 3243 in
1221 3202 1443 3260 regnum
1491 3186 1799 3251 cminrum;

225 3303 396 3344 nonne
444 3285 704 3342 continuo
747 3281 991 3353 discipuli
1039 3281 1337 3337 contristati
1386 3287 1529 3345 sunt,
1561 3277 1802 3333 dicentes

224 3379 355 3449 apud
374 3378 583 3449 seipsos
616 3394 630 3431 :
662 3375 905 3443 Quisnam
928 3372 1107 3442 poterit
1137 3372 1325 3427 salvari
1343 3369 1550 3442 (Matth.
1573 3385 1680 3436 xtx,
1707 3360 1801 3438 2i,

224 3470 309 3534 ει.
335 3471 471 3541 25)?
503 3469 646 3539 Euge
671 3466 882 3538 quando
905 3466 1173 3537 dicebant,
1218 3464 1464 3532 Quisnam
1491 3462 1668 3533 poterit
1693 3459 1803 3515 sal-

225 3563 366 3617 tari?
392 3560 589 3617 divites
626 3572 822 3628 paucos
863 3556 1239 3619 attendebant;
1281 3554 1475 3609 latebat
1513 3566 1607 3608 eos
1660 3561 1804 3607 tanta

228 3668 513 3723 pauperum
564 3649 885 3706 multitudo?
912 3647 1028 3702 Non
1075 3647 1175 3702 sibi
1206 3654 1453 3718 poterant
1494 3644 1672 3700 dicere
1705 3661 1719 3697 :
1747 3643 1805 3700 Si

226 3744 438 3801 difﬁcile
460 3750 567 3807 est,
600 3743 709 3796 imo
732 3738 1060 3809 impossibile
1097 3746 1155 3792 ut
1188 3738 1386 3792 intrent
1411 3736 1601 3791 divites
1634 3736 1687 3790 in
1717 3750 1807 3791 rc-

228 3851 380 3907 ματη
411 3833 675 3891 caelorum
696 3873 712 3898 ,
753 3831 891 3887 sicut
927 3826 1253 3900 impossibile
1293 3836 1376 3883 cst
1410 3837 1468 3882 ut
1503 3826 1663 3881 intret
1714 3840 1807 3880 ca-

228 3927 395 3983 melos
423 3941 519 3996 per
546 3924 789 3979 foramen
818 3937 967 3987 acus,
1000 3934 1188 3975 omnes
1218 3932 1478 3990 pauperes
1521 3919 1719 3972 intrent
1754 3917 1805 3971 in

229 4014 446 4092 regulum
505 4016 803 4082 cmlorum,
848 4014 1041 4069 divites
1091 4012 1192 4067 soli
1235 4010 1618 4067 excludantur?
1669 4009 1811 4078 Quot

229 4123 345 4167 sunt
383 4112 529 4167 enim
567 4107 798 4164 divites?
832 4107 895 4161 At
936 4121 1066 4161 vero
1104 4119 1396 4176 pauperum
1441 4103 1604 4159 millia
1650 4103 1808 4157 inuu-

231 4199 654 4258 merabilia.Non
666 4198 808 4254 enim
827 4198 1032 4252 tunicas
1050 4194 1334 4267 inspectnri
1361 4209 1544 4250 sumus
1565 4196 1617 4249 in
1643 4209 1810 4265 regno

232 4286 519 4357 caelorum;
552 4290 647 4346 sed
677 4290 839 4344 vestis
861 4289 1120 4358 cujusque
1150 4287 1323 4354 fulgor
1345 4286 1565 4356 iustitia;
1584 4284 1809 4354 deputa-

233 4381 367 4440 bitur
394 4402 409 4439 :
437 4392 598 4439 erunt
624 4396 753 4451 ergo
775 4394 1034 4451 pauperes
1060 4378 1290 4448 :cquales
1312 4377 1526 4447 Angelis
1558 4376 1647 4430 Dci
1678 4390 1694 4441 ;
1725 4375 1810 4429 in-

235 4473 338 4529 duti
364 4474 517 4529 stolis
539 4471 972 4538 immortalitatis,
1002 4469 1277 4540 fulgebunt
1305 4468 1440 4523 sicut
1464 4468 1547 4523 sol
1573 4467 1624 4521 in
1650 4481 1813 4537 regno

234 4560 401 4619 Patris
418 4564 501 4619 sui
533 4559 643 4635 (ld.
674 4577 783 4623 xtu.
817 4560 907 4632 45)
941 4577 955 4613 :
984 4560 1110 4630 quid
1153 4558 1309 4615 nobis
1346 4567 1430 4614 est
1466 4558 1535 4614 dc
1562 4557 1814 4613 divitibus

236 4655 410 4724 paucis
446 4652 707 4709 sollicitos
749 4665 869 4708 esse
905 4659 997 4705 aut
1039 4650 1324 4706 laborare?
1352 4649 1466 4705 Non
1496 4649 1597 4704 hoc
1627 4663 1813 4705 sense-

238 4753 350 4799 runt
397 4743 644 4815 Apostoli
683 4759 697 4795 :
742 4742 835 4797 sed
882 4757 1003 4797 cum
1064 4742 1320 4797 Dominus
1387 4740 1493 4798 hoc
1546 4741 1811 4806 dixisset,

241 4834 461 4890 Facilius
487 4844 561 4891 est
588 4833 833 4888 camelum
862 4835 1075 4888 transire
1111 4850 1200 4906 per
1227 4838 1459 4905 foramen
1493 4850 1635 4898 acus,
1663 4850 1815 4902 quant

243 4923 431 4979 divitem
474 4926 667 4978 intrare
711 4924 763 4978 in
806 4941 1013 4994 regnum
1044 4926 1282 4979 caelorum
1312 4940 1330 4978 :
1362 4925 1434 4979 illi
1463 4923 1602 4993 apud
1645 4940 1703 4979 se
1737 4924 1816 4979 di-

244 5026 433 5083 tentes,
455 5017 703 5084 Quisnam
720 5016 898 5088 poterit
912 5016 1098 5070 salvari
1114 5016 1139 5069 Ρ
1157 5016 1280 5087 quid
1298 5014 1676 5071 attenderunt?
1701 5015 1815 5071 Non

242 5105 532 5172 facultates,
563 5105 659 5162 sed
686 5106 1022 5176 cupiditates.
1050 5106 1303 5162 Vidi-runt
1325 5107 1466 5162 cnim
1492 5109 1650 5161 etiam
1673 5108 1818 5177 ipSos

243 5211 515 5268 pauperes,
542 5197 642 5252 etsi
674 5213 778 5251 non
809 5197 1064 5252 habentes
1094 5198 1391 5269 pecuniam,
1421 5209 1594 5253 tamen
1621 5198 1819 5254 habere

241 5290 534 5344 avaritiam.
553 5286 621 5343 Et
640 5296 695 5342 ut
724 5288 976 5343 noveritis
1006 5305 1110 5343 non
1137 5291 1413 5359 pecuniam
1442 5291 1493 5345 in
1519 5291 1702 5353 divite.
1724 5291 1817 5347 sed

236 5379 506 5433 avaritiam
532 5379 875 5433 condemnari
897 5422 909 5444 ,
938 5378 1202 5436 advertite
1229 5381 1369 5451 quod
1399 5381 1517 5436 dico
1550 5397 1562 5434 :
1596 5383 1819 5451 respicis

238 5464 381 5522 illum
409 5469 630 5525 divitem
676 5477 906 5525 stantem
939 5471 1088 5540 juxta
1132 5479 1217 5537 te;
1255 5480 1310 5526 et
1352 5472 1488 5527 forte
1520 5472 1570 5526 in
1617 5473 1709 5526 illo
1736 5481 1820 5527 est

239 5561 454 5629 pecunia
483 5570 537 5616 ct
562 5577 668 5616 non
699 5569 782 5616 cst
806 5561 1026 5615 avaritia
1046 5604 1060 5626 ,
1107 5562 1158 5616 in
1192 5570 1240 5616 te
1271 5558 1485 5619 nonest
1515 5564 1734 5633 pecunia
1763 5573 1818 5619 et

237 5657 324 5703 est
348 5651 582 5705 avaritia.
607 5651 818 5720 Pauper
845 5650 1118 5706 ulcerosus
1140 5696 1152 5714 ,
1185 5642 1538 5717 :emmnosus,
1573 5655 1767 5707 linctus
1787 5671 1816 5709 a

235 5739 474 5808 canibus,
506 5757 611 5796 non
644 5740 845 5797 habens
871 5755 1049 5810 opem,
1094 5756 1199 5795 non
1249 5740 1451 5796 habens
1478 5757 1678 5810 escam,
1711 5759 1814 5797 non

237 5828 439 5887 habens
476 5830 611 5891 forte
649 5833 819 5904 ipsam
848 5843 1069 5900 vestem,
1098 5830 1305 5887 ablatus
1328 5842 1408 5888 est
1437 5832 1507 5890 ab
1525 5833 1741 5906 Angelis
1764 5834 1813 5889 in

1263 409 1655 471 ENARRATIO
1694 409 1759 466 ΙΝ
1798 408 2118 466 PS.\L3|UM
2155 411 2237 467 LI.

3362 421 3472 478 διο

1893 523 2068 578 sinum
2108 523 2333 581 Abrahae
2364 525 2511 598 (Luc.
2546 541 2651 592 xvi,
2689 525 2801 601 22).
2834 527 2926 584 Eia
2958 538 3015 586 tu
3043 538 3242 604 pauper
3268 534 3473 605 gaudes

1890 614 2083 683 modo,
2134 614 2515 687 numquidnam
2562 614 2657 673 tibi
2701 628 2753 673 et
2807 620 2986 675 ulcera
3032 623 3259 692 optanda
3305 628 3472 679 sunt?

1888 704 2078 761 Nonne
2106 707 2479 777 patrimonium
2504 717 2649 762 tuum
2678 706 2876 771 sanitas
2904 712 3022 765 est?
3042 711 3153 767 Non
3177 725 3257 767 est
3280 714 3339 768 in
3367 714 3470 770 hoc

1888 796 2093 854 Lazaro
2122 803 2368 855 meritum
2397 802 2718 872 paupertatis
2738 843 2754 869 ,
2783 801 2879 857 sed
2908 803 3134 872 pietatis.
3164 803 3292 859 Nam
3318 806 3470 863 vides

1891 890 1978 959 qui
2008 891 2246 945 sublatus
2270 900 2371 956 est,
2407 906 2509 946 non
2542 890 2693 948 vides
2718 908 2823 963 quo
2844 892 3083 950 sublatus
3110 905 3212 950 est.
3239 895 3367 964 Quis
3388 906 3472 952 est

1892 980 2131 1036 sublatus
2158 981 2226 1035 ab
2253 982 2507 1052 Angelis?
2537 983 2761 1053 Pauper,
2791 999 3144 1051 aerumnosas,
3178 985 3471 1041 ulcerosus.

1886 1069 2008 1137 Quo
2036 1071 2272 1126 sublatus
2297 1075 2415 1127 est?
2435 1071 2491 1126 in
2508 1072 2682 1128 sinum
2702 1071 2948 1128 Abrahae.
2977 1073 3119 1143 Lege
3147 1073 3470 1144 Scripturas,

1892 1170 1947 1216 et
1976 1162 2217 1219 invenies
2243 1162 2458 1219 divitem
2486 1163 2754 1219 Abraham
2783 1164 2935 1238 (Gen.
2966 1181 3078 1232 χιιι,
3106 1164 3187 1239 2).
3212 1163 3283 1222 Ut
3308 1182 3471 1221 nove-

1888 1252 1969 1307 ris
1987 1293 2000 1316 ,
2029 1253 2150 1323 quia
2181 1268 2285 1308 non
2312 1254 2507 1309 divitias
2535 1254 2816 1325 culpantur
2852 1257 2868 1288 ¹
2899 1273 2913 1310 :
2942 1256 3168 1311 habebat
3205 1255 3471 1312 Abraham

1895 1342 2117 1396 multum
2148 1345 2283 1409 auri,
2311 1345 2535 1414 argenti,
2563 1358 2835 1415 pecorum,
2867 1345 3112 1413 familiae;
3141 1346 3288 1402 dives
3308 1359 3423 1401 erat
3456 1386 3474 1414 ,

1884 1440 1950 1485 ‘ct
1978 1432 2031 1486 in
2064 1433 2181 1503 ejus
2205 1434 2379 1488 sinum
2416 1435 2646 1491 Lazarus
2672 1450 2875 1508 pauper
2903 1438 3143 1493 sublatus
3180 1446 3285 1493 est.
3319 1438 3377 1493 in
3403 1441 3478 1494 sio

1896 1535 2023 1577 num
2061 1523 2240 1579 divitis
2283 1538 2522 1595 panper:
2564 1542 2631 1583 an
2675 1529 2847 1598 potius
2886 1529 3044 1585 ambo
3091 1530 3199 1586 Deo
3240 1531 3431 1587 divites
3458 1569 3476 1600 ,

1895 1611 2055 1668 ambo
2079 1627 2109 1668 a
2136 1615 2424 1685 cupiditate
2448 1619 2744 1687 pauperes?

1968 1705 2058 1761 15.
2079 1705 2216 1772 Quid
2245 1723 2374 1779 ergo
2398 1709 2452 1764 in
2483 1709 2584 1766 hoc
2613 1710 2790 1767 Doech
2819 1712 2995 1783 culpat
3018 1712 3290 1784 Scriptura
3308 1715 3334 1769 ?
3360 1711 3477 1770 Non

1895 1795 2065 1861 dixit,
2098 1797 2231 1852 Ecce
2269 1797 2431 1854 homo
2459 1802 2547 1870 qui
2570 1800 2673 1856 fuit
2696 1802 2885 1869 dives;
2914 1804 3029 1866 sed,
3061 1804 3189 1857 Ecce
3218 1806 3366 1860 homo
3394 1809 3480 1876 qui

1898 1902 1998 1940 non
2028 1888 2190 1955 posuit
2218 1886 2379 1943 Deum
2407 1892 2693 1960 udjutorcm
2717 1909 2883 1960 suum,
2914 1893 3002 1948 sed
3029 1896 3244 1966 speravit
3268 1896 3319 1948 in
3346 1896 3482 1949 ntul-

1898 1976 2110 2030 titudine
2138 1977 2424 2032 diuitiarum
2440 1996 2673 2035 suarum.
2707 1982 2822 2037 Non
2863 1984 2984 2053 quia
3012 1983 3195 2038 habuit
3225 1985 3436 2040 divitias
3461 2028 3477 2053 ,

1894 2068 1992 2123 sed
2022 2070 2144 2139 quia
2176 2070 2228 2123 in
2257 2071 2386 2140 ipsis
2413 2074 2664 2142 speravit,
2711 2083 2767 2128 ‹·ι
2810 2076 2860 2129 iu
2909 2076 3031 2130 Deo
3055 2088 3162 2130 non
3206 2078 3438 2147 speravit
3464 2119 3480 2142 ,

1897 2158 2021 2213 ideo
2048 2161 2345 2226 damnatur,
2379 2162 2499 2217 ideo
2530 2166 2762 2233 punitur,
2798 2166 2917 2220 ideo
2946 2175 3188 2221 movetur
3214 2166 3282 2222 de
3311 2168 3484 2223 taber-

1894 2250 2116 2318 poculo,
2165 2259 2410 2323 ta’nquam
2456 2262 2632 2309 metus
2682 2249 2771 2311 ille
2812 2266 3085 2321 terrenus,
3128 2260 3266 2314 sicut
3312 2260 3485 2329 pulvis

1901 2350 2058 2412 quem
2089 2343 2300 2412 projicit
2330 2355 2519 2399 ventus
2542 2360 2571 2400 a
2618 2345 2753 2402 facie
2794 2358 2949 2402 teme
2974 2347 3148 2421 (Psal.
3176 2365 3213 2416 ι,
3246 2350 3332 2419 tl);
3366 2350 3485 2406 ideo

1897 2430 2226 2501 cxstirpalur
2267 2431 2415 2487 radix
2462 2434 2576 2503 ejus
2606 2434 2675 2490 de
2705 2444 2844 2490 terra
2874 2438 3183 2493 viventium.
3222 2438 3486 2509 Numquid

1905 2520 2029 2575 huic
2047 2521 2250 2578 similes
2275 2533 2399 2579 sunt
2424 2524 2636 2592 divites,
2665 2527 2735 2581 de
2760 2528 2950 2597 quibus
2994 2528 3190 2585 Paulus
3217 2532 3489 2600 apostolus

1901 2612 2139 2683 loquitur
2170 2634 2180 2666 :
2215 2614 2444 2685 Pra'cipe
2467 2618 2702 2673 diuitibus
2729 2620 2883 2691 huius
2909 2622 3104 2686 mundi,
3135 2637 3236 2676 non
3278 2623 3490 2692 superbe

1900 2720 2105 2775 sapere,
2138 2707 2277 2761 sicut
2306 2709 2508 2774 Doech;
2545 2727 2701 2779 neque
2740 2727 2944 2782 sperare
2982 2715 3036 2766 in
3064 2715 3252 2768 incerto
3289 2712 3490 2771 divitia-

1901 2806 2018 2850 rum
2037 2838 2051 2862 ,
2083 2798 2215 2853 sicut
2249 2798 2362 2868 ipse
2385 2802 2600 2870 speravit
2637 2803 2689 2855 in
2723 2802 3046 2858 nudtituditte
3069 2805 3352 2859 divitiarum
3372 2822 3490 2861 sua-

1901 2901 2053 2953 rum;
2077 2888 2167 2943 sed
2186 2889 2237 2942 iu
2267 2886 2373 2943 Deo
2397 2892 2522 2953 vitro,
2548 2907 2651 2945 non
2670 2893 2936 2961 quomodo
2962 2895 3063 2950 istc
3085 2897 3175 2960 qui
3191 2912 3291 2950 non
3325 2898 3491 2967 posuit

1905 2972 2072 3033 Deum
2114 2980 2398 3049 adiutorem
2429 2984 2616 3036 suum?
2657 2983 2889 3053 Denique
2917 2984 3025 3039 illis
3050 2984 3174 3055 quid
3205 2987 3491 3056 prmeepit?

1907 3069 2097 3125 Diaites
2119 3074 2219 3127 sint
2245 3074 2296 3127 iu
2325 3074 2558 3145 aper-ibus
2585 3074 2728 3130 bonis
2750 3091 2770 3140 ;
2798 3077 2949 3146 facile
2977 3078 3217 3143 tribuant,
3262 3096 3488 3135 commu-

1908 3163 2072 3217 nicent
2097 3163 2152 3235 (Ι
2184 3162 2510 3232 Tim.vt,l7,
2540 3166 2649 3237 18).
2681 3167 2748 3222 Et
2772 3168 2919 3238 quid,
2945 3170 2988 3223 si
3012 3166 3165 3225 facile
3184 3170 3488 3238 tribuerint,

1894 3254 1953 3309 ssi
1982 3256 2623 3313 communicaveriuruon
2655 3257 2909 3313 ltabeuti?
2935 3257 3209 3315 Intrabunt
3237 3275 3331 3331 per
3354 3261 3495 3316 lora-

1907 3360 2032 3401 mcn
2061 3349 2222 3403 acus?
2244 3348 2514 3406 intrabunt
2543 3348 2698 3419 plane
2723 3368 2738 3406 :
2767 3366 2887 3406 nam
2913 3358 2968 3406 et
2997 3368 3092 3421 pro
3117 3353 3219 3408 illis
3242 3355 3348 3424 jam
3373 3355 3487 3426 ipsc

1907 3441 2141 3495 camelus
2171 3442 2404 3496 intravit:
2436 3442 2554 3511 ipse
2578 3443 2721 3498 enim
2752 3442 2898 3512 prior
2918 3443 3150 3508 intravit,
3174 3459 3330 3514 quem
3356 3447 3494 3501 sicut

1907 3531 2170 3586 cameium
2194 3545 2355 3587 nemo
2370 3532 2576 3587 sarcina
2600 3533 2861 3602 passionis
2884 3543 3152 3598 oneraret,
3175 3534 3273 3589 nisi
3296 3550 3354 3590 sc
3379 3531 3493 3605 ipse

1908 3620 1962 3677 iu
1994 3630 2189 3677 terram
2230 3610 2543 3695 deponeret.
2586 3624 2716 3693 Quia
2750 3634 2803 3678 et
2847 3625 2958 3693 ipse
3006 3625 3106 3681 hoc
3138 3625 3300 3692 dixit,
3344 3627 3494 3695 Quod

1911 3714 2194 3768 hominibus
2235 3715 2545 3786 impossibile
2575 3723 2675 3781 est,
2713 3713 2824 3769 Deo
2852 3715 3004 3784 facile
3042 3725 3114 3770 est
3140 3716 3350 3786 (Matth.
3381 3733 3491 3781 xix,

1892 3801 2026 3877 £6).
2060 3805 2351 3861 Damnetur
2379 3821 2508 3876 ergo
2534 3804 2632 3861 istc
2663 3806 2864 3871 Doech,
2888 3806 3107 3862 timeant
3128 3807 3195 3863 dc
3219 3810 3309 3863 illo
3336 3809 3495 3864 modo

1907 3896 2066 3966 justi,
2106 3896 2314 3952 rideant
2349 3912 2510 3966 super
2553 3913 2675 3952 eum
2727 3908 2907 3968 postea
2936 3898 3084 3966 justi.
3125 3898 3312 3955 Merito
3351 3901 3492 3955 enim

1911 3988 2210 4053 damnatur,
2244 3991 2331 4060 qui
2354 4006 2452 4043 non
2481 3992 2648 4061 posuit
2676 3989 2840 4045 Deum
2871 3992 3332 4061 adjttloretttsttum,
3362 3994 3499 4048 sicut

1914 4092 2008 4139 tu:
2038 4085 2126 4154 qui
2158 4083 2294 4138 forte
2320 4084 2483 4138 habes
2512 4085 2818 4155 pecuniam;
2849 4085 2940 4140 sed
2968 4086 3035 4139 de
3059 4086 3166 4139 Deo
3193 4088 3492 4156 praesumis,

1913 4188 2020 4228 non
2058 4174 2126 4228 de
2174 4175 2415 4243 pecunia.
2450 4174 2517 4227 Et
2544 4176 2759 4244 speravit
2787 4176 2839 4229 in
2868 4173 3189 4228 multitudine
3212 4177 3499 4230 divitiarum

1913 4280 2169 4320 suarum:
2211 4264 2401 4318 similis
2445 4265 2611 4318 lactus
2659 4273 2741 4319 cst
2793 4264 2894 4319 illis
2927 4266 3014 4335 qui
3063 4281 3180 4319 cum
3220 4267 3451 4321 dicereut
3479 4311 3494 4334 ,

1916 4354 2108 4410 Beatus
2136 4355 2359 4424 populus
2386 4354 2470 4409 cui
2503 4354 2618 4407 hmc
2642 4365 2764 4409 sunt
2793 4394 2807 4417 ,
2841 4354 2891 4408 id
2918 4364 2998 4408 est
3027 4355 3121 4408 ista
3156 4363 3384 4420 terrena,
3409 4373 3498 4411 rc-

1916 4445 2036 4501 ωιίι
2068 4446 2320 4500 continuo
2356 4444 2455 4499 iste
2490 4445 2578 4514 qui
2618 4444 2835 4499 insuilat
2876 4444 2997 4498 huic
3053 4445 3250 4510 Doech,
3315 4446 3499 4501 Beatus

1917 4537 2134 4609 populus
2170 4537 2318 4606 cujus
2358 4545 2431 4590 est
2473 4533 2726 4589 Dominus
2778 4533 2916 4590 Deus
2953 4536 3129 4605 ipsius.
3162 4535 3291 4590 Nam
3328 4537 3415 4590 illa
3446 4539 3499 4592 iu

1916 4630 2110 4701 quibus
2133 4629 2379 4684 dixerunt
2397 4629 2611 4683 beatum
2626 4627 2876 4699 populum
2893 4672 2907 4693 ,
2931 4637 3209 4683 enumerat
3235 4628 3498 4683 Psalmtts.

1918 4721 2103 4778 Locuti
2152 4729 2278 4775 sunt
2315 4719 2457 4776 enim
2489 4727 2738 4788 tanquam
2780 4718 2873 4773 lilii
2910 4718 3092 4785 alieni,
3122 4728 3370 4787 tanquam
3403 4719 3502 4773 istc

1920 4810 2097 4868 Doech
2133 4810 2417 4876 ldummus,
2459 4809 2508 4864 id
2540 4820 2623 4865 cst
2657 4817 2943 4865 terrenus:
2980 4808 3050 4864 Os
3083 4826 3254 4863 eorum
3283 4810 3503 4865 locutum

1918 4914 1992 4959 est
2015 4905 2284 4959 cattitatem
2305 4917 2326 4971 ;
2349 4903 2557 4958 dextera
2580 4917 2771 4967 eorum,
2801 4902 3006 4955 dextera
3025 4900 3323 4969 iniquitatis.
3357 4900 3501 4969 Quo-

1920 5013 2034 5052 rum
2057 4997 2154 5067 ﬁlii
2172 4998 2396 5067 ipsorum
2424 4996 2553 5049 sicut
2580 4994 2790 5049 novella:
2809 4995 3141 5049 constabilitas
3164 4998 3218 5049 in
3242 4994 3505 5066 jurentute

1920 5105 2019 5145 sua
2044 5105 2062 5143 :
2085 5088 2209 5157 filia:
2233 5103 2403 5142 eorum
2429 5085 2738 5154 compositor,
2773 5094 2822 5139 et
2853 5094 3046 5140 ornati:
3071 5086 3201 5139 sicut
3226 5083 3503 5139 similitudo

1922 5180 2095 5251 templi
2126 5197 2146 5235 :
2168 5180 2375 5234 cellaria
2402 5193 2571 5232 eorum
2595 5177 2764 5248 plena,
2793 5176 3262 5231 eructantiaexlto‘c
3282 5177 3334 5229 iu
3361 5176 3456 5230 hoc
3483 5192 3502 5231 :

1921 5284 2037 5326 oves
2072 5286 2247 5325 eorum
2279 5269 2512 5343 fecunda:
2531 5310 2546 5335 ,
2593 5269 2989 5341 multiplicantes
3026 5270 3079 5323 in
3118 5266 3330 5323 exitibus
3356 5270 3501 5332 suis;

1923 5365 2067 5418 bones
2093 5377 2262 5416 eorum
2287 5363 2442 5414 crassi
2467 5375 2486 5413 :
2504 5376 2606 5414 nou
2635 5370 2707 5414 est
2734 5362 2882 5414 ruina
2913 5362 3066 5428 scpis,
3098 5375 3187 5412 nec
3208 5360 3389 5424 exitus,
3410 5376 3497 5414 nec

1896 5470 2018 5524 'qtte
2069 5451 2262 5507 clamor
2305 5452 2358 5504 in
2400 5451 2589 5519 plateis
2633 5468 2801 5506 eorum
2857 5448 3024 5523 (Psal.
3073 5464 3255 5509 cxutt,
3287 5444 3499 5520 11-15).

1920 5546 2083 5614 Quasi
2113 5559 2356 5614 magnam
2398 5544 2702 5600 felicitatem
2732 5543 2976 5596 vitientur
3002 5540 3197 5594 habere.
3227 5542 3369 5611 pacis
3397 5548 3505 5595 ter-

1922 5656 2084 5697 rente.
2115 5638 2219 5695 Sed
2250 5638 2338 5693 ille
2366 5638 2454 5706 qui
2499 5645 2741 5691 terrenus
2768 5643 2851 5690 cst
2874 5678 2889 5701 ,
2921 5634 3077 5687 etiam
3109 5643 3282 5689 motus
3311 5644 3409 5699 est,
3446 5634 3497 5689 id

1989 5838 2008 5877 ³
2040 5837 2135 5892 ωύ
2163 5834 2475 5903 muniuntur.
2495 5841 2547 5886 Αι
2564 5842 2696 5896 ηδε..
2720 5833 2990 5897 culpantur.
