4042 6478
571 373 666 431 6H

570 500 654 544 est
673 497 922 559 tanquam
953 488 1124 558 pulvis
1145 503 1302 559 quem
1334 488 1543 559 projicit
1561 497 1751 544 ventus
1765 505 1794 543 a
1815 488 1947 544 facie
1969 498 2145 544 terrze.

570 579 808 648 Denique
851 578 976 649 quid
1021 581 1072 633 in
1117 579 1222 634 illis
1269 579 1710 649 reprehenditur?
1755 580 1870 634 Non
1901 581 2022 649 quia
2051 580 2149 634 ista

571 670 886 736 habuerint;
914 685 1035 724 nam
1075 679 1128 724 et
1160 671 1285 725 boui
1321 671 1517 728 habent
1555 673 1652 727 ista
1683 691 1696 726 :
1729 671 1820 726 sed
1848 672 2006 742 quid?
2039 671 2150 726 [loc

571 761 864 826 intendite;
899 777 963 814 ne
993 761 1188 830 passim
1217 762 1406 818 divites
1435 763 1863 832 reprehendatis,
1888 773 1941 817 et
1966 776 2147 818 rursus

570 868 637 906 ne
668 852 735 907 de
765 860 1074 922 paupertate
1097 863 1148 906 et
1175 852 1241 907 de
1269 864 1503 922 egestate
1533 854 1884 922 praesumatis.
1918 854 1973 910 Si
2004 855 2146 956 enim

570 957 677 997 non
722 953 804 997 est
857 944 1285 1013 praisumendum
1332 945 1398 999 de
1453 945 1686 1010 divitiis,
1730 954 1928 1015 quanto
1979 945 2147 1014 magis

568 1049 675 1087 non
719 1043 800 1088 est
853 1037 1274 1104 pransumendum
1302 1039 1366 1090 de
1411 1044 1745 1105 paupertate,
1791 1036 1884 1090 sed
1921 1035 1989 1090 de
2036 1035 2146 1090 Deo

567 1126 724 1177 vivo?
753 1125 806 1178 lu
832 1141 938 1195 quo
967 1143 1093 1197 ergo
1124 1128 1207 1182 isti
1238 1128 1520 1182 notantur?
1545 1126 1678 1194 Quia
1703 1127 1899 1180 beatum
1914 1126 2148 1180 dixerunt

515 1268 520 1272 ,
570 1216 812 1285 papultun
843 1219 922 1270 cui
952 1219 1058 1272 hac
1094 1227 1229 1272 sunt.
1262 1218 1383 1273 Ideo
1411 1219 1500 1272 lilii
1530 1219 1723 1286 alieni,
1753 1218 1870 1274 ideo
1895 1235 1950 1272 os
1974 1235 2148 1273 eorum

508 1309 516 1329 ‘
569 1308 792 1361 locutum
809 1319 884 1363 est
914 1312 1200 1374 vanitatem,
1235 1320 1280 1364 et
1307 1310 1511 1364 dextera
1538 1327 1712 1364 eorum
1740 1311 1943 1364 dextera
1963 1308 2149 1378 iniqui—

566 1399 700 1453 tatis.
733 1400 809 1452 Tu
847 1409 1022 1454 autem
1060 1402 1228 1472 quid?
1259 1401 1441 1456 Beatus
1488 1402 1708 1472 populus
1751 1402 1895 1471 cujus
1931 1411 2004 1454 est
2034 1398 2147 1454 Do-

567 1490 731 1543 minus
759 1489 891 1544 Deus
918 1492 1097 1560 ipsius.

636 1582 723 1634 16.
759 1581 920 1654 [vers.
955 1584 1080 1656 10.]
1111 1585 1253 1656 Ergo
1283 1578 1386 1642 isto
1411 1586 1662 1641 damnato
1703 1586 1790 1656 qui
1834 1586 2056 1656 speravit
2093 1585 2146 1639 in

562 1671 883 1727 multitudine
906 1675 1200 1729 divitiarum
1227 1695 1433 1732 suarum
1453 1720 1466 1742 ,
1491 1689 1536 1732 et
1561 1679 1823 1747 prtvvaluit
1849 1679 1902 1731 in
1929 1679 2148 1731 vanitate

561 1777 656 1814 sua
680 1778 698 1815 :
726 1763 851 1831 quid
879 1766 1023 1818 enim
1049 1769 1235 1820 vanius
1256 1785 1322 1821 eo
1347 1770 1435 1837 qui
1470 1779 1620 1837 putat
1647 1771 1765 1838 plus
1794 1769 1972 1824 valere
1990 1785 2146 1824 nurn-

562 1865 707 1904 mum
738 1867 896 1922 quam
933 1855 1138 1910 Deum?
1165 1858 1306 1928 Ergo
1333 1860 1436 1914 isto
1461 1860 1714 1916 damnato
1741 1861 1828 1930 qui
1860 1861 1994 1915 dixit
2029 1861 2148 1915 bea-

562 1954 667 1996 tum
695 1945 940 2015 populum
969 1949 1046 2000 cui
1073 1949 1179 2002 Itwc
1199 1960 1318 2003 sunt
1342 1966 1360 2003 :
1382 1959 1436 2005 tu
1458 1952 1548 2021 qui
1579 1951 1714 2006 dicis
1733 1993 1749 2017 ,
1774 1951 1959 2006 Beatus
1985 1968 2146 2022 popu-

560 2033 642 2086 Ius
670 2036 813 2104 cujus
839 2045 912 2090 est
942 2036 1189 2094 Dominus
1213 2039 1353 2095 Deus
1382 2041 1544 2110 ipsius
1569 2081 1584 2107 ,
1613 2041 1738 2111 quid
1773 2042 1840 2096 de
1869 2051 1920 2097 te
1945 2042 2146 2097 sentis?

559 2125 686 2194 quid
716 2127 807 2181 tibi
839 2132 1056 2197 speras?
1097 2131 1207 2203 Ego
1235 2143 1438 2198 autem,
1468 2134 1575 2204 jam
1606 2134 1765 2188 modo
1793 2149 1986 2204 corpus
2017 2135 2146 2192 illud

559 2215 680 2269 audi
702 2233 715 2280 ;
738 2212 846 2288 Ego
871 2229 1033 2272 autem
1049 2222 1175 2274 sicut
1195 2223 1330 2276 oliva
1357 2225 1619 2293 fructifera
1636 2226 1689 2277 in
1717 2227 1864 2279 domo
1891 2226 2007 2279 Dei.
2026 2226 2144 2282 Non

561 2320 699 2360 unus
727 2307 885 2362 homo
918 2310 1170 2379 loquitur,
1189 2313 1284 2367 sed
1301 2315 1438 2368 oliva
1461 2315 1546 2369 illa
1565 2314 1858 2383 fructifera,
1877 2317 2016 2372 unde
2031 2333 2146 2373 am-

558 2397 727 2465 putati
751 2407 874 2452 sunt
903 2402 1119 2470 superbi
1148 2405 1302 2470 rami,
1334 2413 1390 2459 et
1419 2393 1650 2461 insertus
1675 2406 1888 2462 humilis
1915 2409 2145 2464 oleaster

560 2486 734 2555 (Rom.
759 2505 831 2555 x1,
868 2489 977 2560 17).
1003 2490 1148 2546 Sicut
1173 2493 1305 2547 oliva
1334 2497 1598 2567 fructifera
1621 2499 1674 2552 in
1704 2499 1852 2553 domo
1882 2498 1998 2565 Dei,
2025 2516 2144 2571 spe-

558 2581 666 2634 ravi
700 2582 751 2634 in
782 2583 1127 2638 misericordia
1162 2585 1275 2640 Dei.
1307 2587 1400 2643 Ille
1423 2589 1586 2660 quid?
1615 2589 1641 2643 1
1650 2608 1683 2644 η
1708 2591 2031 2646 multitudine
2058 2593 2114 2646 di
2125 2622 2143 2633 -

557 2671 788 2725 vitiarum
808 2689 1014 2728 suarum
1035 2692 1053 2728 :
1073 2675 1191 2732 ideo
1219 2678 1366 2732 radix
1388 2684 1503 2748 ejus
1522 2681 1780 2736 evelletur
1807 2682 1873 2738 de
1895 2691 2034 2737 terra
2062 2682 2144 2737 vi-

557 2775 812 2817 ventium.
838 2763 948 2834 Ego
977 2775 1142 2820 autent
1173 2769 1293 2838 quia
1318 2771 1445 2823 sicut
1469 2771 1600 2825 oliva
1623 2773 1885 2844 fructifera
1910 2773 1962 2826 in
1992 2773 2142 2828 domo

557 2849 682 2914 Dei,
716 2852 865 2920 cujus
895 2854 1041 2908 radix
1071 2857 1330 2922 nutritur,
1369 2875 1473 2913 non
1499 2861 1820 2925 eradicatur,
1849 2864 2047 2932 speravi
2087 2863 2142 2917 in

557 2941 900 2996 misericordia
927 2942 1042 2998 Dei.
1063 2944 1168 3000 Sed
1195 2945 1330 3002 forte
1354 2949 1544 3004 modo?
1568 2949 1700 3004 Nam
1730 2961 1784 3007 et
1811 2951 1936 3007 hinc
1962 2960 2143 3009 errant

557 3029 800 3086 homines
827 3033 1129 3102 aliquando.
1155 3037 1319 3092 Deum
1341 3041 1554 3109 quidem
1580 3042 1781 3107 colunt,
1811 3054 1865 3098 et
1889 3059 1994 3100 non
2016 3053 2142 3100 sunt

555 3120 661 3189 jam
693 3122 894 3176 similes
924 3124 1012 3179 isti
1055 3126 1232 3182 Docch
1262 3146 1275 3182 :
1317 3130 1410 3183 sed
1437 3133 1678 3199 quamvis
1703 3132 1771 3187 de
1803 3134 1912 3189 Deo
1943 3150 2142 3204 praesu-

543 3222 723 3281 gntaut,
743 3213 807 3267 ad
833 3219 1136 3285 temporalia
1165 3229 1374 3286 tamen;
1397 3229 1455 3275 ut
1478 3222 1658 3277 dicant
1682 3224 1804 3291 sibi,
1822 3226 1950 3283 Colo
1972 3229 2138 3283 Deum

561 3317 757 3370 meum,
782 3306 868 3375 qui
895 3321 982 3361 me
1010 3307 1243 3365 facturus
1264 3319 1348 3365 est
1374 3311 1594 3368 divitem
1625 3314 1676 3369 in
1699 3324 1860 3383 terra,
1893 3318 1982 3386 qui
2010 3319 2141 3374 mihi

561 3394 694 3450 filios
721 3395 940 3452 daturus
965 3408 1045 3454 est
1062 3441 1078 3466 ,
1109 3403 1196 3471 qui
1225 3403 1356 3457 mihi
1378 3420 1601 3460 uxorem
1623 3406 1842 3466 daturus
1866 3419 1966 3466 est.
1993 3411 2142 3468 Talia

557 3489 769 3558 quidem
791 3508 894 3547 non
913 3492 1004 3548 dat
1023 3494 1125 3549 nisi
1153 3496 1310 3563 Deus,
1331 3497 1424 3554 sed
1440 3514 1546 3554 non
1569 3501 1683 3556 vult
1699 3518 1759 3558 se
1782 3513 1999 3574 propter
2019 3505 2141 3562 talia

557 3581 701 3652 diligi
748 3583 906 3639 Deus.
941 3585 1065 3640 Ideo
1107 3588 1247 3642 enim
1289 3604 1431 3659 saepe
1471 3592 1570 3647 ista
1595 3593 1707 3648 ‘dat
1750 3605 1802 3648 et
1853 3599 2037 3664 malis,
2084 3607 2142 3654 ut

558 3670 699 3724 aliud
727 3672 793 3727 ab
821 3673 912 3726 illo
943 3674 1149 3730 discant
1183 3692 1426 3746 qumrere
1455 3680 1598 3734 boni.
1627 3681 1906 3746 Quomodo
1929 3701 2058 3756 ergo
2085 3697 2141 3743 tu

558 3761 722 3826 dicis,
757 3763 968 3833 Speravi
1001 3766 1052 3820 in
1093 3769 1436 3823 misericordia
1463 3770 1602 3825 Dei?
1630 3773 1789 3830 Forte
1821 3777 1889 3830 ad
1931 3787 2140 3849 tempo-

563 3851 693 3904 ralia
734 3853 1107 3925 adipiscenda‘i
1156 3858 1267 3912 imo
1310 3860 1362 3913 in
1403 3871 1680 3929 reternum,
1720 3875 1767 3919 et
1803 3866 1858 3920 in
1899 3870 2139 3924 arculum

559 3942 748 3995 saeculi.
777 3944 928 4010 Quod
966 3946 1098 4000 dixit
1136 3949 1186 4002 in
1215 3959 1459 4006 wternunt
1482 3991 1497 4020 ,
1526 3966 1770 4023 repetere
1811 3959 1980 4015 voluit.
2003 3961 2138 4032 adji-

560 4033 748 4087 ciendo
774 4035 824 4086 in
854 4040 1094 4090 siccatum
1119 4042 1318 4108 stecuii,
1352 4053 1408 4097 ut
1431 4045 1770 4104 confirmaret
1796 4049 1865 4104 ibi
1895 4062 2140 4123 repeten-

559 4123 650 4190 do,
670 4142 825 4194 quam
854 4127 1100 4185 Inundatus
1125 4144 1266 4188 esset
1295 4135 1344 4188 iu
1371 4137 1656 4197 dilectione
1683 4144 1832 4214 regni
1855 4146 2135 4218 calorum,

560 4227 614 4271 et
644 4217 694 4270 in
725 4234 818 4287 spe
847 4230 1059 4276 arternze
1093 4224 1377 4282 felicitatis.

635 4307 716 4360 17.
744 4306 890 4379 [rers.
921 4310 1028 4384 11.]
1057 4312 1338 4384 Conﬁtebor
1356 4320 1444 4375 tibi
1467 4322 1521 4374 in
1547 4325 1787 4380 saeculum
1811 4331 2048 4396 quoniam
2065 4335 2138 4404 fe-

556 4395 685 4451 cisti.
723 4399 857 4466 Quid
891 4403 1095 4471 fecisti?
1123 4406 1299 4462 Doech
1329 4410 1623 4482 damnasti,
1657 4417 1819 4472 David
1847 4424 2132 4479 coronasti.

555 4487 841 4558 Conﬁtebor
865 4493 952 4546 tibi
981 4496 1034 4548 in
1060 4500 1303 4554 sreculum
1328 4506 1564 4572 quoniam
1590 4509 1772 4579 fecisti.
1790 4511 1977 4583 Magna
2002 4530 2136 4572 con-

555 4581 736 4647 fessio,
767 4587 1002 4651 quoniam
1024 4588 1205 4657 fecisti.
1237 4593 1372 4660 Quid
1403 4600 1582 4667 fecisti,
1615 4602 1714 4657 nisi
1740 4603 1854 4660 haec
1881 4607 1992 4676 ipsa
2017 4624 2136 4679 quin

554 4686 713 4741 supra
741 4674 877 4730 dicta
908 4689 1051 4747 sunt,
1085 4691 1142 4736 ut
1161 4696 1411 4755 tanquam
1443 4693 1578 4746 oliva
1601 4693 1866 4751 fructifera
1899 4674 1951 4754 in
1976 4674 2135 4758 domo

560 4762 691 4830 Dei,
721 4780 989 4834 sperarem
1031 4772 1082 4826 in
1121 4776 1486 4835 misericordia
1517 4783 1638 4846 Dei,
1663 4786 1716 4840 in
1754 4796 2012 4845 aeternum
2037 4834 2052 4856 ,
2081 4803 2134 4850 et

557 4856 610 4911 in
641 4861 896 4917 sarculum
925 4868 1141 4921 saeculi?
1180 4871 1259 4925 Tu
1290 4875 1455 4928 fet-isti
1491 4895 1505 4929 :
1537 4877 1728 4946 impius
1758 4881 2050 4949 justilicarc
2077 4902 2136 4943 se

531 4961 662 5009 (non
694 4959 885 5018 potest.
923 4953 1028 5009 Sed
1059 4959 1180 5028 quis
1208 4971 1288 5014 est
1313 4964 1402 5032 qui
1437 4965 1723 5034 justilicat?
1747 4971 2009 5042 Credenti,
2049 4979 2134 5030 in-

553 5037 700 5107 quit,
730 5040 782 5094 in
824 5058 950 5112 eum,
977 5047 1062 5116 qui
1086 5050 1339 5118 justi/ient
1378 5054 1589 5123 impium
1635 5057 1744 5129 (Id.
1779 5078 1853 5130 tv,
1888 5065 1964 5132 5),
1996 5037 2136 5132 Quid

553 5130 686 5182 enim
715 5130 864 5187 habes
892 5139 1025 5207 quod
1049 5156 1150 5192 non
1167 5143 1441 5211 accepisti?
1462 5145 1524 5200 Si
1553 5159 1721 5204 autem
1740 5130 1994 5224 accepisti,
2013 5160 2136 5226 quid

553 5222 787 5289 gloriaris
814 5229 960 5294 quasi
984 5245 1083 5282 non
1111 5234 1359 5302 acceperis
1397 5235 1437 5307 (Ι
1461 5236 1577 5292 Cor.
1605 5257 1678 5307 tv,
1703 5243 1782 5314 7),
1812 5222 1964 5314 quasi
1990 5222 2052 5304 ei:
2083 5259 2134 5306 te

554 5311 788 5368 habeas?
805 5318 957 5371 Absit
979 5330 1032 5374 ut
1059 5327 1156 5391 ego
1183 5325 1260 5378 sic
1282 5327 1499 5397 glorier,
1527 5333 1601 5386 ait
1621 5335 1721 5391 iste
1738 5311 1836 5407 qui
1859 5344 2134 5408 oppositus

553 5415 634 5458 est
655 5416 837 5460 contra
868 5410 1080 5478 Doech,
1119 5415 1206 5484 qui
1239 5417 1428 5475 tolerat
1454 5422 1633 5478 Doeeh
1669 5426 1721 5480 in
1756 5439 1892 5482 terra
1915 5470 1930 5496 ,
1963 5431 2134 5490 donec

551 5499 776 5568 emigret
805 5501 892 5556 ille
919 5503 986 5558 de
1013 5507 1371 5576 tabernaculo,
1393 5523 1446 5566 et
1472 5516 1771 5572 eradicetur
1796 5520 1862 5576 de
1890 5533 2029 5578 terra
2057 5527 2138 5580 vi-

551 5592 811 5646 ventium.
851 5595 966 5650 Non
1005 5599 1202 5666 glorior
1235 5605 1382 5671 quasi
1423 5620 1527 5660 non
1567 5612 1858 5679 acceperim
1883 5651 1899 5679 ,
1945 5615 2037 5670 sed
2080 5615 2132 5671 in

557 5680 666 5736 Deo
693 5685 913 5754 glorior.
954 5688 1019 5743 Et
1049 5694 1322 5761 conﬁtebor
1347 5695 1435 5749 tibi
1461 5700 1697 5767 quoniam
1722 5704 1908 5772 fecisti,
1939 5706 1990 5760 id
2019 5717 2130 5774 est,

560 5773 685 5842 quia
711 5783 765 5830 tu
783 5777 950 5834 fecisti
973 5821 988 5847 ,
1008 5796 1112 5836 non
1140 5799 1204 5838 ex
1230 5785 1433 5842 meritis
1457 5791 1718 5860 meis,sed
1738 5813 1800 5853 ex
1826 5800 2127 5857 misericor-

1733 372 1788 428 S.
1831 370 2192 429 AUGUSTINI
2235 370 2530 430 EPISCOPI

2256 487 2340 542 dia
2365 500 2470 586 tua:
2489 492 2601 563 Ego
2615 493 2757 550 enim
2771 497 2893 567 quid
2913 497 3046 554 feci?
3061 500 3116 557 Si
3134 503 3355 574 recolas,
3370 509 3510 579 prius
3524 515 3600 584 fui
3611 517 3843 586 blasphe-

2257 598 2367 636 ntus
2398 573 2466 637 ε(
2473 599 2758 653 persecutor
2783 600 2829 643 et
2852 593 3145 662 iniuriosus.
3169 597 3248 651 Tu
3269 610 3446 656 autem
3469 573 3593 674 quid
3624 609 3799 665 fecisti
3817 612 3844 666 ?

2258 674 2366 730 Sed
2394 679 2792 735 misericordiam
2817 698 3113 743 consecutus
3147 707 3293 756 sum,
3327 696 3445 764 quia
3474 698 3712 769 ignorans
3743 707 3846 775 feci

2257 765 2301 835 (Ι
2325 766 2454 821 Tim.
2485 786 2522 836 ι,
2542 770 2652 840 15).
2675 772 2957 843 Con/itebor
2968 779 3055 833 tibi
3066 780 3119 834 in
3139 784 3382 840 sarculum
3399 765 3634 857 quoniam
3652 765 3839 864 fecisti.

2330 858 2416 911 13.
2464 859 2526 913 Et
2556 866 2851 934 exspectabo
2872 885 3051 924 nomen
3083 884 3252 942 tuum,
3288 881 3408 948 quia
3423 858 3714 952 jucundum
3745 907 3840 944 est.

2245 946 2510 1003 ’Amarum
2541 962 2623 1006 est
2660 957 2911 1013 saeculum
2934 998 2949 1026 ,
2977 962 3072 1017 sed
3103 980 3298 1023 nomen
3336 978 3480 1026 tuum
3517 977 3839 1044 jucundum.

2257 1037 2322 1092 Et
2341 1040 2385 1093 si
2412 1039 2585 1096 dulcia
2611 1047 2851 1114 quaedam
2880 1062 3006 1108 sunt
3037 1055 3087 1109 in
3111 1061 3310 1116 szeculo
3328 1103 3344 1129 ,
3372 1066 3465 1120 sed
3491 1083 3611 1124 cum
3639 1076 3842 1130 amari-

2256 1129 2440 1186 tudine
2466 1131 2800 1202 digeruntur.
2833 1141 3166 1214 Prteponitur
3191 1166 3383 1209 nomen
3413 1165 3583 1228 tuum,
3615 1179 3721 1219 non
3750 1185 3844 1225 so-

2255 1216 2365 1275 lum
2396 1228 2794 1296 magnitudine,
2826 1234 2921 1289 sed
2961 1238 3122 1294 etiam
3144 1241 3476 1310 jucunditate
3502 1253 3540 1305 ¹.
3566 1216 3840 1317 lilarrave-

2254 1317 2378 1364 runt
2401 1316 2595 1370 etenim
2635 1319 2765 1374 mihi
2794 1322 2972 1392 iniusti
3013 1328 3392 1392 delectationes
3414 1354 3537 1397 suas
3561 1384 3576 1409 ,
3603 1349 3696 1402 sed
3728 1366 3840 1407 non

2254 1400 2391 1456 sicut
2420 1403 2504 1460 lex
2533 1415 2642 1472 tua,
2674 1410 2896 1470 Domine
2929 1416 3098 1486 (Psal.
3126 1439 3288 1480 cxvnt
3307 1467 3324 1494 ,
3343 1428 3454 1501 ss).
3483 1400 3840 1506 Nesseis;

2253 1490 2300 1544 si
2331 1491 2460 1547 nihil
2487 1495 2645 1553 dulce
2671 1512 2814 1558 esset
2847 1511 3168 1580 martyribus
3187 1556 3202 1582 ,
3235 1490 3840 1588 tantas'tribuiatiuuum

2252 1585 2634 1646 amaritudines
2656 1608 2810 1664 sequo
2833 1599 3013 1657 animo
3037 1607 3381 1665 sustinerent.
3408 1615 3726 1675 Amaritudo
3745 1639 3841 1677 eo-

2253 1687 2368 1728 rum
2397 1691 2427 1730 a
2453 1681 2642 1748 quovis
2667 1687 3013 1758 sentiebatur,
3042 1694 3376 1757 dulcedinem
3405 1719 3589 1763 eorum
3616 1726 3722 1766 non
3758 1712 3840 1768 fa-

2252 1767 2355 1823 cile
2380 1772 2656 1843 quisquam
2676 1790 2892 1847 gustare
2914 1794 3137 1852 poterat.
3158 1790 3360 1850 Nomen
3383 1813 3510 1870 ergo
3527 1802 3618 1858 Dei
3633 1805 3838 1874 jucun-

2251 1857 2378 1914 dum
2415 1872 2496 1918 est
2523 1869 2822 1926 amantibus
2848 1873 3016 1929 Deum
3043 1893 3206 1948 super
3229 1897 3416 1942 omnes
3444 1857 3835 1958 jucunditates.

2252 1950 2568 2024 Exspectabo
2595 1975 2776 2016 nomen
2822 1973 2992 2034 tuum,
3021 1972 3142 2039 quia
3175 1950 3465 2044 jucundum
3499 1996 3591 2039 est.
3635 1988 3704 2044 Et
3747 1994 3838 2048 cui

2253 2046 2445 2112 probas
2474 2050 2596 2118 quia
2621 2052 2917 2122 jucundum
2949 2062 3065 2116 est?
3101 2065 3175 2119 Da
3206 2068 3334 2125 mihi
3367 2075 3596 2141 palatum
3625 2083 3712 2137 cui
3747 2085 3837 2154 ju-

2251 2137 2483 2193 cundum
2525 2152 2626 2198 est.
2673 2144 2856 2204 Lauda
2896 2153 3005 2207 mel
3049 2167 3304 2223 quantum
3347 2137 3530 2233 potes,
3564 2137 3838 2244 exaggera

2251 2225 2584 2286 dulcedinem
2616 2235 2732 2305 ejus
2761 2241 2953 2308 quibus
2992 2247 3224 2305 valueris
3253 2255 3429 2311 verbis
3469 2277 3484 2312 :
3527 2260 3692 2319 homo
3735 2283 3839 2323 ne-

2250 2319 2425 2373 sciens
2448 2323 2574 2392 quid
2599 2327 2669 2380 sit
2693 2331 2821 2398 mel,
2849 2334 2950 2419 nisi
2975 2343 3284 2409 gustaverit,
3313 2348 3438 2415 quid
3460 2350 3608 2408 dicas
3639 2361 3836 2419 nescit.

2232 2407 2376 2464 ideo
2424 2416 2592 2484 magis
2638 2419 2705 2473 ad
2732 2412 3154 2490 experimentum
3196 2443 3247 2489 te
3287 2437 3513 2497 invitans
3559 2450 3835 2520 psalmus,

2248 2501 2374 2568 quid
2395 2505 2504 2558 ait?
2527 2506 2755 2580 Gustate,
2787 2524 2835 2568 et
2858 2517 3019 2574 videte
3035 2525 3272 2589 quoniam
3300 2533 3468 2588 suavis
3489 2501 3840 2600 estDeminui

2251 2589 2422 2662 (Psal.
2441 2611 2632 2664 xxxur,
2653 2601 2732 2673 9).
2761 2604 2989 2664 Gustare
3015 2627 3121 2668 non
3147 2616 3249 2683 vis,
3268 2628 3322 2674 et
3348 2589 3837 2692 dicis,

2248 2684 2363 2738 est?
2387 2685 2520 2752 Quid
2546 2690 2838 2759 jucundum
2864 2702 2980 2755 est?
3000 2701 3056 2758 Si
3081 2711 3325 2778 gustasti,
3355 2713 3408 2768 in
3431 2684 3602 2774 fructu
3631 2731 3724 2777 tuo
3757 2727 3841 2780 in-

2247 2775 2510 2844 veniatur,
2530 2783 2705 2857 nonin
2725 2787 2850 2843 solis
2867 2793 3102 2860 vocibus,
3123 2807 3369 2870 tanquam
3393 2813 3768 2868 tantummodo
3785 2816 3838 2871 iu

2245 2863 2404 2936 foliis,
2427 2885 2495 2925 ne
2512 2874 2793 2933 maledicto
2810 2880 3016 2940 Domini
3033 2902 3278 2947 arescere
3305 2903 3551 2966 tanquam
3570 2902 3661 2959 illa
3687 2907 3842 2961 ficul-

2246 2972 2345 3012 nea
2371 2966 2626 3020 merearis
2641 2966 2854 3038 (Matth.
2877 2990 2985 3042 χχι,
3011 2977 3121 3048 19).
3147 2980 3373 3051 Gustata,
3397 2987 3586 3057 inquit,
3610 3004 3658 3047 et
3674 2997 3841 3053 videte

2233 3053 2480 3119 quoniam
2490 3059 2659 3113 suavis
2667 3071 2739 3114 est
2753 3061 3017 3122 Dominus.
3035 3069 3261 3143 Gustate,
3275 3085 3321 3131 et
3336 3080 3495 3135 videte
3513 3100 3525 3136 :
3542 3093 3671 3142 tunc
3686 3090 3840 3147 vide-

2244 3139 2392 3210 bitis,
2418 3147 2462 3200 si
2487 3155 2846 3217 gustaveritis.
2870 3157 3080 3217 Homini
3100 3139 3276 3222 autem
3294 3186 3398 3225 non
3419 3179 3671 3246 gustanti,
3693 3183 3841 3240 unde

2245 3237 2475 3304 probas?
2499 3240 2786 3311 Laudando
2825 3249 3207 3318 jucunditatem
3238 3237 3467 3322 nominis
3495 3269 3611 3337 Dei,
3657 3237 3842 3344 quan;

2246 3333 2525 3401 lacumque
2544 3333 2760 3404 dixeris,
2793 3341 2953 3397 verba
2978 3357 3102 3402 sunt
3125 3352 3296 3408 :aliud
3321 3367 3405 3412 est
3430 3333 3634 3429 gustus.
3659 3333 3838 3426 v-tfl‘bil

2245 3416 2418 3475 laudis
2471 3423 2587 3494 ejus
2634 3429 2856 3487 audiunt
2905 3445 2960 3520 et
2999 3437 3144 3509 impii
3176 3458 3191 3496 :
3221 3459 3329 3500 non
3369 3416 3568 3507 auiam
3615 3469 3843 3526 gustant

2245 3514 2710 3584 quamjucundum
2736 3533 2840 3591 est,
2876 3515 2977 3583 nisi
3006 3535 3194 3588 sancti.
3219 3536 3452 3597 Proinde
3468 3543 3570 3600 iste
3591 3514 3840 3609 scutiens

2229 3602 2578 3665 dulcedinem
2607 3615 2836 3672 nominis
2858 3619 2971 3689 Dei,
3001 3633 3056 3679 et
3095 3629 3281 3682 volens
3306 3634 3595 3703 explicare,
3647 3651 3707 3696 et
3743 3659 3840 3701 vo.

2244 3696 2363 3754 lens
2381 3705 2684 3773 ostendere,
2714 3727 2811 3768 nec
2849 3715 3124 3776 inveniens
3141 3725 3334 3792 quibus
3366 3747 3380 3784 :
3405 3734 3602 3789 etenim
3629 3742 3841 3798 sanctis

2244 3803 2351 3843 non
2379 3808 2515 3862 opus
2538 3807 2619 3852 est
2649 3807 2706 3854 ut
2733 3805 2998 3874 ostendat,
3024 3813 3144 3879 quia
3173 3824 3226 3868 et
3256 3817 3355 3886 ipsi
3391 3831 3607 3890 guStant
3637 3837 3696 3882 et
3732 3846 3840 3886 no-

2243 3890 2395 3948 runt;
2427 3884 2572 3954 impii
2607 3898 2782 3946 autem
2812 3897 3013 3954 sentire
3038 3917 3142 3957 non
3188 3884 3419 3974 possuni
3437 3916 3576 3983 quod
3613 3930 3844 3988 gustare

2243 3972 2431 4028 nolunt
2459 3993 2472 4028 :
2496 3978 2621 4046 quid
2649 3996 2775 4052 ergo
2805 3984 2929 4041 facit
2972 3988 3040 4044 de
3059 3972 3390 4060 jucunditate
3433 3972 3844 4070 nominis

2245 4061 2386 4117 Tulit
2412 4081 2471 4121 se
2499 4071 2750 4127 continuo
2791 4089 2822 4130 a
2856 4080 3022 4135 turbis
3052 4083 3334 4153 impiorum
3365 4109 3378 4146 :
3413 4092 3477 4147 Et
3505 4105 3837 4172 exspectabo,

3593 4153 3606 4168 .
3640 4153 3837 4172 κατ-η.

2243 4153 2433 4224 inquit,
2466 4177 2645 4218 nomen
2690 4175 2852 4234 tuum,
2879 4172 2996 4240 quia
3025 4174 3314 4244 jucundum
3354 4193 3426 4238 est
3470 4187 3522 4239 in
3557 4205 3843 4262 conspectu

2243 4258 2529 4305 sanctorum
2565 4263 2784 4310 tuorum.
2811 4258 3108 4318 iucundum
3159 4277 3242 4322 est
3279 4287 3470 4330 nomen
3521 4258 3696 4349 tuum,
3739 4288 3841 4344 sed

2243 4354 2348 4393 non
2398 4341 2450 4396 in
2505 4352 2792 4417 conspectu
2842 4353 3122 4423 impiorum
3157 4377 3298 4433 :ego
3353 4381 3512 4435 quam
3557 4372 3722 4432 dulce
3769 4381 3843 4438 sit

2219 4432 2376 4499 .scio,
2406 4435 2497 4488 sed
2521 4436 2602 4490 his
2627 4441 2714 4508 qui
2747 4453 3043 4511 gustarunt.

2246 4561 3227 4596 ι--ε-ιθ-ᾺἊ
3237 4589 3496 4609 “-““,
3521 4601 3529 4610 Ι
3831 4605 3840 4622 ¹

2689 4649 2772 4709 IN
2814 4652 3196 4720 PSALMUM
3237 4663 3346 4726 LlI

2812 4755 3224 4817 ENARllATIU.

2885 4864 3056 4908 SERMO
3096 4855 3193 4927 (a).

2315 4931 2366 4987 1.
2397 4932 2528 5006 [vers
2572 4935 2653 5009 1.]
2698 4937 2962 4995 Psalmum
2989 4944 3147 5000 istum
3178 4944 3448 5007 vobiscum
3471 4963 3849 5029 tractandum,

2242 5033 2497 5092 quantum
2519 5025 2773 5083 Domintts
2800 5037 3054 5103 suggerit,
3089 5036 3427 5111 suscipimus.
3458 5047 3618 5104 lubet
3668 5025 3848 5112 frater

2242 5124 2300 5167 ut
2326 5115 2570 5184 velimus,
2601 5127 2653 5172 et
2679 5132 2794 5175 orat
2815 5123 2836 5154 ¹
2863 5135 2919 5177 ut
2941 5123 3222 5194 possimus.
3253 5132 3307 5188 Si
3333 5135 3458 5204 quid
3486 5134 3849 5204 festinatione

2241 5205 2380 5261 forte
2415 5214 2826 5278 praetermiserit,
2873 5215 3112 5286 implebit
3157 5223 3208 5276 in
3252 5226 3403 5282 vobis
3439 5231 3528 5300 qui
3579 5243 3632 5288 et
3678 5239 3849 5294 nobis

2242 5296 2370 5353 dare
2396 5299 2646 5369 dignatur
2686 5305 2826 5373 quod
2869 5307 3045 5364 dicere
3081 5317 3430 5380 potuerimus.
3458 5296 3687 5380 'Titulus
3721 5328 3850 5398 ejus

2242 5397 2324 5444 est
2357 5407 2369 5444 :
2402 5387 2468 5443 In
2498 5392 2650 5459 finem
2669 5412 2762 5463 pro
2792 5395 3036 5468 Maelet/t,
3069 5401 3351 5461 intellectus
3373 5412 3470 5482 ipsi
3499 5412 3688 5470 David.
3734 5387 3851 5478 Dm

2306 5566 2635 5676 ‘ldsitctbfssqat
2657 5570 2789 5633 tidd.,
2815 5586 2908 5624 non
2929 5575 3083 5627 solum
3107 5581 3438 5645 amaritudini,
3463 5587 3551 5640 sed
3582 5589 3737 5645 etiam
3753 5596 3850 5658 ju-

2306 5639 2317 5673 l
2369 5640 2492 5676 lat.

2242 5639 2492 5676 ειιηαιιαιι.

2306 5689 2430 5797 ἰδίο
2450 5690 2676 5797 tpotiores
2708 5701 2810 5744 Mss.
2837 5704 2893 5746 At.
2915 5699 3046 5760 add,
3078 5701 3238 5761 iubete
3257 5705 3438 5768 fratres
3459 5718 3510 5760 ut
3543 5713 3773 5780 vetitum,
3799 5726 3850 5772 et

2306 5763 2325 5796 τι
2345 5763 2390 5797 ι’.
2417 5762 2444 5797 e
2469 5763 2511 5797 e.

2241 5760 2390 5805 οναιιν,
2417 5760 2511 5797 etc.

2307 5811 2384 5873 (a)
2419 5812 2616 5863 Habitus
2629 5823 2802 5879 rogatu
2826 5818 3029 5882 alicujus
3049 5821 3248 5877 forsitan
3274 5830 3503 5892 episcopi.

3737 397 3848 454 eis
3915 371 3922 375 ’
