4042 6494
240 416 334 473 615

190 499 193 508 Ι
243 527 468 588 Haeteth,
492 524 637 580 sicut
655 523 708 578 in
739 521 1070 578 hebraearum
1091 517 1614 588 interpretationibus
1634 513 1806 567 nomi-

239 635 352 676 num
373 615 697 682 invenimus,
727 612 946 667 videtur
966 610 1166 676 dicere,
1189 609 1292 664 Pro
1325 609 1650 678 parturicnte
1683 606 1808 658 'sive

239 714 456 769 dolente.
497 710 628 776 Quis
649 716 826 762 autem
856 707 908 760 in
940 706 1041 761 hoc
1078 705 1274 760 saeculo
1319 703 1577 773 parturiat
1619 710 1672 755 et
1710 699 1810 753 do-

239 805 332 859 leat
351 809 648 869 agnoscunt
680 797 881 861 ﬁdeles,
925 797 1046 865 quia
1092 795 1214 850 inde
1259 804 1401 848 sunt.
1449 791 1689 847 Christus
1721 789 1807 844 hic

235 893 468 964 parturit,
495 889 740 944 Christus
765 889 853 941 hic
873 887 1050 950 dolet;
1080 894 1240 956 caput
1267 895 1350 939 est
1377 898 1612 947 sursum,
1637 897 1809 936 mem-

233 985 317 1041 bra
344 984 619 1050 deorsum.
642 980 825 1050 Neque
866 981 1006 1034 enim
1036 995 1138 1032 non
1167 978 1468 1048 parturiens
1514 985 1568 1028 et
1618 974 1806 1028 dolens

233 1078 424 1132 diceret
445 1093 456 1127 :
477 1074 637 1129 Saule
681 1073 859 1132 Saule,
883 1071 1006 1140 quid
1029 1086 1104 1124 me
1121 1069 1434 1140 persequeris
1457 1067 1592 1136 (Act.
1623 1081 1697 1129 Ix,
1722 1062 1806 1133 4)?

233 1170 335 1236 Quo
357 1155 715 1236 persequente
745 1162 1094 1232 parturiebat,
1120 1175 1242 1215 eum
1263 1173 1580 1213 conversum
1620 1163 1805 1225 partu-

233 1263 326 1316 rire
348 1259 495 1314 fecit.
513 1258 753 1328 Namque
787 1267 840 1310 et
887 1257 998 1325 ipse
1023 1263 1204 1323 postea
1253 1251 1581 1306 illuminatus
1617 1257 1719 1311 est,
1749 1256 1806 1302 et

234 1353 326 1408 illis
367 1361 492 1420 qua:
546 1347 966 1419 persequebatur
1011 1343 1265 1398 membris
1309 1342 1562 1407 insertus,
1614 1337 1802 1394 eadem

232 1444 481 1500 cbaritate
511 1456 790 1512 prtcgnans
819 1439 1029 1494 dicebat
1060 1454 1073 1491 :
1103 1436 1278 1489 Filioti
1303 1437 1421 1499 mei,
1451 1450 1575 1503 quos
1621 1432 1804 1485 iterum

234 1535 476 1606 parturio,
500 1527 658 1585 dohec
679 1530 906 1584 Christus
927 1533 1174 1598 formetur
1189 1527 1242 1579 in
1267 1525 1403 1578 vobis
1424 1523 1566 1594 (Gal.
1595 1538 1665 1586 tv,
1691 1520 1800 1590 19).

231 1629 321 1684 Pro
348 1625 609 1681 membris
635 1623 792 1693 igitur
815 1620 1031 1683 Christi,
1063 1634 1158 1688 pro
1178 1631 1402 1686 corpore
1431 1615 1545 1684 ejus
1563 1613 1703 1684 quod
1725 1622 1806 1667 est

231 1718 457 1774 Ecclesia
493 1715 708 1786 (Coloss.
740 1730 778 1779 ι,
800 1712 917 1781 24),
941 1727 1038 1782 pro
1061 1725 1166 1764 uno
1195 1712 1309 1778 ipso
1354 1709 1587 1770 homine,
1645 1705 1695 1759 id
1723 1713 1804 1759 est

231 1825 314 1881 pro
341 1810 458 1880 ipsa
490 1808 692 1862 unitate
711 1807 860 1876 cujus
889 1813 1047 1873 caput
1074 1817 1283 1857 sursum
1310 1809 1411 1865 est,
1444 1799 1678 1869 psalmus
1702 1798 1801 1851 iste

230 1913 483 1957 cantatur.
543 1898 718 1954 Gemit
774 1907 968 1962 autem,
1017 1903 1071 1949 ct
1122 1893 1364 1964 parturit,
1413 1902 1468 1946 et
1507 1890 1652 1945 dolet
1702 1888 1802 1943 iste

231 1993 396 2049 homo.
425 1993 621 2060 Quare.
657 1992 738 2046 vel
770 1991 908 2045 inter
931 2003 1086 2059 quos,
1117 1987 1215 2041 nisi
1240 1987 1362 2056 quia
1388 1985 1592 2052 accepit
1621 1990 1677 2038 et
1704 1996 1799 2035 σοι

229 2086 398 2155 gnovit
429 2099 457 2136 a
479 2083 655 2151 capite
697 2097 814 2147 suo,
859 2080 1070 2133 dicente
1095 2097 1106 2131 :
1131 2075 1415 2130 Abundabit
1465 2073 1722 2143 iniquitas,
1755 2079 1800 2124 et

229 2178 505 2246 refrigescet
544 2173 763 2226 Charitas
791 2173 1058 2224 multorum
1079 2170 1102 2222 ?
1123 2169 1175 2223 Si
1205 2177 1380 2221 autem
1407 2164 1680 2218 abundabit
1701 2163 1801 2216 ini~

229 2271 401 2334 auitas,
436 2275 482 2320 et
503 2267 789 2336 refrigescet
828 2262 1050 2315 Charitas
1089 2260 1384 2323 multorum,
1408 2259 1526 2327 quis
1552 2270 1799 2310 remane-

228 2359 292 2413 bit
315 2358 407 2427 qui
451 2355 747 2426 parturiat?
786 2351 1076 2420 Sequitur:
1105 2351 1204 2416 Qui
1235 2347 1620 2418 perseveraverit
1643 2361 1798 2414 usque

228 2451 270 2501 in
291 2450 462 2516 ﬁnem,
498 2447 579 2499 hic
609 2445 778 2498 salvus
825 2445 917 2497 erit
947 2445 965 2513 (
993 2441 1178 2494 Matth.
1207 2439 1463 2505 xx1v,12,
1489 2437 1599 2508 15).
1649 2436 1797 2491 Unde

228 2549 353 2595 esset
376 2553 631 2608 magnum
681 2547 1035 2606 perseverare,
1099 2532 1199 2586 nisi
1241 2532 1379 2586 inter
1429 2529 1700 2584 molestias
1744 2535 1798 2582 et

230 2631 537 2684 tentationes
561 2637 616 2682 et
643 2625 970 2680 turbationcs
995 2633 1048 2677 et
1073 2616 1320 2676 scandala
1371 2629 1512 2675 esset
1548 2634 1797 2691 perseve-

226 2721 478 2776 randum?
506 2719 674 2773 Nemo
701 2717 840 2771 enim
867 2716 1083 2785 jubetur
1122 2714 1256 2769 bona
1291 2714 1538 2767 tolerare.
1565 2711 1667 2767 Sed
1700 2725 1796 2780 pro

228 2813 315 2867 isto
338 2812 463 2882 quia
486 2810 699 2871 dicitur,
734 2817 786 2862 et
827 2807 947 2876 quia
978 2821 1072 2875 pro
1098 2805 1199 2859 isto
1223 2813 1485 2867 cantatur,
1520 2801 1795 2856 videamus

227 2903 333 2973 quid
356 2905 447 2958 sit.
479 2902 586 2956 Pro
607 2901 708 2954 isto
738 2901 1076 2966 increpantur
1097 2897 1181 2950 hic
1223 2895 1466 2948 homines
1497 2894 1638 2948 inter
1659 2906 1792 2962 quos

225 2997 461 3064 gemitur,
495 2994 635 3048 inter
660 3006 791 3061 quos
820 2990 1050 3054 doletur,
1076 2997 1130 3042 et
1157 2986 1450 3041 consolatio
1479 2984 1709 3039 dolentis
1739 2992 1796 3039 et

226 3084 556 3154 parturientis
583 3083 636 3137 in
665 3082 856 3136 Psalmi
882 3081 983 3134 line
1007 3078 1336 3149 depromitur
1361 3084 1415 3132 et
1454 3077 1788 3145 exprimitur.

225 3176 310 3244 Qui
333 3187 458 3230 sunt
486 3189 615 3244 ergo
660 3174 799 3227 inter
842 3186 975 3241 quos
1007 3169 1330 3239 parturimus
1355 3175 1408 3223 et
1432 3166 1716 3237 gemimus,
1749 3166 1793 3219 si

224 3269 270 3321 in
290 3283 518 3337 corpore
541 3265 738 3320 Christi
767 3277 983 3326 sumus;
1013 3261 1055 3314 si
1084 3261 1182 3314 suh
1205 3260 1294 3313 illo
1322 3260 1496 3328 capite
1543 3258 1790 3324 vivimus,

225 3360 260 3413 si
288 3361 332 3412 in
356 3358 615 3412 membris
634 3358 749 3425 ejus
783 3354 1100 3423 deputamur
1129 3369 1141 3404 :
1166 3351 1254 3421 qui
1283 3358 1423 3414 sunt,
1467 3349 1610 3404 audi.
1769 3359 1772 3364 '

282 3449 330 3503 9..
368 3449 512 3502 Dixit
551 3446 842 3516 imprudens
886 3443 939 3496 in
976 3442 1126 3496 corde
1153 3458 1245 3495 suo
1292 3456 1312 3494 :
1340 3439 1461 3493 Non
1516 3448 1588 3493 est
1636 3437 1789 3492 Deus.

225 3539 334 3595 Tale
355 3555 526 3609 genus
567 3547 653 3592 est
699 3536 992 3600 hominum,
1036 3527 1171 3616 iitter
1199 3547 1332 3602 quos
1361 3531 1505 3586 dolet
1533 3543 1583 3586 et
1629 3531 1794 3600 gemit

224 3643 399 3698 corpus
430 3626 648 3682 Christi.
681 3626 735 3679 Si
765 3627 867 3679 tale
890 3625 989 3678 hoc
1016 3623 1287 3678 hominum
1317 3636 1487 3692 genus
1526 3629 1628 3687 est,
1686 3635 1791 3674 non

224 3722 402 3774 muttos
431 3717 752 3788 parturitnus
778 3735 791 3770 :
818 3707 1070 3786 quantum
1103 3715 1310 3768 videtur
1337 3728 1623 3768 occurrere
1649 3714 1793 3782 cogi-

225 3813 498 3866 tationibus
549 3810 763 3873 nostris,
816 3808 1066 3879 perpauci
1111 3816 1268 3871 sunt;
1302 3815 1356 3860 et
1384 3805 1599 3860 diillcile
1625 3813 1706 3858 est
1735 3812 1793 3860 ut

224 3905 541 3959 incurramus
567 3905 619 3958 in
648 3902 918 3956 hominem
949 3901 1037 3969 qui
1077 3900 1216 3954 dicat
1241 3899 1293 3952 in
1332 3898 1482 3952 corde
1530 3912 1644 3962 suo,
1670 3897 1793 3952 Non

221 4008 285 4051 est
312 3997 449 4051 Deus
469 3995 637 4068 (Psal.
668 4011 783 4058 xm,
811 3995 896 4064 l):
925 4001 1098 4047 tamen
1124 3993 1202 4046 sic
1222 3992 1370 4060 pauci
1401 3999 1542 4054 Sunt,
1574 3999 1631 4044 ut
1656 3991 1792 4044 inter

224 4090 405 4142 multos
423 4085 660 4142 timendo
691 4086 792 4140 hoc
823 4085 1020 4148 dicere,
1053 4084 1104 4136 in
1131 4082 1291 4137 corde
1319 4097 1416 4136 suo
1439 4082 1636 4144 dicant,
1667 4080 1791 4151 quia

223 4194 303 4234 ore
329 4181 512 4235 dicere
535 4193 639 4232 non
688 4175 901 4231 audent.
933 4174 1048 4229 Non
1089 4190 1216 4244 ergo
1256 4173 1480 4227 multum
1523 4182 1607 4228 est
1649 4171 1790 4242 quod

219 4272 456 4340 iubemur
510 4271 769 4334 tolerare;
816 4269 907 4322 vix
942 4267 1206 4321 invenitur
1249 4284 1262 4319 :
1296 4260 1472 4320 rarum
1512 4264 1788 4320 hominum

221 4376 374 4430 genus
412 4370 494 4416 est
529 4361 617 4430 qui
649 4359 825 4412 dicant
853 4358 905 4410 in
941 4357 1091 4410 corde
1128 4372 1240 4422 suo,
1277 4353 1398 4408 Non
1421 4366 1492 4408 est
1518 4353 1681 4408 Deus.
1707 4355 1788 4409 An

221 4466 333 4507 vero
354 4453 462 4507 alio
485 4451 754 4505 intellectu
784 4448 1080 4502 discussum
1099 4444 1366 4499 invenitur
1393 4458 1512 4497 esse
1544 4444 1594 4496 in
1616 4442 1785 4512 pluri-

220 4524 326 4606 bus,
361 4540 501 4611 quod
534 4541 585 4594 in
627 4537 810 4608 paucis
838 4545 892 4590 et
924 4537 1060 4589 raris
1098 4543 1152 4589 et
1194 4549 1328 4604 pene
1373 4533 1424 4586 in
1465 4533 1628 4588 nullis
1668 4546 1788 4587 esse

220 4629 568 4700 putabamus?
623 4628 888 4683 Prodeant
929 4627 981 4680 in
1011 4626 1241 4680 medimu
1270 4640 1357 4694 qut
1403 4625 1540 4678 male
1584 4625 1784 4693 vivunt,

220 4725 550 4793 inspiciamus
600 4719 734 4774 facta
765 4718 1167 4788 ﬂagitiosorttm,
1202 4715 1619 4769 facinorosorum
1669 4730 1789 4770 sce-

221 4812 604 4882 leratorumque
632 4809 925 4872 hominum,
957 4821 1180 4875 qunrmn
1237 4819 1424 4874 magna
1469 4805 1620 4858 turba
1664 4815 1784 4870 est;

219 4905 298 4971 qui
326 4904 504 4958 fovent
525 4901 764 4971 quotidie
786 4905 1000 4968 peccata
1031 4911 1144 4959 sua,
1175 4896 1263 4964 qni
1295 4895 1448 4949 factis
1469 4895 1518 4947 in
1559 4910 1789 4951 consue-

219 4995 444 5048 tudinem
494 4992 664 5046 versis
716 4991 876 5045 etiam
942 4987 1316 5042 verecundiam
1381 4986 1728 5056 perdiderunt
1771 5005 1784 5042 :

221 5085 324 5141 lucc
372 5095 512 5141 tanta
565 5083 839 5138 hominum
890 5079 1173 5136 multitudo
1231 5089 1350 5143 est,
1402 5087 1460 5133 ut
1513 5079 1650 5133 inter
1694 5093 1788 5135 eos

220 5180 436 5248 positum
483 5193 681 5246 corpus
728 5174 958 5240 Christi,
1014 5175 1100 5228 vix
1153 5173 1344 5228 audeat
1397 5172 1789 5242 reprehendere

218 5271 351 5340 quod
403 5285 506 5324 non
565 5268 772 5335 cogitur
817 5265 1133 5330 admittere,
1181 5271 1236 5318 et
1295 5279 1391 5334 pro
1443 5277 1634 5334 magno
1686 5263 1787 5317 sibi

219 5372 359 5431 putet
402 5361 601 5418 servari
671 5359 1023 5429 integritatem
1099 5358 1451 5422 innocentiae;
1507 5372 1575 5410 ne
1633 5354 1791 5411 faciat

218 5455 352 5524 quod
374 5455 586 5524 culpare
603 5455 712 5521 jam
737 5466 830 5520 per
849 5448 1310 5515 consuetudinem,
1338 5459 1427 5502 :mt
1449 5465 1551 5500 non
1574 5447 1785 5514 audeat,

217 5554 301 5597 aut
344 5545 384 5598 si
414 5559 574 5614 ausus
623 5542 798 5603 fuerit,
847 5539 1050 5594 facilius
1079 5549 1318 5607 erumpat
1357 5537 1700 5608 reprehensio
1735 5546 1790 5592 ct

217 5637 516 5690 reclamatio
549 5650 737 5689 eorum
780 5633 867 5701 qui
897 5633 1033 5686 male
1054 5631 1256 5694 vivunt,
1287 5647 1443 5700 quam
1475 5647 1575 5685 vox
1619 5631 1788 5686 libera

217 5741 394 5780 eorum
414 5729 499 5797 qui
527 5729 664 5781 bene
687 5725 888 5777 vivunt.
914 5723 979 5775 Et
1002 5723 1084 5775 isti
1115 5723 1244 5775 tales
1274 5731 1414 5784 sunt,
1450 5731 1500 5773 ut
1531 5721 1709 5776 dicant
1735 5723 1787 5775 in

217 5818 363 5873 corde
388 5835 472 5874 suo
496 5834 514 5874 ;
543 5816 668 5873 Non
690 5825 760 5870 est
792 5814 950 5869 Deus.
981 5812 1136 5869 Tales
1163 5812 1440 5869 convinco.
1481 5813 1632 5868 Unde
1660 5830 1789 5870 con-
1837 5884 1847 5888 _

1290 398 1683 458 ENAIIRATIO
1720 397 1785 453 IN
1827 397 2149 456 PSALMUM
2188 403 2294 459 ιιι.

3389 419 3496 476 0M

1919 514 2078 569 vinco
2103 518 2126 570 ἱ)
2152 519 2308 573 Facta
2335 535 2431 576 sua
2463 523 2572 578 Deo
2598 525 2805 593 placere
2831 529 3175 587 arbitrantur.
3219 534 3334 589 Non
3366 549 3495 607 ergo

1913 609 2006 672 ait,
2037 609 2208 678 Aliqui
2231 611 2412 666 dicunt
2435 631 2450 679 ;
2478 615 2591 680 sed,
2626 617 2764 669 Dixit
2784 620 3072 689 imprudens
3097 626 3150 677 in
3177 627 3328 680 corde
3354 645 3446 681 suo
3465 645 3486 683 .'

1915 698 2036 753 Non
2058 710 2127 754 est
2155 701 2310 757 Deus.
2337 706 2436 772 Qui
2463 719 2630 777 usque
2651 710 2785 763 adeo
2813 712 3035 767 credunt
3059 731 3178 770 esse
3211 718 3399 785 Deum,
3434 731 3492 775 ut

1913 791 2086 846 eidem
2118 794 2224 848 Deo
2252 796 2573 852 arbitrentur
2602 801 2810 868 placere
2848 803 2988 871 quod
3011 805 3222 860 faciunt.
3253 811 3412 879 Atqui
3439 812 3487 866 si

1913 882 2175 953 intelligas
2207 888 2438 955 prudens
2472 891 2592 958 quia
2621 891 2913 960 imprudens
2945 895 3073 949 dixit
3103 898 3154 950 in
3193 901 3342 953 corde
3368 919 3483 969 suo,

1913 974 2034 1029 Non
2055 988 2127 1030 est
2144 978 2301 1041 Deus,
2318 982 2360 1034 si
2383 981 2644 1047 advertas,
2669 985 2712 1037 si
2733 985 3011 1056 intelligas,
3030 989 3074 1041 si
3093 989 3344 1046 discutias
3363 1011 3376 1044 :
3397 995 3487 1061 qui

1912 1078 2059 1136 putat
2083 1069 2188 1124 Deo
2210 1073 2415 1140 placere
2433 1074 2565 1128 facta
2586 1076 2742 1140 mala,
2772 1092 2874 1130 non
2897 1094 3015 1132 eum
3037 1090 3182 1148 putat
3215 1081 3398 1136 Deum.
3431 1085 3487 1139 Si

1909 1161 2050 1214 enim
2072 1161 2206 1214 Deus
2225 1170 2322 1226 est,
2343 1164 2515 1231 justus
2535 1175 2637 1229 est;
2656 1166 2698 1219 si
2713 1165 2884 1234 justus
2902 1177 2983 1222 est
3002 1169 3266 1239 displicet,
3283 1172 3330 1225 ei
3346 1173 3487 1242 inju-

1909 1249 2070 1316 stitia,
2097 1250 2338 1320 displicet
2364 1254 2629 1323 iniquitas.
2657 1255 2735 1310 Tu
2763 1266 2938 1310 autem
2970 1273 3088 1312 cum
3117 1271 3268 1328 putas
3299 1263 3346 1316 ci
3376 1262 3492 1330 pla-

1907 1352 2032 1394 cere
2061 1341 2412 1410 iniquitatem,
2443 1360 2602 1414 negas
2633 1346 2822 1401 Deum.
2865 1348 2922 1402 Si
2943 1350 3085 1403 enim
3119 1351 3259 1406 Deus
3289 1361 3372 1406 est
3399 1355 3486 1409 cui

1907 1428 2151 1499 displicet
2182 1433 2451 1504 iniquitas,
2493 1437 2584 1490 tibi
2609 1444 2785 1493 autem
2831 1456 2936 1494 non
2981 1442 3192 1496 videtur
3217 1445 3356 1500 Deus
3403 1447 3490 1501 cui

1907 1519 2151 1591 diSplicct
2172 1525 2439 1594 iniquitas,
2471 1539 2678 1583 nonest
2704 1540 2878 1583 autem
2914 1532 3050 1586 Deus
3077 1535 3174 1587 nisi
3197 1536 3282 1588 cui
3304 1537 3492 1605 displi-

1905 1621 1994 1666 cet
2018 1614 2284 1684 iniquitas,
2311 1632 2429 1670 cum
2460 1618 2592 1672 dicis
2608 1619 2663 1672 in
2686 1621 2852 1675 corde
2879 1631 2988 1688 tuo,
3022 1623 3185 1678 Favet
3217 1626 3356 1680 Deus
3387 1628 3487 1681 ini-

1903 1703 2194 1772 quitatibus
2213 1707 2365 1773 meis,
2396 1707 2525 1761 nihil
2554 1709 2697 1764 aliud
2723 1711 2853 1765 dicis
2881 1727 3060 1782 quam,
3089 1713 3207 1768 Non
3233 1727 3302 1769 est
3323 1715 3484 1772 Deus.

1977 1795 2030 1850 3.
2065 1794 2211 1867 [vers.
2235 1797 2312 1870 2.]
2341 1799 2653 1857 Referamus
2683 1818 2778 1858 nos
2805 1813 2859 1859 et
2882 1805 2950 1859 ad
2981 1807 3126 1860 illum
3157 1809 3481 1863 intellectum

1905 1883 1992 1953 qui
2022 1894 2077 1939 et
2101 1885 2168 1940 de
2193 1887 2309 1956 ipso
2334 1887 2546 1944 Christo
2575 1892 2801 1948 Domino
2829 1905 3011 1950 nostro
3032 1935 3047 1962 ,
3073 1897 3139 1952 de
3167 1899 3282 1968 ipso
3313 1900 3487 1969 capite

1904 1984 2088 2029 nostro
2131 1980 2380 2033 occurrit.
2423 1980 2541 2051 Ipse
2565 1983 2706 2037 enim
2733 2001 2853 2039 cum
2885 1987 2936 2040 iu
2965 1986 3132 2041 forma
3160 1992 3298 2044 servi
3326 2006 3488 2059 appa-

1902 2075 2045 2119 reret
2075 2067 2125 2119 in
2159 2077 2326 2134 terra,
2358 2070 2604 2126 dixerunt
2643 2075 2732 2143 qui
2760 2090 2880 2130 eum
2911 2078 3285 2134 crucifixerunt
3314 2098 3326 2132 :
3358 2079 3482 2134 Non

1903 2170 1974 2210 est
2000 2156 2155 2212 Deus.
2188 2161 2318 2227 Quia
2352 2162 2522 2216 Filius
2552 2165 2642 2218 Dei
2673 2175 2806 2231 erat,
2837 2168 3016 2235 utique
3044 2170 3186 2223 Dens
3216 2181 3346 2224 erat.
3375 2172 3482 2226 Sed

1902 2249 1976 2302 illi
2005 2251 2094 2319 qui
2123 2254 2356 2322 corrupti
2379 2265 2500 2308 sunt
2527 2264 2581 2310 et
2606 2257 2987 2313 abominabiles
3019 2261 3138 2315 facti
3170 2272 3328 2328 sant,
3357 2264 3485 2331 quid

1901 2340 2185 2396 dixerunt?
2206 2343 2325 2397 Non
2342 2355 2414 2398 est
2435 2345 2574 2400 Deus
2594 2349 2930 2403 :occidamus
2951 2367 3092 2413 eum,
3109 2369 3207 2406 non
3227 2365 3300 2406 est
3322 2353 3483 2408 Deus.

1904 2429 2079 2485 llahes
2109 2449 2294 2487 vocem
2330 2436 2563 2503 ipsorum
2595 2438 2646 2491 in
2680 2439 2816 2492 libro
2838 2440 3123 2508 Sapientiae
3150 2461 3162 2496 :
3187 2444 3278 2497 sed
3309 2445 3481 2512 primo

1893 2522 2020 2576 illos
2049 2524 2166 2576 vide
2191 2536 2505 2596 corruptos,
2542 2536 2598 2582 ut
2645 2531 2848 2598 possint
2879 2531 3067 2586 dicere
3087 2535 3140 2586 in
3171 2535 3322 2587 corde
3347 2552 3440 2589 suo
3463 2576 3480 2602 ,

1905 2611 2024 2666 Non
2046 2624 2119 2667 est
2141 2615 2297 2670 Deus.
2336 2618 2618 2671 l’rmmisso
2644 2621 2786 2674 enim
2816 2636 2992 2688 versu,
3018 2623 3160 2677 Dixit
3189 2626 3484 2692 imprudens

1899 2703 1951 2756 in
1978 2704 2128 2756 corde
2151 2722 2272 2767 suo,
2314 2705 2434 2760 Non
2461 2718 2534 2762 est
2562 2709 2731 2774 Deus,
2767 2720 3014 2782 tanquam
3053 2730 3228 2770 causa:
3268 2733 3480 2786 qua-re-

1889 2803 2085 2849 ‘rentur
2127 2797 2264 2850 unde
2302 2797 2405 2852 hoc
2441 2801 2610 2867 possit
2633 2801 2812 2856 dicere
2842 2803 3150 2872 imprudens
3170 2847 3184 2868 ,
3214 2807 3475 2876 subjecit:

1901 2885 2138 2954 συνταριὶ
2160 2898 2294 2952 sunt,
2319 2898 2364 2942 et
2387 2889 2746 2944 abominabiles
2773 2892 2896 2958 facti
2916 2903 3030 2946 sunt
3055 2895 3106 2946 in
3137 2897 3480 2965 iniquitatibus

1899 2981 2024 3032 suis.
2050 2981 2185 3034 Audi
2215 2982 2330 3034 illos
2354 2991 2656 3052 corruptus.
2685 2985 2939 3040 Dixerunt
2960 2987 3101 3041 enim
3124 2989 3261 3057 apud
3288 3005 3348 3045 se
3371 3006 3478 3046 non

1895 3083 2045 3127 recte
2092 3074 2388 3143 cegitantes
2418 3093 2432 3128 :
2461 3079 2616 3146 empit
2648 3080 2920 3148 corruptio
2948 3093 2978 3132 a
3009 3081 3146 3134 mala
3176 3078 3278 3136 ﬁde
3297 3125 3311 3147 ,
3354 3084 3478 3140 inde

1901 3165 2005 3219 itur
2034 3167 2083 3219 in
2113 3174 2293 3235 turpes
2324 3183 2500 3222 mores
2520 3213 2535 3234 ,
2570 3170 2692 3225 inde
2723 3172 2774 3225 in
2805 3173 3091 3227 acerrimas
3133 3173 3434 3244 iniquitates
3455 3220 3471 3242 ,

1897 3255 2093 3325 gradus
2135 3257 2220 3310 isti
2264 3265 2407 3312 sunt.
2455 3259 2590 3327 Quid
2620 3261 2760 3315 enim
2793 3263 2930 3332 apud
2963 3280 3020 3317 se
3048 3264 3300 3319 dixerunt
3324 3269 3474 3336 cogi-

1898 3355 2072 3400 tantes
2093 3361 2196 3400 non
2222 3350 2399 3403 recte?
2421 3348 2675 3420 Exiguum
2698 3361 2742 3403 et
2766 3369 2876 3404 cum
2899 3354 3048 3406 ta'dio
3063 3365 3137 3407 est
3163 3357 3262 3408 vita
3280 3365 3474 3410 nostra.

1898 3435 1980 3490 Ab
2026 3437 2122 3489 hac
2167 3438 2301 3489 mala
2348 3437 2453 3492 {Ide
2494 3440 2735 3509 sequitur
2762 3440 2889 3494 illud
2918 3441 3062 3510 quod
3102 3452 3154 3496 et
3184 3445 3472 3513 Apostolus

1896 3526 2028 3581 dixit
2060 3545 2073 3580 :
2104 3527 2473 3582 Mandueemus
2515 3539 2562 3584 et
2606 3531 2860 3597 bibamus,
2894 3549 3007 3586 cras
3047 3535 3178 3587 enim
3207 3537 3476 3589 moriemur

1887 3619 1951 3687 '(l
1981 3617 2097 3673 Cor.
2127 3635 2216 3683 xv,
2251 3617 2360 3690 5'2).
2394 3621 2469 3674 lbi
2499 3628 2676 3675 autem
2710 3622 2866 3676 latius
2892 3623 3097 3676 luxuria
3131 3624 3243 3693 ipsa
3267 3625 3472 3680 descri-

1896 3710 2039 3764 bitur
2073 3727 2084 3760 :
2115 3710 2422 3766 Coronemus
2468 3729 2558 3765 nos
2606 3714 2734 3766 rosis
2759 3753 2772 3777 ,
2813 3723 3079 3783 antequam
3126 3725 3474 3782 marcescant;

1895 3803 2077 3868 ubique
2119 3803 2457 3872 relinquamus
2483 3803 2628 3873 signa
2669 3804 2857 3858 ltetitite
2909 3814 3115 3859 nostris.
3161 3805 3288 3859 Post
3331 3807 3476 3860 illam

1897 3892 2216 3961 descriptam
2257 3893 2414 3947 latius
2457 3894 2752 3960 luxuriam,
2779 3894 2905 3964 quid
2949 3883 3225 3966 sequitur?
3253 3894 3474 3950 Occida-

1897 3997 2009 4036 mus
2050 3999 2318 4051 pauperem
2352 3985 2550 4054 justum
2585 3983 2604 4054 (
2623 3984 2750 4051 Sap.
2777 4000 2846 4048 ιι,
2883 3985 3046 4051 1-20)
3079 3985 3218 4040 :hoc
3245 3994 3480 4057 estergo

1896 4072 2078 4127 dicere
2098 4113 2112 4134 ,
2144 4072 2265 4126 Non
2304 4081 2375 4126 est
2402 4072 2562 4126 Deus.
2616 4075 2774 4128 Lenia
2805 4075 3118 4130 videbantur
3143 4077 3250 4145 jam
3278 4077 3475 4131 dudum

1895 4163 2037 4233 loqui
2059 4181 2072 4217 :
2098 4165 2402 4217 Caronemus
2421 4182 2512 4218 nos
2531 4166 2678 4227 rosis,
2697 4176 2964 4234 antequam
2990 4178 3318 4222 marcescant.
3335 4168 3473 4234 Quid

1821 4268 1826 4271 ‘
1894 4253 2195 4317 delicatius,
2229 4254 2352 4322 quid
2383 4253 2587 4306 lenius?
2613 4254 2869 4322 Sperares
2889 4255 2955 4308 de
2983 4255 3079 4308 hac
3110 4255 3328 4312 lenitate
3348 4271 3476 4310 cru-

1895 4358 2004 4407 ces,
2027 4344 2264 4413 gladios?
2289 4343 2407 4397 Noli
2431 4343 2632 4405 mirari,
2661 4344 2809 4397 lenes
2838 4353 2960 4398 sunt
2981 4335 3269 4399 ct'radices
3296 4347 3476 4414 spina-

1894 4449 2042 4497 rum;
2073 4433 2116 4486 si
2147 4434 2264 4502 quis
2292 4447 2384 4487 eas
2411 4442 2707 4486 contrectet
2726 4472 2741 4496 ,
2771 4448 2876 4486 non
2908 4435 3156 4502 pungitur
3189 4451 3204 4487 :
3234 4435 3326 4488 sed
3369 4451 3475 4504 quo

1895 4523 2144 4593 pungeris
2175 4523 2297 4576 inde
2323 4524 2574 4576 nascitur.
2606 4521 2843 4593 Corrupti
2871 4541 2996 4591 ergo
3028 4526 3110 4578 isti
3138 4534 3184 4577 et
3209 4525 3474 4581 abomina-

1897 4616 2015 4670 biles
2040 4615 2163 4684 [ucti
2186 4625 2302 4668 sunt
2325 4618 2376 4667 in
2400 4615 2747 4681 iniquitatibus
2772 4615 2898 4668 suis.
2933 4614 3075 4668 Dixit
3105 4616 3397 4686 imprudens
3420 4618 3475 4672 in

1893 4706 2046 4760 corde
2067 4722 2158 4759 suo
2181 4721 2199 4758 :
2233 4705 2353 4759 Non
2374 4715 2446 4758 est
2473 4705 2628 4758 Deus.
2669 4704 2730 4760 Si
2758 4703 2924 4758 Filius
2950 4704 3045 4757 Dei
3070 4715 3140 4759 est
3157 4749 3170 4766 ,
3196 4707 3466 4760 descendat

1894 4799 1957 4851 de
1977 4813 2123 4850 crure
2147 4794 2357 4866 (Matth.
2395 4812 2567 4862 xxvn,
2593 4796 2708 4867 40).
2740 4795 2876 4851 Ecce
2901 4806 3084 4866 aperte
3107 4796 3288 4854 dicere
3312 4816 3325 4852 :
3356 4797 3477 4853 Non

1894 4898 1968 4943 est
1995 4887 2150 4942 Deus.

1968 4983 2021 5036 4.
2075 4981 2178 5036 Sed
2221 4981 2490 5050 quomodo
2517 4981 2656 5034 inter
2685 4981 2804 5035 illas
2830 4981 2994 5050 gemit
3019 4997 3214 5053 corpus
3241 4983 3436 5039 Christi
3454 4984 3478 5039 ’ἲ

1895 5072 2228 5128 Cemuerunt
2265 5076 2403 5128 inter
2439 5073 2558 5127 illos
2587 5073 2824 5141 Apostoli
2856 5077 2944 5144 qui
2976 5085 3101 5131 tunc
3133 5077 3340 5130 fuerunt
3364 5116 3378 5138 ,
3421 5087 3475 5130 et

1897 5167 2142 5234 discipuli
2169 5165 2365 5220 Christi
2393 5181 2406 5217 :
2435 5165 2500 5218 ad
2529 5179 2627 5218 nos
2654 5165 2739 5218 isti
2767 5167 2890 5234 quid
2921 5168 3219 5236 pertinent?
3244 5183 3472 5236 quamo-

1897 5259 1966 5312 do
1991 5261 2131 5312 inter
2156 5257 2252 5311 hos
2279 5271 2376 5309 nos
2409 5256 2763 5323 partui-imus?
2790 5257 2979 5313 Adhuc
3000 5271 3119 5313 sum
3146 5261 3234 5329 qui
3259 5260 3471 5317 dicunt:

1897 5347 2139 5402 Christus
2170 5361 2272 5400 non
2301 5354 2383 5400 est
2411 5346 2570 5401 Deus.
2602 5347 2714 5401 Hoc
2733 5347 2916 5403 dicunt
2942 5351 3134 5420 Pagani
3161 5351 3248 5420 qui
3273 5366 3476 5406 reman-

1897 5451 2110 5502 serunt;
2143 5440 2244 5492 hoc
2273 5438 2444 5506 ipsum
2473 5438 2655 5493 dicunt
2684 5441 2781 5508 ipsi
2810 5439 3000 5505 Judaei,
3032 5443 3120 5511 qui
3146 5441 3212 5495 ad
3238 5442 3476 5495 teatimo-

1898 5535 2042 5587 nium
2083 5531 2410 5586 confusionis
2436 5547 2545 5584 sua:
2572 5531 2766 5601 ubique
2791 5533 2965 5586 diiiusi
2987 5543 3140 5598 Sunt;
3173 5534 3270 5586 hoc
3291 5533 3475 5586 dicunt

1896 5635 1950 5680 et
1980 5624 2213 5678 hmretici
2256 5624 2424 5676 multi.
2471 5623 2711 5692 Namque
2751 5635 2804 5679 et
2832 5627 3010 5679 Ariani
3042 5625 3313 5685 dixerunt,
3355 5622 3473 5676 Non

1898 5727 1969 5771 est
1993 5716 2130 5769 Deus
2155 5730 2170 5767 :
2192 5714 2506 5767 Eunomiani
2529 5714 2796 5778 dixerunt,
2828 5714 2946 5766 Non
2973 5722 3044 5766 est
3074 5713 3226 5766 Deus.
3249 5714 3359 5766 llnc
3387 5731 3475 5770 ac:

1899 5808 2060 5876 cedit,
2096 5807 2315 5872 fratres,
2349 5805 2470 5876 quia
2497 5814 2554 5861 et
2577 5805 2651 5860 illi
2677 5805 2745 5860 de
2773 5802 2962 5874 quibus
2991 5804 3148 5880 paulo
3172 5812 3294 5856 ante
3322 5804 3433 5860 dixi
3453 5846 3470 5872 ,
