4042 6498
523 408 628 464 M5

521 523 610 592 qui
661 458 794 574 male
832 517 1047 577 vivunt,
1078 510 1203 565 nihil
1249 505 1392 562 aliud
1438 505 1620 560 dicunt
1647 515 1804 571 quam
1827 541 1841 563 ,
1878 496 1994 549 Non
2023 500 2096 592 est

529 586 686 666 Deus.
723 610 856 664 Cum
885 608 1026 661 enim
1059 603 1285 656 dicimus
1311 599 1389 653 eis
1417 597 1686 650 Christum
1715 599 1990 644 venturum
2015 586 2102 655 ju-

525 705 697 758 dicent
723 701 788 755 ad
813 697 1068 769 judicium
1091 735 1106 758 ,
1135 692 1276 763 quod
1305 689 1489 744 dicunt
1527 685 1814 754 Scriptura:
1843 694 1961 749 qum
1992 690 2096 769 ιιοιι

527 795 718 852 fallunt
757 810 770 845 :
810 768 886 843 illi
919 797 1094 841 autem
1126 783 1294 852 magis
1324 794 1502 834 aurem
1533 775 1826 844 praebentes
1865 768 2100 838 serpenti

527 882 832 955 suggerenti
857 923 869 945 ,
901 879 1018 932 Non
1063 883 1220 929 morte
1262 870 1486 925 morieris
1515 859 1666 934 (Gen.
1703 880 1759 918 ιιι
1781 905 1795 928 ,
1825 863 1859 916 4
1918 902 1932 924 ,
1959 857 2098 955 quod

525 947 735 1030 digerat
756 972 806 1025 in
835 967 1082 1038 paradiso
1107 971 1288 1018 contra
1311 959 1584 1013 veritatem
1622 955 1709 1007 Dei
1732 947 2099 1007 constituentis

527 1078 582 1123 et
626 1037 882 1126 dicentis,
914 1057 1079 1113 Marte
1120 1053 1345 1109 morieris
1373 1048 1484 1120 (Id.
1510 1064 1546 1103 ιι
1573 1089 1588 1112 ,
1633 1045 1761 1116 l7);
1797 1044 1864 1098 ita
1905 1037 2103 1096 faciunt

529 1159 689 1221 mala,
715 1166 774 1210 ut
797 1155 974 1208 dicant
1002 1150 1098 1205 sibi
1130 1167 1143 1202 :
1170 1145 1360 1201 Veniet
1375 1141 1641 1205 ChristtIS,
1673 1143 1727 1192 et
1755 1136 1898 1191 dabit
1929 1133 2103 1188 indul—

529 1250 759 1320 gentiam
790 1244 1056 1298 euntibus.
1109 1239 1181 1293 Ita
1212 1250 1342 1307 ergo
1371 1232 1595 1288 mendax
1627 1240 1708 1286 est
1738 1228 1824 1282 ille
1851 1227 1936 1295 qui
1968 1221 2102 1278 dixit

529 1319 650 1409 quia
682 1335 949 1407 separabit
972 1333 1183 1401 iniquos
1208 1329 1273 1382 ad
1303 1326 1573 1381 sinistram
1593 1363 1608 1386 ,
1636 1319 1906 1409 separabit
1930 1319 2102 1384 justus

529 1403 596 1486 ad
621 1403 930 1488 dexteram;
955 1425 1112 1492 justis
1137 1421 1299 1485 dicet,
1317 1411 1762 1477 Venite,benedicti
1784 1403 1956 1462 Putris
1985 1407 2100 1471 mei,

532 1520 769 1590 percipite
810 1528 1020 1586 regnum
1064 1512 1197 1579 quod
1241 1517 1473 1580 paratum
1517 1515 1589 1558 est
1618 1496 1752 1556 vobis
1809 1500 1872 1552 ab
1915 1498 2106 1567 origine

530 1587 740 1673 mundi;
767 1606 959 1674 iniquis
991 1603 1167 1665 dicet,
1200 1598 1276 1651 Ite
1301 1598 1350 1650 in
1381 1597 1543 1665 ignem
1571 1600 1808 1646 a’tcrnum
1835 1587 1920 1657 qui
1949 1602 2104 1656 para-

529 1713 610 1754 tus
638 1709 707 1752 cst
739 1694 940 1750 diabolo
965 1703 1010 1747 et
1048 1691 1240 1761 angelis
1271 1691 1379 1753 eius
1419 1684 1642 1756 (.llatth.
1683 1696 1817 1741 xxv,
1854 1679 1923 1733 54
1944 1713 1959 1740 ,
1990 1675 2104 1745 Η).

531 1788 809 1856 Quomodo
830 1801 955 1856 ergo
981 1783 1224 1839 oznnilms
1254 1779 1399 1834 dabit
1430 1773 1850 1843 indulgentiam?
1877 1769 2110 1835 Quomo-

533 1884 602 1938 do
646 1882 910 1936 neminem
959 1872 1266 1931 damnabit?
1307 1871 1446 1939 Ergo
1477 1867 1749 1922 men'itur.
1782 1864 1892 1917 lloc
1917 1869 1999 1915 est
2022 1856 2108 1913 di-

533 1991 657 2028 cere
685 1991 697 2026 :
731 1971 847 2024 Non
875 1979 945 2023 est
976 1968 1132 2021 Deus.
1160 1964 1288 2018 Vide
1317 1970 1444 2031 ergo
1475 1975 1541 2013 ne
1568 1957 1704 2012 forte
1730 1965 1782 2009 tu
1813 1951 2106 2008 tuentiaris.

535 2064 614 2118 Tu
635 2064 775 2117 enim
801 2061 959 2114 homo
981 2073 1058 2122 es,
1085 2057 1172 2110 ille
1191 2055 1332 2109 Deus
1356 2072 1368 2105 :
1397 2053 1537 2105 Dens
1564 2049 1703 2103 enim
1729 2059 1908 2104 verax,
1937 2042 2111 2096 omnis

534 2161 712 2207 autem
763 2151 923 2204 homo
971 2142 1194 2202 mendax
1249 2142 1418 2213 (Psal.
1451 2154 1578 2204 cxv,
1621 2139 1732 2207 tl).
1760 2135 1863 2189 Sed
1892 2133 2014 2202 quid
2045 2133 2112 2186 de

537 2245 687 2309 istis,
729 2257 761 2296 ο
807 2255 1001 2310 corpus
1043 2236 1270 2293 Christi?
1314 2235 1511 2302 Separa
1544 2239 1598 2284 te
1627 2228 1838 2283 interim
1870 2224 2032 2280 corde
2060 2230 2115 2277 et

538 2334 666 2399 vita,
697 2347 794 2386 nec
819 2329 1059 2393 imiteris,
1089 2342 1188 2382 nec
1213 2337 1512 2385 assuescas,
1535 2335 1635 2375 nec
1654 2331 1877 2382 annuas,
1902 2329 2001 2370 nec
2021 2329 2116 2383 ap-

530 2426 733 2494 .probes
757 2443 769 2477 :
799 2423 964 2490 magis
984 2427 1158 2474 autem
1185 2427 1238 2472 et
1263 2414 1539 2484 redargue.
1565 2411 1700 2479 Quid
1723 2409 1863 2463 enim
1886 2405 2116 2460 attendis

540 2515 607 2569 ad
636 2515 766 2568 istos
793 2512 883 2582 qui
915 2512 1025 2565 hate
1055 2508 1265 2563 dicunt?
1297 2504 1533 2574 Corrupti
1561 2510 1698 2565 sunt,
1735 2508 1779 2554 et
1807 2495 2118 2550 abominabi-

541 2605 613 2659 les
652 2605 773 2674 facti
814 2611 930 2656 sunt
970 2601 1022 2654 in
1053 2595 1394 2669 iniquitatibus
1423 2597 1528 2648 suis
1557 2608 1575 2646 :
1603 2607 1704 2646 non
1733 2597 1806 2644 est
1833 2588 1919 2658 qui
1957 2584 2116 2655 faciat

541 2699 744 2751 bonum.

613 2789 668 2843 5.
718 2785 868 2858 [vers.
897 2783 978 2856 5.]
1003 2781 1251 2836 Dominus
1279 2779 1343 2834 de
1364 2776 1489 2832 caelo
1525 2775 1782 2846 prospexit
1807 2787 1958 2842 super
1985 2769 2121 2838 ﬁlios

543 2878 836 2937 hominum,
878 2885 930 2927 ut
976 2874 1160 2928 videret
1203 2873 1248 2925 si
1289 2881 1361 2924 est
1403 2869 1685 2937 intelligens
1730 2875 1818 2918 aut
1866 2862 2121 2928 requirens

543 2967 729 3023 Deum.
759 2966 893 3032 Quid
935 2974 1016 3018 est
1055 2964 1156 3018 hoc
1177 3004 1192 3028 ,
1220 2961 1455 3030 Corrupti
1497 2967 1612 3012 sunt
1633 2999 1648 3020 ,
1677 2967 1721 3009 et
1763 2950 2122 3008 abominabiles

545 3062 666 3132 facti
706 3067 820 3113 sunt
863 3057 948 3111 isti
989 3071 1176 3110 utnnes
1216 3054 1305 3122 qui
1342 3053 1564 3106 dicunt:
1598 3048 1715 3101 Non
1738 3056 1806 3100 est
1831 3043 2016 3096 Deus?
2060 3043 2124 3095 Et

542 3151 704 3220 quid?
732 3149 830 3202 hoc
857 3147 1056 3201 latebat
1083 3147 1272 3209 Deum,
1307 3143 1439 3196 tales
1469 3156 1590 3194 esse
1618 3137 1825 3191 factos?
1865 3145 1957 3188 aut
1995 3147 2122 3186 vero

541 3241 699 3295 .nobis
727 3253 910 3292 eorum
943 3235 1165 3289 interior
1193 3232 1444 3300 cogitatio
1471 3229 1788 3297 aperiretur,
1808 3225 1907 3280 nisi
1934 3225 2000 3277 ab
2032 3223 2122 3276 illo

545 3329 848 3385 diceretur?
875 3327 928 3382 Si
954 3341 1080 3393 ergo
1107 3331 1362 3386 noverat,
1393 3322 1436 3376 si
1468 3320 1702 3383 sciebat,
1735 3318 1858 3387 quid
1898 3327 1980 3370 est
2022 3315 2124 3370 hoc

543 3420 685 3490 quod
712 3420 908 3473 dictum
937 3414 1216 3486 est,quod
1255 3414 1317 3467 de
1354 3413 1476 3467 caelo
1518 3411 1774 3482 prospexit
1801 3424 1951 3479 super
1991 3407 2125 3476 ﬁlios

547 3512 831 3573 hominum,
874 3519 928 3563 ut
971 3509 1157 3562 videret
1202 3507 1245 3560 si
1292 3515 1363 3559 est
1406 3504 1692 3575 intelligens
1739 3512 1826 3555 aut
1869 3502 2125 3569 requirens

548 3601 756 3656 Dium?
784 3601 1084 3668 Quatrentis
1127 3600 1267 3654 enim
1314 3599 1470 3652 verba
1520 3605 1677 3660 sunt,
1722 3611 1826 3648 non
1872 3595 2121 3648 scientis:

550 3693 689 3747 Dens
717 3694 778 3746 de
798 3694 919 3746 caelo
952 3693 1207 3760 prospexit
1233 3707 1383 3758 super
1405 3688 1539 3756 filios
1563 3688 1842 3748 hominum,
1870 3694 1923 3738 ut
1944 3686 2127 3738 videret

536 3786 591 3838 .si
630 3793 699 3837 est
737 3784 1018 3851 intelligens
1045 3789 1130 3833 aut
1159 3781 1413 3847 requirens
1439 3777 1616 3829 Demn.
1658 3776 1722 3829 Et
1759 3784 2002 3843 tanquam
2042 3775 2124 3827 in-

550 3877 755 3930 veniret
783 3873 922 3944 quod
952 3867 1193 3942 quaesivit
1225 3869 1578 3938 inspiciendo,
1602 3878 1652 3922 et
1676 3868 1741 3921 de
1762 3869 1897 3920 cmlo
1925 3865 2130 3934 prosla-

551 3967 762 4026 ciendo.
790 3965 919 4018 dicit
942 3963 1261 4016 sententiam
1292 3978 1305 4012 :
1339 3960 1525 4013 Omnes
1550 3957 1952 4023 declinaverunt,
1977 3955 2129 4010 simul

550 4056 752 4110 inutiles
788 4054 906 4123 facti
939 4062 1055 4105 sunt
1085 4068 1103 4105 :
1130 4068 1231 4104 non
1257 4061 1327 4102 est
1364 4049 1448 4119 qui
1492 4049 1642 4117 faciat
1668 4045 1852 4100 bonum
1875 4087 1888 4109 ,
1920 4063 2020 4099 non
2059 4054 2130 4100 est

552 4165 708 4218 usque
733 4146 801 4200 ad
829 4161 1001 4198 unum.
1037 4144 1162 4197 Dua:
1190 4142 1513 4211 quaastiones
1538 4139 1782 4193 oriuntur
1805 4138 2128 4206 aliquantum

551 4239 814 4294 dfliciles.
847 4237 900 4292 Si
930 4237 1070 4290 enim
1101 4234 1316 4303 respicit
1342 4233 1406 4287 de
1430 4232 1569 4287 caelo
1598 4232 1770 4295 Deus,
1801 4240 1856 4283 nt
1883 4229 2058 4284 videat
2083 4229 2129 4283 si

552 4340 633 4382 cst
663 4329 958 4397 intelligens
986 4337 1077 4380 aut
1107 4327 1382 4395 requirens
1411 4325 1610 4387 Deum;
1642 4323 1904 4376 subintrat
1931 4324 2132 4391 cogita-

555 4423 628 4475 tio
655 4420 997 4489 imprudenti,
1027 4419 1147 4488 quia
1178 4435 1281 4471 non
1311 4417 1484 4470 omnia
1517 4417 1663 4469 novit
1694 4415 1849 4470 Deus.
1879 4414 2000 4467 llmc
2025 4429 2128 4468 una

554 4513 778 4580 qmcstio
804 4520 886 4564 est
911 4529 923 4563 :
948 4525 1066 4577 quia:
1093 4516 1176 4562 est
1201 4507 1399 4561 altera?
1427 4507 1479 4560 Si
1505 4523 1608 4559 non
1629 4515 1712 4560 est
1737 4507 1825 4574 qui
1858 4504 2016 4558 faciat
2040 4504 2133 4560 ho-

557 4617 686 4654 num
707 4641 721 4661 ,
753 4615 855 4652 non
887 4609 967 4651 est
997 4614 1162 4666 usque
1191 4598 1256 4650 ad
1289 4612 1450 4650 unum
1474 4637 1487 4659 ,
1519 4597 1636 4665 quis
1662 4605 1742 4649 est
1774 4596 1861 4650 ille
1885 4595 1974 4665 qui
2007 4611 2132 4664 parc

557 4691 686 4743 turit
715 4691 852 4742 inter
881 4688 1080 4741 malos?
1115 4688 1206 4740 Illa
1227 4702 1356 4754 ergo
1383 4687 1460 4740 sic
1489 4687 1710 4740 solvitur
1735 4686 1982 4756 qumstio,
2009 4686 2131 4755 quia

557 4780 871 4848 plerumque
901 4779 970 4831 ita
1004 4778 1230 4846 loquitur
1261 4776 1529 4844 Scriptura
1551 4813 1566 4842 ,
1601 4786 1657 4830 ul
1680 4775 1820 4845 quod
1861 4774 2003 4829 dono
2041 4775 2131 4829 Dei

556 4879 799 4925 creatura
831 4868 970 4933 facit,
1002 4869 1140 4922 Deus
1170 4867 1343 4926 facere
1372 4865 1612 4921 dicatur:
1644 4877 1719 4932 ut,
1749 4866 1893 4920 verbi
1925 4865 2090 4935 gratia
2112 4905 2128 4931 ,

557 4976 678 5016 cum
719 4959 991 5014 misereris
1033 4961 1312 5029 pauperis,
1344 4959 1466 5028 quia
1497 4959 1637 5012 dtmo
1667 4957 1759 5012 Dei
1790 4956 1923 5012 facis
1943 4998 1958 5018 ,
1991 4956 2131 5012 Deus

559 5051 874 5106 misereatur
899 5067 912 5102 :
937 5064 1054 5104 cum
1077 5049 1352 5119 cognoscis
1377 5049 1462 5117 qui
1485 5049 1580 5110 sis,
1605 5048 1726 5116 quia
1756 5047 1848 5102 illo
1869 5048 2132 5102 allucente

559 5143 723 5207 fucis,
751 5141 797 5197 si
843 5143 888 5196 is
933 5155 992 5196 es
1037 5141 1124 5210 qui
1178 5141 1356 5206 dicas,
1403 5139 1477 5193 Tu
1522 5140 1828 5194 illuminabis
1879 5141 2133 5195 lucernam

562 5252 753 5298 meam,
786 5234 998 5287 Domine
1028 5233 1162 5289 Deus
1190 5250 1326 5288 meus
1345 5275 1362 5298 ,
1392 5231 1698 5288 illuminabis
1740 5234 1967 5288 tenebras
2000 5251 2135 5287 meas

557 5325 731 5396 (Psal.
760 5340 863 5378 xvn
883 5364 897 5386 ,
926 5321 1050 5393 29);
1080 5323 1218 5392 qtrod
1249 5337 1314 5377 eo
1341 5323 1576 5377 donante
1603 5329 1656 5376 et
1681 5322 1911 5378 faciente
1939 5338 2136 5392 cogno-

562 5418 724 5482 veris,
753 5416 840 5468 ille
865 5419 1153 5485 cognoscit.
1181 5414 1314 5469 Nam
1341 5413 1479 5468 unde
1504 5421 1606 5478 est,
1633 5413 1815 5467 Tentat
1844 5430 1926 5466 ros
1958 5413 2137 5465 Domi-

561 5522 655 5561 nus
685 5506 822 5561 Deus
847 5517 1002 5560 vester
1031 5516 1082 5557 ut
1118 5506 1240 5558 sciat
1279 5505 1321 5556 si
1365 5503 1589 5572 diligatis
1628 5505 1769 5556 illum
1808 5504 1983 5572 (Dent.
2019 5519 2132 5564 xm,

562 5599 660 5666 3)?
688 5597 825 5664 Quid
851 5608 968 5660 est,
1002 5606 1053 5648 ut
1084 5595 1244 5648 sciat?
1285 5594 1354 5649 Ut
1380 5593 1520 5647 dono
1551 5609 1646 5646 suo
1671 5594 1806 5648 scire
1833 5609 1926 5646 vos
1960 5593 2130 5646 faciat.

565 5688 654 5742 Sic
685 5704 810 5757 ergo
836 5697 890 5742 et
915 5687 1021 5752 hic,
1057 5687 1190 5740 Dens
1218 5687 1278 5739 de
1303 5686 1427 5739 calo
1449 5686 1698 5755 prospexit
1723 5702 1874 5755 super
1898 5684 2032 5754 ﬁlios
2055 5683 2139 5736 ho-

564 5783 776 5847 minum,
805 5789 860 5833 ut
885 5779 1071 5834 videret
1095 5780 1136 5833 si
1165 5789 1234 5834 est
1263 5777 1542 5846 intelligens
1563 5787 1649 5830 aut
1674 5780 1926 5846 requirens
1949 5777 2130 5832 Deum.

1752 385 1810 442 S.
1852 369 2211 444 AUGUSTINI
2253 374 2552 437 EPISCOPI

3677 379 3782 441 616

2209 493 2358 547 Adsit
2388 494 2500 562 ipse
2519 537 2533 560 ,
2562 504 2613 548 et
2644 493 2807 549 donet
2833 495 2986 551 nobis
3015 503 3069 550 ut
3097 494 3236 566 quod
3265 509 3360 549 cor
3391 503 3630 550 nostrttm
3658 496 3783 552 fecit

2205 589 2505 657 concipere,
2539 591 2689 645 faciat
2719 599 2776 645 et
2801 604 3007 660 parere.
3039 588 3324 658 Apostolus
3349 587 3478 642 dicit
3506 606 3519 641 :
3544 586 3657 642 Nos
3683 604 3782 640 au-

2207 685 2303 730 tem
2333 695 2430 732 non
2458 680 2689 746 spiritum
2720 681 2872 748 hujus
2895 679 3069 732 mundi
3088 678 3391 746 accepimus,
3414 677 3503 730 sed
3528 677 3783 746 Spiritum

2205 768 2292 836 qui
2313 785 2374 822 ea:
2395 768 2502 822 Deo
2528 781 2618 834 est,
2649 781 2701 822 nt
2725 771 2942 824 sciamus
2959 781 3070 839 quae
3088 785 3119 820 a
3142 767 3250 820 Deo
3270 767 3458 820 donata
3480 779 3592 820 sunt
3617 769 3780 821 nobis.

2207 855 2319 909 lloc
2342 856 2537 926 Spiritu
2571 871 2696 929 ergo
2723 875 2828 928 quo
2852 857 3222 928 cognoscimus
3248 872 3365 926 quae
3391 870 3422 910 a
3451 857 3559 911 Deo
3584 856 3783 910 donata

2205 957 2332 1002 sunt
2360 950 2532 1014 nobis,
2562 951 2912 1006 discernimus
2945 951 3082 1005 inter
3111 963 3208 1003 nos
3236 953 3292 1003 et
3321 962 3415 1002 eos
3443 948 3633 1018 quibus
3663 947 3784 1002 inec

2207 1038 2399 1092 donata
2429 1055 2538 1094 non
2563 1051 2709 1107 sunt,
2738 1052 2792 1095 et
2817 1057 2880 1094 ex
2907 1040 3060 1094 nobis
3086 1039 3202 1093 illos
3231 1038 3618 1108 cognoscimus.
3647 1036 3787 1104 Quia

2205 1135 2252 1186 si
2279 1149 2376 1188 nos
2404 1137 2617 1206 aliquod
2649 1137 2845 1192 bonum
2891 1139 3086 1194 habere
3117 1155 3219 1192 non
3264 1141 3501 1210 pdtuissc
3529 1138 3785 1209 intelligi-

2209 1237 2350 1292 mUS,
2381 1229 2482 1283 nisi
2513 1230 2604 1284 illo
2630 1230 2862 1288 donante
2890 1243 2946 1288 et
2971 1234 3228 1302 largiente
3257 1246 3287 1288 ιι
3317 1250 3421 1303 quo
3450 1243 3572 1288 sunt
3600 1235 3784 1289 omnia

2209 1317 2376 1384 bena;
2406 1320 2560 1375 simul
2585 1322 2824 1378 videmus
2845 1324 2976 1378 nihil
3008 1326 3112 1379 tale
3141 1341 3297 1393 posse
3327 1326 3522 1381 habere
3546 1341 3639 1381 eos
3665 1326 3789 1394 qui.

2209 1406 2309 1461 bus
2336 1408 2450 1463 haec
2493 1411 2632 1466 Deus
2658 1428 2762 1466 non
2795 1413 3029 1468 donavit.
3076 1414 3176 1468 Ista
3221 1415 3582 1485 dignoscentia
3631 1415 3789 1470 nobis

2210 1511 2274 1550 cx
2304 1495 2502 1567 Spiritu
2536 1501 2628 1556 Dei
2657 1505 2768 1568 est;
2801 1508 2855 1557 et
2879 1518 2944 1558 eo
2968 1512 3073 1574 Quo
3105 1505 3342 1559 videmus
3373 1501 3502 1570 hoc,
3537 1505 3673 1558 Dens
3703 1503 3788 1556 vi-

2211 1586 2328 1653 det;
2360 1589 2482 1658 quia
2512 1591 2562 1646 id
2605 1589 2743 1647 Dens
2770 1593 2896 1648 facit
2927 1604 2982 1649 ut
3011 1594 3300 1650 videamus.
3351 1597 3482 1651 llinc
3517 1595 3656 1650 enim
3700 1595 3789 1649 di-

2211 1689 2352 1735 ctum
2381 1692 2462 1736 est
2483 1692 2537 1738 et
2566 1683 2714 1752 illud,
2742 1685 2964 1756 Spiritus
2985 1688 3115 1742 enim
3140 1689 3308 1742 omnia
3333 1698 3604 1752 scrutatur,
3633 1689 3790 1742 etiam

2211 1769 2529 1826 altitudinem
2559 1773 2650 1828 Dei
2679 1775 2727 1846 (1
2755 1775 2870 1830 Cor.
2897 1793 2953 1840 ιι,
2985 1777 3073 1844 η,
3098 1777 3188 1848 ιο)
3215 1796 3228 1831 :
3260 1795 3362 1832 non
3385 1779 3506 1848 quia
3535 1779 3623 1832 ille
3645 1793 3792 1831 seru.

2215 1865 2355 1914 tatur
2380 1863 2466 1931 qui
2497 1865 2642 1918 novit
2669 1867 2876 1930 onmia,
2912 1865 3003 1920 sed
3031 1867 3153 1935 quia
3183 1867 3273 1920 tibi
3304 1861 3529 1922 donatus
3556 1877 3637 1921 est
3660 1867 3790 1935 Spi-

2214 1944 2346 2006 ritus
2366 1986 2382 2019 ,
2415 1955 2500 2023 qui
2528 1964 2580 2009 et
2611 1963 2661 2009 te
2691 1958 2915 2010 scrutari
2942 1956 3102 2012 facit:
3125 1968 3180 2012 et
3205 1959 3344 2027 quod
3370 1962 3510 2013 dono
3539 1957 3707 2026 ipsius
3737 1967 3792 2011 tu

2216 2041 2364 2108 facis,
2399 2046 2488 2099 ille
2516 2046 2688 2101 facere
2708 2047 2930 2112 dicitur,
2959 2049 3080 2117 quia
3103 2049 3217 2103 sine
3246 2050 3335 2102 illo
3358 2060 3409 2102 tu
3432 2063 3535 2102 non
3559 2047 3788 2102 faceres.

2221 2133 2358 2202 Ergo
2389 2135 2527 2190 Deus
2556 2135 2732 2192 facere
2756 2138 2969 2203 dicitur,
2997 2154 3116 2192 cum
3147 2147 3201 2192 tu
3231 2133 3380 2194 facis.
3408 2139 3481 2193 De
3510 2137 3651 2193 dono
3679 2138 3796 2206 Spio

2217 2224 2352 2278 ritus
2396 2224 2622 2280 filiorum
2643 2267 2658 2291 ,
2686 2227 2876 2296 quibus
2903 2229 3058 2282 datus
3084 2238 3165 2284 est
3194 2229 3424 2298 Spiritus
3453 2229 3580 2294 Dei,
3618 2230 3794 2298 respi-

2217 2313 2530 2385 ciuntsuper
2551 2317 2684 2385 ﬁlios
2705 2319 3069 2394 hominum,ut
3097 2320 3307 2374 videant
3335 2321 3379 2374 si
3406 2331 3480 2375 est
3509 2321 3796 2391 intelligens

2219 2417 2307 2460 aut
2339 2408 2591 2478 requirens
2624 2408 2784 2463 Deum
2808 2425 2826 2462 :
2847 2411 2939 2464 sed
2981 2411 3102 2480 quia
3145 2411 3196 2465 id
3222 2411 3364 2466 dono
3397 2412 3488 2466 Dei
3517 2421 3569 2466 et
3595 2412 3797 2480 Spiritu

2222 2496 2315 2552 Dei
2344 2498 2559 2565 faciunt,
2593 2501 2730 2555 Dens
2752 2501 2854 2556 hoc
2880 2503 3053 2557 facere
3073 2503 3292 2569 dicitur;
3323 2504 3465 2558 velut
3491 2506 3800 2573 prospicere

2222 2593 2276 2641 et
2313 2587 2510 2642 videre.
2560 2589 2734 2655 Quare
2759 2598 2934 2646 autem
2963 2592 3026 2645 de
3054 2591 3178 2646 caelo
3197 2634 3213 2660 ,
3243 2595 3286 2647 si
3316 2593 3418 2648 hoc
3442 2593 3684 2648 homines
3715 2591 3796 2647 fa-

2223 2679 2402 2734 ciunt?
2430 2679 2562 2746 Quia
2589 2680 2719 2735 dicit
2742 2681 3049 2751 Apostolus,
3085 2683 3276 2736 Nostra
3302 2693 3468 2738 atatem
3491 2683 3801 2738 conversatio

2223 2769 2275 2822 in
2299 2769 2431 2823 caelis
2456 2780 2528 2823 est
2556 2769 2810 2842 (Philipp.
2839 2782 2892 2826 ιιι
2912 2814 2927 2836 ,
2949 2771 3020 2828 20
3041 2774 3080 2842 ).
3113 2773 3258 2828 Unde
3283 2773 3424 2827 enim
3452 2773 3552 2827 hoc
3582 2773 3712 2828 facis
3745 2780 3804 2828 ut

2229 2859 2430 2923 videas.
2463 2861 2601 2916 tunde
2623 2863 2881 2932 prospicis
2905 2873 2961 2916 ut
2989 2864 3292 2933 intelligas?
3319 2880 3495 2918 nonne
3521 2865 3716 2919 corde?
3744 2865 3803 2920 Si

2225 2951 2384 3006 corde
2411 2951 2508 3006 hoc
2539 2951 2702 3018 facis,
2733 2952 3056 3020 Christiane,
3087 2955 3206 3009 vide
3245 2956 3288 3009 si
3327 2969 3536 3009 sursum
3569 2971 3661 3008 cor
3702 2955 3802 3009 hac

2227 3040 2372 3097 beas.
2423 3041 2480 3097 Si
2519 3060 2728 3098 sursum
2757 3058 2851 3098 cor
2885 3045 3081 3107 habes.
3112 3047 3175 3099 de
3203 3048 3325 3100 calo
3366 3047 3418 3100 in
3451 3056 3644 3102 terram
3675 3063 3802 3117 pro-

2225 3133 2406 3200 spicis.
2432 3134 2498 3188 Et
2521 3135 2642 3204 quia
2672 3137 2772 3188 hoc
2796 3136 2935 3190 dono
2964 3137 3054 3191 Dei
3094 3136 3242 3202 facis,
3272 3137 3412 3192 Deus
3433 3138 3494 3192 de
3517 3139 3642 3192 calo
3674 3154 3804 3208 pro-

2226 3223 2381 3292 spicit
2420 3240 2570 3294 super
2612 3226 2744 3293 ﬁlios
2786 3227 3068 3280 hominum.
3115 3227 3208 3282 Illa
3254 3229 3412 3299 igitur
3449 3231 3673 3299 qumstio
3706 3245 3805 3300 pro

2229 3313 2444 3368 modulo
2471 3323 2651 3369 nostro
2677 3317 2753 3370 sic
2782 3317 2952 3371 soluta
2980 3327 3079 3371 est.

2299 3407 2351 3460 6.
2383 3407 2529 3480 [vers.
2555 3407 2633 3479 4.]
2675 3408 2810 3476 Quid
2839 3418 2921 3464 est
2946 3409 3084 3479 quod
3129 3411 3512 3480 prospicientes
3555 3414 3806 3481 agnosci-

2228 3499 2380 3554 mus?
2405 3498 2540 3567 Quid
2572 3512 2650 3555 est
2677 3500 2816 3570 quod
2846 3502 3175 3570 prospiciens
3204 3503 3342 3557 Deus
3365 3504 3635 3571 agnoscit?
3655 3504 3803 3573 quid.

2228 3593 2350 3660 quia
2381 3590 2465 3644 hic
2491 3591 2673 3657 donat,
2705 3590 2980 3660 agnoscit?
3009 3592 3141 3645 Audi
3170 3592 3296 3662 quid
3323 3611 3335 3646 :
3365 3593 3494 3660 Quia
3527 3611 3697 3647 omnes
3719 3595 3810 3648 de-

2229 3680 2560 3744 clinaverunt,
2593 3682 2743 3734 simul
2767 3682 2964 3734 inutiles
2993 3682 3116 3750 facti
3145 3692 3260 3735 sunt
3283 3700 3300 3736 :
3325 3699 3422 3735 non
3449 3693 3520 3736 est
3545 3685 3629 3752 qui
3653 3683 3813 3754 faciat

2229 3773 2446 3836 bonum,
2490 3791 2589 3827 non
2631 3784 2702 3826 est
2741 3791 2895 3842 usque
2932 3774 2999 3826 ad
3029 3790 3204 3827 unum.
3246 3775 3374 3841 Qua:
3406 3775 3564 3844 igitur
3587 3775 3674 3828 illa
3703 3775 3810 3829 alia

2230 3865 2455 3932 qumstio
2485 3873 2585 3929 est,
2616 3865 2715 3917 nisi
2743 3881 2900 3934 quam
2932 3865 3088 3934 paulo
3114 3874 3235 3919 ante
3261 3867 3706 3921 commemoravi?
3751 3867 3810 3922 Si

2231 3971 2331 4008 non
2353 3964 2423 4007 est
2453 3955 2537 4023 qui
2565 3955 2718 4023 faciat
2746 3955 2947 4018 bonum,
2971 3973 3072 4009 non
3093 3966 3162 4009 est
3183 3972 3337 4025 usque
3357 3957 3423 4008 ad
3445 3973 3619 4021 unum,
3650 3971 3812 4010 nemo

2233 4052 2399 4098 restat
2422 4045 2510 4112 qui
2537 4055 2714 4112 gemat
2746 4045 2883 4098 inter
2909 4047 3098 4098 malos.
3133 4045 3414 4114 Exspecta,
3441 4047 3608 4115 inquit
3639 4047 3814 4102 Durni-

2233 4150 2362 4198 nus;
2396 4135 2501 4188 noli
2545 4137 2650 4187 cito
2700 4135 2837 4190 ferre
2877 4137 3195 4190 sententiam
3222 4150 3235 4190 ε
3265 4137 3455 4192 donavi
3504 4135 3813 4193 hominibus

2233 4227 2369 4281 bene
2395 4228 2584 4293 facere,
2610 4227 2703 4282 sed
2725 4245 2786 4282 ex
2817 4245 2922 4292 me,
2952 4229 3140 4299 inquit,
3165 4245 3268 4282 non
3291 4245 3356 4284 ex
3377 4245 3435 4284 se
3455 4247 3469 4295 ;
3493 4246 3558 4284 ex
3580 4245 3641 4285 se
3667 4232 3812 4286 enim

2233 4320 2358 4374 tnali
2384 4331 2508 4374 sunt
2532 4338 2546 4374 :
2572 4319 2664 4374 filii
2696 4321 2970 4375 hominum
3005 4329 3146 4385 sunt,
3171 4321 3384 4391 quando
3409 4322 3547 4377 male
3575 4321 3812 4389 faciunt;

2234 4409 2446 4478 quando
2473 4410 2627 4476 bene,
2657 4410 2749 4464 lilii
2780 4411 2904 4465 mei.
2932 4409 3045 4465 Hoc
3071 4410 3210 4465 enim
3240 4409 3368 4466 facit
3399 4411 3558 4476 Deus,
3591 4428 3662 4467 ex
3688 4415 3817 4470 ﬁliis

2236 4499 2508 4554 hominum
2538 4501 2672 4555 filios
2705 4501 2796 4556 Dei
2823 4519 2835 4554 :
2861 4501 2982 4571 quia
3003 4517 3070 4556 ex
3098 4501 3234 4555 Filio
3263 4502 3352 4556 Dei
3375 4501 3500 4558 fecit
3523 4503 3692 4558 filium
3718 4504 3821 4558 lto-

2236 4591 2415 4646 minis.
2443 4591 2630 4647 Videte
2655 4607 2774 4662 quae
2799 4591 2869 4645 sit
2901 4591 2990 4646 illa
3034 4591 3368 4661 participatio
3395 4609 3409 4646 :
3437 4593 3701 4662 promissa
3730 4601 3820 4648 est

2235 4771 2281 4826 si
2310 4788 2415 4826 non
2441 4782 2522 4826 est
2552 4773 2694 4840 prior
2730 4771 2902 4826 factus
2946 4773 3210 4841 particeps
3246 4771 3606 4827 mortalitatis.
3649 4770 3823 4828 Filius

2237 4863 2380 4918 enim
2411 4862 2502 4916 Dei
2534 4863 2796 4932 particeps
2824 4862 3161 4918 mortalitatis
3186 4861 3407 4918 effectus
3430 4871 3544 4928 est,
3578 4871 3636 4918 ut
3663 4879 3823 4919 moro

2241 4954 2356 5008 talis
2389 4953 2546 5006 homo
2573 4953 2660 5006 fiat
2691 4954 2954 5022 particeps
2981 4953 3292 5008 divinitatis.
3320 4953 3421 5021 Qui
3451 4954 3544 5008 tibi
3572 4954 3825 5023 promisit

2238 5044 2730 5100 communicandum
2775 5053 2943 5098 tecum
2989 5045 3186 5100 bonum
3233 5060 3422 5112 suum,
3451 5044 3596 5115 prius
3642 5054 3826 5101 tecum

2239 5135 2649 5188 communicavit
2678 5135 2872 5188 malum
2907 5143 3053 5188 tuum
3081 5151 3095 5187 :
3121 5134 3209 5202 qui
3237 5134 3328 5187 tibi
3357 5135 3599 5204 promisit
3627 5133 3827 5189 divini-

2245 5237 2400 5281 tatem
2417 5265 2431 5290 ,
2457 5224 2690 5278 ostendit
2716 5225 2766 5277 in
2795 5234 2844 5278 te
2866 5226 3202 5280 eharitatem.
3238 5223 3379 5294 Ergo
3400 5225 3528 5278 tolle
3552 5223 3697 5294 quod
3725 5223 3828 5278 hoc

2241 5319 2410 5372 mines
2458 5318 2545 5369 lilii
2597 5315 2689 5368 Dei
2735 5325 2890 5378 sunt,
2928 5325 3166 5369 remanet
3210 5315 3350 5385 quod
3399 5314 3491 5368 filii
3541 5315 3826 5370 hominum

2241 5418 2367 5466 sunt
2389 5425 2403 5462 :
2427 5407 2545 5460 Non
2567 5416 2639 5460 est
2659 5407 2744 5478 qui
2766 5408 2918 5478 faciat
2939 5407 3142 5470 bonum,
3163 5416 3354 5462 nonest
3377 5422 3530 5476 usque
3550 5406 3618 5460 ad
3640 5393 3825 5461 unum.

2315 5503 2365 5552 7.
2410 5500 2558 5572 [vers.
2583 5500 2661 5570 5.]
2709 5497 2894 5553 Nonne
2922 5501 3076 5554 scient
3103 5516 3273 5554 omnes
3300 5500 3386 5568 qui
3408 5504 3686 5568 aperantur
3725 5498 3830 5550 ini-

2242 5593 2477 5661 quitatem
2499 5633 2512 5656 ,
2540 5592 2626 5661 qui
2667 5591 2906 5644 devorant
2937 5591 3181 5659 populum
3219 5605 3384 5642 meum
3413 5590 3463 5641 in
3490 5589 3600 5642 cibo
3631 5588 3830 5659 panis?

2248 5681 2433 5736 Nonne
2460 5683 2657 5736 scient?
2687 5697 2860 5736 nonne
2899 5682 2999 5734 illis
3037 5679 3381 5734 ostendetur?
3417 5680 3507 5732 Dic
3528 5721 3544 5745 ,
3575 5681 3790 5733 minare
3810 5720 3830 5744 ,

2251 5776 2470 5846 loquere
2500 5789 2563 5828 ex
2593 5773 2915 5843 parturiente
2935 5780 2987 5827 et
3013 5771 3245 5826 dolente.
3271 5770 3502 5841 Populus
3530 5771 3674 5826 enim
3703 5779 3832 5825 tuus
