4042 6482
228 431 321 490 617

228 550 505 606 devoratur
525 546 580 604 in
604 546 726 604 cibo
753 546 928 619 panis.
953 545 1051 604 Est
1070 558 1198 618 ergo
1218 544 1308 602 hic
1334 545 1562 617 populus
1590 542 1683 599 Dei
1714 543 1803 612 qui

228 642 526 700 devoratur.
559 640 716 697 Certe
753 656 854 695 non
900 640 1086 712 estqui
1127 641 1283 712 faciat
1327 639 1529 705 bonum,
1578 652 1681 691 non
1736 643 1807 691 est

226 754 366 806 usque
391 736 464 790 ad
487 752 666 790 unum.
696 734 1071 806 ReSpondetur
1108 749 1174 790 ex
1216 732 1305 788 illa
1341 731 1544 803 regula.
1579 729 1685 785 Sed
1707 729 1806 783 iste

224 829 437 901 populus
458 828 549 899 qui
572 827 881 894 devoratur,
912 827 1013 881 iste
1033 825 1259 896 populus
1279 824 1368 894 qui
1397 822 1593 894 patitur
1612 821 1799 885 malos,

223 924 313 978 iste
353 920 446 991 qui
494 920 660 991 gemit
702 928 756 974 et
799 918 1028 989 parturit
1056 918 1198 972 inter
1221 916 1414 980 malos,
1444 915 1553 984 jam
1585 928 1649 968 ex
1683 913 1804 966 ﬁliis

223 1014 489 1069 hominum
522 1011 616 1066 ﬁlii
650 1011 743 1065 Dei
774 1009 895 1065 facti
926 1018 1051 1065 sunt
1081 1027 1093 1062 :
1124 1008 1244 1064 ideo
1274 1008 1580 1063 devoratur.
1609 1004 1801 1059 Consi-

223 1107 336 1162 lium
362 1105 510 1160 enim
543 1104 717 1175 inopis
745 1102 1085 1169 conl'udistis,
1111 1101 1364 1173 quoniam
1395 1099 1652 1154 Dominus
1679 1112 1804 1168 spes

222 1200 322 1268 ejus
350 1205 441 1253 est
464 1196 640 1271 (Psal.
665 1212 781 1263 xm,
807 1195 886 1266 6).
918 1196 1239 1267 Plerumque
1258 1194 1402 1250 enim
1433 1201 1492 1248 ut
1515 1192 1805 1248 devoretur

220 1291 437 1363 populus
470 1291 587 1357 Dei,
618 1290 721 1346 hoc
750 1290 924 1362 ipsum
954 1290 1007 1344 in
1035 1288 1128 1344 illo
1154 1287 1537 1353 contemnitur,
1561 1286 1685 1358 quia
1712 1301 1805 1357 po-

222 1383 362 1454 pulos
396 1383 495 1439 Dei
523 1392 628 1438 est.
656 1382 904 1453 Rapiam,
934 1382 1125 1453 inquit,
1156 1390 1213 1437 et
1238 1381 1562 1453 exspoliem;
1589 1381 1636 1436 si
1656 1379 1802 1436 chri-

220 1476 411 1532 stianus
438 1485 544 1542 est,
575 1474 700 1544 quid
727 1475 855 1530 mihi
884 1473 1124 1530 facturus
1142 1473 1262 1530 est?
1283 1473 1545 1544 Loquitur
1564 1487 1663 1543 pro
1688 1472 1800 1539 illo,

222 1567 296 1637 qui
320 1566 560 1638 loquitur
580 1581 677 1636 pro
699 1564 1049 1636 parturiente,
1070 1574 1125 1621 et
1146 1565 1379 1621 minatur
1397 1563 1800 1631 devorantibus,

221 1658 412 1727 dicens,
444 1657 635 1714 Nonne
660 1660 817 1715 scient
841 1674 1013 1713 omnes
1040 1659 1125 1729 qui
1152 1667 1429 1730 operantur
1450 1657 1803 1728 iniquitatem!

220 1752 333 1808 Nam
365 1760 425 1808 et
452 1752 545 1808 ille
570 1752 661 1824 qui
685 1751 898 1807 videbat
936 1751 1142 1818 furem,
1176 1760 1230 1806 ct
1271 1750 1631 1805 concurrebat
1678 1764 1800 1804 cum

220 1860 291 1909 eo,
311 1854 366 1900 et
393 1860 517 1899 cum
542 1843 801 1899 adulteris
822 1844 1123 1913 portionem
1150 1857 1301 1897 suam
1330 1840 1586 1913 ponebat,
1607 1840 1801 1897 sedens

221 1936 464 1992 adversus
491 1934 710 1991 fratrem
733 1950 884 1991 suum
907 1933 1243 2000 detrahebat,
1263 1942 1317 1988 et
1345 1931 1603 1988 adversus
1634 1931 1799 1986 ﬁlium

219 2030 391 2085 matris
418 2044 530 2083 sum
562 2028 795 2099 ponebat
820 2026 1129 2082 scandalum
1155 2068 1169 2089 ,
1203 2026 1332 2080 dixit
1377 2026 1432 2079 in
1479 2024 1631 2079 corde
1669 2040 1760 2079 suo
1780 2038 1801 2078 :

221 2118 327 2175 Non
354 2131 432 2173 est
458 2118 620 2173 Deus.
652 2119 776 2174 Ideo
802 2117 905 2173 hoc
932 2118 1004 2172 illi
1034 2117 1249 2181 dicitur,
1284 2115 1412 2170 Illac
1436 2116 1621 2187 fecisti,
1647 2124 1692 2170 et
1724 2124 1801 2168 ta-

218 2213 289 2266 cui
308 2230 325 2266 :
344 2213 637 2282 suspicatus
660 2228 712 2265 es
731 2212 1065 2282 iniquitatem,
1087 2209 1223 2280 quod
1246 2223 1333 2263 ero
1360 2208 1434 2262 tui
1460 2208 1641 2263 similis
1660 2224 1679 2261 :
1697 2208 1800 2262 hoc

220 2314 303 2370 est,
327 2319 440 2358 non
463 2317 559 2359 ero
585 2303 746 2369 Deus,
775 2303 818 2356 si
846 2316 940 2357 ero
968 2300 1061 2354 tibi
1088 2300 1298 2354 similis.
1326 2298 1433 2355 Sed
1462 2299 1801 2370 quid-sequi-

221 2397 323 2451 tur?
350 2397 585 2467 Arguam
618 2407 684 2460 te,
719 2403 765 2448 et
795 2402 1014 2447 statuam
1041 2402 1087 2445 te
1112 2400 1230 2446 ante
1255 2392 1436 2463 {aciem
1464 2400 1601 2445 tuam
1620 2389 1795 2460 (Paul.

219 2506 352 2555 mx,
383 2489 597 2560 18-21).
624 2487 715 2544 Sic
738 2496 792 2543 et
817 2486 921 2553 hic,
947 2487 1175 2557 Arguam
1198 2494 1264 2550 te,
1293 2494 1338 2538 et
1362 2492 1582 2539 statuam
1609 2494 1656 2538 te
1682 2492 1798 2539 ante

219 2582 385 2652 faciem
417 2591 577 2636 tuam.
622 2579 740 2635 Non
776 2580 859 2634 vis
894 2577 1053 2633 modo
1091 2592 1253 2633 nosse
1278 2585 1337 2632 ut
1365 2576 1460 2632 tibi
1489 2576 1792 2647 displicens,

218 2689 394 2731 nosces
423 2681 483 2727 ut
512 2674 752 2743 plangas.
773 2670 888 2727 Non
917 2671 1060 2726 enim
1087 2685 1191 2724 non
1219 2668 1690 2725 demonstraturus
1714 2678 1799 2724 est

218 2767 341 2823 Deus
366 2767 567 2838 iniquis
597 2765 927 2837 iniquitatem
952 2779 1123 2819 suam.
1148 2763 1204 2819 Si
1233 2778 1337 2818 non
1366 2772 1448 2819 est
1466 2762 1799 2817 demonstra-

217 2868 351 2915 turus
370 2902 387 2926 ,
418 2862 510 2930 qui
532 2867 691 2915 erunt
714 2858 805 2928 qui
835 2856 1029 2912 dicturi
1059 2864 1184 2910 sunt
1216 2874 1230 2910 :
1261 2855 1400 2923 Quid
1423 2853 1569 2909 nobis
1598 2856 1795 2926 profuit

217 2952 471 3023 superbia,
514 2961 561 3004 et
608 2950 899 3005 divitiarum
944 2948 1190 3016 iactantia
1229 2945 1355 3018 quid
1395 2945 1607 3001 contulit
1654 2946 1797 3001 nobis

219 3042 355 3112 (Sap.
378 3058 438 3107 ν,
466 3042 561 3111 8)?
591 3041 742 3096 Tunc
767 3055 895 3111 ergo
921 3041 1093 3095 scient
1111 3039 1203 3110 qui
1235 3037 1395 3094 modo
1418 3038 1557 3092 seire
1583 3038 1792 3094 nolunt.

220 3132 392 3189 Nonne
413 3135 573 3189 scient
599 3148 770 3186 omnes
798 3132 886 3202 qui
912 3139 1187 3201 operantur
1213 3127 1560 3202 iniquitatem,
1582 3130 1668 3201 qui
1702 3128 1795 3183 de-

217 3236 376 3280 vorant
404 3225 652 3297 populum
680 3240 846 3279 meum
870 3224 925 3277 in
951 3222 1061 3276 cibo
1090 3221 1275 3292 panis?
1298 3220 1434 3289 Quid
1467 3219 1707 3287 addidit,
1741 3220 1795 3275 in

217 3318 311 3372 cibo
354 3317 559 3387 panis?
607 3315 881 3385 Tanquam
927 3329 1120 3386 panem
1169 3314 1493 3369 manducant
1542 3314 1795 3383 populum

216 3427 400 3467 meum.
447 3412 658 3467 Caetera
703 3410 849 3465 enim
890 3425 1010 3479 qua:
1048 3406 1463 3476 manducamus,
1510 3422 1797 3477 possumus

216 3507 361 3563 modo
392 3506 506 3570 illa,
534 3505 697 3561 modo
725 3504 844 3569 illa;
872 3518 978 3558 non
1003 3517 1216 3573 semper
1236 3501 1338 3556 hoc
1358 3502 1497 3567 olus,
1522 3516 1626 3556 non
1656 3516 1798 3556 sem-

215 3614 299 3668 per
323 3600 463 3655 hanc
483 3612 726 3661 carnem,
756 3611 861 3652 non
884 3610 1096 3666 semper
1119 3592 1235 3649 hzec
1259 3608 1414 3663 poma
1438 3609 1454 3648 :
1479 3606 1692 3661 semper
1710 3606 1798 3647 au-

217 3700 307 3747 tem
352 3706 567 3761 panem.
613 3689 751 3756 Quid
774 3697 859 3745 est
884 3702 1049 3759 ergo,
1077 3688 1320 3741 deuorant
1348 3686 1593 3756 peputum
1629 3700 1797 3739 meum

214 3783 259 3836 in
283 3783 393 3837 cibo
423 3782 611 3851 panis?
636 3780 766 3836 Sine
793 3778 1212 3844 intermissione,
1240 3776 1359 3832 sine
1383 3777 1686 3832 cessatione
1703 3775 1799 3832 de-

215 3883 389 3928 vorant
411 3916 429 3941 ,
453 3874 544 3947 qui
572 3873 812 3927 deuorant
840 3870 1088 3943 populum
1116 3886 1278 3923 meum
1306 3868 1361 3923 in
1384 3868 1493 3923 cibo
1519 3869 1686 3939 panis.

230 4008 235 4017 .
271 3966 323 4022 8.
353 3965 528 4040 [verm
559 3965 613 4029 6,
644 3961 723 4036 7.]
751 3961 925 4018 Deum
949 3979 1051 4017 non
1075 3962 1449 4016 invocaverunt.
1479 3960 1799 4016 Consolatur

212 4068 523 4127 gementem,
550 4064 607 4111 et
632 4055 863 4110 maxime
890 4069 955 4110 ex
977 4053 1487 4109 commemoratione
1510 4054 1550 4120 ι,
1580 4068 1647 4108 ne
1674 4053 1797 4108 imi-

213 4150 361 4205 tando
395 4150 570 4204 malos
610 4147 701 4218 qui
752 4147 1066 4218 plerumque
1118 4153 1521 4215 prosperantur,
1568 4144 1800 4200 delectet

214 4242 316 4296 ﬁeri
338 4242 561 4297 malum.
584 4241 845 4295 Servatur
887 4238 979 4293 tibi
1008 4236 1149 4308 quod
1177 4236 1271 4291 tibi
1320 4236 1638 4305 promissum
1666 4244 1748 4290 est
1779 4253 1793 4290 :

211 4348 324 4403 spes
346 4334 561 4389 illorum
589 4346 829 4403 praesens
853 4339 954 4397 est,
999 4340 1088 4385 tua
1120 4329 1295 4384 futura
1322 4337 1438 4393 est;
1464 4328 1558 4383 sed
1584 4328 1797 4384 illorum

213 4426 363 4494 ﬂuxa,
396 4436 485 4482 tua
541 4434 719 4491 certa;
774 4424 986 4479 illorum
1031 4422 1183 4488 falsa,
1212 4431 1299 4477 tua
1348 4436 1494 4476 vera.
1540 4421 1617 4476 Illi
1651 4420 1797 4476 enim

212 4517 366 4574 Deum
388 4535 497 4573 non
524 4518 901 4572 invocaverunt.
946 4513 1135 4569 Nonne
1171 4512 1411 4584 quotidie
1451 4512 1583 4566 tales
1608 4518 1800 4583 rogant

210 4609 411 4666 Deum?
441 4608 556 4664 Non
604 4614 795 4677 rogant
840 4605 1024 4660 Deum.
1055 4602 1348 4669 Attendite,
1378 4602 1424 4657 si
1450 4615 1665 4672 possum
1696 4601 1797 4657 hoc

209 4702 385 4759 dicere
403 4702 690 4772 adiuvante
717 4699 832 4769 ipso
861 4697 990 4753 Deo.
1023 4697 1166 4752 Deus
1189 4696 1354 4766 gratis
1399 4709 1460 4750 se
1504 4693 1624 4748 vult
1669 4692 1797 4761 coli,

210 4798 370 4866 gratis
388 4810 452 4851 se
478 4793 591 4848 vult
610 4791 780 4862 diligi,
797 4790 902 4845 hoc
917 4796 1000 4844 est
1027 4795 1174 4843 caste
1190 4786 1390 4851 amari;
1420 4800 1525 4840 non
1554 4793 1800 4855 prepter-

210 4903 267 4944 ea
315 4903 379 4944 se
408 4886 600 4951 amari,
623 4883 749 4955 quia
774 4880 868 4936 dat
894 4878 1093 4950 aliquid
1121 4886 1314 4949 praeter
1341 4892 1420 4943 se,
1447 4878 1541 4931 sed
1566 4876 1688 4947 quia
1706 4875 1801 4931 dat

209 4993 282 5034 se.
313 4958 423 5046 Qui
457 4991 589 5048 ergo
613 4976 826 5030 invocat
863 4971 1034 5026 Deum
1065 4978 1122 5026 ut
1151 4969 1301 5025 dives
1328 4968 1437 5035 ﬁat,
1489 4968 1653 5023 Deum
1695 4982 1800 5024 non

211 5071 455 5136 invocat;
485 5070 590 5124 hoc
628 5066 775 5123 enim
818 5065 1030 5120 invocat
1082 5063 1224 5135 quod
1268 5062 1334 5117 ad
1368 5077 1428 5118 se
1448 5062 1564 5117 vult
1592 5062 1797 5120 venire.

210 5166 345 5234 Quid
372 5165 520 5221 enim
547 5170 632 5220 est
656 5163 927 5226 invocare,
953 5158 1055 5214 nisi
1083 5171 1277 5213 vocare
1304 5157 1358 5212 in
1382 5158 1476 5213 se?
1510 5156 1567 5211 ln
1594 5169 1652 5212 sc
1673 5170 1802 5228 ergo

211 5273 425 5325 vocare,
457 5257 561 5312 hoc
584 5253 778 5310 dicitur
820 5252 1087 5307 invocare.
1112 5248 1246 5306 Nam
1289 5264 1410 5305 cum
1455 5248 1609 5315 dicis,
1659 5248 1801 5303 Deus

207 5350 272 5404 da
298 5348 438 5404 mihi
476 5346 723 5406 divitias:
763 5358 870 5399 non
902 5343 983 5398 vis
1025 5350 1085 5397 ut
1108 5343 1225 5412 ipse
1253 5342 1394 5397 Deus
1422 5340 1486 5395 ad
1516 5350 1568 5396 te
1604 5340 1800 5405 veniat,

209 5443 302 5498 sed
350 5443 439 5497 vis
478 5449 540 5497 ut
565 5438 766 5496 divitia:
811 5436 1027 5491 veniant
1052 5433 1120 5489 ad
1161 5443 1235 5489 te.
1261 5433 1414 5501 Quod
1439 5434 1520 5487 vis
1557 5442 1617 5487 ut
1656 5432 1723 5487 ad
1752 5440 1803 5488 te

207 5536 417 5599 veniat,
446 5533 549 5588 hoc
589 5531 830 5587 invocas.
858 5527 918 5583 Si
941 5534 1119 5582 autem
1149 5526 1317 5581 Deum
1362 5525 1658 5588 invocares,
1689 5522 1804 5593 ipse

208 5627 273 5683 ad
300 5638 358 5683 te
386 5626 615 5687 veniret,
648 5624 762 5694 ipse
797 5628 943 5677 esset
970 5619 1167 5676 divitiae
1197 5628 1320 5673 tute.
1349 5617 1499 5673 Nunc
1520 5625 1697 5671 autem
1722 5616 1804 5672 vis

198 5696 421 5776 .habere
446 5731 625 5774 arcam
646 5715 877 5785 plenam,
902 5721 956 5768 et
973 5711 1187 5767 inanem
1206 5710 1588 5781 conscientiam
1618 5727 1631 5763 :
1662 5708 1803 5765 Deus

1338 421 1738 485 ENARRATIO
1762 421 1829 480 ΙΝ
1864 421 2190 485 ΡεΑιιιυιι
2227 427 2335 486 Lll.

3403 432 3507 491 618

1915 558 2020 598 non
2044 544 2228 617 implet
2253 561 2453 616 arcam,
2485 546 2577 604 sed
2596 557 2800 619 peetus.
2829 549 2965 619 Quid
2988 550 3082 607 tibi
3108 558 3333 623 prosunt
3354 560 3508 608 exte-

1914 636 2083 693 riores
2112 639 2311 695 divitia:
2338 642 2381 695 si
2407 651 2457 695 te
2479 642 2699 697 interior
2736 644 2931 714 premit
2956 644 3203 713 egestas?
3231 644 3374 714 Ergo
3403 644 3503 700 isti

1912 728 2002 797 qui
2026 739 2241 800 propter
2273 733 2549 788 saecularia
2586 733 2889 797 commoda,
2927 736 3017 805 qui
3045 744 3262 805 propter
3289 745 3504 792 terrena

1914 819 2071 886 bona,
2096 824 2182 893 qui
2217 832 2431 896 propter
2453 825 2616 895 vitam
2644 836 2962 897 prtescntem
2993 836 3046 882 et
3072 836 3338 883 terrenam
3377 828 3502 885 feli-

1912 912 2123 968 citatem
2152 915 2401 972 invocant
2431 918 2620 985 Deum,
2654 934 2760 974 non
2783 919 3033 975 invocant
3061 920 3251 974 Deum.

1960 1007 2036 1063 .9.
2064 1008 2349 1078 Propterea
2376 1011 2501 1081 quid
2527 1012 2596 1068 de
2624 1013 2730 1069 illis
2770 1014 3052 1085 sequitur?
3100 1012 3183 1068 Ibi
3230 1014 3502 1070 timuerunt

1913 1098 2108 1166 timore,
2129 1100 2215 1154 ubi
2240 1116 2341 1155 non
2368 1112 2475 1156 erat
2501 1104 2668 1159 timor.
2695 1104 2961 1176 Numquid
2995 1104 3139 1161 enim
3190 1106 3350 1160 timor
3393 1116 3499 1173 est,

1910 1191 1954 1247 si
1983 1194 2102 1263 quis
2131 1195 2314 1265 perdat
2332 1196 2580 1253 divitias?
2605 1198 2718 1253 Non
2747 1208 2829 1254 est
2856 1200 2927 1255 ibi
2952 1200 3130 1266 timor,
3154 1209 3210 1255 et
3250 1200 3321 1255 ihi
3350 1201 3504 1256 time-

1910 1290 2015 1338 tur.
2046 1284 2101 1339 Si
2123 1287 2242 1356 quis
2266 1296 2444 1344 autem
2470 1290 2657 1359 perdat
2680 1291 3018 1363 sapientiam,
3053 1306 3180 1346 vere
3198 1292 3357 1347 timor
3381 1303 3497 1357 est;

1910 1385 1965 1432 et
1990 1378 2059 1433 ibi
2105 1394 2210 1434 non
2246 1381 2482 1437 timetur.
2514 1384 2675 1450 Audi,
2716 1385 2989 1454 dignosce,
3037 1386 3171 1455 tales
3220 1386 3497 1455 intelligo:

1909 1471 2315 1527 commendatur
2336 1475 2513 1530 nescio
2542 1477 2625 1531 cui
2644 1478 2933 1542 saccellus;
2964 1492 3067 1532 non
3102 1479 3219 1532 vult
3248 1479 3498 1542 reddere,

1908 1576 2007 1632 pro
2030 1579 2128 1619 suo
2155 1575 2448 1637 computat,
2484 1584 2590 1623 non
2622 1578 2785 1639 putat
2810 1586 2968 1640 posse
3010 1572 3202 1641 repeti,
3238 1572 3348 1641 jam
3404 1588 3500 1641 pro

1908 1669 2006 1711 suo
2051 1655 2282 1724 habebit,
2337 1658 2561 1716 reddere
2602 1661 2882 1718 detrectat.
2920 1663 3104 1718 Videat
3145 1664 3273 1732 quid
3312 1665 3501 1717 timeat

1907 1748 2175 1816 amittere,
2216 1758 2271 1805 et
2312 1752 2439 1821 quid
2469 1753 2603 1808 nolit
2632 1753 2833 1810 habere
2866 1754 2966 1810 :ain
3010 1755 3229 1811 dubium
3278 1756 3500 1811 veniunt

1907 1841 2130 1909 pecunia
2155 1850 2210 1897 et
2240 1842 2403 1910 ﬁdes;
2437 1860 2555 1914 qua
2578 1846 2861 1915 pretiosior
2888 1856 2991 1911 est,
3026 1848 3096 1902 ibi
3117 1848 3330 1918 gravius
3345 1848 3515 1902 dam-.

1906 1944 2032 1984 num
2064 1931 2355 1988 timendum
2381 1943 2480 1990 est.
2512 1934 2589 1990 Tu
2618 1944 2797 1991 autem
2824 1946 2880 1991 ut
2899 1952 3085 1992 aurum
3109 1947 3311 2003 teneas,
3337 1938 3494 1993 ﬁdem

1908 2022 2085 2090 perdis
2120 2025 2406 2095 :graviore
2454 2026 2650 2083 damno
2700 2029 3016 2099 perculeris,
3058 2036 3114 2085 et
3160 2037 3216 2085 tu
3240 2028 3308 2084 de
3349 2029 3497 2083 lucro

1906 2112 2112 2169 ltetatus
2137 2131 2196 2172 es
2229 2134 2243 2170 :
2273 2117 2346 2174 ibi
2396 2118 2616 2174 timuisti
2662 2122 2860 2186 timore,
2898 2121 2982 2174 ubi
3019 2137 3120 2175 non
3163 2131 3272 2177 erat
3323 2123 3493 2176 timor.

1906 2206 2091 2263 Redde
2119 2210 2397 2279 pecuniam
2429 2229 2443 2264 :
2476 2228 2664 2282 parum
2691 2212 2833 2277 dico,
2868 2212 3087 2279 Redde;
3114 2214 3280 2283 perde
3326 2229 3491 2284 pecu-

1904 2298 2079 2367 niam,
2118 2315 2185 2355 ne
2239 2300 2395 2356 ﬁdem
2441 2301 2651 2371 perdas.
2688 2302 2767 2355 Tu
2818 2302 3044 2358 reddere
3092 2304 3374 2375 pecuniam
3426 2304 3495 2357 ti-

1904 2391 2082 2445 muisti
2103 2434 2117 2457 ,
2145 2400 2200 2447 et
2229 2392 2386 2448 Iidem
2411 2395 2639 2463 perdere
2665 2394 2877 2449 voluisti
2900 2395 2913 2450 ι
2938 2393 3197 2466 Martyres
3228 2409 3332 2448 non
3367 2395 3497 2450 alie-

1903 2499 2025 2538 nam
2066 2484 2319 2551 tulerunt;
2349 2486 2444 2541 sed
2475 2487 2632 2541 etiam
2668 2502 2842 2553 suam,
2873 2487 3030 2543 ﬁdem
3069 2503 3139 2544 ne
3165 2489 3493 2544 amitterent.

1902 2583 2456 2646 contempserunt:et
2510 2593 2695 2648 parum
2742 2578 2841 2633 fuit
2908 2580 3131 2650 perdere
3192 2582 3493 2651 pecuniam,

1901 2667 2112 2737 quando
2129 2669 2406 2737 proscripti
2425 2678 2579 2734 sunt;
2610 2669 2960 2739 perdiderunt
2984 2679 3039 2726 et
3061 2672 3294 2726 animam
3315 2686 3491 2738 suam,

1902 2757 2113 2827 quando
2143 2759 2283 2828 passi
2306 2768 2430 2814 sunt
2458 2778 2471 2815 :
2500 2760 2855 2832 perdiderunt
2879 2763 3136 2826 animam,
3167 2763 3298 2817 utin
3326 2764 3488 2818 vitam

1901 2859 2155 2905 aeternam
2185 2852 2484 2908 invenirent
2510 2870 2628 2909 eam
2661 2855 2873 2928 (Matth.
2900 2872 2955 2923 x,
2981 2855 3094 2927 39).
3120 2857 3258 2927 Ergo
3302 2857 3375 2912 ibi
3424 2858 3493 2912 ti-

1901 2953 2150 3000 muerunt
2194 2945 2283 3000 ubi
2323 2947 2616 3003 timendum
2646 2958 2752 3005 est.
2782 2951 2859 3005 Illi
2908 2966 3040 3006 vero
3080 2952 3171 3021 qui
3221 2952 3492 3008 Christum

1901 3036 2168 3102 dixerunt,
2195 3038 2318 3095 Non
2343 3050 2415 3094 est
2438 3040 2596 3106 Deus,
2626 3042 2694 3096 ibi
2723 3044 2996 3098 timuerunt
3036 3043 3122 3098 ubi
3152 3060 3256 3098 non
3289 3054 3397 3099 erat
3429 3046 3495 3099 ti-

1900 3144 2034 3184 mor.
2065 3130 2324 3187 Dixerunt
2345 3132 2487 3187 cnim
2524 3150 2537 3186 :
2568 3133 2629 3190 Si
2650 3134 2989 3190 dimiserimus
3012 3151 3148 3200 eunt,
3175 3136 3368 3190 uenient
3391 3134 3497 3191 Ro-

1900 3220 2058 3283 mani,
2089 3230 2138 3275 et
2164 3223 2340 3276 tollent
2358 3224 2498 3278 nobis
2515 3235 2561 3277 et
2589 3223 2755 3279 locum
2781 3233 2828 3279 et
2848 3242 3058 3296 regnum
3074 3225 3251 3298 (Joan.
3275 3243 3350 3291 χι,
3376 3226 3494 3297 48).

1899 3311 1945 3369 Ο
1974 3314 2193 3369 stultitia
2225 3324 2281 3371 et
2302 3315 2681 3386 imprudentia,
2729 3317 2913 3373 dicens
2942 3318 2997 3373 in
3024 3319 3176 3373 corde
3202 3336 3297 3373 suo
3323 3334 3343 3373 :
3371 3317 3497 3373 Non

1900 3413 1974 3459 est
1997 3403 2136 3459 Deus
2154 3406 2175 3458 ,ν
2192 3405 2437 3462 Timuisti
2454 3407 2681 3477 perdere
2704 3418 2924 3477 terram,
2945 3409 3225 3480 perdidisti
3255 3411 3451 3465 coelum
3476 3427 3491 3464 :

1903 3496 2123 3550 timuisti
2149 3512 2216 3552 ne
2246 3499 2491 3554 venirent
2516 3499 2766 3568 Romani,
2794 3508 2850 3556 et
2892 3488 3144 3556 tollerent
3170 3501 3265 3557 tibi
3313 3501 3491 3558 locum

1900 3596 1953 3642 et
1978 3603 2236 3657 regnum;
2270 3589 2527 3661 numquid
2548 3590 2643 3645 tibi
2692 3591 2940 3645 tollerent
2964 3591 3169 3646 Deum?
3191 3592 3329 3659 Quid
3365 3607 3496 3664 ergo

1901 3679 2281 3748 restat?Quid,
2314 3681 2504 3737 nisiut
2544 3680 2761 3736 fatearis
2801 3684 2921 3751 quia
2964 3692 3147 3739 tenere
3180 3684 3392 3740 voluisti
3439 3693 3496 3741 et

1902 3774 2133 3830 tenendo
2159 3775 2300 3831 male
2322 3776 2591 3832 amisisti?
2630 3776 2918 3833 Perdidisti
2959 3779 3104 3833 enim
3135 3788 3191 3834 ct
3235 3781 3407 3835 locum
3439 3789 3497 3837 et

1796 3906 1799 3917 .
1899 3876 2112 3937 gentem
2161 3867 2454 3924 occidendo
2504 3866 2796 3926 Christum.
2840 3869 3098 3927 Maluistis
3134 3871 3278 3927 enim
3334 3871 3516 3928 Chri-'

1900 3969 2040 4014 stum
2073 3961 2337 4026 occidere,
2371 3977 2531 4032 quam
2570 3963 2745 4016 locum
2783 3962 3045 4033 perdere;
3092 3972 3148 4020 et
3189 3964 3499 4035 perdidistis

1901 4052 2075 4107 loeum
2116 4063 2169 4107 et
2199 4063 2412 4123 gentem
2463 4062 2520 4109 et
2552 4053 2847 4109 Christum.
2877 4055 3140 4111 Timendo
3181 4057 3499 4113 occiderunt

1900 4142 2170 4199 Christum
2205 4144 2340 4200 :sed
2368 4158 2536 4214 quare
2580 4144 2723 4199 hoc?
2756 4145 3008 4213 Quoniam
3050 4146 3186 4201 Dm
3228 4148 3498 4219 dissipauit

1902 4251 2016 4291 ossa
2036 4236 2318 4291 hominibus
2346 4236 2674 4306 placentium.
2710 4235 2964 4292 Volentes
2998 4240 3209 4306 placere
3253 4238 3492 4294 homini-

1899 4326 2020 4392 bus,
2050 4328 2339 4382 timuerunt
2367 4324 2594 4394 perdere
2643 4326 2840 4381 locum.
2874 4326 3115 4382 Christus
3156 4334 3333 4383 autem
3379 4330 3496 4399 ipso

1901 4417 1968 4473 de
1993 4432 2099 4488 quo
2126 4416 2395 4482 dixerunt,
2427 4414 2548 4470 Non
2573 4426 2646 4471 est
2670 4416 2833 4483 Deus,
2864 4416 3049 4471 maluit
3075 4417 3365 4488 displicere
3392 4419 3495 4474 ho-

1901 4512 2135 4567 minibus
2165 4511 2377 4575 talibus,
2433 4509 2619 4580 quales
2659 4510 2735 4564 illi
2789 4519 2977 4573 erant;
3035 4509 3156 4565 ﬁliis
3194 4511 3492 4581 hominum,

1904 4619 2010 4660 non
2057 4604 2177 4658 ﬁliis
2220 4604 2312 4657 Dei
2340 4602 2525 4656 maluit
2559 4600 2866 4671 displicere.
2895 4600 3023 4656 Inde
3075 4601 3328 4672 dissipata
3369 4594 3539 4660 sunt'

1902 4712 2024 4754 ossa
2053 4711 2258 4759 eorum,
2292 4695 2432 4749 illius
2459 4708 2583 4749 ossa
2614 4708 2773 4749 nemo
2798 4693 3083 4764 confregit.
3109 4692 3322 4767 Confusi
3349 4705 3493 4762 sunt,

1902 4788 2141 4861 quoniam
2168 4786 2306 4841 Deus
2327 4786 2510 4856 sprevit
2550 4802 2654 4840 eos.
2707 4786 2930 4848 Revera,
2976 4783 3188 4851 fratres,
3234 4794 3494 4856 quantum

1904 4883 1969 4938 ad
1995 4882 2118 4938 illos
2142 4882 2352 4947 attinet,
2396 4894 2586 4949 magna
2617 4879 2724 4934 illis
2749 4878 2978 4934 accessit
2998 4876 3267 4934 confusio.
3302 4880 3358 4935 In
3388 4895 3496 4951 quo

1906 4975 2022 5030 loco
2052 4974 2428 5029 cruciﬁxerunt
2451 4972 2756 5037 Dominum,
2787 4983 2947 5040 quem
2973 4968 3094 5026 ideo
3116 4971 3499 5030 cruciﬁxerunt

1905 5084 1973 5125 ne
2004 5069 2289 5139 perderent
2321 5078 2375 5122 et
2405 5067 2580 5121 locum
2618 5074 2673 5119 et
2712 5078 2955 5134 regnum,
2987 5080 3094 5119 non
3137 5066 3208 5121 ibi
3238 5074 3361 5121 sunt
3399 5066 3499 5122 Ju-

1906 5163 2027 5219 daei.
2057 5162 2199 5216 Deus
2218 5176 2345 5231 ergo
2370 5160 2554 5229 sprevit
2591 5174 2714 5212 eos:
2746 5166 2800 5213 et
2839 5166 3015 5214 tamen
3064 5159 3366 5229 spernendo
3399 5159 3494 5214 ad-
3595 5172 3605 5183 '

1906 5256 2111 5311 monuit
2158 5253 2278 5307 illos
2349 5259 2410 5306 ut
2463 5258 2864 5305 convertantur.
2914 5248 3111 5304 Modol
3164 5259 3494 5319 cognoscant

1907 5345 2199 5407 Christum,
2245 5350 2300 5397 et
2336 5341 2534 5406 dicant,
2562 5343 2702 5397 Deus
2742 5348 2857 5407 est;
2889 5354 3047 5412 quem
3074 5338 3340 5402 dixerunt,
3373 5338 3498 5397 Non

1908 5451 1980 5496 est
2011 5440 2170 5495 Deus.
2194 5437 2440 5493 Redeant
2462 5437 2528 5491 ad
2557 5435 2924 5491 haereditatem
2956 5441 3250 5503 paternam,
3289 5433 3355 5487 ad
3389 5433 3496 5488 hae.

1907 5533 2187 5588 reditatem
2221 5530 2470 5594 Abrahae,
2500 5527 2646 5583 Isaac
2693 5537 2748 5582 ct
2784 5525 2986 5590 Jabob;
3030 5524 3336 5595 possideant
3376 5540 3496 5582 cum

1907 5626 2038 5697 ipsis
2064 5625 2228 5679 vitam
2254 5633 2533 5689 aeternam,
2565 5621 2667 5677 etsi
2715 5620 2875 5675 vitam
2915 5617 3263 5687 temporalem
3302 5619 3495 5673 amise~

1971 5803 1991 5835 ι
2024 5800 2182 5850 nostri
2216 5809 2390 5849 omnes
2421 5805 2548 5859 Mss,
2570 5801 2618 5848 et
2647 5801 2806 5847 tamen
2840 5792 3111 5860 ﬁngendo
3143 5790 3407 5860 admouit.
3450 5802 3497 5847 ut

230 5943 244 5955 ο
269 5882 290 5914 ί
329 5877 526 5943 Aliquot
537 5884 670 5939 '88.,
689 5887 754 5928 ea:
788 5868 1157 5938 comparatione.
1187 5867 1428 5931 Nonnulli,
1449 5879 1514 5919 ea:
1535 5879 1811 5920 commora-
2159 5868 2519 5955 p‘rgsequuntur
2536 5857 2611 5911 sic
2635 5874 2650 5910 :
2677 5872 2771 5924 quo
2787 5857 3139 5917 conuertantur,
3163 5857 3397 5920 quomodo
3428 5872 3500 5909 co-

205 5947 356 5996 Μ.

466 6025 690 6087 Sacr.
739 6023 1018 6084 Ausus'r.
1063 6018 1165 6081 IV.

2801 5994 3098 6088 (Wagn)
