4042 6532
296 487 604 561 promiserit
627 487 717 557 qui
742 486 811 542 ad
835 493 889 543 te
909 486 1054 543 venit
1076 488 1118 553 ⁸,
1145 484 1270 557 quid
1290 484 1345 539 in
1372 485 1552 555 seipse
1583 484 1669 539 hic
1694 494 1876 540 osten-

293 583 465 639 derit?
483 582 540 637 Si
564 583 663 637 ﬂos
686 582 1020 652 Ziplueorum
1052 579 1381 650 appetentius
1407 587 1571 642 esset,
1614 580 1729 647 ipse
1777 579 1883 633 Do—

292 679 463 735 minus
494 687 619 730 tuus
644 691 821 731 nonne
861 684 916 730 et
958 676 1015 728 in
1049 672 1152 728 hoc
1184 672 1382 727 szeculo
1427 670 1733 726 ﬂoruisset?
1776 673 1885 726 Aut

291 787 415 827 vero
438 771 627 827 dceres
656 770 729 825 illi
759 769 844 825 hie
865 783 1022 840 posse
1040 767 1277 823 ﬂorere?
1296 765 1402 822 Sed
1424 767 1518 821 hic
1539 766 1725 821 maluit
1745 766 1885 821 inter

292 866 542 937 Ziphzeos
571 866 759 932 latere,
780 876 832 919 et
868 865 1049 917 dicere
1080 862 1270 916 Pontio
1294 861 1466 916 Pilato
1505 859 1879 931 interroganti,

290 968 542 1029 tanquam
591 966 647 1013 et
689 958 789 1029 ipsi
843 955 962 1012 ﬂori
994 954 1366 1025 Ziphaeorum,
1411 960 1468 1008 es
1510 960 1761 1021 suspecto
1813 950 1883 1007 de

289 1065 451 1122 regno
494 1049 613 1122 ejus
642 1067 658 1104 :
687 1049 920 1122 Regnum
964 1062 1133 1103 nicum
1175 1063 1277 1101 non
1324 1054 1398 1102 est
1441 1045 1505 1099 de
1544 1044 1643 1099 ltoc
1690 1043 1881 1100 mundo

288 1142 467 1215 (Im.
493 1158 655 1210 xvni,
697 1142 812 1212 56).
845 1143 989 1212 Ergo
1025 1141 1112 1196 hic
1154 1140 1357 1196 latebat
1387 1155 1400 1191 :
1429 1145 1486 1193 et
1520 1151 1711 1192 omnes
1753 1135 1880 1191 boni

288 1238 451 1295 latent
477 1237 589 1306 hic,
620 1238 743 1310 quia
767 1237 967 1293 bonum
993 1250 1178 1291 eorum
1206 1235 1347 1289 intus
1372 1240 1476 1299 est,
1506 1229 1881 1287 absconditum

287 1342 387 1400 est,
418 1331 476 1387 in
513 1331 680 1387 corde
706 1340 808 1399 est,
840 1330 929 1385 ubi
974 1328 1129 1395 ﬁdes,
1160 1328 1250 1383 ubi
1296 1325 1552 1393 charitas,
1597 1323 1689 1380 ubi
1730 1336 1878 1393 spes,

288 1427 373 1484 ubi
414 1427 705 1483 thesaurus
734 1426 970 1480 illorum.
1010 1420 1278 1494 Numquid
1311 1420 1429 1476 haec
1452 1419 1591 1475 bona
1619 1423 1881 1488 apparent

287 1518 340 1575 in
366 1518 574 1575 saeculo
591 1519 619 1573 2
646 1519 715 1574 Et
739 1516 857 1573 hac
888 1517 1026 1572 bona
1056 1515 1243 1582 latent,
1284 1521 1341 1569 et
1380 1512 1572 1568 horum
1612 1510 1879 1567 bonorum

285 1625 497 1670 merus
527 1611 678 1668 latet.
702 1611 771 1667 At
799 1626 928 1667 vero
963 1610 1195 1680 dignitas
1234 1606 1417 1664 δεουιί
1442 1605 1713 1678 quomodo
1756 1605 1878 1661 alba

285 1705 403 1763 ut?
420 1701 571 1760 Nitet
599 1702 667 1759 ad
694 1714 902 1773 tempus
935 1699 1230 1772 :usmquid
1258 1714 1473 1770 semper
1497 1697 1721 1754 nitebit?
1741 1697 1879 1754 lier-

284 1797 350 1855 ha
376 1807 463 1854 est
482 1797 751 1862 hiemalis,
774 1811 942 1868 usque
962 1796 1028 1851 ad
1057 1803 1296 1852 aestatem
1316 1795 1471 1850 viret.
1494 1792 1610 1849 Non
1637 1808 1765 1864 ergo
1785 1793 1881 1847 fiat

284 1890 337 1947 in
374 1889 563 1944 animo
603 1888 745 1960 quod
782 1890 834 1943 in
864 1888 974 1943 alio
1002 1889 1207 1958 psalmo
1226 1888 1548 1944 invenimus.
1579 1886 1878 1941 Contitetur

283 1981 423 2038 enim
452 1980 676 2053 quidam
703 1994 870 2051 prope
893 1992 954 2036 se
974 1978 1235 2036 cecidisse
1256 1984 1555 2045 nutantem,
1579 1986 1637 2034 et
1664 1978 1876 2033 labssse

282 2087 498 2146 gressus
528 2088 657 2129 suos
699 2072 1031 2127 ambulantes
1066 2072 1119 2128 in
1164 2073 1247 2127 via
1296 2073 1410 2138 Dei,
1451 2072 1580 2127 dum
1611 2072 1879 2142 aspiceret

282 2164 466 2222 narem
494 2164 781 2237 quemdam
805 2163 1222 2235 felicitatemque
1246 2164 1547 2235 iniquorum
1594 2181 1610 2219 :
1653 2172 1709 2220 et
1732 2172 1879 2234 post-

279 2272 507 2330 osquam
562 2260 813 2329 cognovit
873 2256 1001 2329 quid
1062 2257 1259 2327 iniquis
1310 2257 1362 2311 in
1418 2255 1578 2312 linem
1632 2264 1878 2312 servaret

281 2350 444 2418 Deus,
467 2360 526 2407 et
553 2350 683 2422 quid
724 2349 884 2421 jmtis
904 2349 1270 2405 laborantibus
1292 2347 1631 2419 promitteret
1654 2348 1745 2418 qui
1770 2347 1874 2403 l'al-

279 2442 387 2500 lere
409 2456 525 2498 non
554 2449 750 2513 potest,
779 2452 945 2512 agens
969 2440 1168 2511 gratias
1196 2439 1265 2495 de
1288 2442 1387 2494 hac
1410 2439 1737 2510 cognitione,
1757 2439 1873 2495 ait:

280 2534 446 2603 Μ
475 2534 637 2588 bonus
654 2531 790 2588 Deus
814 2530 981 2587 Israel
999 2532 1149 2587 rectis
1174 2532 1364 2587 corde!
1388 2532 1565 2599 Quare
1586 2531 1687 2588 hoc
1704 2531 1877 2589 dicis!

278 2624 385 2680 lci
426 2634 620 2691 autem,
662 2623 853 2694 inquit,
886 2637 1012 2695 pene
1046 2623 1281 2677 commoti
1324 2631 1441 2677 sunt
1479 2622 1649 2693 pedes.
1685 2621 1875 2679 Unde?

279 2716 412 2787 Quia
436 2716 601 2772 setosi
623 2716 678 2770 in
705 2714 1065 2786 peccatoribus,
1090 2730 1266 2787 pacem
1291 2727 1609 2785 peccatorum
1649 2715 1872 2772 intuens.

277 2808 590 2866 Coum-mali
621 2819 745 2863 sunt
765 2815 942 2863 autem
965 2820 1182 2878 gressus
1211 2806 1348 2877 eius,
1383 2816 1569 2877 postea
1596 2822 1757 2878 quam
1787 2809 1873 2863 in.

278 2902 482 2959 tellex'rt
507 2902 561 2956 in
592 2899 909 2956 novissima.
951 2898 1105 2966 Quod
1143 2899 1287 2953 enim
1336 2898 1394 2954 in
1421 2898 1614 2955 eodem
1662 2900 1873 2970 psalmo

276 2996 433 3068 paulo
464 3002 591 3067 post
617 2993 769 3061 dicit,
808 2992 919 3071 (Ioc
946 2993 1089 3047 labor
1113 3002 1187 3048 est
1208 3002 1326 3047 ante
1348 3009 1428 3047 me
1449 3008 1469 3048 :
1513 2993 1568 3049 id
1612 3001 1714 3061 est,
1757 3008 1874 3049 ma-

276 3105 371 3164 gna
408 3089 549 3146 mihi
595 3089 823 3161 quastio
863 3089 1097 3145 surrexit
1123 3087 1176 3142 in
1212 3086 1394 3155 corde,
1427 3101 1592 3158 quare
1625 3087 1873 3145 homines

275 3183 410 3239 male
450 3182 673 3245 faciunt,
702 3188 760 3237 et
782 3181 838 3235 in
868 3180 1068 3237 saeculo
1094 3178 1321 3247 florent;
1350 3179 1501 3235 multi
1530 3188 1707 3236 autem
1730 3179 1873 3237 bene

274 3284 452 3347 agunt,
483 3285 539 3330 et
558 3274 614 3329 in
636 3272 737 3328 hac
760 3279 903 3329 terra
930 3272 1192 3328 laborant.
1211 3272 1448 3339 Quaestio
1465 3287 1596 3343 ergo
1620 3273 1720 3327 ista
1743 3286 1871 3329 cum

275 3382 461 3440 magna
512 3375 659 3422 esset
691 3375 818 3421 ante
856 3365 1041 3421 oculos
1069 3379 1242 3430 meos,
1272 3374 1327 3420 et
1356 3365 1623 3420 laboriosa
1669 3364 1737 3420 ad
1781 3364 1868 3421 in-

275 3460 643 3533 vestigandum
663 3476 679 3527 ;
698 3458 867 3514 Labor
880 3468 972 3523 est,
993 3459 1180 3530 inquit,
1198 3468 1315 3513 ante
1332 3474 1428 3527 me,
1445 3459 1604 3513 donec
1624 3459 1870 3514 introsum

275 3556 323 3611 in
347 3554 699 3611 mtetnarimtt
739 3551 854 3621 Dei,
896 3561 942 3607 et
984 3550 1264 3623 intelligam
1288 3552 1342 3605 in
1384 3551 1654 3605 novissima
1692 3549 1864 3622 (Psol.

275 3660 445 3715 usu,
505 3647 684 3717 {47).
732 3645 863 3713 Quae
908 3652 1035 3699 sunt
1080 3644 1181 3698 ista
1211 3642 1544 3698 nouissima?
1588 3642 1738 3709 Quis,
1764 3643 1867 3697 nisi

274 3754 387 3813 qua:
412 3740 617 3796 scimus
641 3739 750 3808 jam
775 3738 831 3791 in
859 3736 1148 3807 Evangelia
1166 3733 1556 3806 praenuntiata?
1582 3731 1710 3789 Cum
1735 3735 1868 3788 enim

272 3836 459 3889 merit
481 3830 532 3886 F
532 3832 655 3886 llius
683 3828 919 3895 hominis,
945 3827 1382 3900 congregabantur
1408 3836 1525 3881 ante
1556 3842 1671 3881 eum
1696 3842 1868 3882 omnes

273 3941 477 4003 gentes;
503 3936 550 3982 et
586 3924 837 3996 separabit
862 3939 965 3987 eos,
1006 3924 1133 3976 sicut
1175 3931 1349 3992 pastor
1387 3929 1614 3993 segregat
1652 3935 1768 3976 oves
1804 3919 1867 3974 ab

274 4023 430 4078 lttrtlis
461 4037 483 4077 :
511 4036 626 4076 oves
659 4028 809 4090 punet
852 4018 923 4071 ad
973 4017 1254 4079 dexteram,
1281 4014 1457 4069 nam
1501 4015 1569 4068 ad
1611 4015 1869 4069 sinistram

277 4115 487 4191 (Matth.
538 4128 664 4177 xxv,
721 4110 937 4178 {il-53).
989 4110 1125 4163 Ecce
1148 4108 1257 4178 jam
1299 4107 1374 4162 illi
1400 4106 1600 4177 Ziphasi
1648 4122 1869 4177 separa-

275 4207 471 4264 bantur
503 4224 517 4260 :
553 4205 767 4260 ﬂamma
798 4204 1038 4272 sequitur
1061 4201 1473 4270 separationem.
1513 4198 1613 4255 Ubi
1643 4207 1726 4256 est
1767 4198 1868 4255 llos

277 4317 454 4361 eorum
485 4300 577 4371 qui
612 4298 720 4369 jam
751 4296 818 4350 ad
844 4295 1116 4350 sinistram
1140 4290 1393 4348 stabunt?
1416 4290 1606 4346 Nonne
1634 4299 1760 4347 tunc
1783 4292 1869 4346 in-

278 4392 607 4470 gemiscent?
629 4407 807 4447 nonne
834 4399 957 4445 tunc
980 4404 1100 4445 sera
1127 4386 1436 4459 poenitentia
1458 4386 1865 4457 torquebantur,

277 4501 329 4548 et
348 4491 530 4545 dicent
558 4505 572 4542 :
603 4487 742 4555 Quid
767 4486 911 4539 nobis
949 4482 1142 4555 profuit
1190 4481 1446 4552 superbia,
1488 4488 1535 4533 et
1579 4478 1870 4533 divitiarum

272 4582 523 4659 iactantia
563 4581 684 4652 quid
734 4579 946 4634 contulit
983 4576 1163 4631 nobis?
1202 4574 1536 4629 Transierunt
1565 4572 1736 4627 omnia
1777 4573 1872 4627 illa

279 4685 515 4741 tanquam
546 4671 726 4726 umbra
760 4671 913 4742 (Sap.
945 4683 999 4737 v,
1032 4667 1086 4732 8,
1115 4667 1191 4737 9).
1223 4664 1483 4735 OZipbaai
1504 4664 1571 4719 ad
1597 4664 1869 4720 sinistram

280 4779 503 4835 stantes,
536 4783 659 4822 sero
690 4765 913 4835 poenitet
940 4776 1037 4816 vos
1075 4762 1128 4815 in
1156 4761 1341 4815 umbra
1366 4758 1642 4813 ﬂoruisse!
1694 4758 1871 4826 Quare

281 4862 463 4926 David,
491 4873 651 4932 quem
681 4857 983 4929 prodebatis
1004 4857 1142 4910 inter
1160 4868 1256 4907 vos
1286 4853 1470 4914 tutere,
1496 4866 1603 4905 non
1615 4866 1875 4921 agnosce-

282 4955 455 5012 batis?
483 4952 639 5009 Tunc
665 4952 805 5008 enim
827 4951 871 5006 si
905 4946 1325 5018 corrigeremini,
1362 4943 1516 4999 dolor
1567 4943 1669 4997 iste
1706 4943 1872 4997 inl‘ru-

283 5060 499 5106 etuosus
525 5062 631 5102 non
661 5054 821 5101 esset.
854 5043 944 5097 Est
972 5041 1111 5094 enim
1133 5038 1288 5093 dolor
1318 5038 1643 5099 fructuosus,
1680 5045 1763 5090 est
1785 5036 1870 5089 in-

284 5140 619 5202 fructuosus;
640 5135 941 5191 fructuosus
966 5131 1119 5185 dolor
1147 5143 1287 5183 nunc
1315 5136 1399 5182 est
1414 5142 1536 5182 cum
1554 5136 1605 5181 te
1619 5140 1840 5180 accusas
1853 5165 1871 5192 ,

284 5249 398 5291 cum
418 5234 471 5289 in
486 5238 537 5288 t‘e
556 5227 902 5301 reprehendis
916 5225 1082 5281 malos
1094 5237 1271 5278 mores
1290 5232 1427 5285 tuos,
1443 5236 1565 5276 cum
1590 5219 1877 5290 reprehen-

284 5341 370 5382 sos
395 5321 754 5397 persequeris,
782 5326 1091 5391 persecutos
1119 5315 1373 5380 excludis,
1406 5314 1613 5383 illisque
1644 5312 1875 5367 exclusis

283 5414 521 5481 mularis,
537 5428 740 5471 exuens
752 5422 804 5469 te
814 5419 1050 5467 veterem
1063 5409 1334 5463 hominem
1347 5415 1399 5462 et
1412 5405 1637 5460 induens
1654 5418 1875 5471 novum,

287 5503 484 5573 eligens
495 5501 671 5571 potius
682 5498 883 5553 Christi
895 5496 1240 5568 opprobrium
1253 5509 1410 5565 quam
1429 5493 1611 5546 llorcni
1641 5490 1877 5560 Ziplneo-

286 5608 421 5650 rum.
444 5593 614 5649 Porro
650 5591 707 5647 si»
737 5590 829 5645 tibi
857 5589 1137 5660 contigerit
1184 5587 1397 5641 habenti
1428 5587 1479 5639 in
1520 5583 1730 5639 occulto
1782 5582 1878 5637 bo-

289 5705 411 5744 num
463 5698 610 5743 tuum
640 5695 694 5743 et
727 5684 909 5742 latenti
957 5685 1096 5738 inter
1134 5679 1413 5751 Ziplncos,
1459 5677 1673 5733 habenti
1713 5676 1876 5732 etiam

292 5784 342 5838 in
368 5782 577 5837 occulto
598 5779 1004 5850 promissionem
1043 5774 1305 5830 mercedis
1334 5781 1459 5839 tute,
1503 5770 1679 5841 aliqua
1708 5767 1874 5823 subli—

290 5876 460 5988 adlisa;
482 5881 554 5945 tir.
571 5880 627 5988 let
651 5871 877 5935 plerique
896 5877 1001 5945 titsst
1026 5865 1248 5944 Nonnulli
1265 5877 1402 5928 vero,
1424 5877 1456 5915 a
1471 5871 1570 5915 Deo
1587 5858 1876 5922 κυάμων..

394 5951 419 5988 e
441 5949 569 5988 vente

394 5951 419 5988 ε
441 5949 569 5988 vente

1398 369 1795 427 ENARBATIO
1834 371 1899 428 ΙΝ
1938 372 2266 434 PBALMUM
2308 378 2436 435 LIII.

3477 389 3584 449 622

1993 487 2154 544 mitas
2174 492 2375 558 saeculi,
2394 493 2503 548 noli
2527 494 2709 552 extolli
2735 513 2748 551 :
2777 512 2900 554 nam
2920 500 2967 556 si
2992 500 3164 559 elatus
3191 517 3257 560 ex
3279 503 3367 561 illa
3391 505 3581 578 literis,

1988 582 2147 637 cades
2188 584 2241 637 in
2282 584 2467 641 liorem
2495 587 2849 658 Ziphazorum.
2888 592 2983 649 Sic
3019 596 3162 651 enim
3202 598 3393 657 mulier
3432 616 3580 672 quie-

1988 672 2109 727 dam
2152 686 2336 730 sancta
2385 678 2578 735 Esther
2620 680 2675 736 in
2722 680 2812 736 illo
2857 690 2986 740 tunc
3024 688 3221 756 populo
3243 687 3575 762 Judmorum,

1988 780 2109 820 cum
2128 776 2271 823 esset
2294 780 2429 825 uxor
2450 772 2590 842 regis
2618 771 2954 844 alienigenae,
2979 786 3196 832 ventum
3223 787 3305 835 est
3342 780 3409 838 ad
3440 782 3581 853 peri-

1986 859 2164 915 culum
2214 862 2432 928 civium,
2489 872 2546 919 ut
2588 865 2966 935 deprecaretur
3010 883 3193 939 regem
3237 885 3334 941 pro
3374 872 3581 933 civibus

1986 953 2127 1020 suis;
2158 956 2320 1025 cmpit
2342 972 2520 1026 orare,
2551 966 2607 1014 et
2626 959 2679 1013 in
2700 958 2814 1030 ipsa
2835 960 3081 1017 oratione
3100 961 3344 1018 confessa
3383 975 3466 1021 est
3485 966 3574 1023 illa

1987 1046 2165 1101 omnia
2219 1048 2446 1119 insignia
2486 1050 2686 1121 regalia
2725 1050 2804 1108 sic
2849 1051 2951 1108 sibi
2995 1068 3117 1110 esse
3160 1053 3308 1109 velut
3342 1071 3576 1126 pannum

1988 1145 2331 1192 menstruam
2361 1137 2568 1209 (Esther
2593 1156 2700 1204 ιη,
2736 1140 2851 1214 16).
2894 1140 2952 1199 Si
2990 1142 3107 1199 haec
3144 1144 3396 1202 mulieres
3446 1162 3576 1218 pos-

1986 1235 2132 1291 sunt,
2162 1228 2259 1282 viri
2302 1244 2411 1285 non
2454 1231 2718 1302 possunt?
2748 1233 2817 1288 Et
2848 1232 2895 1289 si
2929 1232 3045 1291 hate
3070 1234 3245 1307 potuit
3267 1238 3457 1294 mulier
3479 1236 3577 1295 Ju-

1985 1317 2122 1386 dtea,
2147 1335 2251 1375 non
2273 1323 2467 1392 poterit
2495 1323 2731 1381 Ecclesia
2761 1325 3092 1383 christiana?
3120 1328 3234 1385 Hoc
3270 1344 3398 1402 ergo
3422 1330 3577 1388 dixe-

1984 1410 2086 1467 risu
2112 1411 2365 1468 Charitau'
2398 1414 2602 1471 Vestra
2630 1414 2869 1473 :Divitiat
2901 1418 2945 1473 si
2967 1420 3194 1492 afﬂuant,
3226 1437 3288 1476 ne
3307 1422 3577 1494 apponatis

1982 1519 2072 1559 cor
2116 1504 2287 1576 (Paul.
2328 1524 2435 1577 ut,
2482 1509 2593 1581 ll).
2622 1510 2909 1569 Abundent
2949 1512 3096 1582 licet,
3139 1522 3197 1571 et
3238 1526 3492 1588 sequatur
3520 1523 3576 1573 te

1982 1601 2313 1670 prosperitas
2338 1601 2542 1671 saeculi,
2575 1611 2631 1656 tu
2655 1603 2789 1658 mari
2810 1604 2923 1660 noli
2940 1604 3183 1677 credere,
3211 1621 3312 1662 nec
3353 1606 3572 1663 ridenti.

1986 1692 2192 1749 Divitiae
2224 1696 2267 1749 si
2293 1694 2535 1764 afﬂuent,
2564 1696 2611 1752 si
2636 1696 2931 1765 abundent,
2957 1698 3104 1753 calca
3132 1715 3243 1764 eas,
3268 1708 3325 1757 et
3348 1717 3577 1772 suspen-

1981 1785 2113 1843 dere
2135 1802 2203 1842 ex
2250 1787 2358 1843 Deo
2385 1797 2499 1844 tuo.
2523 1788 2659 1845 Cum
2685 1789 2831 1859 enim
2873 1804 2964 1845 eas
3000 1791 3183 1847 subter
3212 1804 3264 1849 te
3298 1792 3575 1867 habueris,

1980 1888 2038 1936 et
2056 1895 2122 1935 es
2152 1882 2243 1937 illo
2272 1882 2611 1952 pependeris,
2642 1897 2764 1938 eum
2790 1881 2993 1939 fuerint
3013 1886 3323 1953 subtractae,
3348 1902 3452 1943 non
3483 1902 3573 1943 ca-

1980 1971 2095 2028 des.
2145 1973 2222 2029 Ne
2270 1974 2408 2032 forte
2455 1991 2554 2047 per
2584 1977 2779 2033 malam
2820 1979 3199 2049 cogitationem
3244 1982 3575 2054 minimeque

1981 2065 2329 2123 Christianam
2375 2068 2470 2123 ﬁat
2507 2070 2561 2124 in
2593 2078 2645 2126 te
2681 2070 2826 2141 quod
2872 2071 3068 2127 dicitur
3109 2073 3164 2127 in
3208 2073 3314 2129 alio
3344 2075 3572 2146 psalmo,

1980 2172 2396 2218 commoratio
2408 2162 2539 2220 llore
2552 2164 2891 2236 Ziphaeorum
2911 2165 3135 2221 istorum
3149 2166 3223 2222 :N
3226 2169 3361 2237 imis,
3383 2169 3573 2240 inquit,

1982 2256 2255 2328 profundis
2284 2259 2436 2328 facta
2470 2266 2589 2313 sunt
2633 2259 2962 2331 cogitationes
3006 2270 3126 2315 tute.
3177 2261 3306 2318 Dico
3357 2262 3571 2331 dicitur,

1982 2345 2155 2402 Nimis
2200 2348 2474 2421 profundae
2507 2354 2661 2421 facta
2693 2359 2809 2405 sunt
2833 2351 3160 2422 cogitationes
3203 2362 3305 2408 tua:
3331 2370 3349 2408 :
3373 2356 3448 2409 vir
3474 2357 3573 2409 im-

1981 2440 2207 2512 prudens
2250 2456 2353 2496 non
2392 2452 2678 2514 cognoscet,
2720 2452 2769 2497 et
2812 2444 2994 2499 stultus
3034 2460 3136 2500 non
3174 2446 3417 2518 intelliget
3445 2450 3574 2504 Ita'c.

1980 2532 2121 2601 Quid
2163 2547 2269 2588 non
2313 2534 2609 2605 intelliget?
2649 2535 2779 2590 Cum
2817 2536 3104 2591 exorientur
3128 2549 3411 2609 peccatores
3446 2541 3577 2595 sicut

1980 2626 2173 2696 fatum,
2219 2633 2270 2679 et
2297 2626 2643 2696 prospererint
2666 2628 2683 2659 ί
2710 2643 2885 2683 omnes
2911 2628 2999 2696 qui
3022 2641 3296 2699 operantur
3337 2630 3576 2702 irtiquita-

1980 2724 2100 2781 tent,
2127 2725 2183 2769 ut
2224 2716 2473 2772 intereant
2518 2719 2572 2772 in
2610 2718 2852 2773 saeuiunt
2881 2719 3054 2775 siccati
3083 2719 3252 2788 (Psol.
3286 2736 3396 2788 xei,
3425 2723 3570 2793 6-8).

1977 2805 2272 2863 Delectavit
2298 2822 2394 2863 eos
2418 2807 2523 2864 llos
2543 2809 2807 2864 malorum
2841 2828 2855 2863 :
2887 2809 3139 2865 dixerunt
3161 2810 3301 2881 apud
3329 2827 3411 2878 se,
3435 2812 3576 2870 Ecce

1976 2900 2107 2956 mali
2158 2899 2372 2969 ﬂorent,
2420 2910 2548 2972 puto
2589 2902 2761 2957 malos
2802 2910 2946 2958 amat
2989 2903 3131 2959 Deus
3169 2921 3182 2957 :
3220 2912 3277 2960 et
3325 2904 3573 2961 delectati

1982 2993 2259 3064 temporali
2286 2994 2423 3050 llore
2446 2993 2771 3065 iniquorum,
2800 2996 3050 3052 conversi
3080 3004 3201 3052 Sunt
3225 2997 3292 3051 ad
3322 2997 3574 3069 iniquita-

1977 3097 2108 3157 tem,
2163 3097 2223 3143 ut
2267 3087 2566 3144 interirent.
2595 3088 2716 3144 Non
2758 3088 2825 3144 ad
2854 3098 3066 3159 tempus
3089 3090 3227 3146 sicut
3254 3090 3328 3145 illi
3356 3089 3569 3159 ﬂorent,

1976 3182 2073 3239 sed
2127 3182 2180 3236 in
2209 3180 2464 3236 saeculum
2511 3180 2714 3236 saeculi.
2741 3179 2897 3237 Unde
2921 3165 3062 3236 hoc?
3091 3182 3224 3248 Quia
3267 3183 3343 3236 vir
3367 3183 3570 3253 impru-

1977 3275 2100 3331 dens
2132 3290 2234 3330 non
2274 3281 2635 3346 cognomenet
2660 3274 2848 3328 stultus
2886 3290 2988 3328 non
3033 3274 3278 3345 intelliget
3312 3274 3439 3340 lucc,
3463 3289 3571 3330 non

1975 3368 2181 3426 intrans
2224 3366 2585 3423 sanctuarium
2632 3366 2747 3429 Dei,
2785 3374 2844 3421 ut
2885 3366 3145 3436 intelligat
3176 3367 3225 3419 in
3256 3366 3566 3421 novissima.

1974 3459 2045 3516 Et
2068 3460 2189 3530 quia
2214 3456 2447 3514 dil‘iicilis
2473 3465 2559 3513 est
2577 3457 2961 3527 aliquantulum
2989 3457 3287 3511 intellectus
3329 3456 3414 3512 hic
3444 3456 3572 3512 inde

1974 3554 2139 3623 coepit
2164 3553 2399 3623 psalmus
2426 3552 2546 3617 iste,
2595 3561 2655 3605 ut
2680 3550 2846 3605 David
2877 3550 3066 3604 lateret
3108 3550 3249 3604 inter
3296 3549 3565 3620 Ziplnnos,

1973 3662 2076 3704 nec
2100 3646 2462 3703 delectaretur
2499 3644 2631 3700 llore
2669 3643 3045 3715 Ziphzcorum;
3082 3641 3179 3699 sed
3204 3642 3424 3714 eligeret
3473 3658 3571 3715 po.

1974 3740 2083 3797 tius
2124 3740 2265 3795 inter
2303 3739 2425 3794 illos
2451 3737 2837 3804 humilitatem,
2872 3744 2929 3791 ut
2954 3736 3174 3792 haberet
3212 3736 3352 3807 apud
3400 3736 3568 3793 Deum

1972 3837 2341 3894 absconditam
2369 3837 2684 3892 claritatem.
2703 3833 2842 3902 Quid
2871 3847 2998 3904 ergo
3026 3833 3076 3888 ei
3103 3832 3349 3887 tribuitur
3382 3833 3434 3887 in
3466 3832 3569 3888 hoc

1974 3932 2170 3987 titulo?
2197 3929 2264 3985 In
2292 3931 2464 3999 ﬁnem,
2488 3929 2540 3983 in
2565 3928 2803 4000 hymnis:
2833 3927 2935 3982 hoc
2955 3935 3037 3981 est
3060 3926 3112 3981 in
3139 3924 3403 3981 laudibus.
3432 3922 3568 3991 Qtti-

1973 4025 2075 4082 bus
2101 4023 2383 4081 Iaudibus?
2414 4022 2668 4093 Dominus
2687 4020 2853 4087 dedit,
2879 4020 3137 4075 Dominus
3158 4017 3406 4084 abstulit;
3429 4016 3570 4073 sicut

1975 4118 2202 4174 Domino
2242 4116 2457 4187 placuit,
2503 4116 2572 4169 ita
2604 4113 2800 4170 factum
2837 4121 2920 4169 est
2967 4130 2980 4167 :
3013 4113 3080 4167 sit
3118 4128 3312 4167 nomen
3357 4108 3570 4168 Domini

1973 4210 2311 4267 benedictum
2340 4207 2460 4279 (Job
2481 4222 2496 4260 I
2518 4247 2531 4269 ,
2562 4205 2679 4276 21).
2702 4205 2862 4271 Quasi
2888 4205 3093 4259 antisse
3116 4203 3413 4270 videbatur,
3444 4215 3568 4271 per-

1976 4300 2084 4357 dita
2114 4301 2260 4356 omni
2290 4296 2628 4353 substantia?
2664 4296 2839 4351 Absit.
2872 4294 3017 4349 Folia
3060 4294 3384 4357 ceciderant,
3412 4294 3566 4349 radix

1974 4393 2206 4448 vivebat.
2240 4392 2398 4461 Ergo,
2450 4388 2513 4440 In
2539 4388 2712 4457 ﬁnem,
2750 4386 2807 4440 in
2833 4386 3052 4457 hymnis.
3081 4384 3239 4453 Quid,
3270 4382 3566 4442 Intellectus

1975 4484 2074 4556 ipsi
2117 4482 2325 4537 David?
2364 4481 2658 4536 Intellectus
2698 4490 2883 4535 contra
2927 4477 3098 4533 illud:
3132 4475 3222 4531 Vir
3270 4476 3566 4548 imprudens

1976 4597 2078 4636 non
2107 4587 2390 4653 cognoscet,
2419 4587 2465 4633 et
2495 4577 2676 4633 stultus
2717 4592 2817 4631 non
2840 4575 3080 4645 intelliget
3107 4574 3234 4628 huic.
3266 4571 3567 4631 Intellectus

1976 4674 2079 4745 ipsi
2102 4671 2285 4739 David,
2308 4684 2420 4726 cum
2441 4677 2679 4725 venerunt
2707 4667 2925 4739 Ziphtci,
2957 4675 3004 4721 et
3032 4666 3267 4721 dixerunt
3299 4663 3365 4719 ad
3394 4663 3526 4720 Scit!
3545 4680 3566 4720 :

1980 4765 2167 4820 Nonne
2193 4779 2303 4818 ecce
2333 4761 2502 4817 David
2548 4761 2870 4816 absconditus
2924 4768 2996 4813 est
3036 4758 3177 4829 apud
3202 4758 3331 4813 nos?
3374 4757 3443 4814 Et
3493 4758 3573 4817 sit

1977 4856 2321 4911 absconditus
2373 4855 2513 4925 apud
2557 4869 2671 4918 vos,
2720 4849 3011 4907 dummodo
3055 4865 3164 4908 non
3203 4851 3392 4908 ﬂoreat
3429 4851 3571 4908 sicut

1977 4962 2094 5005 vos.
2122 4949 2257 5004 Audi
2283 4963 2414 5018 ergo
2443 4962 2628 5003 vocem
2645 4946 2781 5016 ejus.

2049 5043 2103 5096 ιι.
2145 5038 2291 5112 [vers
2337 5037 2415 5113 5.]
2448 5038 2581 5092 Deus
2624 5038 2676 5090 in
2705 5036 2907 5090 nomine
2929 5044 3017 5090 tuo
3041 5036 3240 5092 solm
3259 5052 3339 5092 tne
3364 5040 3469 5109 fac,
3519 5045 3569 5093 et

1978 5136 2033 5190 in
2052 5134 2334 5189 airtutetua
2360 5132 2541 5202 judico
2581 5145 2676 5184 me.
2708 5128 2822 5184 Hoc
2845 5128 2988 5184 dicat
3012 5130 3251 5186 Ecclesia
3284 5131 3453 5183 latens
3482 5129 3569 5184 in-

1980 5237 2066 5285 ter
2091 5228 2354 5297 Ziphazos.
2380 5223 2492 5279 iloc
2524 5222 2666 5279 dicat
2687 5239 2881 5296 corpus
2905 5223 3252 5279 christianum
3282 5221 3486 5278 habens
3515 5223 3568 5277 in

1982 5322 2192 5379 occulto
2220 5320 2418 5376 bonum
2446 5329 2655 5372 morum
2682 5331 2922 5384 suorum,
2970 5330 3195 5387 sperans
3243 5315 3310 5369 de
3356 5315 3571 5371 occulto

1982 5413 2282 5471 mercedem
2303 5409 2611 5467 meritorum
2630 5425 2878 5477 suorum;
2906 5409 3007 5463 hoc
3033 5407 3175 5463 dicat
3201 5424 3214 5461 :
3244 5405 3384 5461 Deus
3402 5406 3456 5459 in
3481 5422 3572 5462 no-

1982 5507 2116 5561 mine
2151 5513 2237 5560 tuo
2262 5504 2455 5559 salvum
2486 5519 2564 5558 me
2598 5508 2712 5574 fac,
2756 5512 2800 5556 et
2826 5503 2879 5555 in
2900 5500 3092 5565 _airtute
3121 5508 3209 5553 tua
3240 5496 3422 5569 judico
3468 5514 3569 5552 me.

1985 5596 2211 5665 Venisti,
2241 5608 2275 5652 ο
2298 5595 2532 5662 Christe,
2558 5593 2772 5650 humilis
2792 5590 3101 5662 apparuisti,
3132 5597 3468 5658 contemptus
3488 5603 3569 5656 es,

1930 5695 1935 5698 ’
1985 5690 2278 5760 ﬂagellatur.
2292 5705 2371 5758 es,
2400 5687 2684 5745 cruciﬁxus
2710 5702 2788 5753 es,
2810 5684 3019 5740 occisus
3049 5700 3108 5739 es
3138 5702 3150 5738 :
3183 5682 3280 5739 sed
3306 5682 3462 5737 tertio
3482 5682 3572 5739 die

1985 5782 2342 5848 resurrexisti,
2381 5780 2785 5852 quadragesimo
2823 5778 2908 5831 die
2936 5776 2986 5829 in
3030 5777 3227 5831 emtum
3262 5773 3573 5846 ascendisti,
3634 5851 3638 5855 Q

2052 5900 2068 5931 ί
2104 5898 2174 5948 δίο
2196 5909 2369 5947 omnes
2393 5905 2493 5946 MSS.
2514 5902 2570 5946 At
2585 5892 2718 5947 ﬁdi.
2745 5888 3013 5959 prolongati
3033 5890 3226 5954 fuerint.
