  <div class='ocr_page' id='page_1' title='image "/cluster/home/n/w/nwhite01/storage/ocr_20150623/36/hvd.32044015471469/317.png"; bbox 0 0 4042 6480; ppageno 0'>
   <div class='ocr_carea' id='block_1_1' title="bbox 462 447 2048 536">
    <p class='ocr_par' dir='ltr' id='par_1_1' title="bbox 462 447 2048 536">
     <span class='ocr_line' id='line_1_1' title="bbox 462 447 2048 536; baseline -0.023 0"><span class='ocrx_word' id='word_1_1' title='bbox 462 477 619 536; x_wconf 82' lang='lat' dir='ltr'><strong>sedes</strong></span> <span class='ocrx_word' id='word_1_2' title='bbox 657 471 723 528; x_wconf 92' lang='lat' dir='ltr'><strong>ad</strong></span> <span class='ocrx_word' id='word_1_3' title='bbox 762 469 1037 526; x_wconf 74' lang='lat' dir='ltr'><strong>dexteram</strong></span> <span class='ocrx_word' id='word_1_4' title='bbox 1079 454 1276 521; x_wconf 83' lang='lat' dir='ltr'><strong>Patris,</strong></span> <span class='ocrx_word' id='word_1_5' title='bbox 1317 459 1374 508; x_wconf 91' lang='lat' dir='ltr'><strong>et</strong></span> <span class='ocrx_word' id='word_1_6' title='bbox 1399 466 1558 510; x_wconf 89' lang='lat' dir='ltr'><strong>nemo</strong></span> <span class='ocrx_word' id='word_1_7' title='bbox 1591 450 1751 507; x_wconf 90' lang='lat' dir='ltr'><strong>videt.</strong></span> <span class='ocrx_word' id='word_1_8' title='bbox 1792 447 2048 520; x_wconf 88' lang='lat' dir='ltr'><strong>Spiritum</strong></span> 
     </span>
    </p>
   </div>
   <div class='ocr_carea' id='block_1_2' title="bbox 463 538 2048 626">
    <p class='ocr_par' dir='ltr' id='par_1_2' title="bbox 463 538 2048 626">
     <span class='ocr_line' id='line_1_2' title="bbox 463 538 2048 626; baseline -0.021 0"><span class='ocrx_word' id='word_1_9' title='bbox 463 580 612 626; x_wconf 91' lang='lat' dir='ltr'><strong>tuum</strong></span> <span class='ocrx_word' id='word_1_10' title='bbox 640 565 763 620; x_wconf 89' lang='lat' dir='ltr'><strong>inde</strong></span> <span class='ocrx_word' id='word_1_11' title='bbox 804 559 1017 623; x_wconf 75' lang='lat' dir='ltr'><strong>misisti,</strong></span> <span class='ocrx_word' id='word_1_12' title='bbox 1047 570 1206 625; x_wconf 87' lang='lat' dir='ltr'><strong>quem</strong></span> <span class='ocrx_word' id='word_1_13' title='bbox 1235 554 1561 620; x_wconf 88' lang='lat' dir='ltr'><strong>acceperunt</strong></span> <span class='ocrx_word' id='word_1_14' title='bbox 1604 543 1790 614; x_wconf 81' lang='lat' dir='ltr'><strong>digni;</strong></span> <span class='ocrx_word' id='word_1_15' title='bbox 1843 538 2048 610; x_wconf 91' lang='lat' dir='ltr'><strong>impleti</strong></span> 
     </span>
    </p>
   </div>
   <div class='ocr_carea' id='block_1_3' title="bbox 458 632 2045 721">
    <p class='ocr_par' dir='ltr' id='par_1_3' title="bbox 458 632 2045 721">
     <span class='ocr_line' id='line_1_3' title="bbox 458 632 2045 721; baseline -0.022 -2"><span class='ocrx_word' id='word_1_16' title='bbox 458 677 643 719; x_wconf 83' lang='lat' dir='ltr'><strong>amore.</strong></span> <span class='ocrx_word' id='word_1_17' title='bbox 657 670 768 721; x_wconf 88' lang='lat' dir='ltr'><strong>tuo,</strong></span> <span class='ocrx_word' id='word_1_18' title='bbox 788 652 998 709; x_wconf 88' lang='lat' dir='ltr'><strong>laudem</strong></span> <span class='ocrx_word' id='word_1_19' title='bbox 1021 648 1189 719; x_wconf 83' lang='lat' dir='ltr'><strong>ipsius</strong></span> <span class='ocrx_word' id='word_1_20' title='bbox 1205 640 1516 699; x_wconf 70' lang='lat' dir='ltr'><strong>humilitatis</strong></span> <span class='ocrx_word' id='word_1_21' title='bbox 1533 647 1636 693; x_wconf 86' lang='lat' dir='ltr'><strong>tuae</strong></span> <span class='ocrx_word' id='word_1_22' title='bbox 1666 650 1764 705; x_wconf 91' lang='lat' dir='ltr'><strong>per</strong></span> <span class='ocrx_word' id='word_1_23' title='bbox 1791 632 2045 688; x_wconf 86' lang='lat' dir='ltr'><strong>mundum</strong></span> 
     </span>
    </p>
   </div>
   <div class='ocr_carea' id='block_1_4' title="bbox 455 723 2049 831">
    <p class='ocr_par' dir='ltr' id='par_1_4' title="bbox 455 723 2049 831">
     <span class='ocr_line' id='line_1_4' title="bbox 455 723 2049 831; baseline -0.024 -17"><span class='ocrx_word' id='word_1_24' title='bbox 455 766 751 831; x_wconf 88' lang='lat' dir='ltr'><strong>gentesque</strong></span> <span class='ocrx_word' id='word_1_25' title='bbox 783 745 1204 820; x_wconf 58' lang='lat' dir='ltr'><strong>praedicaverunt</strong></span> <span class='ocrx_word' id='word_1_26' title='bbox 1233 756 1249 793; x_wconf 89' lang='lat'><strong>:</strong></span> <span class='ocrx_word' id='word_1_27' title='bbox 1281 749 1475 831; x_wconf 81' lang='lat' dir='ltr'><strong>nomen</strong></span> <span class='ocrx_word' id='word_1_28' title='bbox 1516 741 1662 831; x_wconf 77' lang='lat' dir='ltr'><strong>tuum</strong></span> <span class='ocrx_word' id='word_1_29' title='bbox 1675 726 1843 831; x_wconf 40' lang='lat' dir='ltr'><strong>rideo</strong></span> <span class='ocrx_word' id='word_1_30' title='bbox 1866 723 2049 831; x_wconf 71' lang='lat' dir='ltr'><strong>excel-</strong></span> 
     </span>
    </p>
   </div>
   <div class='ocr_carea' id='block_1_5' title="bbox 457 815 2049 920">
    <p class='ocr_par' dir='ltr' id='par_1_5' title="bbox 457 815 2049 920">
     <span class='ocr_line' id='line_1_5' title="bbox 457 815 2049 920; baseline -0.024 -14"><span class='ocrx_word' id='word_1_31' title='bbox 457 815 572 906; x_wconf 60' lang='lat' dir='ltr'><strong>lere</strong></span> <span class='ocrx_word' id='word_1_32' title='bbox 616 815 683 901; x_wconf 44' lang='lat' dir='ltr'><strong>in.</strong></span> <span class='ocrx_word' id='word_1_33' title='bbox 716 815 914 915; x_wconf 76' lang='lat' dir='ltr'><strong>genere</strong></span> <span class='ocrx_word' id='word_1_34' title='bbox 959 836 1208 899; x_wconf 89' lang='lat' dir='ltr'><strong>humano,</strong></span> <span class='ocrx_word' id='word_1_35' title='bbox 1253 826 1347 884; x_wconf 89' lang='lat' dir='ltr'><strong>sed</strong></span> <span class='ocrx_word' id='word_1_36' title='bbox 1395 818 1855 920; x_wconf 37' lang='lat' dir='ltr'><strong>tamen-infirmus</strong></span> <span class='ocrx_word' id='word_1_37' title='bbox 1895 815 2049 920; x_wconf 81' lang='lat' dir='ltr'><strong>nobis</strong></span> 
     </span>
    </p>
   </div>
   <div class='ocr_carea' id='block_1_6' title="bbox 458 909 2046 1013">
    <p class='ocr_par' dir='ltr' id='par_1_6' title="bbox 458 909 2046 1013">
     <span class='ocr_line' id='line_1_6' title="bbox 458 909 2046 1013; baseline -0.023 -16"><span class='ocrx_word' id='word_1_38' title='bbox 458 909 777 1013; x_wconf 76' lang='lat' dir='ltr'><strong>przedicatus</strong></span> <span class='ocrx_word' id='word_1_39' title='bbox 805 949 884 989; x_wconf 89' lang='lat' dir='ltr'><strong>es.</strong></span> <span class='ocrx_word' id='word_1_40' title='bbox 926 929 1113 999; x_wconf 85' lang='lat' dir='ltr'><strong>Neque</strong></span> <span class='ocrx_word' id='word_1_41' title='bbox 1157 923 1299 980; x_wconf 89' lang='lat' dir='ltr'><strong>enim</strong></span> <span class='ocrx_word' id='word_1_42' title='bbox 1350 927 1406 974; x_wconf 89' lang='lat' dir='ltr'><strong>et</strong></span> <span class='ocrx_word' id='word_1_43' title='bbox 1447 916 1534 1013; x_wconf 85' lang='lat' dir='ltr'><strong>ille</strong></span> <span class='ocrx_word' id='word_1_44' title='bbox 1560 913 1759 1013; x_wconf 66' lang='lat' dir='ltr'><strong>doctor</strong></span> <span class='ocrx_word' id='word_1_45' title='bbox 1796 909 2046 1013; x_wconf 73' lang='lat' dir='ltr'><strong>Gentium</strong></span> 
     </span>
    </p>
   </div>
   <div class='ocr_carea' id='block_1_7' title="bbox 457 1004 2042 1103">
    <p class='ocr_par' dir='ltr' id='par_1_7' title="bbox 457 1004 2042 1103">
     <span class='ocr_line' id='line_1_7' title="bbox 457 1004 2042 1103; baseline -0.024 -10"><span class='ocrx_word' id='word_1_46' title='bbox 457 1004 592 1093; x_wconf 79' lang='lat' dir='ltr'><strong>dixit</strong></span> <span class='ocrx_word' id='word_1_47' title='bbox 610 1029 809 1103; x_wconf 91' lang='lat' dir='ltr'><strong>aliquid</strong></span> <span class='ocrx_word' id='word_1_48' title='bbox 849 1027 990 1082; x_wconf 90' lang='lat' dir='ltr'><strong>inter</strong></span> <span class='ocrx_word' id='word_1_49' title='bbox 1017 1036 1116 1078; x_wconf 91' lang='lat' dir='ltr'><strong>nos</strong></span> <span class='ocrx_word' id='word_1_50' title='bbox 1144 1033 1203 1075; x_wconf 91' lang='lat' dir='ltr'><strong>se</strong></span> <span class='ocrx_word' id='word_1_51' title='bbox 1230 1015 1389 1079; x_wconf 87' lang='lat' dir='ltr'><strong>scire,</strong></span> <span class='ocrx_word' id='word_1_52' title='bbox 1422 1011 1523 1067; x_wconf 87' lang='lat' dir='ltr'><strong>nisi</strong></span> <span class='ocrx_word' id='word_1_53' title='bbox 1548 1009 1819 1103; x_wconf 79' lang='lat' dir='ltr'><strong>Christum</strong></span> <span class='ocrx_word' id='word_1_54' title='bbox 1837 1004 2042 1069; x_wconf 87' lang='lat' dir='ltr'><strong>Jesum,</strong></span> 
     </span>
    </p>
   </div>
   <div class='ocr_carea' id='block_1_8' title="bbox 459 1098 2046 1187">
    <p class='ocr_par' dir='ltr' id='par_1_8' title="bbox 459 1098 2046 1187">
     <span class='ocr_line' id='line_1_8' title="bbox 459 1098 2046 1187; baseline -0.023 -1"><span class='ocrx_word' id='word_1_55' title='bbox 459 1140 515 1187; x_wconf 89' lang='lat' dir='ltr'><strong>et</strong></span> <span class='ocrx_word' id='word_1_56' title='bbox 542 1130 685 1183; x_wconf 89' lang='lat' dir='ltr'><strong>hunc</strong></span> <span class='ocrx_word' id='word_1_57' title='bbox 702 1098 1027 1179; x_wconf 74' lang='lat' dir='ltr'><strong>crucifixum</strong></span> <span class='ocrx_word' id='word_1_58' title='bbox 1058 1115 1104 1184; x_wconf 92' lang='grc'><strong>(1</strong></span> <span class='ocrx_word' id='word_1_59' title='bbox 1128 1111 1245 1168; x_wconf 88' lang='lat' dir='ltr'><strong>Cor.</strong></span> <span class='ocrx_word' id='word_1_60' title='bbox 1275 1124 1334 1175; x_wconf 92' lang='grc' dir='ltr'><strong>ιι,</strong></span> <span class='ocrx_word' id='word_1_61' title='bbox 1378 1105 1458 1176; x_wconf 81' lang='lat'><strong>‘2),</strong></span> <span class='ocrx_word' id='word_1_62' title='bbox 1486 1112 1545 1158; x_wconf 91' lang='lat' dir='ltr'><strong>ut</strong></span> <span class='ocrx_word' id='word_1_63' title='bbox 1564 1102 1681 1173; x_wconf 85' lang='lat' dir='ltr'><strong>ejus</strong></span> <span class='ocrx_word' id='word_1_64' title='bbox 1726 1098 2046 1169; x_wconf 76' lang='lat' dir='ltr'><strong>eligeremus</strong></span> 
     </span>
    </p>
   </div>
   <div class='ocr_carea' id='block_1_9' title="bbox 455 1188 2046 1292">
    <p class='ocr_par' dir='ltr' id='par_1_9' title="bbox 455 1188 2046 1292">
     <span class='ocr_line' id='line_1_9' title="bbox 455 1188 2046 1292; baseline -0.021 -17"><span class='ocrx_word' id='word_1_65' title='bbox 455 1218 824 1292; x_wconf 86' lang='lat' dir='ltr'><strong>opprobrium,</strong></span> <span class='ocrx_word' id='word_1_66' title='bbox 856 1210 1024 1281; x_wconf 81' lang='lat' dir='ltr'><strong>magis</strong></span> <span class='ocrx_word' id='word_1_67' title='bbox 1052 1219 1209 1278; x_wconf 88' lang='lat' dir='ltr'><strong>quam</strong></span> <span class='ocrx_word' id='word_1_68' title='bbox 1233 1200 1454 1292; x_wconf 76' lang='lat' dir='ltr'><strong>gloriam</strong></span> <span class='ocrx_word' id='word_1_69' title='bbox 1478 1193 1781 1292; x_wconf 66' lang='lat' dir='ltr'><strong>ﬂorentium</strong></span> <span class='ocrx_word' id='word_1_70' title='bbox 1804 1188 2046 1292; x_wconf 48' lang='lat' dir='ltr'><strong>Ziphmm</strong></span> 
     </span>
    </p>
   </div>
   <div class='ocr_carea' id='block_1_10' title="bbox 453 1287 2047 1371">
    <p class='ocr_par' dir='ltr' id='par_1_10' title="bbox 453 1287 2047 1371">
     <span class='ocr_line' id='line_1_10' title="bbox 453 1287 2047 1371; baseline -0.023 0"><span class='ocrx_word' id='word_1_71' title='bbox 453 1287 595 1371; x_wconf 71' lang='lat' dir='ltr'><strong>nim.</strong></span> <span class='ocrx_word' id='word_1_72' title='bbox 624 1312 1001 1365; x_wconf 67' lang='lat' dir='ltr'><strong>Verumtamen</strong></span> <span class='ocrx_word' id='word_1_73' title='bbox 1030 1301 1096 1356; x_wconf 91' lang='lat' dir='ltr'><strong>de</strong></span> <span class='ocrx_word' id='word_1_74' title='bbox 1141 1297 1234 1353; x_wconf 91' lang='lat' dir='ltr'><strong>illo</strong></span> <span class='ocrx_word' id='word_1_75' title='bbox 1260 1291 1387 1366; x_wconf 89' lang='lat' dir='ltr'><strong>quid</strong></span> <span class='ocrx_word' id='word_1_76' title='bbox 1433 1289 1544 1344; x_wconf 85' lang='lat' dir='ltr'><strong>ait?</strong></span> <span class='ocrx_word' id='word_1_77' title='bbox 1572 1287 1682 1343; x_wconf 83' lang='lat' dir='ltr'><strong>Etsi</strong></span> <span class='ocrx_word' id='word_1_78' title='bbox 1719 1294 1947 1339; x_wconf 87' lang='lat' dir='ltr'><strong>mortuus</strong></span> <span class='ocrx_word' id='word_1_79' title='bbox 1973 1290 2047 1336; x_wconf 88' lang='lat' dir='ltr'><strong>est</strong></span> 
     </span>
    </p>
   </div>
   <div class='ocr_carea' id='block_1_11' title="bbox 453 1372 2041 1474">
    <p class='ocr_par' dir='ltr' id='par_1_11' title="bbox 453 1372 2041 1474">
     <span class='ocr_line' id='line_1_11' title="bbox 453 1372 2041 1474; baseline -0.023 -12"><span class='ocrx_word' id='word_1_80' title='bbox 453 1423 519 1465; x_wconf 76' lang='lat' dir='ltr'><strong>ea:</strong></span> <span class='ocrx_word' id='word_1_81' title='bbox 542 1402 855 1474; x_wconf 82' lang='lat' dir='ltr'><strong>inﬁrmitate,</strong></span> <span class='ocrx_word' id='word_1_82' title='bbox 888 1394 978 1452; x_wconf 89' lang='lat' dir='ltr'><strong>sed</strong></span> <span class='ocrx_word' id='word_1_83' title='bbox 1015 1392 1133 1448; x_wconf 75' lang='lat' dir='ltr'><strong>civit</strong></span> <span class='ocrx_word' id='word_1_84' title='bbox 1159 1405 1222 1446; x_wconf 82' lang='lat' dir='ltr'><strong>ea:</strong></span> <span class='ocrx_word' id='word_1_85' title='bbox 1243 1388 1423 1443; x_wconf 82' lang='lat' dir='ltr'><strong>uirtute</strong></span> <span class='ocrx_word' id='word_1_86' title='bbox 1452 1381 1545 1437; x_wconf 89' lang='lat' dir='ltr'><strong>Dei</strong></span> <span class='ocrx_word' id='word_1_87' title='bbox 1572 1379 1637 1452; x_wconf 94' lang='lat' dir='ltr'><strong>(ll</strong></span> <span class='ocrx_word' id='word_1_88' title='bbox 1663 1377 1780 1433; x_wconf 85' lang='lat' dir='ltr'><strong>Cor.</strong></span> <span class='ocrx_word' id='word_1_89' title='bbox 1810 1390 1930 1440; x_wconf 76' lang='lat' dir='ltr'><strong>xm,</strong></span> <span class='ocrx_word' id='word_1_90' title='bbox 1961 1372 2041 1443; x_wconf 73' lang='lat' dir='ltr'><strong>tl).</strong></span> 
     </span>
    </p>
   </div>
   <div class='ocr_carea' id='block_1_12' title="bbox 454 1474 2046 1568">
    <p class='ocr_par' dir='ltr' id='par_1_12' title="bbox 454 1474 2046 1568">
     <span class='ocr_line' id='line_1_12' title="bbox 454 1474 2046 1568; baseline -0.021 -15"><span class='ocrx_word' id='word_1_91' title='bbox 454 1499 614 1554; x_wconf 84' lang='lat' dir='ltr'><strong>Venit</strong></span> <span class='ocrx_word' id='word_1_92' title='bbox 643 1507 769 1562; x_wconf 86' lang='lat' dir='ltr'><strong>ergo</strong></span> <span class='ocrx_word' id='word_1_93' title='bbox 789 1499 847 1545; x_wconf 91' lang='lat' dir='ltr'><strong>ut</strong></span> <span class='ocrx_word' id='word_1_94' title='bbox 874 1491 1173 1543; x_wconf 84' lang='lat' dir='ltr'><strong>moreretur</strong></span> <span class='ocrx_word' id='word_1_95' title='bbox 1200 1496 1268 1537; x_wconf 83' lang='lat' dir='ltr'><strong>ex</strong></span> <span class='ocrx_word' id='word_1_96' title='bbox 1306 1475 1634 1568; x_wconf 69' lang='lat' dir='ltr'><strong>inﬁrmitate,</strong></span> <span class='ocrx_word' id='word_1_97' title='bbox 1663 1477 1936 1568; x_wconf 33' lang='lat' dir='ltr'><strong>‘venturus</strong></span> <span class='ocrx_word' id='word_1_98' title='bbox 1961 1474 2046 1568; x_wconf 79' lang='lat' dir='ltr'><strong>est</strong></span> 
     </span>
    </p>
   </div>
   <div class='ocr_carea' id='block_1_13' title="bbox 451 1561 2044 1657">
    <p class='ocr_par' dir='ltr' id='par_1_13' title="bbox 451 1561 2044 1657">
     <span class='ocr_line' id='line_1_13' title="bbox 451 1561 2044 1657; baseline -0.02 -13"><span class='ocrx_word' id='word_1_99' title='bbox 451 1597 512 1645; x_wconf 86' lang='lat' dir='ltr'><strong>ut</strong></span> <span class='ocrx_word' id='word_1_100' title='bbox 534 1585 739 1657; x_wconf 89' lang='lat' dir='ltr'><strong>judieet</strong></span> <span class='ocrx_word' id='word_1_101' title='bbox 780 1581 834 1635; x_wconf 85' lang='lat' dir='ltr'><strong>in</strong></span> <span class='ocrx_word' id='word_1_102' title='bbox 863 1578 1057 1633; x_wconf 89' lang='lat' dir='ltr'><strong>virtute</strong></span> <span class='ocrx_word' id='word_1_103' title='bbox 1080 1573 1175 1628; x_wconf 91' lang='lat' dir='ltr'><strong>Dei</strong></span> <span class='ocrx_word' id='word_1_104' title='bbox 1207 1568 1336 1627; x_wconf 90' lang='lat' dir='ltr'><strong>:sed</strong></span> <span class='ocrx_word' id='word_1_105' title='bbox 1362 1582 1456 1638; x_wconf 89' lang='lat' dir='ltr'><strong>per</strong></span> <span class='ocrx_word' id='word_1_106' title='bbox 1483 1561 1842 1620; x_wconf 74' lang='lat' dir='ltr'><strong>infirmitatem</strong></span> <span class='ocrx_word' id='word_1_107' title='bbox 1866 1561 2044 1657; x_wconf 69' lang='lat' dir='ltr'><strong>crucis</strong></span> 
     </span>
    </p>
   </div>
   <div class='ocr_carea' id='block_1_14' title="bbox 449 1650 2044 1737">
    <p class='ocr_par' dir='ltr' id='par_1_14' title="bbox 449 1650 2044 1737">
     <span class='ocr_line' id='line_1_14' title="bbox 449 1650 2044 1737; baseline -0.021 0"><span class='ocrx_word' id='word_1_108' title='bbox 449 1650 801 1737; x_wconf 71' lang='lat' dir='ltr'><strong>clarificatum</strong></span> <span class='ocrx_word' id='word_1_109' title='bbox 826 1679 909 1727; x_wconf 91' lang='lat' dir='ltr'><strong>est</strong></span> <span class='ocrx_word' id='word_1_110' title='bbox 934 1682 1127 1725; x_wconf 89' lang='lat' dir='ltr'><strong>nomen</strong></span> <span class='ocrx_word' id='word_1_111' title='bbox 1152 1664 1286 1735; x_wconf 82' lang='lat' dir='ltr'><strong>ejus.</strong></span> <span class='ocrx_word' id='word_1_112' title='bbox 1330 1657 1582 1730; x_wconf 84' lang='lat' dir='ltr'><strong>Quisquis</strong></span> <span class='ocrx_word' id='word_1_113' title='bbox 1606 1669 1711 1711; x_wconf 93' lang='lat' dir='ltr'><strong>non</strong></span> <span class='ocrx_word' id='word_1_114' title='bbox 1756 1650 2044 1708; x_wconf 84' lang='lat' dir='ltr'><strong>crediderit</strong></span> 
     </span>
    </p>
   </div>
   <div class='ocr_carea' id='block_1_15' title="bbox 450 1751 2044 1828">
    <p class='ocr_par' dir='ltr' id='par_1_15' title="bbox 450 1751 2044 1828">
     <span class='ocr_line' id='line_1_15' title="bbox 450 1751 2044 1828; baseline -0.017 -1"><span class='ocrx_word' id='word_1_115' title='bbox 450 1773 505 1827; x_wconf 92' lang='lat' dir='ltr'><strong>in</strong></span> <span class='ocrx_word' id='word_1_116' title='bbox 550 1783 747 1825; x_wconf 89' lang='lat' dir='ltr'><strong>nomen</strong></span> <span class='ocrx_word' id='word_1_117' title='bbox 786 1762 1132 1821; x_wconf 85' lang='lat' dir='ltr'><strong>clarificatum</strong></span> <span class='ocrx_word' id='word_1_118' title='bbox 1175 1771 1272 1828; x_wconf 89' lang='lat' dir='ltr'><strong>per</strong></span> <span class='ocrx_word' id='word_1_119' title='bbox 1313 1751 1696 1816; x_wconf 83' lang='lat' dir='ltr'><strong>inﬁrmitatem,</strong></span> <span class='ocrx_word' id='word_1_120' title='bbox 1725 1752 2044 1816; x_wconf 77' lang='lat' dir='ltr'><strong>expavescet</strong></span> 
     </span>
    </p>
   </div>
   <div class='ocr_carea' id='block_1_16' title="bbox 446 1836 2039 1933">
    <p class='ocr_par' dir='ltr' id='par_1_16' title="bbox 446 1836 2039 1933">
     <span class='ocr_line' id='line_1_16' title="bbox 446 1836 2039 1933; baseline -0.019 -14"><span class='ocrx_word' id='word_1_121' title='bbox 446 1863 514 1921; x_wconf 90' lang='lat' dir='ltr'><strong>ad</strong></span> <span class='ocrx_word' id='word_1_122' title='bbox 540 1861 775 1933; x_wconf 90' lang='lat' dir='ltr'><strong>judicem</strong></span> <span class='ocrx_word' id='word_1_123' title='bbox 804 1870 925 1911; x_wconf 92' lang='lat' dir='ltr'><strong>cum</strong></span> <span class='ocrx_word' id='word_1_124' title='bbox 948 1851 1156 1909; x_wconf 80' lang='lat' dir='ltr'><strong>venerit</strong></span> <span class='ocrx_word' id='word_1_125' title='bbox 1173 1849 1225 1904; x_wconf 91' lang='lat' dir='ltr'><strong>in</strong></span> <span class='ocrx_word' id='word_1_126' title='bbox 1249 1848 1463 1902; x_wconf 91' lang='lat' dir='ltr'><strong>virtute.</strong></span> <span class='ocrx_word' id='word_1_127' title='bbox 1490 1842 1567 1898; x_wconf 89' lang='lat' dir='ltr'><strong>Ne</strong></span> <span class='ocrx_word' id='word_1_128' title='bbox 1581 1849 1757 1896; x_wconf 89' lang='lat' dir='ltr'><strong>autem</strong></span> <span class='ocrx_word' id='word_1_129' title='bbox 1772 1836 2039 1933; x_wconf 82' lang='lat' dir='ltr'><strong>quondam</strong></span> 
     </span>
    </p>
   </div>
   <div class='ocr_carea' id='block_1_17' title="bbox 445 1928 2038 2017">
    <p class='ocr_par' dir='ltr' id='par_1_17' title="bbox 445 1928 2038 2017">
     <span class='ocr_line' id='line_1_17' title="bbox 445 1928 2038 2017; baseline -0.018 -5"><span class='ocrx_word' id='word_1_130' title='bbox 445 1928 844 2017; x_wconf 39' lang='lat' dir='ltr'><strong>ille&#39;inlirmus,</strong></span> <span class='ocrx_word' id='word_1_131' title='bbox 889 1961 1014 2003; x_wconf 88' lang='lat' dir='ltr'><strong>cum</strong></span> <span class='ocrx_word' id='word_1_132' title='bbox 1060 1941 1267 2000; x_wconf 88' lang='lat' dir='ltr'><strong>venerit</strong></span> <span class='ocrx_word' id='word_1_133' title='bbox 1296 1938 1469 2004; x_wconf 88' lang='lat' dir='ltr'><strong>fortis,</strong></span> <span class='ocrx_word' id='word_1_134' title='bbox 1499 1934 1800 1991; x_wconf 87' lang='lat' dir='ltr'><strong>ventilabro</strong></span> <span class='ocrx_word' id='word_1_135' title='bbox 1829 1931 1921 1987; x_wconf 92' lang='lat' dir='ltr'><strong>illo</strong></span> <span class='ocrx_word' id='word_1_136' title='bbox 1970 1928 2038 1984; x_wconf 90' lang='lat' dir='ltr'><strong>ad</strong></span> 
     </span>
    </p>
   </div>
   <div class='ocr_carea' id='block_1_18' title="bbox 446 2023 2038 2104">
    <p class='ocr_par' dir='ltr' id='par_1_18' title="bbox 446 2023 2038 2104">
     <span class='ocr_line' id='line_1_18' title="bbox 446 2023 2038 2104; baseline -0.018 -1"><span class='ocrx_word' id='word_1_137' title='bbox 446 2046 719 2103; x_wconf 87' lang='lat' dir='ltr'><strong>sinistram</strong></span> <span class='ocrx_word' id='word_1_138' title='bbox 745 2057 845 2097; x_wconf 91' lang='lat' dir='ltr'><strong>nos</strong></span> <span class='ocrx_word' id='word_1_139' title='bbox 867 2041 1074 2104; x_wconf 90' lang='lat' dir='ltr'><strong>mittat;</strong></span> <span class='ocrx_word' id='word_1_140' title='bbox 1107 2035 1275 2092; x_wconf 88' lang='lat' dir='ltr'><strong>salvet</strong></span> <span class='ocrx_word' id='word_1_141' title='bbox 1298 2046 1398 2088; x_wconf 89' lang='lat' dir='ltr'><strong>nos</strong></span> <span class='ocrx_word' id='word_1_142' title='bbox 1420 2031 1472 2085; x_wconf 93' lang='lat' dir='ltr'><strong>in</strong></span> <span class='ocrx_word' id='word_1_143' title='bbox 1500 2027 1718 2084; x_wconf 91' lang='lat' dir='ltr'><strong>nomine</strong></span> <span class='ocrx_word' id='word_1_144' title='bbox 1742 2039 1861 2090; x_wconf 92' lang='lat' dir='ltr'><strong>suo,</strong></span> <span class='ocrx_word' id='word_1_145' title='bbox 1883 2032 1939 2079; x_wconf 91' lang='lat' dir='ltr'><strong>et</strong></span> <span class='ocrx_word' id='word_1_146' title='bbox 1954 2023 2038 2092; x_wconf 89' lang='lat' dir='ltr'><strong>ju-</strong></span> 
     </span>
    </p>
   </div>
   <div class='ocr_carea' id='block_1_19' title="bbox 445 2117 2040 2195">
    <p class='ocr_par' dir='ltr' id='par_1_19' title="bbox 445 2117 2040 2195">
     <span class='ocr_line' id='line_1_19' title="bbox 445 2117 2040 2195; baseline -0.017 -1"><span class='ocrx_word' id='word_1_147' title='bbox 445 2139 587 2195; x_wconf 91' lang='lat' dir='ltr'><strong>dicet</strong></span> <span class='ocrx_word' id='word_1_148' title='bbox 617 2151 716 2191; x_wconf 91' lang='lat' dir='ltr'><strong>nos</strong></span> <span class='ocrx_word' id='word_1_149' title='bbox 764 2136 818 2188; x_wconf 91' lang='lat' dir='ltr'><strong>in</strong></span> <span class='ocrx_word' id='word_1_150' title='bbox 852 2131 1049 2187; x_wconf 89' lang='lat' dir='ltr'><strong>virtute</strong></span> <span class='ocrx_word' id='word_1_151' title='bbox 1073 2142 1188 2183; x_wconf 89' lang='lat' dir='ltr'><strong>sua.</strong></span> <span class='ocrx_word' id='word_1_152' title='bbox 1216 2123 1348 2194; x_wconf 85' lang='lat' dir='ltr'><strong>Quis</strong></span> <span class='ocrx_word' id='word_1_153' title='bbox 1366 2117 1508 2179; x_wconf 87' lang='lat' dir='ltr'><strong>enim</strong></span> <span class='ocrx_word' id='word_1_154' title='bbox 1529 2119 1632 2175; x_wconf 91' lang='lat' dir='ltr'><strong>hoc</strong></span> <span class='ocrx_word' id='word_1_155' title='bbox 1673 2126 1783 2173; x_wconf 89' lang='lat' dir='ltr'><strong>tam</strong></span> <span class='ocrx_word' id='word_1_156' title='bbox 1811 2124 2040 2171; x_wconf 84' lang='lat' dir='ltr'><strong>temera-</strong></span> 
     </span>
    </p>
   </div>
   <div class='ocr_carea' id='block_1_20' title="bbox 444 2207 2039 2297">
    <p class='ocr_par' dir='ltr' id='par_1_20' title="bbox 444 2207 2039 2297">
     <span class='ocr_line' id='line_1_20' title="bbox 444 2207 2039 2297; baseline -0.016 -13"><span class='ocrx_word' id='word_1_157' title='bbox 444 2232 557 2283; x_wconf 89' lang='lat' dir='ltr'><strong>rius</strong></span> <span class='ocrx_word' id='word_1_158' title='bbox 603 2222 889 2297; x_wconf 84' lang='lat' dir='ltr'><strong>Optaverit,</strong></span> <span class='ocrx_word' id='word_1_159' title='bbox 935 2229 994 2275; x_wconf 90' lang='lat' dir='ltr'><strong>ut</strong></span> <span class='ocrx_word' id='word_1_160' title='bbox 1016 2219 1157 2274; x_wconf 88' lang='lat' dir='ltr'><strong>dicat</strong></span> <span class='ocrx_word' id='word_1_161' title='bbox 1182 2212 1520 2279; x_wconf 82' lang='lat' dir='ltr'><strong>Deo,.ludica</strong></span> <span class='ocrx_word' id='word_1_162' title='bbox 1562 2207 1892 2264; x_wconf 83' lang='lat' dir='ltr'><strong>me?Nonne</strong></span> <span class='ocrx_word' id='word_1_163' title='bbox 1940 2218 2039 2297; x_wconf 78' lang='lat' dir='ltr'><strong>pro</strong></span> 
     </span>
    </p>
   </div>
   <div class='ocr_carea' id='block_1_21' title="bbox 445 2295 2036 2374">
    <p class='ocr_par' dir='ltr' id='par_1_21' title="bbox 445 2295 2036 2374">
     <span class='ocr_line' id='line_1_21' title="bbox 445 2295 2036 2374; baseline -0.015 0"><span class='ocrx_word' id='word_1_164' title='bbox 445 2295 734 2374; x_wconf 83' lang='lat' dir='ltr'><strong>maledicto</strong></span> <span class='ocrx_word' id='word_1_165' title='bbox 764 2313 867 2368; x_wconf 88' lang='lat' dir='ltr'><strong>dici</strong></span> <span class='ocrx_word' id='word_1_166' title='bbox 897 2311 1037 2366; x_wconf 88' lang='lat' dir='ltr'><strong>solet</strong></span> <span class='ocrx_word' id='word_1_167' title='bbox 1054 2306 1358 2363; x_wconf 89' lang='lat' dir='ltr'><strong>hominibus</strong></span> <span class='ocrx_word' id='word_1_168' title='bbox 1386 2322 1401 2359; x_wconf 87' lang='lat'><strong>:</strong></span> <span class='ocrx_word' id='word_1_169' title='bbox 1429 2300 1641 2359; x_wconf 83' lang='lat' dir='ltr'><strong>Judicet</strong></span> <span class='ocrx_word' id='word_1_170' title='bbox 1683 2308 1736 2355; x_wconf 92' lang='lat' dir='ltr'><strong>te</strong></span> <span class='ocrx_word' id='word_1_171' title='bbox 1752 2296 1934 2353; x_wconf 83' lang='lat' dir='ltr'><strong>Deus?</strong></span> <span class='ocrx_word' id='word_1_172' title='bbox 1960 2295 2036 2351; x_wconf 87' lang='lat' dir='ltr'><strong>Ita</strong></span> 
     </span>
    </p>
   </div>
   <div class='ocr_carea' id='block_1_22' title="bbox 444 2390 2033 2481">
    <p class='ocr_par' dir='ltr' id='par_1_22' title="bbox 444 2390 2033 2481">
     <span class='ocr_line' id='line_1_22' title="bbox 444 2390 2033 2481; baseline -0.014 -17"><span class='ocrx_word' id='word_1_173' title='bbox 444 2410 601 2481; x_wconf 86' lang='lat' dir='ltr'><strong>plane</strong></span> <span class='ocrx_word' id='word_1_174' title='bbox 644 2414 728 2462; x_wconf 90' lang='lat' dir='ltr'><strong>est</strong></span> <span class='ocrx_word' id='word_1_175' title='bbox 762 2402 1132 2481; x_wconf 75' lang='lat' dir='ltr'><strong>maledictum,</strong></span> <span class='ocrx_word' id='word_1_176' title='bbox 1176 2396 1222 2452; x_wconf 89' lang='lat' dir='ltr'><strong>si</strong></span> <span class='ocrx_word' id='word_1_177' title='bbox 1260 2395 1465 2466; x_wconf 87' lang='lat' dir='ltr'><strong>judicat</strong></span> <span class='ocrx_word' id='word_1_178' title='bbox 1493 2402 1545 2449; x_wconf 91' lang='lat' dir='ltr'><strong>te</strong></span> <span class='ocrx_word' id='word_1_179' title='bbox 1573 2392 1625 2447; x_wconf 94' lang='lat' dir='ltr'><strong>in</strong></span> <span class='ocrx_word' id='word_1_180' title='bbox 1657 2390 1852 2446; x_wconf 87' lang='lat' dir='ltr'><strong>virtute</strong></span> <span class='ocrx_word' id='word_1_181' title='bbox 1896 2402 2033 2481; x_wconf 81' lang='lat' dir='ltr'><strong>sua;</strong></span> 
     </span>
    </p>
   </div>
   <div class='ocr_carea' id='block_1_23' title="bbox 444 2475 2032 2555">
    <p class='ocr_par' dir='ltr' id='par_1_23' title="bbox 444 2475 2032 2555">
     <span class='ocr_line' id='line_1_23' title="bbox 444 2475 2032 2555; baseline -0.016 1"><span class='ocrx_word' id='word_1_182' title='bbox 444 2475 542 2555; x_wconf 75' lang='lat' dir='ltr'><strong>sed</strong></span> <span class='ocrx_word' id='word_1_183' title='bbox 569 2499 614 2553; x_wconf 94' lang='lat' dir='ltr'><strong>si</strong></span> <span class='ocrx_word' id='word_1_184' title='bbox 647 2511 753 2551; x_wconf 89' lang='lat' dir='ltr'><strong>non</strong></span> <span class='ocrx_word' id='word_1_185' title='bbox 775 2504 829 2549; x_wconf 91' lang='lat' dir='ltr'><strong>te</strong></span> <span class='ocrx_word' id='word_1_186' title='bbox 857 2475 1142 2547; x_wconf 69' lang='lat' dir='ltr'><strong>salvave&#39;rit</strong></span> <span class='ocrx_word' id='word_1_187' title='bbox 1169 2487 1222 2543; x_wconf 90' lang='lat' dir='ltr'><strong>in</strong></span> <span class='ocrx_word' id='word_1_188' title='bbox 1245 2486 1462 2541; x_wconf 90' lang='lat' dir='ltr'><strong>nomine</strong></span> <span class='ocrx_word' id='word_1_189' title='bbox 1498 2498 1597 2538; x_wconf 90' lang='lat' dir='ltr'><strong>suo</strong></span> <span class='ocrx_word' id='word_1_190' title='bbox 1627 2498 1641 2536; x_wconf 75' lang='grc' dir='ltr'><strong><em>τ</em></strong></span> <span class='ocrx_word' id='word_1_191' title='bbox 1665 2496 1787 2535; x_wconf 92' lang='lat' dir='ltr'><strong>cum</strong></span> <span class='ocrx_word' id='word_1_192' title='bbox 1811 2492 1941 2534; x_wconf 90' lang='lat' dir='ltr'><strong>vero</strong></span> <span class='ocrx_word' id='word_1_193' title='bbox 1978 2476 2032 2532; x_wconf 92' lang='lat' dir='ltr'><strong>in</strong></span> 
     </span>
    </p>
   </div>
   <div class='ocr_carea' id='block_1_24' title="bbox 442 2572 2035 2658">
    <p class='ocr_par' dir='ltr' id='par_1_24' title="bbox 442 2572 2035 2658">
     <span class='ocr_line' id='line_1_24' title="bbox 442 2572 2035 2658; baseline -0.014 -11"><span class='ocrx_word' id='word_1_194' title='bbox 442 2590 662 2647; x_wconf 89' lang='lat' dir='ltr'><strong>nomine</strong></span> <span class='ocrx_word' id='word_1_195' title='bbox 683 2585 1017 2658; x_wconf 78' lang='lat' dir='ltr'><strong>praecedente</strong></span> <span class='ocrx_word' id='word_1_196' title='bbox 1036 2579 1319 2636; x_wconf 90' lang='lat' dir='ltr'><strong>salvaverit</strong></span> <span class='ocrx_word' id='word_1_197' title='bbox 1345 2585 1417 2642; x_wconf 89' lang='lat' dir='ltr'><strong>te,</strong></span> <span class='ocrx_word' id='word_1_198' title='bbox 1449 2574 1734 2631; x_wconf 86' lang='lat' dir='ltr'><strong>salubriter</strong></span> <span class='ocrx_word' id='word_1_199' title='bbox 1761 2572 1814 2627; x_wconf 92' lang='lat' dir='ltr'><strong>in</strong></span> <span class='ocrx_word' id='word_1_200' title='bbox 1842 2572 2035 2627; x_wconf 90' lang='lat' dir='ltr'><strong>virtute</strong></span> 
     </span>
    </p>
   </div>
   <div class='ocr_carea' id='block_1_25' title="bbox 441 2662 2035 2750">
    <p class='ocr_par' dir='ltr' id='par_1_25' title="bbox 441 2662 2035 2750">
     <span class='ocr_line' id='line_1_25' title="bbox 441 2662 2035 2750; baseline -0.012 -13"><span class='ocrx_word' id='word_1_201' title='bbox 441 2686 803 2750; x_wconf 87' lang='lat' dir='ltr'><strong>consequente</strong></span> <span class='ocrx_word' id='word_1_202' title='bbox 839 2671 1118 2746; x_wconf 89' lang='lat' dir='ltr'><strong>judicabit.</strong></span> <span class='ocrx_word' id='word_1_203' title='bbox 1146 2671 1379 2727; x_wconf 87' lang='lat' dir='ltr'><strong>Securus</strong></span> <span class='ocrx_word' id='word_1_204' title='bbox 1403 2677 1519 2723; x_wconf 87' lang='lat' dir='ltr'><strong>esto</strong></span> <span class='ocrx_word' id='word_1_205' title='bbox 1560 2683 1575 2721; x_wconf 90' lang='lat'><strong>:</strong></span> <span class='ocrx_word' id='word_1_206' title='bbox 1605 2665 1863 2738; x_wconf 85' lang='lat' dir='ltr'><strong>judicium</strong></span> <span class='ocrx_word' id='word_1_207' title='bbox 1906 2662 2035 2718; x_wconf 89' lang='lat' dir='ltr'><strong>illud</strong></span> 
     </span>
    </p>
   </div>
   <div class='ocr_carea' id='block_1_26' title="bbox 440 2758 2032 2843">
    <p class='ocr_par' dir='ltr' id='par_1_26' title="bbox 440 2758 2032 2843">
     <span class='ocr_line' id='line_1_26' title="bbox 440 2758 2032 2843; baseline -0.013 -11"><span class='ocrx_word' id='word_1_208' title='bbox 440 2791 547 2832; x_wconf 93' lang='lat' dir='ltr'><strong>non</strong></span> <span class='ocrx_word' id='word_1_209' title='bbox 579 2775 673 2830; x_wconf 79' lang='lat' dir='ltr'><strong>tibi</strong></span> <span class='ocrx_word' id='word_1_210' title='bbox 698 2774 801 2829; x_wconf 90' lang='lat' dir='ltr'><strong>erit</strong></span> <span class='ocrx_word' id='word_1_211' title='bbox 820 2769 1045 2843; x_wconf 81' lang='lat' dir='ltr'><strong>punitio,</strong></span> <span class='ocrx_word' id='word_1_212' title='bbox 1076 2767 1169 2823; x_wconf 90' lang='lat' dir='ltr'><strong>sed</strong></span> <span class='ocrx_word' id='word_1_213' title='bbox 1194 2762 1465 2821; x_wconf 88' lang='lat' dir='ltr'><strong>discretio.</strong></span> <span class='ocrx_word' id='word_1_214' title='bbox 1482 2761 1616 2818; x_wconf 91' lang='lat' dir='ltr'><strong>Nam</strong></span> <span class='ocrx_word' id='word_1_215' title='bbox 1645 2769 1700 2817; x_wconf 91' lang='lat' dir='ltr'><strong>et</strong></span> <span class='ocrx_word' id='word_1_216' title='bbox 1722 2761 1776 2816; x_wconf 93' lang='lat' dir='ltr'><strong>in</strong></span> <span class='ocrx_word' id='word_1_217' title='bbox 1800 2758 2032 2830; x_wconf 89' lang='lat' dir='ltr'><strong>quodam</strong></span> 
     </span>
    </p>
   </div>
   <div class='ocr_carea' id='block_1_27' title="bbox 440 2855 2032 2942">
    <p class='ocr_par' dir='ltr' id='par_1_27' title="bbox 440 2855 2032 2942">
     <span class='ocr_line' id='line_1_27' title="bbox 440 2855 2032 2942; baseline -0.013 -15"><span class='ocrx_word' id='word_1_218' title='bbox 440 2870 646 2942; x_wconf 83' lang='lat' dir='ltr'><strong>psalmo</strong></span> <span class='ocrx_word' id='word_1_219' title='bbox 669 2870 741 2921; x_wconf 91' lang='lat' dir='ltr'><strong>ita</strong></span> <span class='ocrx_word' id='word_1_220' title='bbox 762 2866 955 2921; x_wconf 89' lang='lat' dir='ltr'><strong>dicitur</strong></span> <span class='ocrx_word' id='word_1_221' title='bbox 985 2880 998 2916; x_wconf 90' lang='lat'><strong>:</strong></span> <span class='ocrx_word' id='word_1_222' title='bbox 1029 2861 1218 2915; x_wconf 77' lang='lat' dir='ltr'><strong>Indica</strong></span> <span class='ocrx_word' id='word_1_223' title='bbox 1244 2875 1341 2923; x_wconf 87' lang='lat' dir='ltr'><strong>me,</strong></span> <span class='ocrx_word' id='word_1_224' title='bbox 1369 2857 1524 2923; x_wconf 83' lang='lat' dir='ltr'><strong>Deus,</strong></span> <span class='ocrx_word' id='word_1_225' title='bbox 1553 2866 1601 2910; x_wconf 89' lang='lat' dir='ltr'><strong>et</strong></span> <span class='ocrx_word' id='word_1_226' title='bbox 1642 2855 1867 2910; x_wconf 83' lang='lat' dir='ltr'><strong>discerne</strong></span> <span class='ocrx_word' id='word_1_227' title='bbox 1904 2869 2032 2906; x_wconf 84' lang='lat' dir='ltr'><strong>cau-</strong></span> 
     </span>
    </p>
   </div>
   <div class='ocr_carea' id='block_1_28' title="bbox 438 2945 2032 3029">
    <p class='ocr_par' dir='ltr' id='par_1_28' title="bbox 438 2945 2032 3029">
     <span class='ocr_line' id='line_1_28' title="bbox 438 2945 2032 3029; baseline -0.009 -12"><span class='ocrx_word' id='word_1_228' title='bbox 438 2979 547 3018; x_wconf 91' lang='lat' dir='ltr'><strong>sam</strong></span> <span class='ocrx_word' id='word_1_229' title='bbox 577 2977 742 3015; x_wconf 86' lang='lat' dir='ltr'><strong>meam</strong></span> <span class='ocrx_word' id='word_1_230' title='bbox 787 2959 848 3012; x_wconf 87' lang='lat' dir='ltr'><strong>de</strong></span> <span class='ocrx_word' id='word_1_231' title='bbox 873 2964 1016 3029; x_wconf 88' lang='lat' dir='ltr'><strong>gente</strong></span> <span class='ocrx_word' id='word_1_232' title='bbox 1050 2971 1152 3008; x_wconf 89' lang='lat' dir='ltr'><strong>non</strong></span> <span class='ocrx_word' id='word_1_233' title='bbox 1196 2960 1372 3007; x_wconf 87' lang='lat' dir='ltr'><strong>sancta</strong></span> <span class='ocrx_word' id='word_1_234' title='bbox 1401 2948 1573 3020; x_wconf 87' lang='lat' dir='ltr'><strong>(Psal.</strong></span> <span class='ocrx_word' id='word_1_235' title='bbox 1600 2964 1731 3006; x_wconf 76' lang='lat' dir='ltr'><strong>XLII.</strong></span> <span class='ocrx_word' id='word_1_236' title='bbox 1774 2949 1848 3019; x_wconf 80' lang='grc'><strong>1).</strong></span> <span class='ocrx_word' id='word_1_237' title='bbox 1890 2945 2032 3015; x_wconf 84' lang='lat' dir='ltr'><strong>Quid</strong></span> 
     </span>
    </p>
   </div>
   <div class='ocr_carea' id='block_1_29' title="bbox 439 3040 2032 3118">
    <p class='ocr_par' dir='ltr' id='par_1_29' title="bbox 439 3040 2032 3118">
     <span class='ocr_line' id='line_1_29' title="bbox 439 3040 2032 3118; baseline -0.011 -7"><span class='ocrx_word' id='word_1_238' title='bbox 439 3063 543 3118; x_wconf 88' lang='lat' dir='ltr'><strong>est,</strong></span> <span class='ocrx_word' id='word_1_239' title='bbox 588 3052 778 3107; x_wconf 84' lang='lat' dir='ltr'><strong>.ludica</strong></span> <span class='ocrx_word' id='word_1_240' title='bbox 826 3050 953 3104; x_wconf 86' lang='lat' dir='ltr'><strong>me?</strong></span> <span class='ocrx_word' id='word_1_241' title='bbox 1000 3047 1253 3102; x_wconf 89' lang='lat' dir='ltr'><strong>Discerne</strong></span> <span class='ocrx_word' id='word_1_242' title='bbox 1291 3058 1379 3098; x_wconf 90' lang='lat' dir='ltr'><strong>me</strong></span> <span class='ocrx_word' id='word_1_243' title='bbox 1412 3058 1444 3097; x_wconf 89' lang='lat' dir='ltr'><strong>a</strong></span> <span class='ocrx_word' id='word_1_244' title='bbox 1472 3041 1705 3111; x_wconf 82' lang='lat' dir='ltr'><strong>Ziphaeis</strong></span> <span class='ocrx_word' id='word_1_245' title='bbox 1730 3040 1871 3095; x_wconf 88' lang='lat' dir='ltr'><strong>inter</strong></span> <span class='ocrx_word' id='word_1_246' title='bbox 1897 3052 2032 3108; x_wconf 90' lang='lat' dir='ltr'><strong>quos</strong></span> 
     </span>
    </p>
   </div>
   <div class='ocr_carea' id='block_1_30' title="bbox 440 3131 2029 3215">
    <p class='ocr_par' dir='ltr' id='par_1_30' title="bbox 440 3131 2029 3215">
     <span class='ocr_line' id='line_1_30' title="bbox 440 3131 2029 3215; baseline -0.009 -13"><span class='ocrx_word' id='word_1_247' title='bbox 440 3149 582 3203; x_wconf 85' lang='lat' dir='ltr'><strong>lateo</strong></span> <span class='ocrx_word' id='word_1_248' title='bbox 608 3166 621 3201; x_wconf 91' lang='lat'><strong>:</strong></span> <span class='ocrx_word' id='word_1_249' title='bbox 653 3143 845 3215; x_wconf 85' lang='lat' dir='ltr'><strong>pertuli</strong></span> <span class='ocrx_word' id='word_1_250' title='bbox 867 3155 1053 3196; x_wconf 89' lang='lat' dir='ltr'><strong>eorum</strong></span> <span class='ocrx_word' id='word_1_251' title='bbox 1082 3139 1289 3201; x_wconf 83' lang='lat' dir='ltr'><strong>liorem,</strong></span> <span class='ocrx_word' id='word_1_252' title='bbox 1314 3135 1423 3205; x_wconf 88' lang='lat' dir='ltr'><strong>jam</strong></span> <span class='ocrx_word' id='word_1_253' title='bbox 1454 3133 1633 3188; x_wconf 89' lang='lat' dir='ltr'><strong>veniat</strong></span> <span class='ocrx_word' id='word_1_254' title='bbox 1652 3142 1708 3188; x_wconf 91' lang='lat' dir='ltr'><strong>et</strong></span> <span class='ocrx_word' id='word_1_255' title='bbox 1728 3131 1827 3187; x_wconf 84' lang='lat' dir='ltr'><strong>llos</strong></span> <span class='ocrx_word' id='word_1_256' title='bbox 1856 3144 2029 3187; x_wconf 88' lang='lat' dir='ltr'><strong>meus.</strong></span> 
     </span>
    </p>
   </div>
   <div class='ocr_carea' id='block_1_31' title="bbox 437 3226 2031 3305">
    <p class='ocr_par' dir='ltr' id='par_1_31' title="bbox 437 3226 2031 3305">
     <span class='ocr_line' id='line_1_31' title="bbox 437 3226 2031 3305; baseline -0.01 -9"><span class='ocrx_word' id='word_1_257' title='bbox 437 3242 506 3296; x_wconf 87' lang='lat' dir='ltr'><strong>Et</strong></span> <span class='ocrx_word' id='word_1_258' title='bbox 532 3240 743 3295; x_wconf 91' lang='lat' dir='ltr'><strong>illorum</strong></span> <span class='ocrx_word' id='word_1_259' title='bbox 782 3234 995 3305; x_wconf 90' lang='lat' dir='ltr'><strong>quidem</strong></span> <span class='ocrx_word' id='word_1_260' title='bbox 1027 3231 1124 3286; x_wconf 91' lang='lat' dir='ltr'><strong>llos</strong></span> <span class='ocrx_word' id='word_1_261' title='bbox 1168 3229 1264 3283; x_wconf 90' lang='lat' dir='ltr'><strong>fuit</strong></span> <span class='ocrx_word' id='word_1_262' title='bbox 1290 3226 1621 3297; x_wconf 84' lang='lat' dir='ltr'><strong>temporalis,</strong></span> <span class='ocrx_word' id='word_1_263' title='bbox 1654 3233 1708 3281; x_wconf 92' lang='lat' dir='ltr'><strong>et</strong></span> <span class='ocrx_word' id='word_1_264' title='bbox 1751 3232 2031 3280; x_wconf 89' lang='lat' dir='ltr'><strong>arescente</strong></span> 
     </span>
    </p>
   </div>
   <div class='ocr_carea' id='block_1_32' title="bbox 438 3314 2030 3388">
    <p class='ocr_par' dir='ltr' id='par_1_32' title="bbox 438 3314 2030 3388">
     <span class='ocr_line' id='line_1_32' title="bbox 438 3314 2030 3388; baseline -0.011 -3"><span class='ocrx_word' id='word_1_265' title='bbox 438 3332 561 3387; x_wconf 76' lang='lat' dir='ltr'><strong>leno</strong></span> <span class='ocrx_word' id='word_1_266' title='bbox 593 3328 792 3384; x_wconf 86' lang='lat' dir='ltr'><strong>decidit</strong></span> <span class='ocrx_word' id='word_1_267' title='bbox 828 3343 840 3378; x_wconf 92' lang='lat'><strong>:</strong></span> <span class='ocrx_word' id='word_1_268' title='bbox 874 3324 974 3379; x_wconf 88' lang='lat' dir='ltr'><strong>llos</strong></span> <span class='ocrx_word' id='word_1_269' title='bbox 1010 3331 1188 3377; x_wconf 91' lang='lat' dir='ltr'><strong>autem</strong></span> <span class='ocrx_word' id='word_1_270' title='bbox 1218 3333 1370 3374; x_wconf 92' lang='lat' dir='ltr'><strong>meus</strong></span> <span class='ocrx_word' id='word_1_271' title='bbox 1393 3318 1514 3388; x_wconf 90' lang='lat' dir='ltr'><strong>quis</strong></span> <span class='ocrx_word' id='word_1_272' title='bbox 1537 3316 1677 3373; x_wconf 86' lang='lat' dir='ltr'><strong>erit?</strong></span> <span class='ocrx_word' id='word_1_273' title='bbox 1719 3314 1949 3370; x_wconf 87' lang='lat' dir='ltr'><strong>Plantati</strong></span> <span class='ocrx_word' id='word_1_274' title='bbox 1975 3315 2030 3369; x_wconf 88' lang='lat' dir='ltr'><strong>in</strong></span> 
     </span>
    </p>
   </div>
   <div class='ocr_carea' id='block_1_33' title="bbox 436 3406 2025 3483">
    <p class='ocr_par' dir='ltr' id='par_1_33' title="bbox 436 3406 2025 3483">
     <span class='ocr_line' id='line_1_33' title="bbox 436 3406 2025 3483; baseline -0.009 -5"><span class='ocrx_word' id='word_1_275' title='bbox 436 3424 587 3478; x_wconf 87' lang='lat' dir='ltr'><strong>domo</strong></span> <span class='ocrx_word' id='word_1_276' title='bbox 617 3418 844 3483; x_wconf 86' lang='lat' dir='ltr'><strong>Domini,</strong></span> <span class='ocrx_word' id='word_1_277' title='bbox 870 3417 924 3470; x_wconf 88' lang='lat' dir='ltr'><strong>in</strong></span> <span class='ocrx_word' id='word_1_278' title='bbox 947 3415 1091 3469; x_wconf 87' lang='lat' dir='ltr'><strong>atriis</strong></span> <span class='ocrx_word' id='word_1_279' title='bbox 1107 3413 1283 3466; x_wconf 88' lang='lat' dir='ltr'><strong>domus</strong></span> <span class='ocrx_word' id='word_1_280' title='bbox 1305 3410 1399 3465; x_wconf 88' lang='lat' dir='ltr'><strong>Dei</strong></span> <span class='ocrx_word' id='word_1_281' title='bbox 1413 3409 1573 3465; x_wconf 90' lang='lat' dir='ltr'><strong>nostri</strong></span> <span class='ocrx_word' id='word_1_282' title='bbox 1589 3409 1838 3479; x_wconf 82' lang='lat' dir='ltr'><strong>florebunt</strong></span> <span class='ocrx_word' id='word_1_283' title='bbox 1855 3406 2025 3480; x_wconf 86' lang='lat' dir='ltr'><strong>(Psal.</strong></span> 
     </span>
    </p>
   </div>
   <div class='ocr_carea' id='block_1_34' title="bbox 434 3500 2028 3583">
    <p class='ocr_par' dir='ltr' id='par_1_34' title="bbox 434 3500 2028 3583">
     <span class='ocr_line' id='line_1_34' title="bbox 434 3500 2028 3583; baseline -0.01 -12"><span class='ocrx_word' id='word_1_284' title='bbox 434 3530 543 3583; x_wconf 79' lang='lat' dir='ltr'><strong>XCI,</strong></span> <span class='ocrx_word' id='word_1_285' title='bbox 579 3512 691 3583; x_wconf 68' lang='lat' dir='ltr'><strong>lli).</strong></span> <span class='ocrx_word' id='word_1_286' title='bbox 720 3512 983 3566; x_wconf 80' lang='lat' dir='ltr'><strong>Remanet</strong></span> <span class='ocrx_word' id='word_1_287' title='bbox 1006 3520 1133 3577; x_wconf 84' lang='lat' dir='ltr'><strong>ergo</strong></span> <span class='ocrx_word' id='word_1_288' title='bbox 1160 3513 1215 3560; x_wconf 91' lang='lat' dir='ltr'><strong>et</strong></span> <span class='ocrx_word' id='word_1_289' title='bbox 1240 3502 1391 3558; x_wconf 89' lang='lat' dir='ltr'><strong>nobis</strong></span> <span class='ocrx_word' id='word_1_290' title='bbox 1415 3501 1536 3569; x_wconf 87' lang='lat' dir='ltr'><strong>flos,</strong></span> <span class='ocrx_word' id='word_1_291' title='bbox 1565 3500 1660 3556; x_wconf 90' lang='lat' dir='ltr'><strong>sed</strong></span> <span class='ocrx_word' id='word_1_292' title='bbox 1686 3500 1776 3571; x_wconf 87' lang='lat' dir='ltr'><strong>qui</strong></span> <span class='ocrx_word' id='word_1_293' title='bbox 1806 3516 1910 3554; x_wconf 90' lang='lat' dir='ltr'><strong>nou</strong></span> <span class='ocrx_word' id='word_1_294' title='bbox 1934 3514 2028 3556; x_wconf 85' lang='lat' dir='ltr'><strong>ca-</strong></span> 
     </span>
    </p>
   </div>
   <div class='ocr_carea' id='block_1_35' title="bbox 435 3590 2028 3673">
    <p class='ocr_par' dir='ltr' id='par_1_35' title="bbox 435 3590 2028 3673">
     <span class='ocr_line' id='line_1_35' title="bbox 435 3590 2028 3673; baseline -0.011 -9"><span class='ocrx_word' id='word_1_295' title='bbox 435 3608 546 3673; x_wconf 91' lang='lat' dir='ltr'><strong>dat,</strong></span> <span class='ocrx_word' id='word_1_296' title='bbox 576 3606 713 3665; x_wconf 89' lang='lat' dir='ltr'><strong>sicut</strong></span> <span class='ocrx_word' id='word_1_297' title='bbox 742 3602 925 3657; x_wconf 79' lang='lat' dir='ltr'><strong>folium</strong></span> <span class='ocrx_word' id='word_1_298' title='bbox 967 3597 1187 3667; x_wconf 87' lang='lat' dir='ltr'><strong>plantati</strong></span> <span class='ocrx_word' id='word_1_299' title='bbox 1237 3595 1377 3649; x_wconf 92' lang='lat' dir='ltr'><strong>illius</strong></span> <span class='ocrx_word' id='word_1_300' title='bbox 1407 3593 1531 3663; x_wconf 87' lang='lat' dir='ltr'><strong>ligni</strong></span> <span class='ocrx_word' id='word_1_301' title='bbox 1558 3592 1707 3663; x_wconf 77' lang='lat' dir='ltr'><strong>juxta</strong></span> <span class='ocrx_word' id='word_1_302' title='bbox 1732 3604 1916 3661; x_wconf 86' lang='lat' dir='ltr'><strong>aquas,</strong></span> <span class='ocrx_word' id='word_1_303' title='bbox 1959 3590 2028 3646; x_wconf 87' lang='lat' dir='ltr'><strong>de</strong></span> 
     </span>
    </p>
   </div>
   <div class='ocr_carea' id='block_1_36' title="bbox 434 3683 2024 3772">
    <p class='ocr_par' dir='ltr' id='par_1_36' title="bbox 434 3683 2024 3772">
     <span class='ocr_line' id='line_1_36' title="bbox 434 3683 2024 3772; baseline -0.013 -15"><span class='ocrx_word' id='word_1_304' title='bbox 434 3717 540 3772; x_wconf 90' lang='lat' dir='ltr'><strong>quo</strong></span> <span class='ocrx_word' id='word_1_305' title='bbox 566 3700 764 3755; x_wconf 88' lang='lat' dir='ltr'><strong>dictum</strong></span> <span class='ocrx_word' id='word_1_306' title='bbox 804 3705 887 3750; x_wconf 89' lang='lat' dir='ltr'><strong>est</strong></span> <span class='ocrx_word' id='word_1_307' title='bbox 919 3712 931 3747; x_wconf 91' lang='lat'>:</span> <span class='ocrx_word' id='word_1_308' title='bbox 966 3691 1029 3746; x_wconf 79' lang='lat' dir='ltr'><strong>Et</strong></span> <span class='ocrx_word' id='word_1_309' title='bbox 1065 3691 1245 3762; x_wconf 77' lang='lat' dir='ltr'><strong>folium</strong></span> <span class='ocrx_word' id='word_1_310' title='bbox 1282 3689 1392 3758; x_wconf 84' lang='lat' dir='ltr'><strong>ejus</strong></span> <span class='ocrx_word' id='word_1_311' title='bbox 1421 3702 1521 3739; x_wconf 89' lang='lat' dir='ltr'><strong>non</strong></span> <span class='ocrx_word' id='word_1_312' title='bbox 1547 3684 1740 3739; x_wconf 81' lang='lat' dir='ltr'><strong>decidet</strong></span> <span class='ocrx_word' id='word_1_313' title='bbox 1783 3683 1954 3755; x_wconf 87' lang='lat' dir='ltr'><strong>(Psal.</strong></span> <span class='ocrx_word' id='word_1_314' title='bbox 1987 3699 2024 3750; x_wconf 92' lang='grc' dir='ltr'><strong>ι,</strong></span> 
     </span>
    </p>
   </div>
   <div class='ocr_carea' id='block_1_37' title="bbox 434 3777 2029 3866">
    <p class='ocr_par' dir='ltr' id='par_1_37' title="bbox 434 3777 2029 3866">
     <span class='ocr_line' id='line_1_37' title="bbox 434 3777 2029 3866; baseline -0.012 -15"><span class='ocrx_word' id='word_1_315' title='bbox 434 3795 511 3866; x_wconf 80' lang='grc'><strong>5).</strong></span> <span class='ocrx_word' id='word_1_316' title='bbox 538 3793 672 3847; x_wconf 90' lang='lat' dir='ltr'><strong>Deus</strong></span> <span class='ocrx_word' id='word_1_317' title='bbox 694 3804 820 3859; x_wconf 85' lang='lat' dir='ltr'><strong>ergo</strong></span> <span class='ocrx_word' id='word_1_318' title='bbox 843 3790 897 3841; x_wconf 89' lang='lat' dir='ltr'><strong>in</strong></span> <span class='ocrx_word' id='word_1_319' title='bbox 920 3784 1122 3840; x_wconf 86' lang='lat' dir='ltr'><strong>nomine</strong></span> <span class='ocrx_word' id='word_1_320' title='bbox 1148 3793 1233 3837; x_wconf 89' lang='lat' dir='ltr'><strong>tuo</strong></span> <span class='ocrx_word' id='word_1_321' title='bbox 1253 3779 1448 3836; x_wconf 75' lang='lat' dir='ltr'><strong>saluum</strong></span> <span class='ocrx_word' id='word_1_322' title='bbox 1468 3794 1548 3833; x_wconf 88' lang='lat' dir='ltr'><strong>me</strong></span> <span class='ocrx_word' id='word_1_323' title='bbox 1575 3778 1678 3849; x_wconf 78' lang='lat' dir='ltr'><strong>fac,</strong></span> <span class='ocrx_word' id='word_1_324' title='bbox 1708 3787 1756 3832; x_wconf 88' lang='lat' dir='ltr'><strong>et</strong></span> <span class='ocrx_word' id='word_1_325' title='bbox 1775 3778 1829 3832; x_wconf 90' lang='lat' dir='ltr'><strong>in</strong></span> <span class='ocrx_word' id='word_1_326' title='bbox 1847 3777 2029 3832; x_wconf 80' lang='lat' dir='ltr'><strong>virtute</strong></span> 
     </span>
    </p>
   </div>
   <div class='ocr_carea' id='block_1_38' title="bbox 435 3883 1821 3955">
    <p class='ocr_par' dir='ltr' id='par_1_38' title="bbox 435 3883 1821 3955">
     <span class='ocr_line' id='line_1_38' title="bbox 435 3883 1821 3955; baseline -0.004 -15"><span class='ocrx_word' id='word_1_327' title='bbox 435 3896 522 3940; x_wconf 89' lang='lat' dir='ltr'><strong>tua</strong></span> <span class='ocrx_word' id='word_1_328' title='bbox 536 3883 715 3955; x_wconf 77' lang='lat' dir='ltr'><strong>judica</strong></span> <span class='ocrx_word' id='word_1_329' title='bbox 738 3895 835 3933; x_wconf 86' lang='lat' dir='ltr'><strong>me.</strong></span> <span class='ocrx_word' id='word_1_330' title='bbox 1817 3930 1821 3934; x_wconf 77' lang='lat'><strong>.</strong></span> 
     </span>
    </p>
   </div>
   <div class='ocr_carea' id='block_1_39' title="bbox 506 3960 2026 4048">
    <p class='ocr_par' dir='ltr' id='par_1_39' title="bbox 506 3960 2026 4048">
     <span class='ocr_line' id='line_1_39' title="bbox 506 3960 2026 4048; baseline -0.01 -18"><span class='ocrx_word' id='word_1_331' title='bbox 506 3977 559 4031; x_wconf 81' lang='lat'><strong>5.</strong></span> <span class='ocrx_word' id='word_1_332' title='bbox 586 3974 738 4048; x_wconf 74' lang='grc' dir='ltr'><strong>[νει-δ.</strong></span> <span class='ocrx_word' id='word_1_333' title='bbox 768 3968 847 4041; x_wconf 76' lang='grc'><strong>4.]</strong></span> <span class='ocrx_word' id='word_1_334' title='bbox 878 3967 1036 4031; x_wconf 87' lang='lat' dir='ltr'><strong>Deus,</strong></span> <span class='ocrx_word' id='word_1_335' title='bbox 1066 3964 1254 4021; x_wconf 69' lang='lat' dir='ltr'><strong>exaudi</strong></span> <span class='ocrx_word' id='word_1_336' title='bbox 1278 3963 1556 4018; x_wconf 89' lang='lat' dir='ltr'><strong>orationem</strong></span> <span class='ocrx_word' id='word_1_337' title='bbox 1590 3977 1788 4028; x_wconf 86' lang='lat' dir='ltr'><strong>meam;</strong></span> <span class='ocrx_word' id='word_1_338' title='bbox 1816 3960 2026 4015; x_wconf 86' lang='lat' dir='ltr'><strong>auribus</strong></span> 
     </span>
    </p>
   </div>
   <div class='ocr_carea' id='block_1_40' title="bbox 436 4053 2023 4140">
    <p class='ocr_par' dir='ltr' id='par_1_40' title="bbox 436 4053 2023 4140">
     <span class='ocr_line' id='line_1_40' title="bbox 436 4053 2023 4140; baseline -0.009 -16"><span class='ocrx_word' id='word_1_339' title='bbox 436 4068 639 4140; x_wconf 78' lang='lat' dir='ltr'><strong>percipe</strong></span> <span class='ocrx_word' id='word_1_340' title='bbox 664 4062 812 4118; x_wconf 81' lang='lat' dir='ltr'><strong>verba</strong></span> <span class='ocrx_word' id='word_1_341' title='bbox 835 4062 937 4116; x_wconf 86' lang='lat' dir='ltr'><strong>oris</strong></span> <span class='ocrx_word' id='word_1_342' title='bbox 960 4059 1075 4115; x_wconf 88' lang='lat' dir='ltr'><strong>mei.</strong></span> <span class='ocrx_word' id='word_1_343' title='bbox 1104 4055 1424 4114; x_wconf 86' lang='lat' dir='ltr'><strong>Pervenianl</strong></span> <span class='ocrx_word' id='word_1_344' title='bbox 1442 4055 1512 4111; x_wconf 90' lang='lat' dir='ltr'><strong>ad</strong></span> <span class='ocrx_word' id='word_1_345' title='bbox 1538 4069 1696 4109; x_wconf 87' lang='lat' dir='ltr'><strong>aures</strong></span> <span class='ocrx_word' id='word_1_346' title='bbox 1718 4063 1833 4110; x_wconf 89' lang='lat' dir='ltr'><strong>tuas</strong></span> <span class='ocrx_word' id='word_1_347' title='bbox 1860 4053 2023 4110; x_wconf 85' lang='lat' dir='ltr'><strong>verba</strong></span> 
     </span>
    </p>
   </div>
   <div class='ocr_carea' id='block_1_41' title="bbox 434 4146 2021 4227">
    <p class='ocr_par' dir='ltr' id='par_1_41' title="bbox 434 4146 2021 4227">
     <span class='ocr_line' id='line_1_41' title="bbox 434 4146 2021 4227; baseline -0.01 -11"><span class='ocrx_word' id='word_1_348' title='bbox 434 4161 547 4216; x_wconf 89' lang='lat' dir='ltr'><strong>oris</strong></span> <span class='ocrx_word' id='word_1_349' title='bbox 574 4162 699 4225; x_wconf 88' lang='lat' dir='ltr'><strong>mei,</strong></span> <span class='ocrx_word' id='word_1_350' title='bbox 726 4156 848 4227; x_wconf 90' lang='lat' dir='ltr'><strong>quia</strong></span> <span class='ocrx_word' id='word_1_351' title='bbox 878 4168 985 4209; x_wconf 91' lang='lat' dir='ltr'><strong>non</strong></span> <span class='ocrx_word' id='word_1_352' title='bbox 1023 4150 1210 4206; x_wconf 86' lang='lat' dir='ltr'><strong>florent</strong></span> <span class='ocrx_word' id='word_1_353' title='bbox 1238 4147 1577 4220; x_wconf 71' lang='lat' dir='ltr'><strong>Ziphatorum</strong></span> <span class='ocrx_word' id='word_1_354' title='bbox 1607 4163 1637 4202; x_wconf 92' lang='lat' dir='ltr'><strong>a</strong></span> <span class='ocrx_word' id='word_1_355' title='bbox 1676 4156 1729 4203; x_wconf 90' lang='lat' dir='ltr'><strong>te</strong></span> <span class='ocrx_word' id='word_1_356' title='bbox 1752 4146 2021 4203; x_wconf 85' lang='lat' dir='ltr'><strong>desidero.</strong></span> 
     </span>
    </p>
   </div>
   <div class='ocr_carea' id='block_1_42' title="bbox 435 4240 2025 4320">
    <p class='ocr_par' dir='ltr' id='par_1_42' title="bbox 435 4240 2025 4320">
     <span class='ocr_line' id='line_1_42' title="bbox 435 4240 2025 4320; baseline -0.009 -11"><span class='ocrx_word' id='word_1_357' title='bbox 435 4251 654 4308; x_wconf 77' lang='lat' dir='ltr'><strong>Auribus</strong></span> <span class='ocrx_word' id='word_1_358' title='bbox 690 4249 890 4320; x_wconf 82' lang='lat' dir='ltr'><strong>percipe</strong></span> <span class='ocrx_word' id='word_1_359' title='bbox 927 4244 1077 4301; x_wconf 84' lang='lat' dir='ltr'><strong>verba</strong></span> <span class='ocrx_word' id='word_1_360' title='bbox 1102 4243 1204 4298; x_wconf 84' lang='lat' dir='ltr'><strong>oris</strong></span> <span class='ocrx_word' id='word_1_361' title='bbox 1243 4243 1383 4297; x_wconf 90' lang='lat' dir='ltr'><strong>mei:</strong></span> <span class='ocrx_word' id='word_1_362' title='bbox 1409 4250 1465 4297; x_wconf 88' lang='lat' dir='ltr'><strong>tu</strong></span> <span class='ocrx_word' id='word_1_363' title='bbox 1491 4240 1705 4312; x_wconf 90' lang='lat' dir='ltr'><strong>percipe</strong></span> <span class='ocrx_word' id='word_1_364' title='bbox 1732 4258 1746 4307; x_wconf 90' lang='lat'><strong>;</strong></span> <span class='ocrx_word' id='word_1_365' title='bbox 1770 4255 1893 4295; x_wconf 88' lang='lat' dir='ltr'><strong>nam</strong></span> <span class='ocrx_word' id='word_1_366' title='bbox 1937 4240 2025 4294; x_wconf 83' lang='lat' dir='ltr'><strong>Zi-</strong></span> 
     </span>
    </p>
   </div>
   <div class='ocr_carea' id='block_1_43' title="bbox 436 4332 2023 4415">
    <p class='ocr_par' dir='ltr' id='par_1_43' title="bbox 436 4332 2023 4415">
     <span class='ocr_line' id='line_1_43' title="bbox 436 4332 2023 4415; baseline -0.008 -15"><span class='ocrx_word' id='word_1_367' title='bbox 436 4344 601 4415; x_wconf 83' lang='lat' dir='ltr'><strong>phaeis</strong></span> <span class='ocrx_word' id='word_1_368' title='bbox 629 4343 727 4397; x_wconf 87' lang='lat' dir='ltr'><strong>etsi</strong></span> <span class='ocrx_word' id='word_1_369' title='bbox 760 4345 916 4394; x_wconf 89' lang='lat' dir='ltr'><strong>sonet</strong></span> <span class='ocrx_word' id='word_1_370' title='bbox 953 4334 1126 4392; x_wconf 87' lang='lat' dir='ltr'><strong>oratio</strong></span> <span class='ocrx_word' id='word_1_371' title='bbox 1156 4349 1272 4390; x_wconf 87' lang='lat' dir='ltr'><strong>mea</strong></span> <span class='ocrx_word' id='word_1_372' title='bbox 1299 4376 1314 4398; x_wconf 90' lang='lat'><strong>,</strong></span> <span class='ocrx_word' id='word_1_373' title='bbox 1346 4348 1452 4388; x_wconf 92' lang='lat' dir='ltr'><strong>non</strong></span> <span class='ocrx_word' id='word_1_374' title='bbox 1482 4332 1735 4398; x_wconf 87' lang='lat' dir='ltr'><strong>audiunt,</strong></span> <span class='ocrx_word' id='word_1_375' title='bbox 1765 4333 1887 4404; x_wconf 86' lang='lat' dir='ltr'><strong>quia</strong></span> <span class='ocrx_word' id='word_1_376' title='bbox 1915 4347 2023 4388; x_wconf 92' lang='lat' dir='ltr'><strong>non</strong></span> 
     </span>
    </p>
   </div>
   <div class='ocr_carea' id='block_1_44' title="bbox 436 4424 2021 4506">
    <p class='ocr_par' dir='ltr' id='par_1_44' title="bbox 436 4424 2021 4506">
     <span class='ocr_line' id='line_1_44' title="bbox 436 4424 2021 4506; baseline -0.009 -12"><span class='ocrx_word' id='word_1_377' title='bbox 436 4436 757 4506; x_wconf 87' lang='lat' dir='ltr'><strong>intelligunt.</strong></span> <span class='ocrx_word' id='word_1_378' title='bbox 830 4427 1238 4499; x_wconf 86' lang='lat' dir='ltr'><strong>Temporalibus</strong></span> <span class='ocrx_word' id='word_1_379' title='bbox 1300 4426 1498 4495; x_wconf 90' lang='lat' dir='ltr'><strong>quippe</strong></span> <span class='ocrx_word' id='word_1_380' title='bbox 1562 4424 1826 4496; x_wconf 84' lang='lat' dir='ltr'><strong>gaudent,</strong></span> <span class='ocrx_word' id='word_1_381' title='bbox 1885 4426 2021 4482; x_wconf 88' lang='lat' dir='ltr'><strong>bona</strong></span> 
     </span>
    </p>
   </div>
   <div class='ocr_carea' id='block_1_45' title="bbox 433 4517 2021 4588">
    <p class='ocr_par' dir='ltr' id='par_1_45' title="bbox 433 4517 2021 4588">
     <span class='ocr_line' id='line_1_45' title="bbox 433 4517 2021 4588; baseline -0.011 0"><span class='ocrx_word' id='word_1_382' title='bbox 433 4543 635 4588; x_wconf 65' lang='lat' dir='ltr'><strong>aeterna</strong></span> <span class='ocrx_word' id='word_1_383' title='bbox 663 4524 970 4580; x_wconf 86' lang='lat' dir='ltr'><strong>desiderare</strong></span> <span class='ocrx_word' id='word_1_384' title='bbox 999 4537 1103 4576; x_wconf 85' lang='lat' dir='ltr'><strong>non</strong></span> <span class='ocrx_word' id='word_1_385' title='bbox 1129 4526 1345 4576; x_wconf 83' lang='lat' dir='ltr'><strong>norunt.</strong></span> <span class='ocrx_word' id='word_1_386' title='bbox 1396 4517 1475 4571; x_wconf 82' lang='lat' dir='ltr'><strong>Ad</strong></span> <span class='ocrx_word' id='word_1_387' title='bbox 1515 4525 1567 4573; x_wconf 92' lang='lat' dir='ltr'><strong>te</strong></span> <span class='ocrx_word' id='word_1_388' title='bbox 1595 4517 1869 4588; x_wconf 88' lang='lat' dir='ltr'><strong>perveniat</strong></span> <span class='ocrx_word' id='word_1_389' title='bbox 1896 4533 2021 4571; x_wconf 87' lang='lat' dir='ltr'><strong>ora-</strong></span> 
     </span>
    </p>
   </div>
   <div class='ocr_carea' id='block_1_46' title="bbox 433 4610 2019 4687">
    <p class='ocr_par' dir='ltr' id='par_1_46' title="bbox 433 4610 2019 4687">
     <span class='ocr_line' id='line_1_46' title="bbox 433 4610 2019 4687; baseline -0.009 -8"><span class='ocrx_word' id='word_1_390' title='bbox 433 4623 508 4679; x_wconf 93' lang='lat' dir='ltr'><strong>tio</strong></span> <span class='ocrx_word' id='word_1_391' title='bbox 535 4636 652 4676; x_wconf 89' lang='lat' dir='ltr'><strong>mea</strong></span> <span class='ocrx_word' id='word_1_392' title='bbox 682 4661 699 4687; x_wconf 96' lang='lat'><strong>,</strong></span> <span class='ocrx_word' id='word_1_393' title='bbox 725 4633 794 4673; x_wconf 82' lang='lat' dir='ltr'><strong>ex</strong></span> <span class='ocrx_word' id='word_1_394' title='bbox 818 4613 1085 4671; x_wconf 90' lang='lat' dir='ltr'><strong>desiderio</strong></span> <span class='ocrx_word' id='word_1_395' title='bbox 1121 4620 1445 4667; x_wconf 64' lang='lat' dir='ltr'><strong>aeternorum</strong></span> <span class='ocrx_word' id='word_1_396' title='bbox 1478 4616 1690 4665; x_wconf 91' lang='lat' dir='ltr'><strong>tuorum</strong></span> <span class='ocrx_word' id='word_1_397' title='bbox 1728 4610 2019 4666; x_wconf 80' lang='lat' dir='ltr'><strong>beneﬁcio-</strong></span> 
     </span>
    </p>
   </div>
   <div class='ocr_carea' id='block_1_47' title="bbox 431 4704 2018 4777">
    <p class='ocr_par' dir='ltr' id='par_1_47' title="bbox 431 4704 2018 4777">
     <span class='ocr_line' id='line_1_47' title="bbox 431 4704 2018 4777; baseline -0.009 -5"><span class='ocrx_word' id='word_1_398' title='bbox 431 4731 551 4772; x_wconf 89' lang='lat' dir='ltr'><strong>rum</strong></span> <span class='ocrx_word' id='word_1_399' title='bbox 583 4724 806 4769; x_wconf 83' lang='lat' dir='ltr'><strong>excussa</strong></span> <span class='ocrx_word' id='word_1_400' title='bbox 835 4717 890 4763; x_wconf 93' lang='lat' dir='ltr'><strong>et</strong></span> <span class='ocrx_word' id='word_1_401' title='bbox 906 4707 1136 4777; x_wconf 89' lang='lat' dir='ltr'><strong>jaculata</strong></span> <span class='ocrx_word' id='word_1_402' title='bbox 1165 4723 1178 4759; x_wconf 88' lang='lat'><strong>:</strong></span> <span class='ocrx_word' id='word_1_403' title='bbox 1215 4705 1280 4759; x_wconf 89' lang='lat' dir='ltr'><strong>ad</strong></span> <span class='ocrx_word' id='word_1_404' title='bbox 1312 4719 1471 4759; x_wconf 86' lang='lat' dir='ltr'><strong>aures</strong></span> <span class='ocrx_word' id='word_1_405' title='bbox 1500 4715 1619 4759; x_wconf 89' lang='lat' dir='ltr'><strong>tuas</strong></span> <span class='ocrx_word' id='word_1_406' title='bbox 1644 4704 1834 4760; x_wconf 88' lang='lat' dir='ltr'><strong>emitto</strong></span> <span class='ocrx_word' id='word_1_407' title='bbox 1862 4720 2018 4770; x_wconf 87' lang='lat' dir='ltr'><strong>eam;</strong></span> 
     </span>
    </p>
   </div>
   <div class='ocr_carea' id='block_1_48' title="bbox 431 4795 2022 4877">
    <p class='ocr_par' dir='ltr' id='par_1_48' title="bbox 431 4795 2022 4877">
     <span class='ocr_line' id='line_1_48' title="bbox 431 4795 2022 4877; baseline -0.007 -15"><span class='ocrx_word' id='word_1_408' title='bbox 431 4807 623 4877; x_wconf 89' lang='lat' dir='ltr'><strong>adjuva</strong></span> <span class='ocrx_word' id='word_1_409' title='bbox 652 4817 770 4858; x_wconf 89' lang='lat' dir='ltr'><strong>eam</strong></span> <span class='ocrx_word' id='word_1_410' title='bbox 797 4810 855 4855; x_wconf 91' lang='lat' dir='ltr'><strong>ut</strong></span> <span class='ocrx_word' id='word_1_411' title='bbox 882 4797 1157 4870; x_wconf 87' lang='lat' dir='ltr'><strong>perveniat</strong></span> <span class='ocrx_word' id='word_1_412' title='bbox 1182 4837 1198 4863; x_wconf 95' lang='lat'><strong>,</strong></span> <span class='ocrx_word' id='word_1_413' title='bbox 1227 4811 1296 4851; x_wconf 91' lang='lat' dir='ltr'><strong>ne</strong></span> <span class='ocrx_word' id='word_1_414' title='bbox 1322 4795 1535 4850; x_wconf 86' lang='lat' dir='ltr'><strong>deliciat</strong></span> <span class='ocrx_word' id='word_1_415' title='bbox 1576 4797 1628 4850; x_wconf 87' lang='lat' dir='ltr'><strong>in</strong></span> <span class='ocrx_word' id='word_1_416' title='bbox 1674 4796 1867 4852; x_wconf 89' lang='lat' dir='ltr'><strong>itinere</strong></span> <span class='ocrx_word' id='word_1_417' title='bbox 1907 4812 2022 4851; x_wconf 90' lang='lat' dir='ltr'><strong>me-</strong></span> 
     </span>
    </p>
   </div>
   <div class='ocr_carea' id='block_1_49' title="bbox 431 4888 2021 4966">
    <p class='ocr_par' dir='ltr' id='par_1_49' title="bbox 431 4888 2021 4966">
     <span class='ocr_line' id='line_1_49' title="bbox 431 4888 2021 4966; baseline -0.005 -11"><span class='ocrx_word' id='word_1_418' title='bbox 431 4900 544 4960; x_wconf 91' lang='lat' dir='ltr'><strong>dio.</strong></span> <span class='ocrx_word' id='word_1_419' title='bbox 586 4905 641 4952; x_wconf 88' lang='lat' dir='ltr'><strong>et</strong></span> <span class='ocrx_word' id='word_1_420' title='bbox 686 4894 835 4966; x_wconf 88' lang='lat' dir='ltr'><strong>quasi</strong></span> <span class='ocrx_word' id='word_1_421' title='bbox 884 4893 1115 4962; x_wconf 89' lang='lat' dir='ltr'><strong>collapsa</strong></span> <span class='ocrx_word' id='word_1_422' title='bbox 1153 4897 1390 4946; x_wconf 87' lang='lat' dir='ltr'><strong>corruat.</strong></span> <span class='ocrx_word' id='word_1_423' title='bbox 1430 4888 1537 4944; x_wconf 90' lang='lat' dir='ltr'><strong>Sed</strong></span> <span class='ocrx_word' id='word_1_424' title='bbox 1586 4888 1686 4945; x_wconf 86' lang='lat' dir='ltr'><strong>etsi</strong></span> <span class='ocrx_word' id='word_1_425' title='bbox 1732 4905 1837 4943; x_wconf 87' lang='lat' dir='ltr'><strong>non</strong></span> <span class='ocrx_word' id='word_1_426' title='bbox 1887 4890 2021 4947; x_wconf 88' lang='lat' dir='ltr'><strong>mihi</strong></span> 
     </span>
    </p>
   </div>
   <div class='ocr_carea' id='block_1_50' title="bbox 430 4981 2019 5052">
    <p class='ocr_par' dir='ltr' id='par_1_50' title="bbox 430 4981 2019 5052">
     <span class='ocr_line' id='line_1_50' title="bbox 430 4981 2019 5052; baseline -0.005 -7"><span class='ocrx_word' id='word_1_427' title='bbox 430 4989 685 5045; x_wconf 89' lang='lat' dir='ltr'><strong>eveniunt</strong></span> <span class='ocrx_word' id='word_1_428' title='bbox 710 4984 870 5041; x_wconf 92' lang='lat' dir='ltr'><strong>modo</strong></span> <span class='ocrx_word' id='word_1_429' title='bbox 890 4984 1025 5037; x_wconf 89' lang='lat' dir='ltr'><strong>bona</strong></span> <span class='ocrx_word' id='word_1_430' title='bbox 1053 4998 1173 5052; x_wconf 72' lang='lat' dir='ltr'><strong>qua:</strong></span> <span class='ocrx_word' id='word_1_431' title='bbox 1197 4981 1427 5052; x_wconf 84' lang='lat' dir='ltr'><strong>postulo,</strong></span> <span class='ocrx_word' id='word_1_432' title='bbox 1457 4995 1677 5036; x_wconf 74' lang='lat' dir='ltr'><strong>securus</strong></span> <span class='ocrx_word' id='word_1_433' title='bbox 1696 4996 1815 5036; x_wconf 91' lang='lat' dir='ltr'><strong>sum</strong></span> <span class='ocrx_word' id='word_1_434' title='bbox 1842 4990 2019 5037; x_wconf 89' lang='lat' dir='ltr'><strong>tamen</strong></span> 
     </span>
    </p>
   </div>
   <div class='ocr_carea' id='block_1_51' title="bbox 430 5071 2020 5155">
    <p class='ocr_par' dir='ltr' id='par_1_51' title="bbox 430 5071 2020 5155">
     <span class='ocr_line' id='line_1_51' title="bbox 430 5071 2020 5155; baseline -0.006 -18"><span class='ocrx_word' id='word_1_435' title='bbox 430 5083 556 5155; x_wconf 87' lang='lat' dir='ltr'><strong>quia</strong></span> <span class='ocrx_word' id='word_1_436' title='bbox 578 5087 761 5150; x_wconf 90' lang='lat' dir='ltr'><strong>postea</strong></span> <span class='ocrx_word' id='word_1_437' title='bbox 807 5074 1037 5131; x_wconf 87' lang='lat' dir='ltr'><strong>venient.</strong></span> <span class='ocrx_word' id='word_1_438' title='bbox 1068 5073 1200 5129; x_wconf 89' lang='lat' dir='ltr'><strong>Nam</strong></span> <span class='ocrx_word' id='word_1_439' title='bbox 1246 5083 1301 5128; x_wconf 92' lang='lat' dir='ltr'><strong>et</strong></span> <span class='ocrx_word' id='word_1_440' title='bbox 1341 5073 1393 5127; x_wconf 91' lang='lat' dir='ltr'><strong>in</strong></span> <span class='ocrx_word' id='word_1_441' title='bbox 1440 5072 1649 5128; x_wconf 89' lang='lat' dir='ltr'><strong>delictis</strong></span> <span class='ocrx_word' id='word_1_442' title='bbox 1675 5071 1870 5127; x_wconf 90' lang='lat' dir='ltr'><strong>dicitur</strong></span> <span class='ocrx_word' id='word_1_443' title='bbox 1896 5074 2020 5144; x_wconf 89' lang='lat' dir='ltr'><strong>qui-</strong></span> 
     </span>
    </p>
   </div>
   <div class='ocr_carea' id='block_1_52' title="bbox 432 5163 2023 5247">
    <p class='ocr_par' dir='ltr' id='par_1_52' title="bbox 432 5163 2023 5247">
     <span class='ocr_line' id='line_1_52' title="bbox 432 5163 2023 5247; baseline -0.006 -17"><span class='ocrx_word' id='word_1_444' title='bbox 432 5174 554 5230; x_wconf 86' lang='lat' dir='ltr'><strong>dam</strong></span> <span class='ocrx_word' id='word_1_445' title='bbox 582 5182 802 5241; x_wconf 88' lang='lat' dir='ltr'><strong>rogasse</strong></span> <span class='ocrx_word' id='word_1_446' title='bbox 832 5167 997 5247; x_wconf 84' lang='lat' dir='ltr'><strong>Deum</strong></span> <span class='ocrx_word' id='word_1_447' title='bbox 1022 5205 1037 5228; x_wconf 93' lang='lat'><strong>,</strong></span> <span class='ocrx_word' id='word_1_448' title='bbox 1068 5172 1124 5218; x_wconf 92' lang='lat' dir='ltr'><strong>et</strong></span> <span class='ocrx_word' id='word_1_449' title='bbox 1150 5178 1254 5219; x_wconf 91' lang='lat' dir='ltr'><strong>non</strong></span> <span class='ocrx_word' id='word_1_450' title='bbox 1300 5163 1579 5218; x_wconf 82' lang='lat' dir='ltr'><strong>exauditus</strong></span> <span class='ocrx_word' id='word_1_451' title='bbox 1607 5164 1748 5219; x_wconf 86' lang='lat' dir='ltr'><strong>bono</strong></span> <span class='ocrx_word' id='word_1_452' title='bbox 1772 5178 1890 5219; x_wconf 92' lang='lat' dir='ltr'><strong>suo.</strong></span> <span class='ocrx_word' id='word_1_453' title='bbox 1917 5164 2023 5220; x_wconf 88' lang='lat' dir='ltr'><strong>De-</strong></span> 
     </span>
    </p>
   </div>
   <div class='ocr_carea' id='block_1_53' title="bbox 433 5255 2019 5322">
    <p class='ocr_par' dir='ltr' id='par_1_53' title="bbox 433 5255 2019 5322">
     <span class='ocr_line' id='line_1_53' title="bbox 433 5255 2019 5322; baseline -0.005 -2"><span class='ocrx_word' id='word_1_454' title='bbox 433 5265 629 5322; x_wconf 79' lang='lat' dir='ltr'><strong>sideria</strong></span> <span class='ocrx_word' id='word_1_455' title='bbox 674 5263 818 5317; x_wconf 86' lang='lat' dir='ltr'><strong>enim</strong></span> <span class='ocrx_word' id='word_1_456' title='bbox 866 5257 1140 5314; x_wconf 65' lang='lat' dir='ltr'><strong>saecularia</strong></span> <span class='ocrx_word' id='word_1_457' title='bbox 1185 5256 1538 5312; x_wconf 81' lang='lat' dir='ltr'><strong>incitaverant</strong></span> <span class='ocrx_word' id='word_1_458' title='bbox 1576 5256 1725 5311; x_wconf 91' lang='lat' dir='ltr'><strong>illum</strong></span> <span class='ocrx_word' id='word_1_459' title='bbox 1764 5255 1830 5311; x_wconf 90' lang='lat' dir='ltr'><strong>ad</strong></span> <span class='ocrx_word' id='word_1_460' title='bbox 1856 5270 2019 5312; x_wconf 91' lang='lat' dir='ltr'><strong>oran-</strong></span> 
     </span>
    </p>
   </div>
   <div class='ocr_carea' id='block_1_54' title="bbox 432 5336 2020 5422">
    <p class='ocr_par' dir='ltr' id='par_1_54' title="bbox 432 5336 2020 5422">
     <span class='ocr_line' id='line_1_54' title="bbox 432 5336 2020 5422; baseline -0.005 -9"><span class='ocrx_word' id='word_1_461' title='bbox 432 5359 600 5422; x_wconf 86' lang='lat' dir='ltr'><strong>dum;</strong></span> <span class='ocrx_word' id='word_1_462' title='bbox 647 5364 702 5411; x_wconf 89' lang='lat' dir='ltr'><strong>et</strong></span> <span class='ocrx_word' id='word_1_463' title='bbox 757 5355 810 5409; x_wconf 91' lang='lat' dir='ltr'><strong>in</strong></span> <span class='ocrx_word' id='word_1_464' title='bbox 862 5336 1716 5419; x_wconf 62' lang='lat' dir='ltr'><strong>tribulationibustemporalibus</strong></span> <span class='ocrx_word' id='word_1_465' title='bbox 1770 5350 2020 5419; x_wconf 86' lang='lat' dir='ltr'><strong>positus,</strong></span> 
     </span>
    </p>
   </div>
   <div class='ocr_carea' id='block_1_55' title="bbox 431 5442 2021 5523">
    <p class='ocr_par' dir='ltr' id='par_1_55' title="bbox 431 5442 2021 5523">
     <span class='ocr_line' id='line_1_55' title="bbox 431 5442 2021 5523; baseline -0.004 -18"><span class='ocrx_word' id='word_1_466' title='bbox 431 5458 712 5521; x_wconf 82' lang='lat' dir='ltr'><strong>optaverat</strong></span> <span class='ocrx_word' id='word_1_467' title='bbox 751 5455 810 5502; x_wconf 93' lang='lat' dir='ltr'><strong>ut</strong></span> <span class='ocrx_word' id='word_1_468' title='bbox 849 5443 1143 5501; x_wconf 87' lang='lat' dir='ltr'><strong>transirent</strong></span> <span class='ocrx_word' id='word_1_469' title='bbox 1185 5442 1557 5500; x_wconf 89' lang='lat' dir='ltr'><strong>tribulationes</strong></span> <span class='ocrx_word' id='word_1_470' title='bbox 1600 5442 1922 5523; x_wconf 73' lang='lat' dir='ltr'><strong>temporales</strong></span> <span class='ocrx_word' id='word_1_471' title='bbox 1966 5452 2021 5498; x_wconf 92' lang='lat' dir='ltr'><strong>ct</strong></span> 
     </span>
    </p>
   </div>
   <div class='ocr_carea' id='block_1_56' title="bbox 430 5534 2021 5604">
    <p class='ocr_par' dir='ltr' id='par_1_56' title="bbox 430 5534 2021 5604">
     <span class='ocr_line' id='line_1_56' title="bbox 430 5534 2021 5604; baseline -0.006 -5"><span class='ocrx_word' id='word_1_472' title='bbox 430 5543 631 5599; x_wconf 86' lang='lat' dir='ltr'><strong>rediret</strong></span> <span class='ocrx_word' id='word_1_473' title='bbox 656 5540 753 5594; x_wconf 82' lang='lat' dir='ltr'><strong>llos</strong></span> <span class='ocrx_word' id='word_1_474' title='bbox 780 5538 925 5604; x_wconf 89' lang='lat' dir='ltr'><strong>feni,</strong></span> <span class='ocrx_word' id='word_1_475' title='bbox 957 5544 1014 5592; x_wconf 88' lang='lat' dir='ltr'><strong>et</strong></span> <span class='ocrx_word' id='word_1_476' title='bbox 1036 5536 1108 5591; x_wconf 90' lang='lat' dir='ltr'><strong>ait</strong></span> <span class='ocrx_word' id='word_1_477' title='bbox 1134 5554 1150 5590; x_wconf 90' lang='lat'><strong>:</strong></span> <span class='ocrx_word' id='word_1_478' title='bbox 1183 5534 1324 5590; x_wconf 86' lang='lat' dir='ltr'><strong>Deus</strong></span> <span class='ocrx_word' id='word_1_479' title='bbox 1372 5552 1532 5601; x_wconf 84' lang='lat' dir='ltr'><strong>meus,</strong></span> <span class='ocrx_word' id='word_1_480' title='bbox 1570 5534 1702 5590; x_wconf 88' lang='lat' dir='ltr'><strong>Deus</strong></span> <span class='ocrx_word' id='word_1_481' title='bbox 1736 5552 1875 5592; x_wconf 87' lang='lat' dir='ltr'><strong>meus</strong></span> <span class='ocrx_word' id='word_1_482' title='bbox 1898 5579 1912 5603; x_wconf 94' lang='lat'><strong>,</strong></span> <span class='ocrx_word' id='word_1_483' title='bbox 1936 5545 2021 5591; x_wconf 87' lang='lat' dir='ltr'><strong>ut-</strong></span> 
     </span>
    </p>
   </div>
   <div class='ocr_carea' id='block_1_57' title="bbox 432 5626 2020 5703">
    <p class='ocr_par' dir='ltr' id='par_1_57' title="bbox 432 5626 2020 5703">
     <span class='ocr_line' id='line_1_57' title="bbox 432 5626 2020 5703; baseline 0 -18"><span class='ocrx_word' id='word_1_484' title='bbox 432 5633 556 5703; x_wconf 79' lang='lat' dir='ltr'><strong>quid</strong></span> <span class='ocrx_word' id='word_1_485' title='bbox 596 5647 674 5685; x_wconf 85' lang='lat' dir='ltr'><strong>me</strong></span> <span class='ocrx_word' id='word_1_486' title='bbox 709 5629 1058 5698; x_wconf 85' lang='lat' dir='ltr'><strong>dereliquisti?</strong></span> <span class='ocrx_word' id='word_1_487' title='bbox 1083 5626 1199 5682; x_wconf 80' lang='lat' dir='ltr'><strong>Vox</strong></span> <span class='ocrx_word' id='word_1_488' title='bbox 1231 5627 1346 5697; x_wconf 90' lang='lat' dir='ltr'><strong>ipsa</strong></span> <span class='ocrx_word' id='word_1_489' title='bbox 1388 5627 1585 5683; x_wconf 90' lang='lat' dir='ltr'><strong>Christi</strong></span> <span class='ocrx_word' id='word_1_490' title='bbox 1633 5636 1753 5695; x_wconf 89' lang='lat' dir='ltr'><strong>est,</strong></span> <span class='ocrx_word' id='word_1_491' title='bbox 1785 5627 1882 5686; x_wconf 88' lang='lat' dir='ltr'><strong>sed</strong></span> <span class='ocrx_word' id='word_1_492' title='bbox 1921 5643 2020 5699; x_wconf 93' lang='lat' dir='ltr'><strong>pro</strong></span> 
     </span>
    </p>
   </div>
   <div class='ocr_carea' id='block_1_58' title="bbox 431 5718 2019 5789">
    <p class='ocr_par' dir='ltr' id='par_1_58' title="bbox 431 5718 2019 5789">
     <span class='ocr_line' id='line_1_58' title="bbox 431 5718 2019 5789; baseline -0.005 -7"><span class='ocrx_word' id='word_1_493' title='bbox 431 5723 691 5782; x_wconf 79' lang='lat' dir='ltr'><strong>membris</strong></span> <span class='ocrx_word' id='word_1_494' title='bbox 737 5722 866 5775; x_wconf 87' lang='lat' dir='ltr'><strong>suis.</strong></span> <span class='ocrx_word' id='word_1_495' title='bbox 927 5718 1125 5785; x_wconf 86' lang='lat' dir='ltr'><strong>Verba,</strong></span> <span class='ocrx_word' id='word_1_496' title='bbox 1160 5719 1362 5789; x_wconf 90' lang='lat' dir='ltr'><strong>inquit,</strong></span> <span class='ocrx_word' id='word_1_497' title='bbox 1408 5718 1705 5773; x_wconf 83' lang='lat' dir='ltr'><strong>delictorum</strong></span> <span class='ocrx_word' id='word_1_498' title='bbox 1744 5737 1971 5774; x_wconf 86' lang='lat' dir='ltr'><strong>meorum</strong></span> <span class='ocrx_word' id='word_1_499' title='bbox 2000 5737 2019 5775; x_wconf 91' lang='lat'><strong><em>:</em></strong></span> 
     </span>
    </p>
   </div>
   <div class='ocr_carea' id='block_1_59' title="bbox 434 5811 2020 5887">
    <p class='ocr_par' dir='ltr' id='par_1_59' title="bbox 434 5811 2020 5887">
     <span class='ocr_line' id='line_1_59' title="bbox 434 5811 2020 5887; baseline -0.002 -17"><span class='ocrx_word' id='word_1_500' title='bbox 434 5815 650 5879; x_wconf 81' lang='lat' dir='ltr'><strong>clamavi</strong></span> <span class='ocrx_word' id='word_1_501' title='bbox 676 5813 743 5868; x_wconf 88' lang='lat' dir='ltr'><strong>ad</strong></span> <span class='ocrx_word' id='word_1_502' title='bbox 774 5824 818 5871; x_wconf 89' lang='lat' dir='ltr'><strong>te</strong></span> <span class='ocrx_word' id='word_1_503' title='bbox 850 5829 937 5884; x_wconf 82' lang='lat' dir='ltr'><strong>per</strong></span> <span class='ocrx_word' id='word_1_504' title='bbox 958 5811 1110 5875; x_wconf 80' lang='lat' dir='ltr'><strong>diem,</strong></span> <span class='ocrx_word' id='word_1_505' title='bbox 1142 5827 1227 5867; x_wconf 71' lang='lat' dir='ltr'><strong>nec</strong></span> <span class='ocrx_word' id='word_1_506' title='bbox 1255 5811 1537 5879; x_wconf 70' lang='lat' dir='ltr'><strong>emudisti;</strong></span> <span class='ocrx_word' id='word_1_507' title='bbox 1560 5821 1605 5865; x_wconf 87' lang='lat' dir='ltr'><strong>et</strong></span> <span class='ocrx_word' id='word_1_508' title='bbox 1634 5822 1806 5887; x_wconf 75' lang='lat' dir='ltr'><strong>nocte,</strong></span> <span class='ocrx_word' id='word_1_509' title='bbox 1840 5822 1884 5867; x_wconf 89' lang='lat' dir='ltr'><strong>et</strong></span> <span class='ocrx_word' id='word_1_510' title='bbox 1919 5829 2020 5871; x_wconf 88' lang='lat' dir='ltr'><strong>non</strong></span> 
     </span>
    </p>
   </div>
   <div class='ocr_carea' id='block_1_60' title="bbox 1704 331 2507 394">
    <p class='ocr_par' dir='ltr' id='par_1_60' title="bbox 1704 331 2507 394">
     <span class='ocr_line' id='line_1_60' title="bbox 1704 331 2507 394; baseline 0.001 -1"><span class='ocrx_word' id='word_1_511' title='bbox 1704 336 1763 393; x_wconf 93' lang='lat' dir='ltr'><strong>S.</strong></span> <span class='ocrx_word' id='word_1_512' title='bbox 1804 331 2163 393; x_wconf 75' lang='lat' dir='ltr'><strong>AUGUSTINI</strong></span> <span class='ocrx_word' id='word_1_513' title='bbox 2205 333 2507 394; x_wconf 81' lang='lat' dir='ltr'><strong>EPISCOPI</strong></span> 
     </span>
    </p>
   </div>
   <div class='ocr_carea' id='block_1_61' title="bbox 2161 447 3746 528">
    <p class='ocr_par' dir='ltr' id='par_1_61' title="bbox 2161 447 3746 528">
     <span class='ocr_line' id='line_1_61' title="bbox 2161 447 3746 528; baseline 0.01 -27"><span class='ocrx_word' id='word_1_514' title='bbox 2161 447 2230 501; x_wconf 86' lang='lat' dir='ltr'><strong>ad</strong></span> <span class='ocrx_word' id='word_1_515' title='bbox 2248 448 2586 521; x_wconf 81' lang='lat' dir='ltr'><strong>insipientiam</strong></span> <span class='ocrx_word' id='word_1_516' title='bbox 2610 451 2737 506; x_wconf 78' lang='lat' dir='ltr'><strong>mihi</strong></span> <span class='ocrx_word' id='word_1_517' title='bbox 2775 450 2947 527; x_wconf 85' lang='lat' dir='ltr'><strong>(Psal.</strong></span> <span class='ocrx_word' id='word_1_518' title='bbox 2978 467 3093 519; x_wconf 75' lang='grc' dir='ltr'>ιιι,</span> <span class='ocrx_word' id='word_1_519' title='bbox 3120 452 3191 524; x_wconf 77' lang='lat'><strong>2,</strong></span> <span class='ocrx_word' id='word_1_520' title='bbox 3213 452 3273 528; x_wconf 76' lang='lat'><strong>5)</strong></span> <span class='ocrx_word' id='word_1_521' title='bbox 3301 472 3317 513; x_wconf 88' lang='lat'><strong>:</strong></span> <span class='ocrx_word' id='word_1_522' title='bbox 3344 455 3399 512; x_wconf 89' lang='lat' dir='ltr'><strong>id</strong></span> <span class='ocrx_word' id='word_1_523' title='bbox 3426 466 3532 526; x_wconf 85' lang='lat' dir='ltr'><strong>est,</strong></span> <span class='ocrx_word' id='word_1_524' title='bbox 3563 467 3619 515; x_wconf 89' lang='lat' dir='ltr'><strong>et</strong></span> <span class='ocrx_word' id='word_1_525' title='bbox 3642 476 3746 517; x_wconf 89' lang='lat' dir='ltr'><strong>no-</strong></span> 
     </span>
    </p>
   </div>
   <div class='ocr_carea' id='block_1_62' title="bbox 2155 542 3739 622">
    <p class='ocr_par' dir='ltr' id='par_1_62' title="bbox 2155 542 3739 622">
     <span class='ocr_line' id='line_1_62' title="bbox 2155 542 3739 622; baseline 0.008 -27"><span class='ocrx_word' id='word_1_526' title='bbox 2155 548 2239 595; x_wconf 92' lang='lat' dir='ltr'><strong>cte</strong></span> <span class='ocrx_word' id='word_1_527' title='bbox 2267 542 2490 599; x_wconf 87' lang='lat' dir='ltr'><strong>clamavi</strong></span> <span class='ocrx_word' id='word_1_528' title='bbox 2516 586 2531 611; x_wconf 94' lang='lat'><strong>,</strong></span> <span class='ocrx_word' id='word_1_529' title='bbox 2554 554 2612 599; x_wconf 89' lang='lat' dir='ltr'><strong>et</strong></span> <span class='ocrx_word' id='word_1_530' title='bbox 2644 559 2752 601; x_wconf 91' lang='lat' dir='ltr'><strong>non</strong></span> <span class='ocrx_word' id='word_1_531' title='bbox 2796 544 3096 612; x_wconf 79' lang='lat' dir='ltr'><strong>exaudisti;</strong></span> <span class='ocrx_word' id='word_1_532' title='bbox 3125 554 3184 602; x_wconf 89' lang='lat' dir='ltr'><strong>et</strong></span> <span class='ocrx_word' id='word_1_533' title='bbox 3206 556 3384 604; x_wconf 85' lang='lat' dir='ltr'><strong>tamen</strong></span> <span class='ocrx_word' id='word_1_534' title='bbox 3422 548 3528 605; x_wconf 88' lang='lat' dir='ltr'><strong>hoc</strong></span> <span class='ocrx_word' id='word_1_535' title='bbox 3562 551 3739 622; x_wconf 83' lang='lat' dir='ltr'><strong>ipsum</strong></span> 
     </span>
    </p>
   </div>
   <div class='ocr_carea' id='block_1_63' title="bbox 2158 634 3740 710">
    <p class='ocr_par' dir='ltr' id='par_1_63' title="bbox 2158 634 3740 710">
     <span class='ocr_line' id='line_1_63' title="bbox 2158 634 3740 710; baseline 0.008 -22"><span class='ocrx_word' id='word_1_536' title='bbox 2158 634 2301 704; x_wconf 91' lang='lat' dir='ltr'><strong>quod</strong></span> <span class='ocrx_word' id='word_1_537' title='bbox 2343 650 2448 691; x_wconf 90' lang='lat' dir='ltr'><strong>non</strong></span> <span class='ocrx_word' id='word_1_538' title='bbox 2488 636 2785 704; x_wconf 83' lang='lat' dir='ltr'><strong>exaudisti,</strong></span> <span class='ocrx_word' id='word_1_539' title='bbox 2817 654 2922 695; x_wconf 88' lang='lat' dir='ltr'><strong>uou</strong></span> <span class='ocrx_word' id='word_1_540' title='bbox 2949 639 3018 695; x_wconf 88' lang='lat' dir='ltr'><strong>ad</strong></span> <span class='ocrx_word' id='word_1_541' title='bbox 3047 638 3407 710; x_wconf 81' lang='lat' dir='ltr'><strong>insipientiam</strong></span> <span class='ocrx_word' id='word_1_542' title='bbox 3447 642 3581 699; x_wconf 86' lang='lat' dir='ltr'><strong>mihi</strong></span> <span class='ocrx_word' id='word_1_543' title='bbox 3628 660 3740 702; x_wconf 87' lang='lat' dir='ltr'><strong>non</strong></span> 
     </span>
    </p>
   </div>
   <div class='ocr_carea' id='block_1_64' title="bbox 2152 729 3748 808">
    <p class='ocr_par' dir='ltr' id='par_1_64' title="bbox 2152 729 3748 808">
     <span class='ocr_line' id='line_1_64' title="bbox 2152 729 3748 808; baseline 0.008 -26"><span class='ocrx_word' id='word_1_544' title='bbox 2152 729 2437 795; x_wconf 82' lang='lat' dir='ltr'><strong>exaudisti,</strong></span> <span class='ocrx_word' id='word_1_545' title='bbox 2471 732 2566 787; x_wconf 91' lang='lat' dir='ltr'><strong>sed</strong></span> <span class='ocrx_word' id='word_1_546' title='bbox 2586 733 2753 804; x_wconf 87' lang='lat' dir='ltr'><strong>magis</strong></span> <span class='ocrx_word' id='word_1_547' title='bbox 2778 733 2846 790; x_wconf 90' lang='lat' dir='ltr'><strong>ad</strong></span> <span class='ocrx_word' id='word_1_548' title='bbox 2872 735 3186 806; x_wconf 81' lang='lat' dir='ltr'><strong>sapientiam</strong></span> <span class='ocrx_word' id='word_1_549' title='bbox 3214 751 3321 795; x_wconf 93' lang='lat' dir='ltr'><strong>non</strong></span> <span class='ocrx_word' id='word_1_550' title='bbox 3347 739 3617 797; x_wconf 80' lang='lat' dir='ltr'><strong>esaudisti</strong></span> <span class='ocrx_word' id='word_1_551' title='bbox 3637 780 3655 808; x_wconf 93' lang='lat'><strong>,</strong></span> <span class='ocrx_word' id='word_1_552' title='bbox 3686 750 3748 795; x_wconf 91' lang='lat' dir='ltr'><strong>ut</strong></span> 
     </span>
    </p>
   </div>
   <div class='ocr_carea' id='block_1_65' title="bbox 2154 822 3746 905">
    <p class='ocr_par' dir='ltr' id='par_1_65' title="bbox 2154 822 3746 905">
     <span class='ocr_line' id='line_1_65' title="bbox 2154 822 3746 905; baseline 0.008 -27"><span class='ocrx_word' id='word_1_553' title='bbox 2154 822 2504 897; x_wconf 76' lang='lat' dir='ltr'><strong>intelligerent</strong></span> <span class='ocrx_word' id='word_1_554' title='bbox 2532 827 2658 898; x_wconf 89' lang='lat' dir='ltr'><strong>quid</strong></span> <span class='ocrx_word' id='word_1_555' title='bbox 2684 843 2715 883; x_wconf 88' lang='lat' dir='ltr'><strong>a</strong></span> <span class='ocrx_word' id='word_1_556' title='bbox 2742 837 2794 884; x_wconf 90' lang='lat' dir='ltr'><strong>te</strong></span> <span class='ocrx_word' id='word_1_557' title='bbox 2822 838 3006 899; x_wconf 89' lang='lat' dir='ltr'><strong>petere</strong></span> <span class='ocrx_word' id='word_1_558' title='bbox 3031 830 3309 888; x_wconf 87' lang='lat' dir='ltr'><strong>deberem.</strong></span> <span class='ocrx_word' id='word_1_559' title='bbox 3355 833 3431 889; x_wconf 87' lang='lat' dir='ltr'><strong>Ea</strong></span> <span class='ocrx_word' id='word_1_560' title='bbox 3463 833 3607 890; x_wconf 89' lang='lat' dir='ltr'><strong>enim</strong></span> <span class='ocrx_word' id='word_1_561' title='bbox 3644 848 3746 905; x_wconf 86' lang='lat' dir='ltr'><strong>pe-</strong></span> 
     </span>
    </p>
   </div>
   <div class='ocr_carea' id='block_1_66' title="bbox 2153 916 3748 997">
    <p class='ocr_par' dir='ltr' id='par_1_66' title="bbox 2153 916 3748 997">
     <span class='ocr_line' id='line_1_66' title="bbox 2153 916 3748 997; baseline 0.008 -26"><span class='ocrx_word' id='word_1_562' title='bbox 2153 916 2329 972; x_wconf 88' lang='lat' dir='ltr'><strong>tebam</strong></span> <span class='ocrx_word' id='word_1_563' title='bbox 2358 934 2477 989; x_wconf 70' lang='lat' dir='ltr'><strong>quae</strong></span> <span class='ocrx_word' id='word_1_564' title='bbox 2505 920 2647 977; x_wconf 90' lang='lat' dir='ltr'><strong>malo</strong></span> <span class='ocrx_word' id='word_1_565' title='bbox 2672 937 2794 977; x_wconf 88' lang='lat' dir='ltr'><strong>meo</strong></span> <span class='ocrx_word' id='word_1_566' title='bbox 2834 923 3075 980; x_wconf 91' lang='lat' dir='ltr'><strong>fortassis</strong></span> <span class='ocrx_word' id='word_1_567' title='bbox 3119 926 3449 997; x_wconf 87' lang='lat' dir='ltr'><strong>acciperem.</strong></span> <span class='ocrx_word' id='word_1_568' title='bbox 3479 928 3624 984; x_wconf 85' lang='lat' dir='ltr'><strong>Petis</strong></span> <span class='ocrx_word' id='word_1_569' title='bbox 3650 928 3748 984; x_wconf 81' lang='lat' dir='ltr'><strong>di-</strong></span> 
     </span>
    </p>
   </div>
   <div class='ocr_carea' id='block_1_67' title="bbox 2152 1008 3742 1088">
    <p class='ocr_par' dir='ltr' id='par_1_67' title="bbox 2152 1008 3742 1088">
     <span class='ocr_line' id='line_1_67' title="bbox 2152 1008 3742 1088; baseline 0.008 -27"><span class='ocrx_word' id='word_1_570' title='bbox 2152 1008 2327 1074; x_wconf 89' lang='lat' dir='ltr'><strong>vitias,</strong></span> <span class='ocrx_word' id='word_1_571' title='bbox 2356 1024 2389 1064; x_wconf 96' lang='lat' dir='ltr'><strong>o</strong></span> <span class='ocrx_word' id='word_1_572' title='bbox 2415 1009 2577 1066; x_wconf 87' lang='lat' dir='ltr'><strong>homo</strong></span> <span class='ocrx_word' id='word_1_573' title='bbox 2601 1012 2615 1067; x_wconf 89' lang='lat'><strong>!</strong></span> <span class='ocrx_word' id='word_1_574' title='bbox 2657 1014 2839 1084; x_wconf 91' lang='lat' dir='ltr'><strong>quanti</strong></span> <span class='ocrx_word' id='word_1_575' title='bbox 2864 1022 2991 1070; x_wconf 89' lang='lat' dir='ltr'><strong>sunt</strong></span> <span class='ocrx_word' id='word_1_576' title='bbox 3023 1017 3196 1072; x_wconf 89' lang='lat' dir='ltr'><strong>eversi</strong></span> <span class='ocrx_word' id='word_1_577' title='bbox 3221 1032 3317 1088; x_wconf 91' lang='lat' dir='ltr'><strong>per</strong></span> <span class='ocrx_word' id='word_1_578' title='bbox 3337 1017 3550 1075; x_wconf 84' lang='lat' dir='ltr'><strong>divitias</strong></span> <span class='ocrx_word' id='word_1_579' title='bbox 3580 1020 3742 1076; x_wconf 84' lang='lat' dir='ltr'><strong>suas!</strong></span> 
     </span>
    </p>
   </div>
   <div class='ocr_carea' id='block_1_68' title="bbox 2152 1097 3743 1178">
    <p class='ocr_par' dir='ltr' id='par_1_68' title="bbox 2152 1097 3743 1178">
     <span class='ocr_line' id='line_1_68' title="bbox 2152 1097 3743 1178; baseline 0.008 -23"><span class='ocrx_word' id='word_1_580' title='bbox 2152 1097 2306 1155; x_wconf 89' lang='lat' dir='ltr'><strong>Unde</strong></span> <span class='ocrx_word' id='word_1_581' title='bbox 2332 1102 2439 1157; x_wconf 90' lang='lat' dir='ltr'><strong>seis</strong></span> <span class='ocrx_word' id='word_1_582' title='bbox 2471 1111 2646 1158; x_wconf 92' lang='lat' dir='ltr'><strong>utrum</strong></span> <span class='ocrx_word' id='word_1_583' title='bbox 2692 1105 2783 1161; x_wconf 93' lang='lat' dir='ltr'><strong>tibi</strong></span> <span class='ocrx_word' id='word_1_584' title='bbox 2814 1107 2923 1162; x_wconf 88' lang='lat' dir='ltr'><strong>sint</strong></span> <span class='ocrx_word' id='word_1_585' title='bbox 2946 1106 3240 1178; x_wconf 66' lang='lat' dir='ltr'><strong>profutura:</strong></span> <span class='ocrx_word' id='word_1_586' title='bbox 3279 1109 3518 1167; x_wconf 66' lang='lat' dir='ltr'><strong>divitias?</strong></span> <span class='ocrx_word' id='word_1_587' title='bbox 3546 1110 3743 1167; x_wconf 88' lang='lat' dir='ltr'><strong>Nonne</strong></span> 
     </span>
    </p>
   </div>
   <div class='ocr_carea' id='block_1_69' title="bbox 2151 1192 3747 1269">
    <p class='ocr_par' dir='ltr' id='par_1_69' title="bbox 2151 1192 3747 1269">
     <span class='ocr_line' id='line_1_69' title="bbox 2151 1192 3747 1269; baseline 0.01 -24"><span class='ocrx_word' id='word_1_588' title='bbox 2151 1192 2304 1248; x_wconf 90' lang='lat' dir='ltr'><strong>multi</strong></span> <span class='ocrx_word' id='word_1_589' title='bbox 2325 1208 2591 1267; x_wconf 89' lang='lat' dir='ltr'><strong>pauperes</strong></span> <span class='ocrx_word' id='word_1_590' title='bbox 2617 1198 2781 1255; x_wconf 90' lang='lat' dir='ltr'><strong>tutius</strong></span> <span class='ocrx_word' id='word_1_591' title='bbox 2823 1198 3101 1268; x_wconf 89' lang='lat' dir='ltr'><strong>latebant;</strong></span> <span class='ocrx_word' id='word_1_592' title='bbox 3125 1201 3315 1259; x_wconf 86' lang='lat' dir='ltr'><strong>divites</strong></span> <span class='ocrx_word' id='word_1_593' title='bbox 3344 1202 3468 1259; x_wconf 88' lang='lat' dir='ltr'><strong>facti</strong></span> <span class='ocrx_word' id='word_1_594' title='bbox 3489 1246 3504 1269; x_wconf 95' lang='lat'><strong>,</strong></span> <span class='ocrx_word' id='word_1_595' title='bbox 3530 1220 3657 1261; x_wconf 80' lang='lat' dir='ltr'><strong>mox</strong></span> <span class='ocrx_word' id='word_1_596' title='bbox 3681 1215 3747 1262; x_wconf 88' lang='lat' dir='ltr'><strong>ut</strong></span> 
     </span>
    </p>
   </div>
   <div class='ocr_carea' id='block_1_70' title="bbox 2151 1283 3743 1365">
    <p class='ocr_par' dir='ltr' id='par_1_70' title="bbox 2151 1283 3743 1365">
     <span class='ocr_line' id='line_1_70' title="bbox 2151 1283 3743 1365; baseline 0.009 -26"><span class='ocrx_word' id='word_1_597' title='bbox 2151 1283 2334 1343; x_wconf 92' lang='lat' dir='ltr'><strong>lucere</strong></span> <span class='ocrx_word' id='word_1_598' title='bbox 2361 1299 2664 1359; x_wconf 68' lang='lat' dir='ltr'><strong>crepet-unt,</strong></span> <span class='ocrx_word' id='word_1_599' title='bbox 2696 1291 2876 1361; x_wconf 69' lang='lat' dir='ltr'><strong>praeda</strong></span> <span class='ocrx_word' id='word_1_600' title='bbox 2920 1291 3227 1351; x_wconf 86' lang='lat' dir='ltr'><strong>fortioribus</strong></span> <span class='ocrx_word' id='word_1_601' title='bbox 3248 1295 3499 1352; x_wconf 86' lang='lat' dir='ltr'><strong>fuerunt?</strong></span> <span class='ocrx_word' id='word_1_602' title='bbox 3524 1297 3743 1365; x_wconf 86' lang='lat' dir='ltr'><strong>Quanto</strong></span> 
     </span>
    </p>
   </div>
   <div class='ocr_carea' id='block_1_71' title="bbox 2151 1379 3842 1469">
    <p class='ocr_par' dir='ltr' id='par_1_71' title="bbox 2151 1379 3842 1469">
     <span class='ocr_line' id='line_1_71' title="bbox 2151 1379 3842 1469; baseline 0.008 -37"><span class='ocrx_word' id='word_1_603' title='bbox 2151 1379 2342 1434; x_wconf 89' lang='lat' dir='ltr'><strong>melius</strong></span> <span class='ocrx_word' id='word_1_604' title='bbox 2370 1380 2601 1438; x_wconf 89' lang='lat' dir='ltr'><strong>laterent</strong></span> <span class='ocrx_word' id='word_1_605' title='bbox 2619 1424 2635 1448; x_wconf 93' lang='lat'><strong>,</strong></span> <span class='ocrx_word' id='word_1_606' title='bbox 2658 1392 2862 1454; x_wconf 88' lang='lat' dir='ltr'><strong>quanto</strong></span> <span class='ocrx_word' id='word_1_607' title='bbox 2891 1386 3084 1442; x_wconf 89' lang='lat' dir='ltr'><strong>melius</strong></span> <span class='ocrx_word' id='word_1_608' title='bbox 3105 1387 3443 1444; x_wconf 86' lang='lat' dir='ltr'><strong>nescirentur</strong></span> <span class='ocrx_word' id='word_1_609' title='bbox 3469 1430 3485 1456; x_wconf 94' lang='lat'><strong>,</strong></span> <span class='ocrx_word' id='word_1_610' title='bbox 3507 1388 3597 1460; x_wconf 92' lang='lat' dir='ltr'><strong>qui</strong></span> <span class='ocrx_word' id='word_1_611' title='bbox 3622 1404 3744 1446; x_wconf 64' lang='grc' dir='ltr'><strong>(ιω-</strong></span> <span class='ocrx_word' id='word_1_612' title='bbox 3838 1467 3842 1469; x_wconf 13' lang='grc' dir='ltr'><em>Α</em></span> 
     </span>
    </p>
   </div>
   <div class='ocr_carea' id='block_1_72' title="bbox 2150 1474 3744 1551">
    <p class='ocr_par' dir='ltr' id='par_1_72' title="bbox 2150 1474 3744 1551">
     <span class='ocr_line' id='line_1_72' title="bbox 2150 1474 3744 1551; baseline 0.007 -25"><span class='ocrx_word' id='word_1_613' title='bbox 2150 1481 2344 1541; x_wconf 88' lang='lat' dir='ltr'><strong>perunt</strong></span> <span class='ocrx_word' id='word_1_614' title='bbox 2360 1474 2530 1544; x_wconf 76' lang='lat' dir='ltr'><strong>quzeri</strong></span> <span class='ocrx_word' id='word_1_615' title='bbox 2553 1515 2569 1541; x_wconf 94' lang='lat'><strong>,</strong></span> <span class='ocrx_word' id='word_1_616' title='bbox 2596 1491 2704 1530; x_wconf 88' lang='lat' dir='ltr'><strong>non</strong></span> <span class='ocrx_word' id='word_1_617' title='bbox 2726 1487 2946 1547; x_wconf 88' lang='lat' dir='ltr'><strong>propter</strong></span> <span class='ocrx_word' id='word_1_618' title='bbox 2975 1479 3117 1549; x_wconf 90' lang='lat' dir='ltr'><strong>quod</strong></span> <span class='ocrx_word' id='word_1_619' title='bbox 3164 1489 3351 1547; x_wconf 90' lang='lat' dir='ltr'><strong>erant,</strong></span> <span class='ocrx_word' id='word_1_620' title='bbox 3381 1480 3476 1536; x_wconf 88' lang='lat' dir='ltr'><strong>sed</strong></span> <span class='ocrx_word' id='word_1_621' title='bbox 3516 1491 3744 1551; x_wconf 91' lang='lat' dir='ltr'><strong>propter</strong></span> 
     </span>
    </p>
   </div>
   <div class='ocr_carea' id='block_1_73' title="bbox 2148 1564 3741 1642">
    <p class='ocr_par' dir='ltr' id='par_1_73' title="bbox 2148 1564 3741 1642">
     <span class='ocr_line' id='line_1_73' title="bbox 2148 1564 3741 1642; baseline 0.008 -24"><span class='ocrx_word' id='word_1_622' title='bbox 2148 1564 2292 1634; x_wconf 89' lang='lat' dir='ltr'><strong>quod</strong></span> <span class='ocrx_word' id='word_1_623' title='bbox 2337 1564 2640 1624; x_wconf 81' lang='lat' dir='ltr'><strong>habebant!</strong></span> <span class='ocrx_word' id='word_1_624' title='bbox 2673 1569 2729 1624; x_wconf 92' lang='lat' dir='ltr'><strong>In</strong></span> <span class='ocrx_word' id='word_1_625' title='bbox 2767 1569 2850 1624; x_wconf 89' lang='lat' dir='ltr'><strong>his</strong></span> <span class='ocrx_word' id='word_1_626' title='bbox 2883 1585 3013 1638; x_wconf 82' lang='lat' dir='ltr'><strong>ergo</strong></span> <span class='ocrx_word' id='word_1_627' title='bbox 3048 1573 3429 1642; x_wconf 89' lang='lat' dir='ltr'><strong>temporalibus</strong></span> <span class='ocrx_word' id='word_1_628' title='bbox 3453 1616 3471 1641; x_wconf 93' lang='lat'><strong>,</strong></span> <span class='ocrx_word' id='word_1_629' title='bbox 3502 1573 3700 1630; x_wconf 80' lang='lat' dir='ltr'><strong>fratres</strong></span> <span class='ocrx_word' id='word_1_630' title='bbox 3720 1614 3741 1641; x_wconf 87' lang='lat'><strong>,</strong></span> 
     </span>
    </p>
   </div>
   <div class='ocr_carea' id='block_1_74' title="bbox 2147 1657 3742 1732">
    <p class='ocr_par' dir='ltr' id='par_1_74' title="bbox 2147 1657 3742 1732">
     <span class='ocr_line' id='line_1_74' title="bbox 2147 1657 3742 1732; baseline 0.006 -18"><span class='ocrx_word' id='word_1_631' title='bbox 2147 1657 2495 1714; x_wconf 89' lang='lat' dir='ltr'><strong>admonemus</strong></span> <span class='ocrx_word' id='word_1_632' title='bbox 2531 1676 2629 1716; x_wconf 91' lang='lat' dir='ltr'><strong>vos</strong></span> <span class='ocrx_word' id='word_1_633' title='bbox 2667 1670 2723 1716; x_wconf 88' lang='lat' dir='ltr'><strong>et</strong></span> <span class='ocrx_word' id='word_1_634' title='bbox 2758 1662 3105 1719; x_wconf 80' lang='lat' dir='ltr'><strong>exhortamur</strong></span> <span class='ocrx_word' id='word_1_635' title='bbox 3150 1664 3203 1719; x_wconf 90' lang='lat' dir='ltr'><strong>in</strong></span> <span class='ocrx_word' id='word_1_636' title='bbox 3250 1666 3512 1732; x_wconf 90' lang='lat' dir='ltr'><strong>Domino,</strong></span> <span class='ocrx_word' id='word_1_637' title='bbox 3543 1677 3601 1724; x_wconf 90' lang='lat' dir='ltr'><strong>ut</strong></span> <span class='ocrx_word' id='word_1_638' title='bbox 3631 1683 3742 1723; x_wconf 90' lang='lat' dir='ltr'><strong>non</strong></span> 
     </span>
    </p>
   </div>
   <div class='ocr_carea' id='block_1_75' title="bbox 2147 1750 3745 1827">
    <p class='ocr_par' dir='ltr' id='par_1_75' title="bbox 2147 1750 3745 1827">
     <span class='ocr_line' id='line_1_75' title="bbox 2147 1750 3745 1827; baseline 0.008 -25"><span class='ocrx_word' id='word_1_639' title='bbox 2147 1750 2340 1820; x_wconf 87' lang='lat' dir='ltr'><strong>petatis</strong></span> <span class='ocrx_word' id='word_1_640' title='bbox 2366 1751 2563 1822; x_wconf 90' lang='lat' dir='ltr'><strong>aliquid</strong></span> <span class='ocrx_word' id='word_1_641' title='bbox 2590 1753 2743 1823; x_wconf 87' lang='lat' dir='ltr'><strong>quasi</strong></span> <span class='ocrx_word' id='word_1_642' title='bbox 2771 1755 2931 1811; x_wconf 78' lang='lat' dir='ltr'><strong>fixum</strong></span> <span class='ocrx_word' id='word_1_643' title='bbox 2949 1798 2964 1822; x_wconf 95' lang='lat'><strong>,</strong></span> <span class='ocrx_word' id='word_1_644' title='bbox 2997 1755 3093 1811; x_wconf 89' lang='lat' dir='ltr'><strong>sed</strong></span> <span class='ocrx_word' id='word_1_645' title='bbox 3121 1757 3262 1827; x_wconf 91' lang='lat' dir='ltr'><strong>quod</strong></span> <span class='ocrx_word' id='word_1_646' title='bbox 3302 1758 3456 1814; x_wconf 89' lang='lat' dir='ltr'><strong>vobis</strong></span> <span class='ocrx_word' id='word_1_647' title='bbox 3483 1758 3622 1815; x_wconf 87' lang='lat' dir='ltr'><strong>Deus</strong></span> <span class='ocrx_word' id='word_1_648' title='bbox 3642 1774 3745 1815; x_wconf 79' lang='lat' dir='ltr'><strong>cx-</strong></span> 
     </span>
    </p>
   </div>
   <div class='ocr_carea' id='block_1_76' title="bbox 2147 1842 3739 1919">
    <p class='ocr_par' dir='ltr' id='par_1_76' title="bbox 2147 1842 3739 1919">
     <span class='ocr_line' id='line_1_76' title="bbox 2147 1842 3739 1919; baseline 0.006 -22"><span class='ocrx_word' id='word_1_649' title='bbox 2147 1842 2332 1914; x_wconf 89' lang='lat' dir='ltr'><strong>pedire</strong></span> <span class='ocrx_word' id='word_1_650' title='bbox 2353 1845 2473 1899; x_wconf 91' lang='lat' dir='ltr'><strong>scit.</strong></span> <span class='ocrx_word' id='word_1_651' title='bbox 2522 1845 2659 1915; x_wconf 90' lang='lat' dir='ltr'><strong>Quid</strong></span> <span class='ocrx_word' id='word_1_652' title='bbox 2701 1848 2845 1903; x_wconf 90' lang='lat' dir='ltr'><strong>enim</strong></span> <span class='ocrx_word' id='word_1_653' title='bbox 2883 1848 3036 1904; x_wconf 84' lang='lat' dir='ltr'><strong>vobis</strong></span> <span class='ocrx_word' id='word_1_654' title='bbox 3069 1849 3344 1919; x_wconf 76' lang='lat' dir='ltr'><strong>expediat,</strong></span> <span class='ocrx_word' id='word_1_655' title='bbox 3377 1851 3599 1907; x_wconf 92' lang='lat' dir='ltr'><strong>omnino</strong></span> <span class='ocrx_word' id='word_1_656' title='bbox 3641 1867 3739 1907; x_wconf 87' lang='lat' dir='ltr'><strong>ne-</strong></span> 
     </span>
    </p>
   </div>
   <div class='ocr_carea' id='block_1_77' title="bbox 2146 1936 3744 2014">
    <p class='ocr_par' dir='ltr' id='par_1_77' title="bbox 2146 1936 3744 2014">
     <span class='ocr_line' id='line_1_77' title="bbox 2146 1936 3744 2014; baseline 0.006 -22"><span class='ocrx_word' id='word_1_657' title='bbox 2146 1936 2316 1992; x_wconf 87' lang='lat' dir='ltr'><strong>scitis.</strong></span> <span class='ocrx_word' id='word_1_658' title='bbox 2362 1939 2665 2010; x_wconf 80' lang='lat' dir='ltr'><strong>Aliquando</strong></span> <span class='ocrx_word' id='word_1_659' title='bbox 2708 1940 2849 2012; x_wconf 87' lang='lat' dir='ltr'><strong>quod</strong></span> <span class='ocrx_word' id='word_1_660' title='bbox 2884 1942 3081 2013; x_wconf 87' lang='lat' dir='ltr'><strong>putatis</strong></span> <span class='ocrx_word' id='word_1_661' title='bbox 3124 1942 3416 2014; x_wconf 88' lang='lat' dir='ltr'><strong>prodesse,</strong></span> <span class='ocrx_word' id='word_1_662' title='bbox 3447 1944 3643 2012; x_wconf 87' lang='lat' dir='ltr'><strong>obest;</strong></span> <span class='ocrx_word' id='word_1_663' title='bbox 3681 1954 3744 2001; x_wconf 90' lang='lat' dir='ltr'><strong>et</strong></span> 
     </span>
    </p>
   </div>
   <div class='ocr_carea' id='block_1_78' title="bbox 2145 2030 3737 2105">
    <p class='ocr_par' dir='ltr' id='par_1_78' title="bbox 2145 2030 3737 2105">
     <span class='ocr_line' id='line_1_78' title="bbox 2145 2030 3737 2105; baseline 0.004 -21"><span class='ocrx_word' id='word_1_664' title='bbox 2145 2030 2287 2099; x_wconf 81' lang='lat' dir='ltr'><strong>quod</strong></span> <span class='ocrx_word' id='word_1_665' title='bbox 2320 2031 2515 2100; x_wconf 89' lang='lat' dir='ltr'><strong>putatis</strong></span> <span class='ocrx_word' id='word_1_666' title='bbox 2559 2032 2751 2089; x_wconf 88' lang='lat' dir='ltr'><strong>obesse</strong></span> <span class='ocrx_word' id='word_1_667' title='bbox 2770 2075 2785 2098; x_wconf 93' lang='lat'><strong>,</strong></span> <span class='ocrx_word' id='word_1_668' title='bbox 2821 2033 2921 2089; x_wconf 88' lang='lat' dir='ltr'><strong>hoc</strong></span> <span class='ocrx_word' id='word_1_669' title='bbox 2945 2032 3183 2104; x_wconf 87' lang='lat' dir='ltr'><strong>prodest.</strong></span> <span class='ocrx_word' id='word_1_670' title='bbox 3210 2033 3364 2105; x_wconf 68' lang='lat' dir='ltr'><strong>Egri</strong></span> <span class='ocrx_word' id='word_1_671' title='bbox 3392 2034 3535 2090; x_wconf 90' lang='lat' dir='ltr'><strong>enim</strong></span> <span class='ocrx_word' id='word_1_672' title='bbox 3561 2036 3695 2091; x_wconf 87' lang='lat' dir='ltr'><strong>estis</strong></span> <span class='ocrx_word' id='word_1_673' title='bbox 3718 2077 3737 2102; x_wconf 95' lang='lat'><strong>,</strong></span> 
     </span>
    </p>
   </div>
   <div class='ocr_carea' id='block_1_79' title="bbox 2144 2125 3743 2199">
    <p class='ocr_par' dir='ltr' id='par_1_79' title="bbox 2144 2125 3743 2199">
     <span class='ocr_line' id='line_1_79' title="bbox 2144 2125 3743 2199; baseline 0.003 -20"><span class='ocrx_word' id='word_1_674' title='bbox 2144 2125 2311 2180; x_wconf 85' lang='lat' dir='ltr'><strong>nolite</strong></span> <span class='ocrx_word' id='word_1_675' title='bbox 2352 2125 2562 2182; x_wconf 88' lang='lat' dir='ltr'><strong>medico</strong></span> <span class='ocrx_word' id='word_1_676' title='bbox 2602 2126 2808 2183; x_wconf 89' lang='lat' dir='ltr'><strong>dictare</strong></span> <span class='ocrx_word' id='word_1_677' title='bbox 2841 2143 2960 2199; x_wconf 75' lang='lat' dir='ltr'><strong>qua:</strong></span> <span class='ocrx_word' id='word_1_678' title='bbox 2989 2128 3144 2184; x_wconf 91' lang='lat' dir='ltr'><strong>vobis</strong></span> <span class='ocrx_word' id='word_1_679' title='bbox 3180 2129 3567 2184; x_wconf 87' lang='lat' dir='ltr'><strong>medicamenta</strong></span> <span class='ocrx_word' id='word_1_680' title='bbox 3606 2130 3743 2186; x_wconf 84' lang='lat' dir='ltr'><strong>velit</strong></span> 
     </span>
    </p>
   </div>
   <div class='ocr_carea' id='block_1_80' title="bbox 2143 2217 3732 2290">
    <p class='ocr_par' dir='ltr' id='par_1_80' title="bbox 2143 2217 3732 2290">
     <span class='ocr_line' id='line_1_80' title="bbox 2143 2217 3732 2290; baseline 0.004 -21"><span class='ocrx_word' id='word_1_681' title='bbox 2143 2230 2437 2285; x_wconf 88' lang='lat' dir='ltr'><strong>apponere.</strong></span> <span class='ocrx_word' id='word_1_682' title='bbox 2465 2217 2519 2273; x_wconf 88' lang='lat' dir='ltr'><strong>Si</strong></span> <span class='ocrx_word' id='word_1_683' title='bbox 2546 2217 2737 2274; x_wconf 89' lang='lat' dir='ltr'><strong>doctor</strong></span> <span class='ocrx_word' id='word_1_684' title='bbox 2767 2219 3007 2290; x_wconf 88' lang='lat' dir='ltr'><strong>gentium</strong></span> <span class='ocrx_word' id='word_1_685' title='bbox 3032 2218 3227 2275; x_wconf 87' lang='lat' dir='ltr'><strong>Paulus</strong></span> <span class='ocrx_word' id='word_1_686' title='bbox 3246 2220 3532 2290; x_wconf 72' lang='lat' dir='ltr'><strong>apostolus</strong></span> <span class='ocrx_word' id='word_1_687' title='bbox 3560 2220 3694 2277; x_wconf 89' lang='lat' dir='ltr'><strong>dicit</strong></span> <span class='ocrx_word' id='word_1_688' title='bbox 3713 2261 3732 2287; x_wconf 90' lang='lat'><strong>,</strong></span> 
     </span>
    </p>
   </div>
   <div class='ocr_carea' id='block_1_81' title="bbox 2146 2305 3737 2383">
    <p class='ocr_par' dir='ltr' id='par_1_81' title="bbox 2146 2305 3737 2383">
     <span class='ocr_line' id='line_1_81' title="bbox 2146 2305 3737 2383; baseline 0.006 -23"><span class='ocrx_word' id='word_1_689' title='bbox 2146 2305 2283 2373; x_wconf 82' lang='lat' dir='ltr'><strong>Quid</strong></span> <span class='ocrx_word' id='word_1_690' title='bbox 2315 2311 2447 2363; x_wconf 84' lang='lat' dir='ltr'><strong>enim</strong></span> <span class='ocrx_word' id='word_1_691' title='bbox 2485 2325 2685 2365; x_wconf 87' lang='lat' dir='ltr'><strong>aremus</strong></span> <span class='ocrx_word' id='word_1_692' title='bbox 2706 2310 2836 2365; x_wconf 85' lang='lat' dir='ltr'><strong>sicut</strong></span> <span class='ocrx_word' id='word_1_693' title='bbox 2868 2319 3062 2382; x_wconf 85' lang='lat' dir='ltr'><strong>oportet</strong></span> <span class='ocrx_word' id='word_1_694' title='bbox 3084 2351 3101 2378; x_wconf 92' lang='lat'><strong>,</strong></span> <span class='ocrx_word' id='word_1_695' title='bbox 3132 2311 3381 2366; x_wconf 80' lang='lat' dir='ltr'><strong>nescimus</strong></span> <span class='ocrx_word' id='word_1_696' title='bbox 3410 2311 3589 2383; x_wconf 85' lang='lat' dir='ltr'><strong>(Rom.</strong></span> <span class='ocrx_word' id='word_1_697' title='bbox 3618 2328 3737 2380; x_wconf 85' lang='lat' dir='ltr'><strong>vm,</strong></span> 
     </span>
    </p>
   </div>
   <div class='ocr_carea' id='block_1_82' title="bbox 2141 2399 3740 2473">
    <p class='ocr_par' dir='ltr' id='par_1_82' title="bbox 2141 2399 3740 2473">
     <span class='ocr_line' id='line_1_82' title="bbox 2141 2399 3740 2473; baseline 0.003 -19"><span class='ocrx_word' id='word_1_698' title='bbox 2141 2399 2232 2473; x_wconf 75' lang='lat'><strong>26)</strong></span> <span class='ocrx_word' id='word_1_699' title='bbox 2257 2417 2271 2466; x_wconf 91' lang='lat'><strong>;</strong></span> <span class='ocrx_word' id='word_1_700' title='bbox 2304 2409 2505 2471; x_wconf 90' lang='lat' dir='ltr'><strong>quanto</strong></span> <span class='ocrx_word' id='word_1_701' title='bbox 2532 2402 2702 2473; x_wconf 88' lang='lat' dir='ltr'><strong>magis</strong></span> <span class='ocrx_word' id='word_1_702' title='bbox 2742 2403 3002 2471; x_wconf 83' lang='lat' dir='ltr'><strong>nos?Qui</strong></span> <span class='ocrx_word' id='word_1_703' title='bbox 3033 2412 3210 2459; x_wconf 85' lang='lat' dir='ltr'><strong>tamen</strong></span> <span class='ocrx_word' id='word_1_704' title='bbox 3247 2420 3369 2459; x_wconf 88' lang='lat' dir='ltr'><strong>cum</strong></span> <span class='ocrx_word' id='word_1_705' title='bbox 3400 2404 3503 2458; x_wconf 88' lang='lat' dir='ltr'><strong>sibi</strong></span> <span class='ocrx_word' id='word_1_706' title='bbox 3527 2405 3740 2460; x_wconf 84' lang='lat' dir='ltr'><strong>videre-</strong></span> 
     </span>
    </p>
   </div>
   <div class='ocr_carea' id='block_1_83' title="bbox 2144 2492 3740 2563">
    <p class='ocr_par' dir='ltr' id='par_1_83' title="bbox 2144 2492 3740 2563">
     <span class='ocr_line' id='line_1_83' title="bbox 2144 2492 3740 2563; baseline 0.004 -17"><span class='ocrx_word' id='word_1_707' title='bbox 2144 2501 2229 2546; x_wconf 93' lang='lat' dir='ltr'><strong>tur</strong></span> <span class='ocrx_word' id='word_1_708' title='bbox 2255 2492 2369 2563; x_wconf 91' lang='lat' dir='ltr'><strong>ipse</strong></span> <span class='ocrx_word' id='word_1_709' title='bbox 2393 2492 2681 2563; x_wconf 89' lang='lat' dir='ltr'><strong>prudenter</strong></span> <span class='ocrx_word' id='word_1_710' title='bbox 2697 2509 2874 2560; x_wconf 86' lang='lat' dir='ltr'><strong>orare,</strong></span> <span class='ocrx_word' id='word_1_711' title='bbox 2899 2505 2957 2552; x_wconf 94' lang='lat' dir='ltr'><strong>ut</strong></span> <span class='ocrx_word' id='word_1_712' title='bbox 2983 2494 3052 2551; x_wconf 90' lang='lat' dir='ltr'><strong>ab</strong></span> <span class='ocrx_word' id='word_1_713' title='bbox 3076 2511 3143 2552; x_wconf 90' lang='lat' dir='ltr'><strong>eo</strong></span> <span class='ocrx_word' id='word_1_714' title='bbox 3167 2495 3469 2552; x_wconf 87' lang='lat' dir='ltr'><strong>auferretur</strong></span> <span class='ocrx_word' id='word_1_715' title='bbox 3482 2498 3740 2553; x_wconf 88' lang='lat' dir='ltr'><strong>stimulus</strong></span> 
     </span>
    </p>
   </div>
   <div class='ocr_carea' id='block_1_84' title="bbox 2141 2583 3737 2657">
    <p class='ocr_par' dir='ltr' id='par_1_84' title="bbox 2141 2583 3737 2657">
     <span class='ocr_line' id='line_1_84' title="bbox 2141 2583 3737 2657; baseline 0.003 -19"><span class='ocrx_word' id='word_1_716' title='bbox 2141 2583 2340 2649; x_wconf 88' lang='lat' dir='ltr'><strong>carnis,</strong></span> <span class='ocrx_word' id='word_1_717' title='bbox 2370 2583 2597 2654; x_wconf 88' lang='lat' dir='ltr'><strong>angelus</strong></span> <span class='ocrx_word' id='word_1_718' title='bbox 2633 2594 2834 2641; x_wconf 71' lang='lat' dir='ltr'><strong>satana:</strong></span> <span class='ocrx_word' id='word_1_719' title='bbox 2874 2587 2963 2657; x_wconf 91' lang='lat' dir='ltr'><strong>qui</strong></span> <span class='ocrx_word' id='word_1_720' title='bbox 2995 2602 3117 2641; x_wconf 89' lang='lat' dir='ltr'><strong>eum</strong></span> <span class='ocrx_word' id='word_1_721' title='bbox 3146 2586 3553 2657; x_wconf 79' lang='lat' dir='ltr'><strong>colaphizabat,</strong></span> <span class='ocrx_word' id='word_1_722' title='bbox 3583 2603 3654 2643; x_wconf 87' lang='lat' dir='ltr'><strong>ne</strong></span> <span class='ocrx_word' id='word_1_723' title='bbox 3680 2589 3737 2644; x_wconf 88' lang='lat' dir='ltr'><strong>in</strong></span> 
     </span>
    </p>
   </div>
   <div class='ocr_carea' id='block_1_85' title="bbox 2140 2675 3740 2752">
    <p class='ocr_par' dir='ltr' id='par_1_85' title="bbox 2140 2675 3740 2752">
     <span class='ocr_line' id='line_1_85' title="bbox 2140 2675 3740 2752; baseline 0.006 -24"><span class='ocrx_word' id='word_1_724' title='bbox 2140 2675 2506 2745; x_wconf 85' lang='lat' dir='ltr'><strong>magnitudine</strong></span> <span class='ocrx_word' id='word_1_725' title='bbox 2530 2677 2916 2734; x_wconf 88' lang='lat' dir='ltr'><strong>revelationum</strong></span> <span class='ocrx_word' id='word_1_726' title='bbox 2942 2680 3294 2736; x_wconf 79' lang='lat' dir='ltr'><strong>extolleretur</strong></span> <span class='ocrx_word' id='word_1_727' title='bbox 3313 2722 3330 2749; x_wconf 93' lang='lat'><strong>,</strong></span> <span class='ocrx_word' id='word_1_728' title='bbox 3362 2680 3489 2752; x_wconf 90' lang='lat' dir='ltr'><strong>quid</strong></span> <span class='ocrx_word' id='word_1_729' title='bbox 3530 2682 3740 2737; x_wconf 85' lang='lat' dir='ltr'><strong>audivit</strong></span> 
     </span>
    </p>
   </div>
   <div class='ocr_carea' id='block_1_86' title="bbox 2139 2767 3735 2842">
    <p class='ocr_par' dir='ltr' id='par_1_86' title="bbox 2139 2767 3735 2842">
     <span class='ocr_line' id='line_1_86' title="bbox 2139 2767 3735 2842; baseline 0.006 -22"><span class='ocrx_word' id='word_1_730' title='bbox 2139 2781 2169 2821; x_wconf 87' lang='lat' dir='ltr'><strong>a</strong></span> <span class='ocrx_word' id='word_1_731' title='bbox 2193 2767 2418 2822; x_wconf 90' lang='lat' dir='ltr'><strong>Domino</strong></span> <span class='ocrx_word' id='word_1_732' title='bbox 2434 2768 2459 2821; x_wconf 84' lang='lat'><strong>?</strong></span> <span class='ocrx_word' id='word_1_733' title='bbox 2478 2768 2745 2839; x_wconf 86' lang='lat' dir='ltr'><strong>Numquid</strong></span> <span class='ocrx_word' id='word_1_734' title='bbox 2773 2768 2970 2826; x_wconf 90' lang='lat' dir='ltr'><strong>factum</strong></span> <span class='ocrx_word' id='word_1_735' title='bbox 2993 2779 3079 2827; x_wconf 86' lang='lat' dir='ltr'><strong>est</strong></span> <span class='ocrx_word' id='word_1_736' title='bbox 3100 2771 3244 2842; x_wconf 88' lang='lat' dir='ltr'><strong>quod</strong></span> <span class='ocrx_word' id='word_1_737' title='bbox 3273 2772 3519 2828; x_wconf 81' lang='lat' dir='ltr'><strong>volebat?</strong></span> <span class='ocrx_word' id='word_1_738' title='bbox 3540 2771 3656 2828; x_wconf 88' lang='lat' dir='ltr'><strong>Non</strong></span> <span class='ocrx_word' id='word_1_739' title='bbox 3674 2775 3691 2806; x_wconf 89' lang='grc'>¹</span> <span class='ocrx_word' id='word_1_740' title='bbox 3714 2792 3735 2841; x_wconf 88' lang='lat'><strong>;</strong></span> 
     </span>
    </p>
   </div>
   <div class='ocr_carea' id='block_1_87' title="bbox 2140 2857 3735 2933">
    <p class='ocr_par' dir='ltr' id='par_1_87' title="bbox 2140 2857 3735 2933">
     <span class='ocr_line' id='line_1_87' title="bbox 2140 2857 3735 2933; baseline 0.005 -22"><span class='ocrx_word' id='word_1_741' title='bbox 2140 2864 2199 2911; x_wconf 91' lang='lat' dir='ltr'><strong>ut</strong></span> <span class='ocrx_word' id='word_1_742' title='bbox 2223 2857 2376 2913; x_wconf 86' lang='lat' dir='ltr'><strong>fieret</strong></span> <span class='ocrx_word' id='word_1_743' title='bbox 2415 2859 2558 2929; x_wconf 89' lang='lat' dir='ltr'><strong>quod</strong></span> <span class='ocrx_word' id='word_1_744' title='bbox 2593 2859 2931 2930; x_wconf 80' lang='lat' dir='ltr'><strong>expediebat.</strong></span> <span class='ocrx_word' id='word_1_745' title='bbox 2966 2861 3103 2929; x_wconf 90' lang='lat' dir='ltr'><strong>Quid</strong></span> <span class='ocrx_word' id='word_1_746' title='bbox 3142 2876 3271 2933; x_wconf 89' lang='lat' dir='ltr'><strong>ergo</strong></span> <span class='ocrx_word' id='word_1_747' title='bbox 3314 2861 3518 2918; x_wconf 89' lang='lat' dir='ltr'><strong>audivit</strong></span> <span class='ocrx_word' id='word_1_748' title='bbox 3554 2878 3585 2918; x_wconf 88' lang='lat' dir='ltr'><strong>a</strong></span> <span class='ocrx_word' id='word_1_749' title='bbox 3617 2864 3735 2919; x_wconf 79' lang='lat' dir='ltr'><strong>Do-</strong></span> 
     </span>
    </p>
   </div>
   <div class='ocr_carea' id='block_1_88' title="bbox 2134 2948 3735 3027">
    <p class='ocr_par' dir='ltr' id='par_1_88' title="bbox 2134 2948 3735 3027">
     <span class='ocr_line' id='line_1_88' title="bbox 2134 2948 3735 3027; baseline 0.003 -21"><span class='ocrx_word' id='word_1_750' title='bbox 2134 2948 2319 3006; x_wconf 72' lang='lat' dir='ltr'><strong>mino?</strong></span> <span class='ocrx_word' id='word_1_751' title='bbox 2346 2948 2467 3015; x_wconf 86' lang='lat' dir='ltr'><strong>Ter,</strong></span> <span class='ocrx_word' id='word_1_752' title='bbox 2501 2951 2691 3021; x_wconf 87' lang='lat' dir='ltr'><strong>inquit,</strong></span> <span class='ocrx_word' id='word_1_753' title='bbox 2722 2953 2897 3022; x_wconf 85' lang='lat' dir='ltr'><strong>rogaui</strong></span> <span class='ocrx_word' id='word_1_754' title='bbox 2922 2951 3205 3007; x_wconf 88' lang='lat' dir='ltr'><strong>Dominum</strong></span> <span class='ocrx_word' id='word_1_755' title='bbox 3228 2993 3245 3021; x_wconf 92' lang='lat'><strong>,</strong></span> <span class='ocrx_word' id='word_1_756' title='bbox 3273 2963 3329 3009; x_wconf 89' lang='lat' dir='ltr'><strong>ut</strong></span> <span class='ocrx_word' id='word_1_757' title='bbox 3353 2956 3577 3027; x_wconf 77' lang='lat' dir='ltr'><strong>auferret</strong></span> <span class='ocrx_word' id='word_1_758' title='bbox 3604 2972 3735 3010; x_wconf 77' lang='lat' dir='ltr'><strong>eum</strong></span> 
     </span>
    </p>
   </div>
   <div class='ocr_carea' id='block_1_89' title="bbox 2136 3042 3736 3116">
    <p class='ocr_par' dir='ltr' id='par_1_89' title="bbox 2136 3042 3736 3116">
     <span class='ocr_line' id='line_1_89' title="bbox 2136 3042 3736 3116; baseline 0.004 -20"><span class='ocrx_word' id='word_1_759' title='bbox 2136 3057 2170 3096; x_wconf 66' lang='grc' dir='ltr'><strong>ς</strong></span> <span class='ocrx_word' id='word_1_760' title='bbox 2187 3058 2307 3108; x_wconf 87' lang='lat' dir='ltr'><strong>me;</strong></span> <span class='ocrx_word' id='word_1_761' title='bbox 2331 3053 2377 3097; x_wconf 86' lang='lat' dir='ltr'><strong>ct</strong></span> <span class='ocrx_word' id='word_1_762' title='bbox 2403 3042 2533 3097; x_wconf 69' lang='lat' dir='ltr'><strong>dixit</strong></span> <span class='ocrx_word' id='word_1_763' title='bbox 2563 3044 2689 3098; x_wconf 82' lang='lat' dir='ltr'><strong>mihi</strong></span> <span class='ocrx_word' id='word_1_764' title='bbox 2711 3085 2725 3108; x_wconf 95' lang='lat'><strong>,</strong></span> <span class='ocrx_word' id='word_1_765' title='bbox 2757 3044 2954 3115; x_wconf 63' lang='lat' dir='ltr'><strong>Sufﬁcit</strong></span> <span class='ocrx_word' id='word_1_766' title='bbox 2980 3045 3070 3099; x_wconf 83' lang='lat' dir='ltr'><strong>tibi</strong></span> <span class='ocrx_word' id='word_1_767' title='bbox 3093 3046 3260 3116; x_wconf 86' lang='lat' dir='ltr'><strong>gratia</strong></span> <span class='ocrx_word' id='word_1_768' title='bbox 3294 3063 3407 3101; x_wconf 87' lang='lat' dir='ltr'><strong>mea</strong></span> <span class='ocrx_word' id='word_1_769' title='bbox 3435 3063 3456 3103; x_wconf 89' lang='lat'><strong><em>:</em></strong></span> <span class='ocrx_word' id='word_1_770' title='bbox 3480 3064 3600 3102; x_wconf 88' lang='lat' dir='ltr'><strong>nam</strong></span> <span class='ocrx_word' id='word_1_771' title='bbox 3623 3049 3736 3103; x_wconf 81' lang='lat' dir='ltr'><strong>vir-</strong></span> 
     </span>
    </p>
   </div>
   <div class='ocr_carea' id='block_1_90' title="bbox 2135 3134 3736 3213">
    <p class='ocr_par' dir='ltr' id='par_1_90' title="bbox 2135 3134 3736 3213">
     <span class='ocr_line' id='line_1_90' title="bbox 2135 3134 3736 3213; baseline 0.006 -24"><span class='ocrx_word' id='word_1_772' title='bbox 2135 3142 2218 3189; x_wconf 85' lang='lat' dir='ltr'><strong>tus</strong></span> <span class='ocrx_word' id='word_1_773' title='bbox 2259 3134 2316 3187; x_wconf 86' lang='lat' dir='ltr'><strong>in</strong></span> <span class='ocrx_word' id='word_1_774' title='bbox 2356 3135 2653 3203; x_wconf 79' lang='lat' dir='ltr'><strong>inﬁrmitate</strong></span> <span class='ocrx_word' id='word_1_775' title='bbox 2698 3137 2959 3205; x_wconf 83' lang='lat' dir='ltr'><strong>per/icitur</strong></span> <span class='ocrx_word' id='word_1_776' title='bbox 3009 3137 3074 3209; x_wconf 92' lang='lat' dir='ltr'><strong>(ll</strong></span> <span class='ocrx_word' id='word_1_777' title='bbox 3103 3137 3223 3193; x_wconf 88' lang='lat' dir='ltr'><strong>Cor.</strong></span> <span class='ocrx_word' id='word_1_778' title='bbox 3279 3155 3387 3205; x_wconf 79' lang='grc' dir='ltr'>ιιι,</span> <span class='ocrx_word' id='word_1_779' title='bbox 3422 3138 3570 3213; x_wconf 83' lang='lat'><strong>7-9).</strong></span> <span class='ocrx_word' id='word_1_780' title='bbox 3612 3140 3736 3212; x_wconf 84' lang='lat' dir='ltr'><strong>Ego</strong></span> 
     </span>
    </p>
   </div>
   <div class='ocr_carea' id='block_1_91' title="bbox 2135 3226 3733 3303">
    <p class='ocr_par' dir='ltr' id='par_1_91' title="bbox 2135 3226 3733 3303">
     <span class='ocr_line' id='line_1_91' title="bbox 2135 3226 3733 3303; baseline 0.004 -21"><span class='ocrx_word' id='word_1_781' title='bbox 2135 3226 2587 3283; x_wconf 88' lang='lat' dir='ltr'><strong>medicamentum</strong></span> <span class='ocrx_word' id='word_1_782' title='bbox 2631 3228 2698 3285; x_wconf 90' lang='lat' dir='ltr'><strong>ad</strong></span> <span class='ocrx_word' id='word_1_783' title='bbox 2724 3228 2920 3286; x_wconf 89' lang='lat' dir='ltr'><strong>vulnus</strong></span> <span class='ocrx_word' id='word_1_784' title='bbox 2966 3231 3121 3301; x_wconf 89' lang='lat' dir='ltr'><strong>posui</strong></span> <span class='ocrx_word' id='word_1_785' title='bbox 3150 3248 3166 3286; x_wconf 91' lang='lat'><strong>:</strong></span> <span class='ocrx_word' id='word_1_786' title='bbox 3203 3232 3419 3302; x_wconf 86' lang='lat' dir='ltr'><strong>quando</strong></span> <span class='ocrx_word' id='word_1_787' title='bbox 3449 3235 3733 3303; x_wconf 87' lang='lat' dir='ltr'><strong>posuerim</strong></span> 
     </span>
    </p>
   </div>
   <div class='ocr_carea' id='block_1_92' title="bbox 2134 3320 3733 3397">
    <p class='ocr_par' dir='ltr' id='par_1_92' title="bbox 2134 3320 3733 3397">
     <span class='ocr_line' id='line_1_92' title="bbox 2134 3320 3733 3397; baseline 0.004 -22"><span class='ocrx_word' id='word_1_788' title='bbox 2134 3320 2279 3386; x_wconf 86' lang='lat' dir='ltr'><strong>novi,</strong></span> <span class='ocrx_word' id='word_1_789' title='bbox 2311 3322 2525 3393; x_wconf 90' lang='lat' dir='ltr'><strong>quando</strong></span> <span class='ocrx_word' id='word_1_790' title='bbox 2547 3321 2896 3379; x_wconf 80' lang='lat' dir='ltr'><strong>auferendum</strong></span> <span class='ocrx_word' id='word_1_791' title='bbox 2918 3324 2988 3383; x_wconf 78' lang='lat' dir='ltr'><strong>sit</strong></span> <span class='ocrx_word' id='word_1_792' title='bbox 3011 3324 3156 3380; x_wconf 89' lang='lat' dir='ltr'><strong>novi.</strong></span> <span class='ocrx_word' id='word_1_793' title='bbox 3180 3323 3295 3380; x_wconf 93' lang='lat' dir='ltr'><strong>Non</strong></span> <span class='ocrx_word' id='word_1_794' title='bbox 3322 3326 3538 3381; x_wconf 86' lang='lat' dir='ltr'><strong>recedat</strong></span> <span class='ocrx_word' id='word_1_795' title='bbox 3552 3342 3733 3397; x_wconf 62' lang='lat' dir='ltr'><strong>agro-</strong></span> 
     </span>
    </p>
   </div>
   <div class='ocr_carea' id='block_1_93' title="bbox 2133 3406 3731 3481">
    <p class='ocr_par' dir='ltr' id='par_1_93' title="bbox 2133 3406 3731 3481">
     <span class='ocr_line' id='line_1_93' title="bbox 2133 3406 3731 3481; baseline 0.005 -13"><span class='ocrx_word' id='word_1_796' title='bbox 2133 3422 2220 3469; x_wconf 92' lang='lat' dir='ltr'><strong>tus</strong></span> <span class='ocrx_word' id='word_1_797' title='bbox 2246 3429 2274 3467; x_wconf 89' lang='lat' dir='ltr'><strong>a</strong></span> <span class='ocrx_word' id='word_1_798' title='bbox 2305 3414 2552 3470; x_wconf 89' lang='lat' dir='ltr'><strong>manibus</strong></span> <span class='ocrx_word' id='word_1_799' title='bbox 2580 3406 2795 3481; x_wconf 84' lang='lat' dir='ltr'><strong>medici,</strong></span> <span class='ocrx_word' id='word_1_800' title='bbox 2822 3432 2928 3471; x_wconf 90' lang='lat' dir='ltr'><strong>non</strong></span> <span class='ocrx_word' id='word_1_801' title='bbox 2959 3416 3049 3473; x_wconf 86' lang='lat' dir='ltr'><strong>det</strong></span> <span class='ocrx_word' id='word_1_802' title='bbox 3074 3416 3356 3473; x_wconf 88' lang='lat' dir='ltr'><strong>consilium</strong></span> <span class='ocrx_word' id='word_1_803' title='bbox 3379 3418 3612 3475; x_wconf 91' lang='lat' dir='ltr'><strong>medico.</strong></span> <span class='ocrx_word' id='word_1_804' title='bbox 3648 3420 3731 3475; x_wconf 79' lang='lat' dir='ltr'><strong>Ita</strong></span> 
     </span>
    </p>
   </div>
   <div class='ocr_carea' id='block_1_94' title="bbox 2133 3508 3728 3581">
    <p class='ocr_par' dir='ltr' id='par_1_94' title="bbox 2133 3508 3728 3581">
     <span class='ocr_line' id='line_1_94' title="bbox 2133 3508 3728 3581; baseline 0.005 -19"><span class='ocrx_word' id='word_1_805' title='bbox 2133 3516 2257 3563; x_wconf 88' lang='lat' dir='ltr'><strong>sunt</strong></span> <span class='ocrx_word' id='word_1_806' title='bbox 2290 3508 2390 3563; x_wconf 90' lang='lat' dir='ltr'><strong>ista</strong></span> <span class='ocrx_word' id='word_1_807' title='bbox 2430 3509 2609 3564; x_wconf 80' lang='lat' dir='ltr'><strong>omnia</strong></span> <span class='ocrx_word' id='word_1_808' title='bbox 2648 3511 2977 3581; x_wconf 88' lang='lat' dir='ltr'><strong>temporalia.</strong></span> <span class='ocrx_word' id='word_1_809' title='bbox 3036 3510 3436 3568; x_wconf 85' lang='lat' dir='ltr'><strong>Tribulationes</strong></span> <span class='ocrx_word' id='word_1_810' title='bbox 3472 3522 3625 3578; x_wconf 88' lang='lat' dir='ltr'><strong>sunt;</strong></span> <span class='ocrx_word' id='word_1_811' title='bbox 3676 3515 3728 3570; x_wconf 88' lang='lat' dir='ltr'><strong>si</strong></span> 
     </span>
    </p>
   </div>
   <div class='ocr_carea' id='block_1_95' title="bbox 2134 3599 3731 3677">
    <p class='ocr_par' dir='ltr' id='par_1_95' title="bbox 2134 3599 3731 3677">
     <span class='ocr_line' id='line_1_95' title="bbox 2134 3599 3731 3677; baseline 0.006 -24"><span class='ocrx_word' id='word_1_812' title='bbox 2134 3599 2270 3655; x_wconf 86' lang='lat' dir='ltr'><strong>bene</strong></span> <span class='ocrx_word' id='word_1_813' title='bbox 2314 3600 2449 3657; x_wconf 88' lang='lat' dir='ltr'><strong>colis</strong></span> <span class='ocrx_word' id='word_1_814' title='bbox 2482 3601 2649 3656; x_wconf 87' lang='lat' dir='ltr'><strong>Deum</strong></span> <span class='ocrx_word' id='word_1_815' title='bbox 2671 3642 2686 3667; x_wconf 95' lang='lat'><strong>,</strong></span> <span class='ocrx_word' id='word_1_816' title='bbox 2719 3603 2933 3657; x_wconf 84' lang='lat' dir='ltr'><strong>noveris</strong></span> <span class='ocrx_word' id='word_1_817' title='bbox 2967 3603 3089 3674; x_wconf 86' lang='lat' dir='ltr'><strong>quia</strong></span> <span class='ocrx_word' id='word_1_818' title='bbox 3148 3604 3297 3660; x_wconf 89' lang='lat' dir='ltr'><strong>novit</strong></span> <span class='ocrx_word' id='word_1_819' title='bbox 3349 3604 3477 3675; x_wconf 88' lang='lat' dir='ltr'><strong>quid</strong></span> <span class='ocrx_word' id='word_1_820' title='bbox 3524 3605 3731 3677; x_wconf 87' lang='lat' dir='ltr'><strong>cuique</strong></span> 
     </span>
    </p>
   </div>
   <div class='ocr_carea' id='block_1_96' title="bbox 2130 3691 3731 3768">
    <p class='ocr_par' dir='ltr' id='par_1_96' title="bbox 2130 3691 3731 3768">
     <span class='ocr_line' id='line_1_96' title="bbox 2130 3691 3731 3768; baseline 0.004 -22"><span class='ocrx_word' id='word_1_821' title='bbox 2130 3691 2382 3762; x_wconf 78' lang='lat' dir='ltr'><strong>expediat</strong></span> <span class='ocrx_word' id='word_1_822' title='bbox 2422 3709 2438 3748; x_wconf 90' lang='lat'><strong>:</strong></span> <span class='ocrx_word' id='word_1_823' title='bbox 2478 3693 2863 3764; x_wconf 88' lang='lat' dir='ltr'><strong>prosperitates</strong></span> <span class='ocrx_word' id='word_1_824' title='bbox 2901 3703 3066 3760; x_wconf 90' lang='lat' dir='ltr'><strong>sunt;</strong></span> <span class='ocrx_word' id='word_1_825' title='bbox 3100 3696 3267 3767; x_wconf 86' lang='lat' dir='ltr'><strong>magis</strong></span> <span class='ocrx_word' id='word_1_826' title='bbox 3315 3710 3448 3752; x_wconf 87' lang='lat' dir='ltr'><strong>cave</strong></span> <span class='ocrx_word' id='word_1_827' title='bbox 3492 3712 3561 3753; x_wconf 93' lang='lat' dir='ltr'><strong>ne</strong></span> <span class='ocrx_word' id='word_1_828' title='bbox 3591 3698 3731 3768; x_wconf 75' lang='lat' dir='ltr'><strong>ipsa:</strong></span> 
     </span>
    </p>
   </div>
   <div class='ocr_carea' id='block_1_97' title="bbox 2130 3788 3726 3864">
    <p class='ocr_par' dir='ltr' id='par_1_97' title="bbox 2130 3788 3726 3864">
     <span class='ocr_line' id='line_1_97' title="bbox 2130 3788 3726 3864; baseline 0.004 -22"><span class='ocrx_word' id='word_1_829' title='bbox 2130 3796 2476 3858; x_wconf 87' lang='lat' dir='ltr'><strong>corrumpant</strong></span> <span class='ocrx_word' id='word_1_830' title='bbox 2524 3788 2762 3843; x_wconf 89' lang='lat' dir='ltr'><strong>aninmm</strong></span> <span class='ocrx_word' id='word_1_831' title='bbox 2811 3796 2991 3855; x_wconf 90' lang='lat' dir='ltr'><strong>tuum,</strong></span> <span class='ocrx_word' id='word_1_832' title='bbox 3020 3797 3080 3846; x_wconf 88' lang='lat' dir='ltr'><strong>ut</strong></span> <span class='ocrx_word' id='word_1_833' title='bbox 3120 3789 3189 3846; x_wconf 88' lang='lat' dir='ltr'><strong>ab</strong></span> <span class='ocrx_word' id='word_1_834' title='bbox 3215 3806 3282 3847; x_wconf 90' lang='lat' dir='ltr'><strong>eo</strong></span> <span class='ocrx_word' id='word_1_835' title='bbox 3308 3791 3399 3861; x_wconf 90' lang='lat' dir='ltr'><strong>qui</strong></span> <span class='ocrx_word' id='word_1_836' title='bbox 3453 3791 3569 3848; x_wconf 64' lang='lat' dir='ltr'><strong>hac</strong></span> <span class='ocrx_word' id='word_1_837' title='bbox 3606 3793 3726 3864; x_wconf 23' lang='lat' dir='ltr'><strong>vde-</strong></span> 
     </span>
    </p>
   </div>
   <div class='ocr_carea' id='block_1_98' title="bbox 2129 3878 3726 3954">
    <p class='ocr_par' dir='ltr' id='par_1_98' title="bbox 2129 3878 3726 3954">
     <span class='ocr_line' id='line_1_98' title="bbox 2129 3878 3726 3954; baseline 0.004 -20"><span class='ocrx_word' id='word_1_838' title='bbox 2129 3880 2209 3935; x_wconf 91' lang='lat' dir='ltr'><strong>dit</strong></span> <span class='ocrx_word' id='word_1_839' title='bbox 2253 3878 2489 3935; x_wconf 89' lang='lat' dir='ltr'><strong>recedat.</strong></span> <span class='ocrx_word' id='word_1_840' title='bbox 2545 3880 2685 3951; x_wconf 85' lang='lat' dir='ltr'><strong>Ergo</strong></span> <span class='ocrx_word' id='word_1_841' title='bbox 2722 3880 2826 3937; x_wconf 89' lang='lat' dir='ltr'><strong>iste</strong></span> <span class='ocrx_word' id='word_1_842' title='bbox 2877 3882 3182 3954; x_wconf 85' lang='lat' dir='ltr'><strong>intelligens</strong></span> <span class='ocrx_word' id='word_1_843' title='bbox 3241 3883 3369 3953; x_wconf 88' lang='lat' dir='ltr'><strong>quid</strong></span> <span class='ocrx_word' id='word_1_844' title='bbox 3390 3884 3496 3939; x_wconf 83' lang='lat' dir='ltr'><strong>ait?</strong></span> <span class='ocrx_word' id='word_1_845' title='bbox 3541 3883 3726 3952; x_wconf 82' lang='lat' dir='ltr'><strong>Deus,</strong></span> 
     </span>
    </p>
   </div>
   <div class='ocr_carea' id='block_1_99' title="bbox 2129 3971 3728 4047">
    <p class='ocr_par' dir='ltr' id='par_1_99' title="bbox 2129 3971 3728 4047">
     <span class='ocr_line' id='line_1_99' title="bbox 2129 3971 3728 4047; baseline 0.003 -19"><span class='ocrx_word' id='word_1_846' title='bbox 2129 3972 2314 4028; x_wconf 64' lang='lat' dir='ltr'><strong>arandi</strong></span> <span class='ocrx_word' id='word_1_847' title='bbox 2357 3971 2639 4027; x_wconf 85' lang='lat' dir='ltr'><strong>orationem</strong></span> <span class='ocrx_word' id='word_1_848' title='bbox 2677 3988 2883 4040; x_wconf 80' lang='lat' dir='ltr'><strong>meam;</strong></span> <span class='ocrx_word' id='word_1_849' title='bbox 2925 3974 3135 4030; x_wconf 78' lang='lat' dir='ltr'><strong>auribus</strong></span> <span class='ocrx_word' id='word_1_850' title='bbox 3180 3976 3380 4047; x_wconf 78' lang='lat' dir='ltr'><strong>percipe</strong></span> <span class='ocrx_word' id='word_1_851' title='bbox 3422 3975 3571 4031; x_wconf 74' lang='lat' dir='ltr'><strong>verba</strong></span> <span class='ocrx_word' id='word_1_852' title='bbox 3615 3978 3728 4034; x_wconf 85' lang='lat' dir='ltr'><strong>aris</strong></span> 
     </span>
    </p>
   </div>
   <div class='ocr_carea' id='block_1_100' title="bbox 2128 4063 3294 4120">
    <p class='ocr_par' dir='ltr' id='par_1_100' title="bbox 2128 4063 3294 4120">
     <span class='ocr_line' id='line_1_100' title="bbox 2128 4063 3294 4120; baseline -0.001 -2"><span class='ocrx_word' id='word_1_853' title='bbox 2128 4063 2245 4120; x_wconf 85' lang='lat' dir='ltr'><strong>mei.</strong></span> <span class='ocrx_word' id='word_1_854' title='bbox 3268 4092 3294 4117; x_wconf 79' lang='grc' dir='ltr'><strong><em>ο</em></strong></span> 
     </span>
    </p>
   </div>
   <div class='ocr_carea' id='block_1_101' title="bbox 2200 4158 3726 4230">
    <p class='ocr_par' dir='ltr' id='par_1_101' title="bbox 2200 4158 3726 4230">
     <span class='ocr_line' id='line_1_101' title="bbox 2200 4158 3726 4230; baseline 0.002 -17"><span class='ocrx_word' id='word_1_855' title='bbox 2200 4158 2254 4214; x_wconf 88' lang='lat'><strong>6.</strong></span> <span class='ocrx_word' id='word_1_856' title='bbox 2313 4158 2462 4230; x_wconf 78' lang='lat' dir='ltr'><strong>lrers.</strong></span> <span class='ocrx_word' id='word_1_857' title='bbox 2492 4158 2571 4230; x_wconf 84' lang='lat'><strong>5.|</strong></span> <span class='ocrx_word' id='word_1_858' title='bbox 2605 4159 2862 4227; x_wconf 81' lang='lat' dir='ltr'><strong>Quoniam</strong></span> <span class='ocrx_word' id='word_1_859' title='bbox 2884 4159 3039 4215; x_wconf 88' lang='lat' dir='ltr'><strong>alieni</strong></span> <span class='ocrx_word' id='word_1_860' title='bbox 3052 4160 3430 4216; x_wconf 69' lang='lat' dir='ltr'><strong>insurrexerunt</strong></span> <span class='ocrx_word' id='word_1_861' title='bbox 3452 4160 3726 4216; x_wconf 75' lang='lat' dir='ltr'><strong>adversum</strong></span> 
     </span>
    </p>
   </div>
   <div class='ocr_carea' id='block_1_102' title="bbox 2130 4250 3724 4322">
    <p class='ocr_par' dir='ltr' id='par_1_102' title="bbox 2130 4250 3724 4322">
     <span class='ocr_line' id='line_1_102' title="bbox 2130 4250 3724 4322; baseline 0.004 -17"><span class='ocrx_word' id='word_1_862' title='bbox 2130 4268 2227 4305; x_wconf 88' lang='lat' dir='ltr'><strong>me.</strong></span> <span class='ocrx_word' id='word_1_863' title='bbox 2258 4250 2357 4317; x_wconf 89' lang='lat' dir='ltr'><strong>Qui</strong></span> <span class='ocrx_word' id='word_1_864' title='bbox 2397 4250 2600 4306; x_wconf 82' lang='lat' dir='ltr'><strong>alieni?</strong></span> <span class='ocrx_word' id='word_1_865' title='bbox 2625 4250 2813 4307; x_wconf 88' lang='lat' dir='ltr'><strong>Nonne</strong></span> <span class='ocrx_word' id='word_1_866' title='bbox 2866 4252 2981 4322; x_wconf 91' lang='lat' dir='ltr'><strong>ipse</strong></span> <span class='ocrx_word' id='word_1_867' title='bbox 3029 4252 3197 4308; x_wconf 84' lang='lat' dir='ltr'><strong>David</strong></span> <span class='ocrx_word' id='word_1_868' title='bbox 3233 4252 3448 4309; x_wconf 68' lang='lat' dir='ltr'><strong>Judazus</strong></span> <span class='ocrx_word' id='word_1_869' title='bbox 3491 4265 3611 4311; x_wconf 89' lang='lat' dir='ltr'><strong>erat</strong></span> <span class='ocrx_word' id='word_1_870' title='bbox 3653 4255 3724 4311; x_wconf 89' lang='lat' dir='ltr'><strong>de</strong></span> 
     </span>
    </p>
   </div>
   <div class='ocr_carea' id='block_1_103' title="bbox 2129 4343 3727 4415">
    <p class='ocr_par' dir='ltr' id='par_1_103' title="bbox 2129 4343 3727 4415">
     <span class='ocr_line' id='line_1_103' title="bbox 2129 4343 3727 4415; baseline 0.002 -16"><span class='ocrx_word' id='word_1_871' title='bbox 2129 4345 2270 4401; x_wconf 85' lang='lat' dir='ltr'><strong>tribu</strong></span> <span class='ocrx_word' id='word_1_872' title='bbox 2300 4343 2475 4399; x_wconf 77' lang='lat' dir='ltr'><strong>.luda?</strong></span> <span class='ocrx_word' id='word_1_873' title='bbox 2506 4343 2625 4413; x_wconf 88' lang='lat' dir='ltr'><strong>Ipse</strong></span> <span class='ocrx_word' id='word_1_874' title='bbox 2667 4354 2843 4400; x_wconf 89' lang='lat' dir='ltr'><strong>autem</strong></span> <span class='ocrx_word' id='word_1_875' title='bbox 2887 4344 3035 4400; x_wconf 90' lang='lat' dir='ltr'><strong>locus</strong></span> <span class='ocrx_word' id='word_1_876' title='bbox 3067 4343 3203 4415; x_wconf 81' lang='lat' dir='ltr'><strong>Ziph</strong></span> <span class='ocrx_word' id='word_1_877' title='bbox 3246 4345 3314 4400; x_wconf 89' lang='lat' dir='ltr'><strong>ad</strong></span> <span class='ocrx_word' id='word_1_878' title='bbox 3358 4346 3552 4401; x_wconf 88' lang='lat' dir='ltr'><strong>tribum</strong></span> <span class='ocrx_word' id='word_1_879' title='bbox 3582 4346 3727 4402; x_wconf 83' lang='lat' dir='ltr'><strong>Juda</strong></span> 
     </span>
    </p>
   </div>
   <div class='ocr_carea' id='block_1_104' title="bbox 2128 4438 3725 4511">
    <p class='ocr_par' dir='ltr' id='par_1_104' title="bbox 2128 4438 3725 4511">
     <span class='ocr_line' id='line_1_104' title="bbox 2128 4438 3725 4511; baseline 0 -18"><span class='ocrx_word' id='word_1_880' title='bbox 2128 4439 2455 4509; x_wconf 84' lang='lat' dir='ltr'><strong>pertinebat,</strong></span> <span class='ocrx_word' id='word_1_881' title='bbox 2488 4438 2798 4495; x_wconf 68' lang='lat' dir='ltr'><strong>Judatorum</strong></span> <span class='ocrx_word' id='word_1_882' title='bbox 2839 4447 2975 4493; x_wconf 91' lang='lat' dir='ltr'><strong>erat.</strong></span> <span class='ocrx_word' id='word_1_883' title='bbox 3027 4438 3309 4508; x_wconf 90' lang='lat' dir='ltr'><strong>Quomodo</strong></span> <span class='ocrx_word' id='word_1_884' title='bbox 3344 4455 3472 4511; x_wconf 85' lang='lat' dir='ltr'><strong>ergo</strong></span> <span class='ocrx_word' id='word_1_885' title='bbox 3516 4439 3725 4495; x_wconf 86' lang='lat' dir='ltr'><strong>alieni?</strong></span> 
     </span>
    </p>
   </div>
   <div class='ocr_carea' id='block_1_105' title="bbox 2126 4530 3721 4599">
    <p class='ocr_par' dir='ltr' id='par_1_105' title="bbox 2126 4530 3721 4599">
     <span class='ocr_line' id='line_1_105' title="bbox 2126 4530 3721 4599; baseline 0.001 -15"><span class='ocrx_word' id='word_1_886' title='bbox 2126 4530 2245 4585; x_wconf 90' lang='lat' dir='ltr'><strong>Non</strong></span> <span class='ocrx_word' id='word_1_887' title='bbox 2288 4530 2505 4586; x_wconf 89' lang='lat' dir='ltr'><strong>civitate</strong></span> <span class='ocrx_word' id='word_1_888' title='bbox 2528 4572 2545 4599; x_wconf 92' lang='lat'><strong>,</strong></span> <span class='ocrx_word' id='word_1_889' title='bbox 2578 4544 2686 4585; x_wconf 90' lang='lat' dir='ltr'><strong>non</strong></span> <span class='ocrx_word' id='word_1_890' title='bbox 2711 4530 2852 4587; x_wconf 91' lang='lat' dir='ltr'><strong>tribu</strong></span> <span class='ocrx_word' id='word_1_891' title='bbox 2873 4570 2890 4598; x_wconf 94' lang='lat'><strong>,</strong></span> <span class='ocrx_word' id='word_1_892' title='bbox 2917 4546 3024 4586; x_wconf 88' lang='lat' dir='ltr'><strong>non</strong></span> <span class='ocrx_word' id='word_1_893' title='bbox 3063 4530 3413 4599; x_wconf 83' lang='lat' dir='ltr'><strong>cognatione,</strong></span> <span class='ocrx_word' id='word_1_894' title='bbox 3441 4531 3539 4588; x_wconf 88' lang='lat' dir='ltr'><strong>sed</strong></span> <span class='ocrx_word' id='word_1_895' title='bbox 3560 4530 3721 4588; x_wconf 82' lang='lat' dir='ltr'><strong>ﬂore.</strong></span> 
     </span>
    </p>
   </div>
   <div class='ocr_carea' id='block_1_106' title="bbox 2126 4620 3724 4692">
    <p class='ocr_par' dir='ltr' id='par_1_106' title="bbox 2126 4620 3724 4692">
     <span class='ocr_line' id='line_1_106' title="bbox 2126 4620 3724 4692; baseline 0.003 -17"><span class='ocrx_word' id='word_1_896' title='bbox 2126 4620 2257 4677; x_wconf 89' lang='lat' dir='ltr'><strong>Nam</strong></span> <span class='ocrx_word' id='word_1_897' title='bbox 2285 4622 2365 4677; x_wconf 93' lang='lat' dir='ltr'><strong>vis</strong></span> <span class='ocrx_word' id='word_1_898' title='bbox 2399 4635 2559 4677; x_wconf 90' lang='lat' dir='ltr'><strong>nosse</strong></span> <span class='ocrx_word' id='word_1_899' title='bbox 2584 4620 2791 4677; x_wconf 90' lang='lat' dir='ltr'><strong>alienos</strong></span> <span class='ocrx_word' id='word_1_900' title='bbox 2815 4620 2988 4677; x_wconf 89' lang='lat' dir='ltr'><strong>istos?</strong></span> <span class='ocrx_word' id='word_1_901' title='bbox 3012 4620 3070 4677; x_wconf 91' lang='lat' dir='ltr'><strong>ln</strong></span> <span class='ocrx_word' id='word_1_902' title='bbox 3096 4621 3204 4676; x_wconf 91' lang='lat' dir='ltr'><strong>alio</strong></span> <span class='ocrx_word' id='word_1_903' title='bbox 3221 4622 3428 4692; x_wconf 87' lang='lat' dir='ltr'><strong>psalmo</strong></span> <span class='ocrx_word' id='word_1_904' title='bbox 3446 4621 3536 4677; x_wconf 86' lang='lat' dir='ltr'><strong>filii</strong></span> <span class='ocrx_word' id='word_1_905' title='bbox 3557 4622 3724 4680; x_wconf 90' lang='lat' dir='ltr'><strong>alieni</strong></span> 
     </span>
    </p>
   </div>
   <div class='ocr_carea' id='block_1_107' title="bbox 2126 4715 3728 4786">
    <p class='ocr_par' dir='ltr' id='par_1_107' title="bbox 2126 4715 3728 4786">
     <span class='ocr_line' id='line_1_107' title="bbox 2126 4715 3728 4786; baseline 0.002 -14"><span class='ocrx_word' id='word_1_906' title='bbox 2126 4716 2251 4772; x_wconf 90' lang='lat' dir='ltr'><strong>dicti</strong></span> <span class='ocrx_word' id='word_1_907' title='bbox 2282 4724 2427 4782; x_wconf 89' lang='lat' dir='ltr'><strong>sunt,</strong></span> <span class='ocrx_word' id='word_1_908' title='bbox 2457 4731 2672 4786; x_wconf 82' lang='lat' dir='ltr'><strong>quorum</strong></span> <span class='ocrx_word' id='word_1_909' title='bbox 2692 4732 2748 4770; x_wconf 85' lang='lat' dir='ltr'><strong>os</strong></span> <span class='ocrx_word' id='word_1_910' title='bbox 2772 4715 2993 4771; x_wconf 86' lang='lat' dir='ltr'><strong>locutum</strong></span> <span class='ocrx_word' id='word_1_911' title='bbox 3026 4727 3098 4772; x_wconf 88' lang='lat' dir='ltr'><strong>est</strong></span> <span class='ocrx_word' id='word_1_912' title='bbox 3123 4718 3417 4785; x_wconf 82' lang='lat' dir='ltr'><strong>vanitatem,</strong></span> <span class='ocrx_word' id='word_1_913' title='bbox 3449 4726 3498 4773; x_wconf 87' lang='lat' dir='ltr'><strong>et</strong></span> <span class='ocrx_word' id='word_1_914' title='bbox 3511 4718 3728 4775; x_wconf 73' lang='lat' dir='ltr'><strong>dextera</strong></span> 
     </span>
    </p>
   </div>
   <div class='ocr_carea' id='block_1_108' title="bbox 2125 4807 3725 4879">
    <p class='ocr_par' dir='ltr' id='par_1_108' title="bbox 2125 4807 3725 4879">
     <span class='ocr_line' id='line_1_108' title="bbox 2125 4807 3725 4879; baseline 0.003 -16"><span class='ocrx_word' id='word_1_915' title='bbox 2125 4824 2300 4863; x_wconf 88' lang='lat' dir='ltr'><strong>eorum</strong></span> <span class='ocrx_word' id='word_1_916' title='bbox 2340 4807 2547 4862; x_wconf 74' lang='lat' dir='ltr'><strong>dextera</strong></span> <span class='ocrx_word' id='word_1_917' title='bbox 2592 4807 2894 4879; x_wconf 84' lang='lat' dir='ltr'><strong>iniquitatis.</strong></span> <span class='ocrx_word' id='word_1_918' title='bbox 2933 4807 3003 4863; x_wconf 87' lang='lat' dir='ltr'><strong>Et</strong></span> <span class='ocrx_word' id='word_1_919' title='bbox 3043 4816 3327 4864; x_wconf 84' lang='lat' dir='ltr'><strong>enumerat</strong></span> <span class='ocrx_word' id='word_1_920' title='bbox 3381 4808 3568 4865; x_wconf 82' lang='lat' dir='ltr'><strong>florem</strong></span> <span class='ocrx_word' id='word_1_921' title='bbox 3626 4811 3725 4867; x_wconf 84' lang='lat' dir='ltr'><strong>Zi-</strong></span> 
     </span>
    </p>
   </div>
   <div class='ocr_carea' id='block_1_109' title="bbox 2125 4899 3729 4971">
    <p class='ocr_par' dir='ltr' id='par_1_109' title="bbox 2125 4899 3729 4971">
     <span class='ocr_line' id='line_1_109' title="bbox 2125 4899 3729 4971; baseline 0.003 -18"><span class='ocrx_word' id='word_1_922' title='bbox 2125 4899 2399 4971; x_wconf 70' lang='lat' dir='ltr'><strong>phmorum</strong></span> <span class='ocrx_word' id='word_1_923' title='bbox 2427 4916 2442 4954; x_wconf 90' lang='lat'><strong>:</strong></span> <span class='ocrx_word' id='word_1_924' title='bbox 2469 4899 2697 4966; x_wconf 84' lang='lat' dir='ltr'><strong>Quorum</strong></span> <span class='ocrx_word' id='word_1_925' title='bbox 2718 4899 2812 4966; x_wconf 73' lang='lat' dir='ltr'><strong>lilii</strong></span> <span class='ocrx_word' id='word_1_926' title='bbox 2834 4915 3007 4953; x_wconf 86' lang='lat' dir='ltr'><strong>eorum</strong></span> <span class='ocrx_word' id='word_1_927' title='bbox 3031 4901 3163 4954; x_wconf 79' lang='lat' dir='ltr'><strong>velut</strong></span> <span class='ocrx_word' id='word_1_928' title='bbox 3184 4901 3396 4957; x_wconf 70' lang='lat' dir='ltr'><strong>nouella</strong></span> <span class='ocrx_word' id='word_1_929' title='bbox 3425 4905 3729 4959; x_wconf 81' lang='lat' dir='ltr'><strong>constabili-</strong></span> 
     </span>
    </p>
   </div>
   <div class='ocr_carea' id='block_1_110' title="bbox 2127 4991 3722 5065">
    <p class='ocr_par' dir='ltr' id='par_1_110' title="bbox 2127 4991 3722 5065">
     <span class='ocr_line' id='line_1_110' title="bbox 2127 4991 3722 5065; baseline 0.004 -20"><span class='ocrx_word' id='word_1_930' title='bbox 2127 5002 2193 5047; x_wconf 73' lang='grc' dir='ltr'>ιω</span> <span class='ocrx_word' id='word_1_931' title='bbox 2214 4991 2266 5046; x_wconf 86' lang='lat' dir='ltr'><strong>in</strong></span> <span class='ocrx_word' id='word_1_932' title='bbox 2282 4993 2543 5063; x_wconf 85' lang='lat' dir='ltr'><strong>juventute</strong></span> <span class='ocrx_word' id='word_1_933' title='bbox 2567 5008 2661 5045; x_wconf 86' lang='lat' dir='ltr'><strong>sua</strong></span> <span class='ocrx_word' id='word_1_934' title='bbox 2683 5007 2702 5046; x_wconf 90' lang='lat'><strong><em>:</em></strong></span> <span class='ocrx_word' id='word_1_935' title='bbox 2722 4991 2848 5061; x_wconf 71' lang='lat' dir='ltr'><strong>ﬁlias</strong></span> <span class='ocrx_word' id='word_1_936' title='bbox 2879 5008 3049 5046; x_wconf 86' lang='lat' dir='ltr'><strong>eorum</strong></span> <span class='ocrx_word' id='word_1_937' title='bbox 3094 4994 3387 5064; x_wconf 71' lang='lat' dir='ltr'><strong>compositae</strong></span> <span class='ocrx_word' id='word_1_938' title='bbox 3418 5004 3466 5049; x_wconf 87' lang='lat' dir='ltr'><strong>et</strong></span> <span class='ocrx_word' id='word_1_939' title='bbox 3489 5005 3722 5065; x_wconf 70' lang='lat' dir='ltr'><strong>ornatw,</strong></span> 
     </span>
    </p>
   </div>
   <div class='ocr_carea' id='block_1_111' title="bbox 2124 5084 3729 5157">
    <p class='ocr_par' dir='ltr' id='par_1_111' title="bbox 2124 5084 3729 5157">
     <span class='ocr_line' id='line_1_111' title="bbox 2124 5084 3729 5157; baseline 0.001 -16"><span class='ocrx_word' id='word_1_940' title='bbox 2124 5087 2253 5141; x_wconf 85' lang='lat' dir='ltr'><strong>sicut</strong></span> <span class='ocrx_word' id='word_1_941' title='bbox 2280 5084 2561 5140; x_wconf 86' lang='lat' dir='ltr'><strong>similitudo</strong></span> <span class='ocrx_word' id='word_1_942' title='bbox 2590 5085 2801 5154; x_wconf 84' lang='lat' dir='ltr'><strong>templi;</strong></span> <span class='ocrx_word' id='word_1_943' title='bbox 2827 5084 3036 5140; x_wconf 89' lang='lat' dir='ltr'><strong>cellaria</strong></span> <span class='ocrx_word' id='word_1_944' title='bbox 3061 5101 3236 5140; x_wconf 84' lang='lat' dir='ltr'><strong>eorum</strong></span> <span class='ocrx_word' id='word_1_945' title='bbox 3255 5086 3407 5157; x_wconf 87' lang='lat' dir='ltr'><strong>plena</strong></span> <span class='ocrx_word' id='word_1_946' title='bbox 3428 5127 3443 5149; x_wconf 88' lang='lat'><strong>,</strong></span> <span class='ocrx_word' id='word_1_947' title='bbox 3474 5097 3729 5143; x_wconf 79' lang='lat' dir='ltr'><strong>eructan-</strong></span> 
     </span>
    </p>
   </div>
   <div class='ocr_carea' id='block_1_112' title="bbox 2128 5176 3724 5252">
    <p class='ocr_par' dir='ltr' id='par_1_112' title="bbox 2128 5176 3724 5252">
     <span class='ocr_line' id='line_1_112' title="bbox 2128 5176 3724 5252; baseline 0.004 -20"><span class='ocrx_word' id='word_1_948' title='bbox 2128 5179 2198 5232; x_wconf 89' lang='lat' dir='ltr'><strong>tia</strong></span> <span class='ocrx_word' id='word_1_949' title='bbox 2221 5191 2288 5233; x_wconf 80' lang='lat' dir='ltr'><strong>ea:</strong></span> <span class='ocrx_word' id='word_1_950' title='bbox 2311 5176 2406 5231; x_wconf 88' lang='lat' dir='ltr'><strong>Iwc</strong></span> <span class='ocrx_word' id='word_1_951' title='bbox 2427 5177 2479 5231; x_wconf 89' lang='lat' dir='ltr'><strong>in</strong></span> <span class='ocrx_word' id='word_1_952' title='bbox 2508 5177 2603 5232; x_wconf 86' lang='lat' dir='ltr'><strong>hoc</strong></span> <span class='ocrx_word' id='word_1_953' title='bbox 2630 5193 2650 5232; x_wconf 90' lang='lat'><strong><em>:</em></strong></span> <span class='ocrx_word' id='word_1_954' title='bbox 2674 5192 2789 5231; x_wconf 84' lang='lat' dir='ltr'><strong>oves</strong></span> <span class='ocrx_word' id='word_1_955' title='bbox 2830 5192 3003 5232; x_wconf 89' lang='lat' dir='ltr'><strong>eorum</strong></span> <span class='ocrx_word' id='word_1_956' title='bbox 3021 5177 3253 5250; x_wconf 63' lang='lat' dir='ltr'><strong>(«unde</strong></span> <span class='ocrx_word' id='word_1_957' title='bbox 3273 5220 3289 5245; x_wconf 90' lang='lat'><strong>,</strong></span> <span class='ocrx_word' id='word_1_958' title='bbox 3319 5179 3724 5252; x_wconf 83' lang='lat' dir='ltr'><strong>multiplicantes</strong></span> 
     </span>
    </p>
   </div>
   <div class='ocr_carea' id='block_1_113' title="bbox 2125 5269 3727 5337">
    <p class='ocr_par' dir='ltr' id='par_1_113' title="bbox 2125 5269 3727 5337">
     <span class='ocr_line' id='line_1_113' title="bbox 2125 5269 3727 5337; baseline 0.003 -12"><span class='ocrx_word' id='word_1_959' title='bbox 2125 5271 2181 5325; x_wconf 89' lang='lat' dir='ltr'><strong>in</strong></span> <span class='ocrx_word' id='word_1_960' title='bbox 2220 5270 2434 5325; x_wconf 74' lang='lat' dir='ltr'><strong>exitibus</strong></span> <span class='ocrx_word' id='word_1_961' title='bbox 2474 5270 2615 5337; x_wconf 88' lang='lat' dir='ltr'><strong>suis;</strong></span> <span class='ocrx_word' id='word_1_962' title='bbox 2652 5269 2800 5325; x_wconf 84' lang='lat' dir='ltr'><strong>boves</strong></span> <span class='ocrx_word' id='word_1_963' title='bbox 2828 5286 3003 5325; x_wconf 86' lang='lat' dir='ltr'><strong>eorum</strong></span> <span class='ocrx_word' id='word_1_964' title='bbox 3042 5272 3201 5327; x_wconf 87' lang='lat' dir='ltr'><strong>crassi</strong></span> <span class='ocrx_word' id='word_1_965' title='bbox 3241 5288 3261 5327; x_wconf 90' lang='lat'><strong><em>:</em></strong></span> <span class='ocrx_word' id='word_1_966' title='bbox 3304 5289 3407 5328; x_wconf 88' lang='lat' dir='ltr'><strong>non</strong></span> <span class='ocrx_word' id='word_1_967' title='bbox 3444 5282 3518 5328; x_wconf 88' lang='lat' dir='ltr'><strong>est</strong></span> <span class='ocrx_word' id='word_1_968' title='bbox 3567 5276 3727 5330; x_wconf 86' lang='lat' dir='ltr'><strong>ruina</strong></span> 
     </span>
    </p>
   </div>
   <div class='ocr_carea' id='block_1_114' title="bbox 2127 5361 3727 5436">
    <p class='ocr_par' dir='ltr' id='par_1_114' title="bbox 2127 5361 3727 5436">
     <span class='ocr_line' id='line_1_114' title="bbox 2127 5361 3727 5436; baseline 0.005 -18"><span class='ocrx_word' id='word_1_969' title='bbox 2127 5362 2281 5433; x_wconf 79' lang='lat' dir='ltr'><strong>scpis,</strong></span> <span class='ocrx_word' id='word_1_970' title='bbox 2311 5379 2403 5417; x_wconf 89' lang='lat' dir='ltr'><strong>nec</strong></span> <span class='ocrx_word' id='word_1_971' title='bbox 2440 5363 2635 5429; x_wconf 64' lang='lat' dir='ltr'><strong>exitus,</strong></span> <span class='ocrx_word' id='word_1_972' title='bbox 2660 5378 2818 5431; x_wconf 85' lang='lat' dir='ltr'><strong>neque</strong></span> <span class='ocrx_word' id='word_1_973' title='bbox 2844 5361 3038 5418; x_wconf 89' lang='lat' dir='ltr'><strong>clamor</strong></span> <span class='ocrx_word' id='word_1_974' title='bbox 3066 5364 3121 5419; x_wconf 84' lang='lat' dir='ltr'><strong>in</strong></span> <span class='ocrx_word' id='word_1_975' title='bbox 3162 5366 3345 5436; x_wconf 81' lang='lat' dir='ltr'><strong>plateis</strong></span> <span class='ocrx_word' id='word_1_976' title='bbox 3383 5382 3578 5422; x_wconf 86' lang='lat' dir='ltr'><strong>eorum.</strong></span> <span class='ocrx_word' id='word_1_977' title='bbox 3610 5367 3727 5426; x_wconf 86' lang='lat' dir='ltr'><strong>Sed</strong></span> 
     </span>
    </p>
   </div>
   <div class='ocr_carea' id='block_1_115' title="bbox 2129 5453 3721 5527">
    <p class='ocr_par' dir='ltr' id='par_1_115' title="bbox 2129 5453 3721 5527">
     <span class='ocr_line' id='line_1_115' title="bbox 2129 5453 3721 5527; baseline 0.005 -19"><span class='ocrx_word' id='word_1_978' title='bbox 2129 5455 2253 5510; x_wconf 88' lang='lat' dir='ltr'><strong>vide</strong></span> <span class='ocrx_word' id='word_1_979' title='bbox 2276 5454 2547 5525; x_wconf 79' lang='lat' dir='ltr'><strong>Zipliaeos,</strong></span> <span class='ocrx_word' id='word_1_980' title='bbox 2576 5454 2696 5510; x_wconf 89' lang='lat' dir='ltr'><strong>vide</strong></span> <span class='ocrx_word' id='word_1_981' title='bbox 2718 5453 2786 5509; x_wconf 91' lang='lat' dir='ltr'><strong>ad</strong></span> <span class='ocrx_word' id='word_1_982' title='bbox 2809 5464 3017 5527; x_wconf 91' lang='lat' dir='ltr'><strong>tempus</strong></span> <span class='ocrx_word' id='word_1_983' title='bbox 3044 5455 3322 5514; x_wconf 81' lang='lat' dir='ltr'><strong>florentes.</strong></span> <span class='ocrx_word' id='word_1_984' title='bbox 3339 5458 3553 5514; x_wconf 83' lang='lat' dir='ltr'><strong>Beatum</strong></span> <span class='ocrx_word' id='word_1_985' title='bbox 3573 5460 3721 5517; x_wconf 69' lang='lat' dir='ltr'><strong>dire-</strong></span> 
     </span>
    </p>
   </div>
   <div class='ocr_carea' id='block_1_116' title="bbox 2127 5545 3726 5617">
    <p class='ocr_par' dir='ltr' id='par_1_116' title="bbox 2127 5545 3726 5617">
     <span class='ocr_line' id='line_1_116' title="bbox 2127 5545 3726 5617; baseline 0.006 -14"><span class='ocrx_word' id='word_1_986' title='bbox 2127 5545 2248 5603; x_wconf 72' lang='lat' dir='ltr'><strong>runt</strong></span> <span class='ocrx_word' id='word_1_987' title='bbox 2294 5547 2537 5617; x_wconf 86' lang='lat' dir='ltr'><strong>populum</strong></span> <span class='ocrx_word' id='word_1_988' title='bbox 2577 5547 2660 5601; x_wconf 85' lang='lat' dir='ltr'><strong>cui</strong></span> <span class='ocrx_word' id='word_1_989' title='bbox 2703 5547 2812 5603; x_wconf 66' lang='lat' dir='ltr'><strong>lucc</strong></span> <span class='ocrx_word' id='word_1_990' title='bbox 2856 5557 2996 5606; x_wconf 80' lang='lat' dir='ltr'><strong>sunt.</strong></span> <span class='ocrx_word' id='word_1_991' title='bbox 3037 5549 3227 5606; x_wconf 80' lang='lat' dir='ltr'><strong>Merito</strong></span> <span class='ocrx_word' id='word_1_992' title='bbox 3269 5550 3364 5607; x_wconf 81' lang='lat' dir='ltr'><strong>ﬁlii</strong></span> <span class='ocrx_word' id='word_1_993' title='bbox 3405 5551 3590 5609; x_wconf 90' lang='lat' dir='ltr'><strong>alieni.</strong></span> <span class='ocrx_word' id='word_1_994' title='bbox 3639 5553 3726 5613; x_wconf 86' lang='grc' dir='ltr'>Τιι</span> 
     </span>
    </p>
   </div>
   <div class='ocr_carea' id='block_1_117' title="bbox 2128 5636 3727 5720">
    <p class='ocr_par' dir='ltr' id='par_1_117' title="bbox 2128 5636 3727 5720">
     <span class='ocr_line' id='line_1_117' title="bbox 2128 5636 3727 5720; baseline 0.005 -29"><span class='ocrx_word' id='word_1_995' title='bbox 2128 5636 2254 5710; x_wconf 89' lang='lat' dir='ltr'><strong>quid</strong></span> <span class='ocrx_word' id='word_1_996' title='bbox 2279 5679 2295 5704; x_wconf 92' lang='lat'><strong>,</strong></span> <span class='ocrx_word' id='word_1_997' title='bbox 2336 5638 2506 5692; x_wconf 89' lang='lat' dir='ltr'><strong>latens</strong></span> <span class='ocrx_word' id='word_1_998' title='bbox 2546 5638 2684 5694; x_wconf 84' lang='lat' dir='ltr'><strong>inter</strong></span> <span class='ocrx_word' id='word_1_999' title='bbox 2726 5636 3020 5711; x_wconf 67' lang='lat' dir='ltr'><strong>Ziplmos?</strong></span> <span class='ocrx_word' id='word_1_1000' title='bbox 3061 5639 3249 5697; x_wconf 86' lang='lat' dir='ltr'><strong>Beatus</strong></span> <span class='ocrx_word' id='word_1_1001' title='bbox 3295 5642 3515 5714; x_wconf 84' lang='lat' dir='ltr'><strong>populus</strong></span> <span class='ocrx_word' id='word_1_1002' title='bbox 3569 5648 3727 5720; x_wconf 68' lang='lat' dir='ltr'><strong>cujus</strong></span> 
     </span>
    </p>
   </div>
   <div class='ocr_carea' id='block_1_118' title="bbox 2192 5820 2719 5883">
    <p class='ocr_par' dir='ltr' id='par_1_118' title="bbox 2192 5820 2719 5883">
     <span class='ocr_line' id='line_1_118' title="bbox 2192 5820 2719 5883; baseline -0.002 -10"><span class='ocrx_word' id='word_1_1003' title='bbox 2192 5823 2210 5857; x_wconf 76' lang='grc' dir='ltr'><strong>ι</strong></span> <span class='ocrx_word' id='word_1_1004' title='bbox 2232 5820 2396 5883; x_wconf 80' lang='lat' dir='ltr'><strong>Abest,</strong></span> <span class='ocrx_word' id='word_1_1005' title='bbox 2424 5827 2540 5880; x_wconf 82' lang='lat' dir='ltr'><strong>Non,</strong></span> <span class='ocrx_word' id='word_1_1006' title='bbox 2566 5830 2595 5869; x_wconf 87' lang='lat' dir='ltr'><strong>a</strong></span> <span class='ocrx_word' id='word_1_1007' title='bbox 2611 5824 2719 5872; x_wconf 74' lang='lat' dir='ltr'><strong>Mss.</strong></span> 
     </span>
    </p>
   </div>
  </div>
