4042 6504
270 480 373 547 625

272 619 522 678 Dominus
558 615 701 673 Deus
722 610 885 685 ipsius
907 606 1079 683 (Psol.
1109 620 1291 672 exuti,
1318 603 1493 674 745).
1524 601 1602 657 Ex
1638 599 1741 655 hoc
1769 595 1851 652 af-

268 717 405 774 lectu
435 713 556 770 haec
577 709 751 768 oratio
778 705 1005 763 mittitur
1024 702 1090 757 sd
1112 713 1270 756 aures
1299 696 1533 761 Domini,
1560 708 1682 750 cum
1711 691 1846 747 dici-

271 820 390 865 tur:
416 805 637 861 Auribus
681 799 885 874 percipe
927 796 1076 852 verba
1107 794 1210 850 oris
1235 791 1375 859 mei;
1413 789 1652 862 quoniam
1694 785 1849 840 alieni

267 904 648 958 insurrexerunt
672 893 939 950 adversum
959 905 1056 944 me.

340 996 395 1050 7.
427 993 500 1048 Et
546 999 771 1063 potentes
821 986 1126 1059 quaesierunt
1189 980 1411 1037 animant
1463 993 1640 1031 meam.
1698 973 1850 1030 Novo

267 1089 405 1148 enim
433 1084 617 1152 modo,
640 1081 832 1137 fratres
873 1076 1018 1145 mei,
1049 1075 1232 1130 volunt
1258 1069 1482 1141 perdere
1521 1080 1692 1140 genus
1720 1080 1847 1121 san-

264 1192 471 1241 ctorum
497 1176 647 1236 etab
679 1173 841 1245 hujus
878 1169 1061 1227 szeculi
1105 1181 1201 1238 spe
1236 1163 1613 1220 abstinentiam
1657 1172 1847 1215 omnes

218 1284 223 1291 ‘
264 1274 348 1347 qui
376 1286 530 1344 spem
560 1268 757 1324 habent
783 1264 838 1319 in
865 1263 969 1318 isto
993 1258 1211 1316 sarculo.
1242 1256 1403 1312 Certe
1432 1250 1671 1310 concreti
1694 1257 1840 1347 sunt,

219 1381 225 1387 '
264 1342 593 1424 simul
613 1361 817 1415 vivunt.
842 1353 1203 1412 Vehementer
1226 1348 1335 1432 sibi
1347 1347 1571 1404 adversa
1594 1351 1721 1401 sunt
1745 1342 1847 1398 ista

263 1459 367 1516 duo
393 1468 594 1528 genera
620 1471 632 1507 :
657 1465 820 1507 unum
851 1462 1035 1504 eorum
1063 1444 1153 1515 qui
1178 1458 1287 1498 non
1316 1447 1519 1511 ponunt
1542 1452 1694 1509 spem
1745 1432 1844 1489 nisi

222 1572 228 1581 ’
264 1552 315 1607 in
337 1527 504 1606 rebus
528 1542 877 1602 saecularibus
913 1549 968 1594 et
992 1533 1271 1606 temporali
1305 1529 1560 1587 felicitate
1579 1570 1595 1596 ,
1626 1535 1681 1582 et
1707 1527 1846 1581 alte-

222 1660 229 1673 ι
263 1659 373 1701 rum
405 1653 596 1697 eorum
625 1634 716 1708 qui
758 1647 907 1704 spem
945 1644 1095 1686 suam
1132 1626 1186 1682 in
1227 1624 1456 1681 Domino
1488 1622 1596 1676 Deo
1619 1616 1716 1673 sdo
1749 1617 1845 1670 lir-

262 1737 415 1791 miter
463 1739 690 1803 ponunt.
731 1728 798 1783 Et
834 1740 958 1783 cum
999 1718 1296 1779 concordes
1324 1724 1447 1773 sunt
1479 1716 1567 1770 isti
1600 1712 1799 1782 Ζίριιωί
1825 1752 1842 1779 ,

259 1827 362 1884 noli
391 1826 622 1881 multum
666 1819 889 1878 credere
924 1812 1225 1871 concordia:
1265 1824 1483 1873 eorum;
1514 1807 1843 1863 tentationes

223 1914 233 1937 ‘
261 1919 451 1975 desunt
478 1934 492 1969 :
524 1914 615 1968 ubi
641 1911 847 1967 venerit
887 1908 1063 1977 aliqua
1091 1902 1313 1960 tentatio
1334 1944 1347 1968 ,
1381 1908 1443 1956 ut
1464 1908 1718 1971 arguatur
1745 1897 1846 1951 ali-

226 2011 373 2082 ‘quis
399 2023 501 2079 pro
530 2006 665 2062 ﬂore
709 2000 892 2059 saeculi
918 2040 931 2065 ,
960 2014 1065 2053 non
1097 1996 1186 2051 tibi
1214 1994 1336 2050 dico
1374 1991 1607 2048 otfendet
1630 1990 1843 2059 episco-

262 2120 323 2176 po
343 2104 382 2169 ',
415 2100 514 2158 sed
551 2112 652 2155 nec
675 2097 742 2152 ad
772 2098 942 2165 ipsam
981 2089 1271 2148 Ecclesiam
1311 2085 1569 2142 accedere
1598 2084 1747 2149 vult,
1776 2097 1846 2139 ne

260 2175 407 2252 cadat
424 2190 626 2262 aliquid
649 2188 776 2245 feni.
797 2187 970 2255 Quare
993 2184 1095 2239 ista
1111 2181 1242 2248 dixi,
1276 2178 1506 2235 fratres?
1527 2177 1659 2248 Quia
1682 2175 1861 2233 modo.

260 2288 481 2343 libenter
507 2282 704 2338 auditis
744 2292 932 2335 omnes
955 2280 1008 2332 in
1044 2275 1260 2331 nomine
1302 2271 1536 2338 Christi,
1561 2280 1615 2327 et
1656 2286 1845 2342 quem-

259 2378 537 2435 admodum
564 2370 880 2442 intelligitis,
911 2370 983 2426 ita
1009 2366 1319 2424 exclamatis
1338 2364 1404 2420 ad
1434 2363 1655 2420 verbum
1680 2378 1695 2428 ;
1730 2377 1836 2417 non

259 2470 431 2541 utique
483 2464 886 2531 acclamaretis,
935 2460 1035 2516 nisi
1080 2457 1464 2529 iutelligeretis.
1535 2454 1842 2510 Intellectus

259 2564 351 2620 iste
372 2568 558 2617 vester
578 2558 880 2614 fructuosus
909 2567 1029 2609 esse
1069 2551 1247 2607 debet.
1282 2549 1471 2606 Utrum
1509 2557 1688 2604 autem
1730 2545 1841 2602 fru-

260 2666 470 2714 ctuosus
501 2654 593 2719 sit,
624 2648 847 2706 teutatio
892 2647 1225 2717 interrogat;
1253 2657 1321 2698 ne
1353 2642 1529 2698 subito
1556 2656 1677 2696 eum
1707 2639 1843 2695 dici-

260 2749 379 2805 mini
415 2744 633 2808 nostri,
666 2756 761 2812 per
800 2738 1152 2795 tentationem
1197 2734 1540 2789 inveniainini
1567 2732 1759 2799 alieni,
1787 2740 1842 2788 et

260 2843 479 2906 dicatur,
515 2836 681 2893 Alieni
705 2835 1087 2889 insurrexerunt
1106 2829 1373 2883 adversum
1400 2843 1479 2881 me
1500 2867 1515 2892 ,
1542 2836 1591 2881 et
1615 2834 1841 2896 potentes
1880 2818 1883 2821 ’

259 2934 558 3007 quaesierunt
605 2929 828 2982 animam
851 2938 1045 2988 meam;
1068 2937 1136 2977 ne
1162 2919 1528 2990 dicaturquod
1567 2917 1838 2988 sequitur,

240 3034 245 3039 ’
263 3024 373 3082 Non
391 3026 764 3098 proposuerunt
780 3015 943 3071 Deum
965 3023 1082 3068 ante
1100 3020 1419 3081 conspectum
1432 3027 1599 3065 suum.
1618 3008 1842 3078 Quando

240 3121 392 3175 enim
423 3123 591 3188 ponet
606 3121 731 3169 ante
749 3116 1094 3180 conspectum
1115 3122 1269 3162 suum
1302 3105 1469 3161 Deum
1493 3145 1506 3171 ,
1540 3111 1663 3159 ante
1686 3103 1837 3174 cuius

246 3218 602 3282 conspectum
623 3221 728 3262 non
752 3213 837 3261 est
861 3203 962 3258 nisi
985 3202 1238 3257 sarculum
1259 3201 1282 3254 ?
1308 3199 1573 3271 quomodo
1593 3199 1662 3254 sit
1685 3215 1843 3254 num-

244 3308 375 3360 mus
418 3316 584 3373 super
629 3311 904 3355 nummum
927 3337 945 3365 ,
973 3293 1244 3366 quomodo
1284 3302 1577 3364 augeantur
1608 3306 1799 3363 greges
1821 3333 1838 3360 ,

260 3394 524 3469 quomodo
568 3392 891 3463 impleantur
932 3388 1246 3459 apotheca,
1299 3384 1569 3456 quomodo
1631 3383 1842 3439 dicatur

260 3488 444 3543 anima:
473 3503 487 3539 :
516 3483 695 3539 Habes
733 3479 899 3537 multa
927 3479 1102 3545 bona;
1129 3476 1423 3549 jucundare
1447 3518 1462 3543 ,
1485 3476 1721 3548 epulare,
1756 3491 1843 3530 sa-

261 3581 405 3637 tiare.
451 3575 720 3648 Numquid
765 3574 917 3646 ponit
956 3564 1083 3628 ante
1110 3579 1455 3641 conspectum
1503 3584 1656 3623 suum
1688 3569 1837 3624 illum

260 3672 344 3742 qui
370 3671 450 3727 sic
468 3666 723 3741 glorianti
750 3673 806 3721 et
834 3665 905 3720 ita
936 3663 1068 3719 ﬂore
1087 3661 1428 3731 Ziplueorum
1452 3661 1640 3715 nitenti
1662 3659 1791 3714 dicit
1821 3676 1834 3713 :

260 3763 456 3831 Stulte,
504 3761 612 3817 hoc
636 3769 718 3815 est
762 3773 868 3814 non
906 3755 1209 3827 intelligens
1230 3795 1244 3819 ,
1275 3755 1359 3809 vir
1380 3753 1711 3824 imprudens,
1745 3753 1839 3807 hac

258 3867 398 3911 nocte
420 3857 680 3926 auferetur
716 3852 887 3906 anima
928 3859 1052 3914 tua;
1082 3849 1188 3903 hare
1217 3847 1388 3902 omnia
1425 3863 1537 3917 quae
1573 3864 1841 3917 praepara-

256 3948 321 4001 sti
344 3948 491 4019 cujus
520 3952 663 4001 erunt
687 3941 836 4017 (Luc.
863 3957 959 4009 xu,
983 3939 1112 4013 20)?
1138 3937 1261 3993 Non
1282 3947 1647 4010 proposuerunt
1674 3938 1840 3993 Deum

256 4050 371 4094 ante
392 4048 715 4109 conspectum
742 4052 913 4091 suum.

326 4130 379 4186 8.
406 4128 559 4202 [rem
586 4126 666 4201 6.]
694 4126 820 4182 Ecce
843 4126 975 4182 enim
995 4124 1132 4180 Deus
1151 4126 1358 4196 adjuvat
1379 4142 1475 4180 me.
1507 4124 1577 4180 Et
1606 4124 1707 4195 ipsi
1741 4141 1839 4182 ne-

255 4223 430 4277 sciunt
473 4222 616 4276 inter
656 4234 792 4290 quos
833 4219 992 4274 lateo.
1042 4217 1099 4274 Si
1141 4220 1320 4273 autem
1359 4228 1415 4274 et
1441 4218 1539 4288 ipsi
1577 4227 1841 4288 ponerent

259 4312 423 4368 Deum
467 4321 592 4367 ante
632 4320 976 4381 conspectum
1018 4324 1211 4375 suum,
1240 4309 1540 4364 invenirent
1582 4309 1840 4379 quemad-

254 4406 471 4461 modum
510 4419 600 4461 me
636 4403 849 4475 adjuvat
879 4403 1037 4458 Deus.
1081 4401 1281 4457 Omnes
1318 4402 1461 4456 enim
1485 4402 1652 4456 sancti
1683 4402 1837 4473 adju-

255 4505 450 4552 vantur
473 4512 503 4551 a
531 4496 675 4560 Deo,
705 4495 797 4549 sed
842 4495 986 4549 intus
1026 4493 1115 4549 ubi
1158 4508 1318 4549 nemo
1359 4492 1525 4549 videt.
1551 4493 1841 4563 ,Quomodo

252 4589 397 4643 enim
420 4602 610 4658 magna
637 4594 721 4642 est
748 4599 906 4655 poena
931 4585 1211 4655 impiorum
1240 4586 1587 4651 conscientia,
1616 4586 1694 4642 sic
1723 4601 1839 4641 ma-

251 4693 415 4747 gnum
440 4677 691 4749 gaudium
720 4678 928 4747 piorum
966 4676 1079 4747 ipsa
1110 4676 1457 4732 conscientia.
1494 4677 1632 4732 Nam
1675 4677 1842 4750 gloria

252 4781 429 4825 nostra
451 4771 562 4835 [nec
581 4777 676 4837 est,
702 4769 778 4824 ait
806 4767 1094 4838 Apostolus
1110 4810 1124 4833 ,
1155 4769 1492 4823 testimonium
1525 4770 1844 4826 conscientiae

251 4874 443 4918 nostris
469 4863 535 4934 (ll
560 4861 680 4919 Cor.
713 4879 751 4929 ι,
786 4860 897 4931 l2).
922 4861 977 4916 In
1006 4861 1107 4917 hac
1134 4862 1507 4933 gloriaturiste
1540 4865 1703 4932 intus,
1734 4880 1843 4920 non

248 4955 304 5010 in
337 4956 469 5012 ﬂore
496 4956 839 5026 Ziphaiorum
882 4955 1047 5022 foris,
1073 4958 1162 5027 qui
1200 4955 1360 5011 modo
1395 4956 1470 5010 ait
1497 4974 1511 5010 :
1549 4956 1678 5011 Ecce
1709 4958 1842 5012 enim

246 5044 397 5100 Deus
417 5047 625 5118 adjuvat
661 5062 760 5100 me.
803 5045 1029 5102 Prorsus
1072 5047 1314 5117 quamvis
1355 5047 1512 5118 longe
1540 5047 1711 5103 futura
1735 5049 1843 5104 sint

243 5153 378 5207 quae
402 5137 682 5209 promittit,
707 5126 865 5193 hedie
892 5135 1023 5193 mihi
1048 5137 1204 5193 dulce
1228 5148 1283 5194 et
1316 5152 1553 5208 priesens
1581 5148 1663 5195 est
1685 5139 1842 5211 adju-

246 5230 449 5285 torium
474 5272 489 5298 ,
522 5230 682 5286 hodie
704 5230 754 5285 in
777 5229 955 5285 cordis
978 5231 1083 5285 mei
1104 5230 1296 5300 gaudio
1326 5231 1539 5286 invenio
1575 5232 1698 5302 quia
1726 5232 1843 5287 sine

241 5339 415 5379 causa
449 5326 636 5382 dicunt
671 5325 887 5396 quidam
915 5343 928 5379 :
966 5325 1094 5392 Quis
1117 5326 1336 5380 ostendit
1376 5327 1515 5380 nobis
1560 5326 1726 5380 bona?
1756 5326 1844 5380 Si-

239 5426 464 5485 gnatum
485 5428 558 5473 est
599 5419 744 5473 enim
769 5434 922 5487 super
958 5434 1050 5472 nos
1080 5420 1248 5472 lumen
1278 5416 1445 5473 vultus
1470 5419 1560 5483 tui,
1587 5418 1841 5485 Domine;

444 5512 819 5581 jucunditatem
832 5512 886 5566 in
902 5526 991 5566 cor
1015 5528 1181 5566 meum
1209 5510 1380 5583 (Psal.
1411 5528 1482 5579 tv,
1512 5512 1565 5576 6,
1594 5510 1652 5583 7)
1686 5529 1697 5565 :
1730 5526 1836 5565 non

240 5601 299 5656 in
334 5601 548 5657 vineam
574 5617 772 5667 meam,
803 5618 908 5657 non
938 5603 990 5657 in
1020 5617 1237 5675 gregem
1267 5618 1464 5664 meum,
1494 5618 1598 5658 non
1629 5604 1680 5656 in
1707 5617 1838 5671 cup-

238 5706 381 5763 parn
410 5706 601 5760 meam,
626 5709 733 5748 non
760 5694 813 5748 in
844 5709 1080 5749 mensam
1108 5709 1303 5760 meam,
1331 5694 1426 5749 sed
1466 5695 1518 5748 in
1547 5710 1634 5749 cor
1652 5708 1839 5747 meum.

240 5783 398 5839 Ecce
436 5787 563 5841 enim
605 5774 741 5841 Deus
775 5788 984 5856 adjuvat
1024 5803 1118 5841 ine.
1160 5784 1440 5855 Quomodo
1484 5796 1534 5841 te
1587 5786 1840 5856 adjuvat?

237 5874 323 5932 Et
351 5875 608 5933 Dominus
633 5889 891 5950 susceptor
909 5890 982 5935 est
1011 5880 1196 5933 anima:
1223 5893 1364 5934 mete.

306 5990 334 6027 ι
374 5993 459 6041 Ir.
482 5999 534 6044 et
551 5990 736 6059 aliquot
756 5999 887 6058 uss,
908 5992 1196 6060 episcopum.

1367 475 1766 539 ENARBATIO
1802 478 1870 537 IN
1906 478 2235 542 PSALMUM
2271 484 2408 542 LIII.

3433 508 3538 566 626

2029 600 2084 657 9.
2116 599 2265 675 [verm
2293 602 2372 677 7.]
2403 604 2579 661 Auerte
2602 607 2740 663 mala
2756 605 2972 669 inimicis
2997 632 3137 673 mets.
3166 618 3255 676 Sic
3269 602 3542 694 quomodo

1957 694 2131 751 virent
2150 736 2166 761 ,
2197 698 2275 753 sic
2316 699 2585 767 quomodo
2608 698 2832 769 ﬂorent,
2868 704 2973 776 igni
3009 721 3310 768 servantur.
3340 714 3407 770 In
3438 718 3538 772 vir-

1955 795 2059 843 tute
2077 797 2164 843 tua
2188 790 2433 860 disperde
2463 791 2599 847 illos.
2633 792 2763 849 Puta
2806 796 2928 866 quia
2967 797 3159 858 ﬂorent
3194 805 3376 871 modo.
3409 784 3535 877 puta

1952 882 2075 950 quia
2101 883 2414 939 exoriuntur
2440 885 2578 941 sicut
2607 885 2787 943 fenum
2820 905 2834 942 :
2864 897 2919 944 tu
2945 892 3054 948 noli
3084 909 3204 950 esse
3233 898 3539 970 virimpru-

1953 970 2087 1028 deus
2105 981 2160 1028 et
2185 975 2395 1042 stultus,
2426 986 2486 1032 ut
2509 977 2625 1033 haec
2654 981 2980 1039 attendendo
3006 985 3238 1045 intereas
3281 990 3333 1045 in
3362 1008 3536 1049 szecu-

1953 1063 2067 1174 lum
2290 1067 2594 1174 (Psallam,
2617 1072 2678 1174 7,.
2700 1073 2778 1174 εξ.
2806 1076 2990 1134 Averte
3010 1063 3153 1174 enim
3193 1083 3329 1137 mala
3356 1085 3535 1141 inimi-
3554 1120 3606 1174 Α

1906 1196 1915 1201 μ
1955 1157 2028 1213 cis
2054 1159 2197 1214 meis.
2228 1157 2359 1215 Nam
2389 1162 2435 1217 si
2461 1170 2519 1219 tu
2544 1162 2709 1221 fueris
2748 1167 2802 1222 in
2830 1183 3056 1240 corpore
3081 1172 3247 1242 ipsius
3272 1175 3457 1245 David,
3481 1157 3567 1245 in]
3595 1157 3612 1222 ξ

1954 1250 2149 1307 virtute
2187 1268 2280 1308 sua
2311 1255 2580 1328 disperdet
2625 1251 2771 1316 illos.
2804 1260 2893 1317 Isti
2934 1263 3129 1321 ﬂorent
3154 1267 3407 1327 felicitate
3435 1250 3562 1328 533-!
3604 1290 3610 1299 ’

1954 1344 2086 1409 culi,
2116 1356 2337 1415 pereunt
2377 1348 2429 1403 iu
2474 1350 2670 1408 virtute
2696 1353 2813 1410 Dei.
2848 1354 2962 1412 Non
2998 1360 3267 1429 quomodo
3308 1362 3525 1420 ﬂorent.

1954 1440 2032 1495 sic
2089 1450 2354 1509 pereunt:
2393 1443 2584 1501 ﬂorent
2616 1449 2757 1503 enim
2811 1450 2878 1505 ad
2931 1461 3160 1523 tempus,
3215 1466 3441 1525 pereunt
3481 1458 3536 1514 in

1954 1532 2210 1588 internum
2241 1552 2255 1599 ;
2288 1535 2479 1593 ﬂorent
2506 1538 2652 1594 falsis
2673 1541 2847 1608 bonis,
2873 1556 3102 1614 pereunt
3130 1548 3271 1604 veris
3303 1560 3533 1607 tormen-

1955 1625 2042 1680 tis.
2073 1623 2139 1680 ln
2159 1627 2340 1683 virtute
2378 1638 2465 1684 tua
2503 1630 2741 1702 disperde
2774 1634 2889 1689 illos
2916 1651 2936 1690 :
2964 1652 3099 1709 quos
3141 1640 3193 1694 in
3222 1640 3536 1701 infirmitate

1954 1727 2042 1775 tua
2073 1720 2327 1777 tolerasti.

2025 1812 2109 1868 10.
2188 1812 2336 1886 [vers.
2388 1814 2477 1890 8.]
2554 1816 2848 1876 Voluntarie
2884 1824 3179 1892 sacriﬁcabo
3221 1825 3328 1879 tibi.
3396 1826 3529 1895 Quis

1951 1901 2056 1960 hoc
2101 1903 2300 1961 bonum
2366 1907 2546 1963 cordis
2593 1909 2676 1965 vel
2729 1911 2778 1967 in
2803 1912 3029 1984 elligcre
3070 1924 3243 1984 potest
3287 1918 3394 1973 alio
3444 1917 3531 1975 di-

1950 2005 2143 2062 cente,
2214 1998 2258 2053 si
2308 2014 2412 2054 non
2474 1999 2527 2055 in
2590 2016 2649 2057 se
2719 2004 2834 2073 ipso
2905 2008 3166 2075 gustarit?
3233 2007 3369 2077 Quid
3417 2017 3529 2078 est,

1961 2085 2257 2142 Voluntarie
2299 2091 2596 2158 sacriﬁcabo
2662 2092 2750 2146 tibi
2762 2088 2788 2148 ?
2856 2094 3038 2149 Dicam
3081 2106 3287 2164 tamen;
3352 2098 3531 2170 capiat

1952 2180 2041 2250 qui
2086 2189 2297 2251 potest,
2340 2184 2607 2255 quomodo
2647 2194 2866 2253 potest:
2915 2186 3098 2243 credat
3146 2191 3235 2258 qui
3287 2207 3391 2245 non
3443 2206 3544 2261 pom

1952 2281 2075 2342 test,
2117 2282 2171 2328 et
2208 2282 2325 2328 oret
2376 2284 2432 2329 ιιι
2489 2277 2673 2345 possit.
2703 2276 2967 2348 Numquid
3004 2289 3180 2335 tamen
3227 2282 3386 2337 istum
3414 2298 3535 2339 ver-

1951 2382 2067 2422 sum
2097 2367 2167 2422 ita
2195 2367 2468 2437 praeterire
2494 2367 2771 2437 debemus,
2812 2381 2869 2427 nt
2897 2388 3020 2428 eum
3063 2376 3214 2430 vobis
3245 2393 3351 2432 non
3389 2393 3539 2434 eom-

1950 2458 2302 2514 mendemus?
2341 2459 2471 2516 Dico
2506 2461 2761 2517 Cliaritati
2800 2462 3022 2530 Vestra),
3063 2465 3248 2521 invitat
3276 2484 3364 2524 me
3409 2469 3540 2525 satis

1949 2567 2103 2608 amor
2132 2553 2299 2623 ipsius
2327 2553 2524 2624 aliquid
2553 2554 2621 2609 de
2647 2555 2737 2611 illo
2772 2556 2948 2625 loqui;
2993 2566 3048 2611 et
3072 2559 3270 2627 gratias
3297 2575 3396 2630 ago
3424 2560 3539 2616 Deo

1949 2646 2090 2717 quod
2122 2647 2325 2703 intente
2353 2647 2568 2703 auditis.
2596 2647 2653 2704 Si
2680 2659 2857 2705 autem
2874 2664 2970 2705 vos
3000 2649 3328 2707 fastidientes
3353 2653 3539 2709 audire

1949 2740 2336 2808 conspicerem,
2367 2740 2563 2794 invitus
2587 2740 2655 2796 ab
2688 2741 2788 2796 hoc
2813 2756 2969 2796 versu
2995 2743 3245 2810 silerem;
3276 2753 3329 2799 et
3358 2752 3538 2802 tamen

1951 2828 2003 2884 in
2031 2829 2192 2886 corde
2230 2845 2372 2897 meo,
2401 2841 2655 2901 quantum
2698 2832 2951 2888 Dominus
2980 2832 3293 2904 dignaretur
3332 2851 3534 2892 concc-

1950 2921 2101 2987 dere,
2122 2936 2228 2976 non
2246 2921 2478 2977 silerem.
2500 2921 2694 2978 Veniat
2708 2939 2835 2994 ergo
2850 2925 2903 2979 in
2926 2925 3157 2995 linguam
3179 2928 3318 2996 quod
3371 2929 3538 2985 corde

1948 3021 2268 3084 conceptum
2294 3023 2376 3069 est
2398 3029 2414 3081 ;
2442 3024 2716 3085 promatur
2733 3031 2865 3072 voce
2889 3017 3031 3088 quod
3052 3027 3232 3074 mente
3260 3027 3535 3077 servatur:

1950 3105 2191 3161 dicamus
2218 3113 2277 3160 ut
2303 3120 2606 3176 possumus,
2634 3107 2760 3177 quid
2787 3109 2877 3176 sit,
2918 3107 3215 3165 Voluntaria
3237 3112 3539 3181 sacriﬁcabo

1952 3196 2059 3251 tibi.
2090 3195 2243 3266 Quod
2268 3198 2409 3253 enim
2434 3196 2752 3253 sacrificium
2782 3198 2872 3254 hic
2890 3200 3168 3269 accipiam,
3192 3200 3422 3258 fratres?
3445 3214 3540 3259 aut

1948 3289 2075 3360 quid
2101 3289 2262 3361 digne
2303 3289 2524 3347 oﬂ‘eram
2570 3289 2799 3346 Domino
2836 3306 2935 3361 pro
2979 3291 3344 3349 misericordia
3384 3293 3543 3365 ejus?

1951 3382 2207 3440 Victimas
2242 3398 2481 3453 quaeram
2509 3383 2577 3440 de
2616 3399 2777 3455 grege
2803 3384 3002 3452 ovium,
3050 3386 3270 3442 arietem
3320 3386 3536 3458 eligam,

1950 3484 2161 3531 taurum
2187 3475 2418 3546 aliquem
2455 3475 2512 3530 in
2554 3476 2810 3531 armentis
2834 3476 3174 3547 proSpiciam,
3208 3477 3362 3532 thura
3390 3487 3540 3534 certe

1950 3567 2019 3623 de
2050 3578 2191 3623 terra
2233 3566 2542 3622 Sabaeorum
2572 3566 2831 3623 afferam?
2857 3567 2994 3635 Quid
3027 3567 3258 3624 faciam?
3294 3568 3430 3637 Quid
3455 3569 3538 3625 ol-

1950 3660 2141 3724 feram,
2171 3659 2272 3715 nisi
2298 3659 2440 3730 quod
2484 3661 2578 3724 ait,
2627 3660 2954 3730 Sacriﬁcium
2984 3662 3151 3717 laudis
3181 3662 3537 3732 Itonoriﬁcabit

1949 3769 2030 3808 me
2058 3751 2231 3824 (Psal.
2278 3767 2422 3818 nix,
2451 3751 2583 3823 25)?
2624 3751 2800 3821 Quare
2843 3769 2993 3824 ergo,
3037 3754 3361 3810 voluntarie?
3403 3754 3538 3824 Quia

1949 3845 2117 3917 gratis
2141 3859 2263 3898 amo
2293 3843 2431 3914 quod
2458 3843 2634 3900 laudo.
2658 3843 2840 3900 Laudo
2865 3844 3056 3913 Deum,
3084 3855 3136 3902 et
3164 3845 3217 3901 in
3247 3846 3361 3916 ipsa
3382 3845 3541 3903 laude

1950 3938 2160 4008 gaudeo
2198 3955 2210 3991 :
2242 3937 2407 4008 ipsius
2445 3935 2601 3991 laude
2629 3936 2855 4007 gaudeo,
2893 3952 3000 4008 quo
3027 3937 3240 3993 laudato
3268 3954 3374 3993 non
3416 3954 3541 3995 eru-

1949 4030 2132 4086 hesco.
2164 4028 2281 4084 Non
2324 4029 2465 4084 enim
2493 4027 2938 4099 quemadmodum
2966 4028 3210 4084 laudatur
3234 4031 3302 4085 ab
3330 4030 3539 4086 studio-

1951 4122 2027 4178 sis
2046 4121 2422 4177 theatriearum
2450 4134 2708 4190 nugarum
2734 4120 2822 4175 vel
2848 4120 3050 4190 auriga,
3077 4121 3161 4175 vel
3186 4130 3429 4184 venator,
3453 4121 3540 4176 vel

1951 4213 2175 4285 quilibet
2203 4212 2413 4278 histrio,
2444 4221 2498 4267 et
2526 4227 2557 4266 a
2588 4212 2954 4267 laudatoribus
2981 4198 3093 4267 suis
3122 4212 3412 4266 invitantur
3447 4211 3538 4268 alii

1952 4306 2273 4371 laudatores,
2320 4304 2670 4361 exhortantur
2699 4314 2755 4359 ut
2784 4305 2981 4373 pariter
3017 4305 3285 4369 clament;
3323 4314 3377 4359 et
3413 4320 3537 4362 cum

1951 4417 2138 4459 omnes
2163 4402 2529 4469 clamaverint,
2572 4402 2887 4474 plerumque
2912 4402 3002 4457 illo
3023 4404 3163 4457 victo
3191 4416 3379 4458 omnes
3407 4418 3539 4457 eru-

1951 4495 2173 4552 beseunt
2201 4514 2214 4549 :
2247 4511 2351 4551 non
2394 4496 2465 4551 ita
2505 4504 2589 4551 est
2630 4496 2773 4551 Deus
2820 4505 3031 4562 noster;
3077 4495 3321 4551 laudetur
3348 4496 3539 4553 volun-

1953 4597 2083 4656 tate,
2110 4596 2320 4643 ametur
2360 4586 2657 4654 charilate;
2701 4589 2989 4660 gratuitum
3030 4589 3101 4643 sit
3127 4588 3266 4660 quod
3305 4596 3536 4655 amatur,

1950 4680 2167 4751 etquod
2206 4679 2469 4735 laudatur.
2515 4679 2652 4747 Quid
2695 4690 2778 4737 est
2817 4681 3142 4752 gratuitumtl
3174 4680 3290 4752 Ipse
3323 4689 3541 4752 prepter

1952 4788 2030 4838 se,
2063 4789 2169 4829 non
2207 4782 2423 4843 propter
2449 4772 2611 4828 aliud.
2663 4772 2719 4828 Si
2761 4773 2902 4829 enim
2936 4773 3120 4827 laudas
3150 4775 3319 4828 Deum
3351 4783 3409 4828 ut
3445 4772 3539 4829 det

1955 4865 2046 4920 tibi
2080 4864 2278 4936 aliquid
2316 4863 2478 4931 aliud,
2508 4863 2619 4934 jam
2660 4879 2764 4919 non
2794 4862 2961 4933 gratis
3008 4877 3157 4918 amas
3185 4862 3372 4917 Deum.
3403 4863 3540 4919 Eru—

1955 4960 2203 5015 besceres
2245 4957 2290 5013 si
2318 4965 2370 5014 te
2410 4973 2543 5014 uxor
2576 4968 2663 5013 tua
2708 4964 2924 5026 propter
2957 4956 3170 5011 divitias
3216 4965 3453 5021 amaret;
3484 4965 3540 5011 et

1952 5051 2093 5109 forte
2122 5053 2167 5107 si
2198 5050 2291 5107 tibi
2318 5061 2602 5121 paupertas
2642 5049 2928 5114 accideret,
2956 5048 3024 5103 de
3047 5048 3310 5105 adulterio
3333 5046 3536 5117 cogita-

1954 5154 2052 5201 ret.
2102 5146 2231 5199 Cum
2277 5158 2405 5213 ergo
2436 5151 2485 5197 te
2528 5158 2558 5196 a
2607 5141 2832 5210 conjuge
2877 5141 3041 5211 gratis
3081 5140 3245 5195 amari
3279 5139 3426 5200 velis.
3479 5145 3535 5191 tu

1954 5237 2121 5292 Deum
2152 5245 2369 5306 propter
2404 5233 2548 5288 aliud
2591 5232 2836 5288 amabis?
2879 5233 3028 5301 Quod
3062 5233 3336 5303 prmmium
3380 5244 3536 5284 accc-

1954 5340 2138 5400 pturus
2167 5344 2225 5383 es
2264 5343 2293 5381 a
2327 5327 2458 5394 Deo,
2490 5341 2523 5381 ο
2548 5326 2745 5382 avare?
2788 5325 2902 5381 Non
2932 5327 3022 5381 tibi
3056 5335 3270 5389 terram,
3304 5322 3399 5378 sed
3450 5336 3538 5377 se-

1954 5425 2125 5493 ipsum
2165 5430 2342 5477 servat
2381 5421 2470 5491 qui
2497 5419 2621 5475 fecit
2641 5421 2835 5476 caelum
2880 5428 2933 5476 et
2969 5427 3187 5475 terram.
3238 5414 3536 5471 Voluntarie

1952 5514 2248 5585 sacriﬁcabo
2274 5513 2361 5569 tibi
2391 5530 2409 5568 :
2437 5514 2549 5569 noli
2588 5529 2653 5570 ex
2698 5515 3032 5569 necessitate.
3063 5510 3118 5568 Si
3147 5510 3288 5566 enim
3320 5516 3537 5578 propter

1952 5607 2094 5663 aliud
2116 5606 2301 5662 laudas
2333 5607 2519 5679 Deum,
2550 5622 2617 5662 ex
2650 5607 2971 5662 necessitate
3000 5601 3205 5657 laudas.
3236 5600 3290 5657 Si
3321 5598 3539 5654 adesset

1955 5699 2049 5754 tibi
2089 5697 2233 5770 quod
2264 5712 2432 5764 amas,
2466 5712 2571 5752 non
2597 5697 2843 5753 laudares
2888 5696 3076 5750 Deum.
3114 5692 3244 5748 Vide
3274 5691 3399 5763 quid
3451 5690 3532 5746 di-

1955 5808 2071 5849 cam
2103 5810 2115 5846 :
2146 5790 2331 5847 laudas
2359 5792 2545 5859 Deum,
2575 5790 2721 5846 verbi
2764 5788 2954 5861 gratia,
2983 5795 3040 5842 ut
3067 5788 3159 5843 tibi
3188 5787 3274 5841 del
3305 5786 3539 5858 amplam

1959 5885 2268 5957 pecuniam;
2300 5885 2343 5939 si
2368 5884 2591 5938 haberes
2611 5880 2823 5937 aliunde
2841 5879 3071 5950 amplam
3100 5879 3401 5950 pecuniam,
3432 5892 3540 5934 non

1963 5992 1994 6036 a
2020 5978 2151 6048 Deo,
2180 5976 2430 6050 numquid
2453 5973 2698 6032 laudares
2727 5971 2936 6031 Deum?
2960 5971 3017 6029 Si
3049 5987 3175 6045 ergo
3202 5982 3418 6043 propter
3450 5984 3542 6040 pe-
