4042 6476
516 374 620 430 897

514 487 727 544 cuniam
766 485 953 540 laudas
977 481 1169 550 Deum,
1205 496 1314 538 non
1344 478 1642 536 voluntarie
1672 476 1940 533 sacriﬁcas
1968 477 2093 543 Deo,

513 581 609 639 sed
627 596 692 637 ex
718 579 1036 637 necessitate
1058 576 1363 637 sacriﬁcas:
1390 577 1512 647 quia
1540 574 1897 647 praeterilium
1921 571 2105 627 nescio

514 673 643 746 quid
670 671 815 728 aliud
842 686 1011 729 amas.
1038 670 1166 727 lnde
1203 669 1404 727 dictum
1429 678 1534 735 est,
1584 665 1884 722 Voluntarie
1904 664 2107 734 sacriﬁ-

515 768 640 823 cubo
671 767 779 823 tibi.
822 767 1122 825 Gentesne
1169 765 1371 831 omnia,
1399 764 1571 835 ipsum
1612 762 1848 818 attende.
1893 761 1964 817 Et
1991 760 2108 816 haec

517 875 637 930 quae
666 858 832 925 dedit,
862 867 1080 929 propter
1106 857 1323 913 dantem
1343 856 1482 911 bona
1506 864 1649 911 sunt.
1678 853 1811 909 Nam
1842 853 1933 908 dat
1956 865 2109 923 pror-

518 964 633 1015 sus,
658 950 748 1004 dat
778 950 881 1005 ista
911 948 1257 1019 temporalia;
1305 954 1360 1005 et
1383 946 1699 1016 quibusdam
1731 946 1875 1000 bono
1894 958 2105 1012 corium,

519 1041 839 1114 quibusdam
883 1042 1028 1098 malo
1070 1057 1277 1107 eorum,
1324 1040 1617 1097 secundum
1669 1038 2003 1094 altitudinem
2057 1045 2113 1094 et

520 1132 938 1204 profunditatem
961 1133 1282 1205 iudiciorum
1328 1146 1570 1191 suomm.
1611 1129 1670 1185 in
1706 1145 1936 1201 quorum
1962 1128 2110 1199 judi-

523 1226 728 1281 ciorum
762 1227 958 1299 abysso
983 1225 1197 1296 expavit
1223 1225 1513 1294 Apostolus
1540 1224 1728 1278 dicens
1760 1242 1775 1278 :
1808 1222 1855 1277 0
1892 1221 2110 1279 altitudo

523 1316 811 1371 divitiarum
834 1318 1094 1388 sapientia:
1118 1327 1165 1370 et
1190 1317 1409 1370 scientia:
1434 1315 1549 1381 Dei,
1579 1331 1734 1387 quam
1759 1313 2113 1369 inscrutubilia

522 1417 640 1463 sunt
649 1408 850 1481 judicia
875 1409 1003 1478 ejus,
1033 1418 1079 1463 et
1101 1407 1467 1479 investigabiles
1498 1408 1591 1461 viae
1612 1406 1810 1476 ipsius!
1829 1406 1956 1473 Quis
1982 1407 2114 1461 enim

523 1499 839 1570 investigabit
880 1501 986 1554 vias
1029 1501 1161 1571 ejus,
1204 1509 1294 1555 aut
1335 1501 1449 1571 quis
1488 1498 1872 1570 comprehendet
1900 1500 2115 1554 consilia

524 1592 634 1661 ejus
665 1589 840 1660 (Rom.
874 1608 951 1657 xi,
982 1592 1072 1658 55,
1101 1591 1236 1663 διν
1280 1590 1436 1646 Novit
1478 1591 1692 1661 quando
1718 1590 1826 1657 det,
1868 1592 1953 1646 cui
1983 1591 2110 1659 det;

528 1682 741 1753 quando
766 1682 993 1749 auferat,
1035 1694 1088 1738 et
1114 1684 1199 1740 cui
1229 1683 1456 1739 auferat.
1489 1684 1620 1740 Pete
1663 1692 1718 1739 tu
1745 1684 1800 1740 in
1845 1684 1947 1740 hoc
1977 1695 2113 1741 tem-

523 1790 654 1846 pore
684 1776 825 1845 quod
870 1776 961 1831 tibi
1004 1777 1173 1847 prosit
1210 1777 1262 1833 in
1293 1786 1587 1848 posterum,
1616 1787 1742 1850 pete
1766 1778 1909 1849 quod
1939 1787 1992 1835 te
2017 1778 2114 1834 ad-

518 1864 671 1937 juvet
711 1868 1084 1925 inzcternum.
1122 1869 1295 1937 Ipsum
1344 1878 1521 1925 autem
1552 1870 1717 1940 gratis
1757 1869 1916 1940 dilige
1948 1889 1962 1925 :
1989 1870 2113 1940 quia

524 1961 717 2016 melius
751 1961 820 2015 ab
854 1977 920 2017 eo
962 1977 1065 2016 non
1105 1962 1310 2019 invenis
1343 1964 1482 2034 quod
1525 1964 1615 2020 det
1650 1980 1809 2035 quam
1847 1966 2110 2034 seipsum;

524 2060 617 2105 aut
638 2052 681 2105 si
716 2052 922 2107 invenis
949 2053 1160 2120 melius,
1186 2053 1289 2109 hoc
1318 2062 1460 2123 pete.
1494 2053 1789 2110 Voluntaria
1812 2057 2114 2126 sacriﬁcabo

522 2142 631 2195 tibi.
656 2141 832 2211 Quare
858 2143 1178 2199 voluntarie?
1205 2145 1339 2212 Quia
1366 2146 1551 2215 gratis.
1588 2146 1732 2213 Quid
1769 2156 1874 2214 est,
1903 2147 2114 2219 gratis?

524 2231 593 2287 Et
619 2233 894 2302 conﬁtebor
913 2235 1105 2287 nomini
1136 2245 1239 2300 tuo,
1264 2234 1502 2302 Domine,
1532 2238 1771 2307 quoniam
1798 2237 1984 2292 bonum
2004 2250 2115 2297 est:

524 2324 594 2379 ob
634 2326 763 2380 nihil
818 2326 984 2391 aliud,
1026 2326 1124 2380 nisi
1154 2327 1274 2396 quia
1322 2326 1520 2382 bonum
1565 2335 1665 2383 est.
1695 2327 1959 2400 Numquid
1997 2332 2110 2387 ait:

524 2413 828 2470 Conﬁtebor
857 2416 1061 2471 nomini
1108 2426 1218 2484 tuo,
1252 2417 1495 2484 Domine,
1534 2418 1658 2488 quia
1698 2419 1795 2475 das
1830 2420 1961 2476 mihi
2003 2420 2115 2479 frit-

524 2513 708 2562 ctuosa
748 2509 967 2577 prmdia,
1013 2510 1134 2580 quia
1176 2508 1272 2564 das
1313 2510 1442 2567 mihi
1491 2526 1679 2567 aurum
1715 2520 1772 2568 et
1811 2525 2109 2583 argentum,

527 2598 652 2669 quia
681 2597 779 2653 das
828 2599 955 2655 mihi
985 2599 1118 2655 latas
1144 2600 1381 2665 divitias.
1413 2602 1647 2674 amplam
1684 2606 1986 2675 pecuniam,
2016 2623 2115 2664 ex-

518 2690 956 2757 cellentissimam
983 2691 1331 2763 dignitatem?
1355 2693 1492 2749 Non.
1525 2695 1632 2751 Sed
1661 2695 1826 2766 quid?
1856 2696 2111 2765 Quoniam

517 2783 704 2839 bonum
727 2794 821 2841 est.
862 2784 1050 2840 Melius
1088 2784 1221 2840 nihil
1250 2784 1463 2840 invenio
1489 2802 1648 2857 quam
1688 2803 1888 2844 nomen
1916 2798 2109 2848 tuum:

518 2876 640 2933 ideo
668 2876 940 2946 conﬁtebor
964 2877 1153 2932 nomini
1181 2887 1289 2945 tuo,
1324 2876 1558 2943 Domine,
1588 2879 1708 2945 quia
1734 2878 1916 2935 bonum
1936 2893 2032 2936 est.

588 2968 678 3025 11.
721 2967 871 3041 [vers.
899 2967 980 3041 9.]
1023 2968 1277 3037 Quoniam
1301 2985 1365 3025 ea:
1391 2970 1529 3024 omni
1564 2970 1888 3027 tribulatione
1914 2974 2108 3044 eripui-

518 3064 584 3118 sti
610 3079 708 3118 nie.
735 3061 861 3118 ideo
897 3062 1137 3118 intellexi
1176 3063 1299 3134 quia
1329 3063 1528 3119 bonum
1564 3072 1651 3120 est
1688 3080 1883 3120 nomen
1911 3076 2057 3123 tuum
2090 3085 2105 3123 :

517 3171 642 3211 nam
663 3156 707 3211 si
729 3155 831 3211 hoc
859 3169 1069 3225 possem
1094 3166 1220 3212 ante
1240 3155 1612 3213 tribulationes
1637 3170 1947 3226 agnoscere,
1969 3159 2109 3217 forte

517 3246 651 3303 mihi
671 3248 985 3303 necessaria:
1014 3262 1123 3303 non
1152 3246 1398 3303 fuissent.
1426 3246 1536 3304 Sed
1560 3246 1802 3305 adhibita
1827 3257 1911 3305 est
1938 3250 2110 3309 tribu-

519 3339 647 3396 latio
674 3340 741 3394 ad
767 3339 1211 3409 admonitionem,
1242 3339 1538 3417 admonitio
1564 3340 1705 3398 facta
1733 3349 1816 3399 est
1853 3342 1923 3399 ad
1961 3352 2108 3401 tuam

517 3428 900 3487 laudationem.
930 3430 1047 3487 Non
1078 3431 1221 3488 enim
1249 3432 1603 3505 intelligerem
1649 3433 1743 3490 ubi
1777 3448 1977 3502 essem,
2006 3435 2109 3492 nisi

518 3521 585 3578 de
625 3522 934 3579 inﬁrmitate
977 3539 1098 3580 mea
1141 3523 1445 3581 admonitus
1489 3540 1688 3581 essem.
1730 3526 1812 3582 Ex
1855 3526 2108 3585 omnibus

518 3631 647 3686 ergo
677 3616 1108 3674 tribulationibus
1151 3617 1395 3689 eripuisti
1437 3633 1544 3673 me.
1592 3617 1659 3673 Et
1685 3635 1840 3687 super
1879 3619 2109 3677 inimicos

518 3725 655 3763 meos
696 3710 917 3778 respexit
943 3709 1118 3764 oculus
1161 3725 1300 3765 meus
1325 3725 1347 3765 :
1374 3724 1538 3780 super
1563 3709 1684 3765 illos
1726 3709 1974 3780 Zipineos
2013 3728 2107 3768 re-

518 3799 698 3871 spexit
733 3800 922 3857 oculus
964 3815 1137 3857 meas.
1171 3799 1389 3858 Florem
1429 3802 1626 3873 quippe
1672 3804 1889 3859 illorum
1918 3806 2108 3863 transii

521 3889 800 3946 altitudine
826 3891 1022 3958 cordis,
1054 3890 1122 3947 ad
1159 3900 1212 3946 te
1241 3892 1481 3962 perveni,
1516 3901 1572 3949 et
1606 3893 1733 3949 inde
1758 3895 1973 3964 respexi
2011 3910 2108 3952 su-

522 3996 619 4054 per
637 3982 781 4049 illos,
809 3989 864 4038 et
888 3982 995 4038 vidi
1021 3983 1144 4054 quia
1174 3984 1337 4039 omnis
1360 4001 1479 4039 caro
1506 3988 1701 4057 fenum,
1728 3995 1775 4040 et
1808 3987 1972 4044 omnis
1999 3991 2108 4045 clo-

518 4071 645 4128 ritas
669 4072 887 4127 hominis
927 4072 1055 4128 sicut
1092 4073 1190 4145 ﬂos
1214 4076 1318 4148 feni
1349 4072 1499 4148 (Isai.
1534 4091 1626 4143 ιι,
1655 4074 1747 4149 6):
1794 4077 1934 4133 sicut
1968 4094 2107 4151 quo-

523 4162 648 4221 dam
678 4165 798 4221 loco
839 4164 968 4221 item
1006 4164 1222 4232 dicitur,
1259 4164 1376 4220 Vidi
1418 4167 1629 4237 impium
1661 4171 2030 4239 superemltari
2056 4181 2105 4229 et

523 4258 710 4313 elevari
748 4258 877 4313 sicut
910 4259 1086 4314 cedros
1113 4257 1295 4315 Libani
1321 4276 1340 4314 :
1364 4261 1562 4330 transii,
1600 4271 1649 4317 et
1690 4280 1805 4319 ecce
1833 4282 1935 4320 non
1971 4275 2101 4322 erat.

518 4352 715 4422 Quare,
743 4371 846 4409 non
871 4353 1160 4423 erat?Quia
1189 4354 1462 4410 transisti?
1487 4354 1623 4423 Quid
1651 4366 1754 4426 est,
1782 4359 1904 4429 quia
1921 4369 2104 4418 trans-

515 4446 628 4503 isti.
675 4446 810 4515 Quia
838 4462 943 4502 non
972 4446 1087 4503 sine
1115 4462 1295 4515 causa,
1317 4449 1538 4504 Sursum
1558 4463 1673 4515 cor,
1699 4452 1951 4520 audisti‘,
1979 4455 2104 4525 quia

515 4555 623 4595 non
657 4540 708 4594 in
737 4549 877 4595 terra
907 4540 995 4595 ubi
1022 4547 1359 4611 putresceres
1388 4533 1715 4611 remansisti,
1746 4546 1870 4616 quia
1914 4547 2102 4605 levasti

514 4630 746 4684 animam
774 4638 918 4685 tuam
954 4631 1020 4685 ad
1051 4632 1238 4698 Deum,
1276 4640 1331 4689 et
1370 4636 1745 4692 transcendisti
1783 4639 1975 4697 cedrus
2006 4640 2100 4697 Li-

513 4720 661 4787 bani,
705 4728 759 4775 et
795 4720 863 4775 de
906 4720 998 4777 illa
1044 4722 1360 4780 celsitudine
1415 4726 1797 4784 attendisti:et
1839 4746 1949 4786 ecce
1998 4748 2105 4789 non

512 4821 642 4876 erat,
671 4819 726 4866 et
752 4812 988 4882 qutesisti
1032 4830 1173 4880 eum,
1220 4823 1269 4869 et
1311 4832 1413 4873 non
1455 4828 1525 4875 est
1554 4821 1784 4876 inventus
1810 4822 1950 4878 locus
1989 4826 2104 4894 ejus

516 4899 897 4975 (Psal.xxxv1,
926 4904 1015 4969 35,
1048 4905 1159 4977 56).
1206 4905 1323 4962 iam
1370 4908 1524 4965 labor
1567 4926 1674 4968 non
1715 4920 1800 4968 est
1841 4923 1966 4970 ante
2010 4925 2098 4982 te;

511 4994 636 5065 quia
676 4988 886 5050 intrasti
934 4995 989 5050 in
1032 4999 1395 5056 sanctuarium
1423 5001 1540 5069 Dei,
1592 5014 1647 5060 et
1687 5004 1997 5061 intellexisti
2044 5009 2100 5065 in

491 5087 801 5165 .novissima
828 5086 1003 5160 (Psal.
1035 5105 1198 5159 Lxxu,
1232 5093 1319 5161 l6,
1354 5095 1462 5168 17).
1507 5094 1595 5152 Sic
1640 5105 1695 5153 et
1742 5097 1829 5154 hic
1867 5100 1939 5156 ita
1969 5116 2100 5158 con-

510 5180 713 5237 cludit:
748 5179 813 5236 Et
852 5198 1003 5254 super
1029 5183 1259 5243 inimicos
1294 5203 1431 5244 meos
1472 5191 1691 5260 respexit
1717 5193 1894 5250 oculus
1932 5211 2093 5252 meus.

512 5271 627 5328 Hoc
649 5273 791 5345 agite
825 5288 974 5344 ergo,
1004 5272 1220 5345 fratres,
1253 5293 1376 5334 cum
1421 5282 1616 5337 animis
1641 5264 1872 5339 vestris:
1903 5287 2094 5357 erigite

507 5364 670 5422 corda
712 5369 1179 5438 vestra,‘expolite
1220 5373 1390 5429 aciem
1429 5377 1626 5431 mentis
1654 5387 1869 5446 vestrae,
1901 5380 2097 5439 discite

509 5458 677 5529 gratis
720 5459 945 5531 diligere
996 5461 1185 5529 Deum,
1236 5464 1425 5521 discite
1462 5482 1698 5535 praesens
1743 5480 2093 5531 contemnere

507 5549 783 5618 sacculum,
819 5550 1009 5608 discite
1038 5554 1339 5612 voluntarie
1378 5558 1680 5614 sacriﬁcare
1709 5561 1940 5619 hostiam
1971 5566 2091 5621 lau-

503 5640 617 5708 dis;
651 5650 707 5696 ut
734 5646 1172 5703 transcendentes
1207 5648 1391 5705 ﬂorem
1423 5647 1552 5719 feni,
1585 5654 1882 5724 reSpiciatis
1931 5672 2096 5729 super

502 5733 749 5791 inimicos
771 5746 1000 5792 vestros.

562 5882 586 5919 ⁸
617 5886 807 5937 uicus.
827 5892 883 5938 At
899 5888 1031 5952 add,
1047 5902 1240 5942 sursum
1262 5904 1345 5944 cor
1366 5891 1587 5948 habuisti.

1739 364 1797 422 S.
1837 357 2206 421 AUGUSTINI
2247 360 2554 418 EPISCOPI

2649 589 2730 652 IN
2771 589 3156 654 PSALMUM
3203 593 3343 658 LIV
3428 594 3433 597 ’

2800 735 3229 794 ENARRATIO.

2723 863 2896 905 SEllIO
2948 867 3018 906 AD
3065 867 3289 909 ΡιιεΒεΙ.

2288 984 2340 1040 l.
2384 982 2532 1059 [vers.
2565 983 2645 1060 1.]
2683 984 2884 1042 Psalmi
2913 987 3069 1058 hujus
3093 990 3277 1049 titulus
3306 1002 3387 1048 est
3413 1012 3426 1049 :
3458 994 3523 1052 In
3552 996 3732 1067 ﬁnem,
3756 1002 3811 1056 in

2219 1075 2438 1150 hymnis,
2469 1078 2747 1135 intellectus
2775 1079 2875 1152 ipsi
2914 1079 3099 1135 David.
3132 1083 3261 1152 Quis
3306 1086 3374 1142 sit
3396 1087 3519 1144 linis
3568 1106 3812 1150 Contine-

2217 1190 2489 1229 moramus
2540 1173 2795 1242 breviter,
2854 1177 2975 1246 quia
3028 1180 3216 1234 nostis.
3276 1172 3425 1236 Finis
3477 1184 3610 1238 enim
3660 1184 3813 1259 Legis

2218 1265 2449 1322 Christus
2479 1277 2581 1335 est,
2630 1268 2699 1322 ad
2713 1270 2971 1339 justitiam
3000 1272 3137 1325 muni
3164 1274 3387 1329 credenti
3425 1276 3602 1347 (Rom.
3639 1294 3695 1345 x,
3732 1280 3811 1352 ι).

2217 1358 2447 1415 Intentio
2485 1375 2615 1432 ergo
2655 1360 2915 1432 dirigatur
2957 1363 3009 1417 in
3043 1363 3225 1429 linem,
3264 1364 3524 1438 dirigatur
3561 1371 3616 1427 in
3648 1372 3811 1430 Chri-

2219 1460 2381 1507 stum.
2409 1452 2585 1521 Quare
2606 1452 2729 1509 linis
2751 1449 2979 1510 dicitur?
3005 1455 3268 1524 Quoniam
3297 1460 3552 1533 quidquid
3576 1466 3812 1538 agimus,

2219 1547 2285 1603 ad
2317 1548 2466 1602 illum
2507 1547 2817 1613 referimus;
2851 1558 2906 1605 et
2944 1565 3064 1606 cum
3107 1551 3175 1607 ad
3219 1567 3343 1613 eum
3385 1560 3813 1631 pervenerimus,

2220 1639 2358 1695 ultra
2387 1638 2531 1711 quod
2555 1656 2861 1711 quaeramus
2899 1658 3005 1698 non
3053 1642 3389 1704 habebimus.
3422 1649 3628 1709 Dicitur
3665 1655 3814 1710 etiim

2219 1729 2343 1784 ﬁnis
2381 1730 2469 1802 qui
2513 1733 2803 1801 consumit,
2844 1732 3043 1789 dicitur
3089 1734 3209 1792 ﬁnis
3248 1739 3339 1808 qui
3369 1739 3596 1809 perﬁcit.
3639 1744 3818 1803 Aliter

2220 1823 2417 1893 quippe
2447 1812 2792 1894 intelligimus
2831 1840 2953 1881 cum
2990 1826 3258 1895 audimus,
3300 1827 3508 1889 Finitus
3546 1843 3632 1891 est
3659 1837 3816 1895 cibus

2219 1916 2307 1987 qui
2337 1914 2795 1984 manducabatur;
2826 1927 2882 1973 et
2917 1918 3070 1975 aliter
3108 1920 3456 1993 intelligimus
3482 1940 3606 1982 cum
3653 1929 3815 1987 audi-

2220 2024 2359 2075 mus,
2391 2007 2564 2062 Finita
2594 2018 2677 2064 est
2702 2010 2864 2065 vestis
2889 2027 3008 2081 quae
3033 2012 3348 2071 texebatur:
3376 2018 3429 2073 in
3450 2031 3685 2091 utroque
3711 2001 3815 2079 au-

2220 2097 2416 2163 dimns,
2446 2098 2681 2155 Finitum
2712 2112 2826 2167 est;
2859 2102 2949 2156 sed
2980 2102 3131 2161 cibus
3154 2115 3209 2161 ut
3232 2106 3341 2176 jam
3384 2125 3489 2165 non
3518 2122 3684 2182 esset,
3718 2129 3814 2173 ve-

2220 2192 2320 2249 stis
2364 2201 2423 2248 ut
2465 2191 2702 2264 perfecta
2747 2203 2910 2251 esset.
2963 2195 3113 2254 Finis
3154 2214 3283 2270 ergo
3323 2214 3505 2260 noster
3552 2206 3815 2277 perfectio

2220 2294 2406 2339 nostra
2437 2300 2557 2340 esse
2597 2285 2785 2352 debet;
2827 2286 3087 2358 perfectio
3123 2300 3307 2349 nostra
3333 2293 3599 2354 Christus.
3628 2298 3689 2355 In
3717 2301 3813 2358 illo

2221 2376 2364 2430 enim
2395 2376 2723 2447 perticimur,
2752 2373 2891 2449 quia~
2915 2379 3082 2451 ipsius
3111 2384 3304 2455 capitis
3328 2387 3571 2445 membra
3596 2405 3809 2449 sumus.

2220 2466 2291 2523 Et
2316 2467 2489 2523 dictus
2515 2478 2598 2524 est
2624 2469 2746 2525 ﬁnis
2774 2469 2952 2541 chis,
2992 2474 3115 2544 quia
3144 2474 3260 2532 sine
3290 2478 3383 2534 illo
3411 2494 3573 2539 nemo
3598 2482 3815 2555 peth

2217 2558 2437 2631 Legem.
2466 2560 2598 2616 Cum
2624 2578 2752 2634 ergo
2778 2563 2974 2620 auditis
2997 2564 3052 2620 in
3078 2565 3325 2638 Psalmis,
3353 2568 3422 2624 In
3437 2572 3617 2642 ﬁnem,
3648 2576 3807 2633 multi

2219 2653 2361 2709 enim
2387 2653 2576 2724 psalmi
2604 2656 2675 2709 ita
2700 2657 3045 2729 superscripti
3068 2671 3213 2728 sunt,
3241 2676 3348 2717 non
3370 2664 3440 2718 sit
3460 2675 3638 2723 vestra
3664 2669 3814 2741 cogi-

2218 2745 2351 2800 tatio
2377 2745 2432 2799 in
2454 2747 2937 2816 consumptionem,
2970 2748 3065 2804 sed
3095 2750 3148 2806 in
3175 2756 3715 2815 consummationem.

2287 2839 2342 2894 2.
2383 2837 2451 2893 In
2477 2840 2676 2911 hymnis
2706 2857 2725 2895 :
2752 2841 2804 2896 in
2832 2841 3097 2899 laudibus.
3144 2834 3267 2901 Sive
3311 2847 3452 2903 enim
3493 2850 3816 2910 tribulemur

2215 2938 2271 2988 et
2299 2940 2662 3002 angustemur,
2704 2931 2817 2987 sive
2844 2932 3085 2989 iactemur
3111 2945 3166 2990 et
3195 2938 3545 3009 exsultemus,
3578 2942 3671 2998 ille
3692 2943 3811 3001 lau-

2215 3022 2422 3078 dandus
2444 3030 2542 3088 est,
2569 3024 2656 3093 qui
2683 3032 2736 3091 et
2757 3023 2809 3078 in
2836 3025 3264 3085 tribulationibus
3291 3031 3490 3099 erudit,
3517 3044 3571 3091 et
3591 3036 3649 3091 in
3676 3036 3815 3095 Inti-

2217 3116 2289 3171 tia
2314 3114 2640 3170 consolatur.
2672 3113 2812 3171 Laus
2854 3117 2996 3171 enim
3040 3118 3135 3174 Dei
3172 3135 3203 3174 a
3238 3123 3403 3179 corde
3440 3134 3495 3180 et
3521 3140 3619 3184 ore
3660 3127 3812 3187 chri-

2216 3208 2374 3263 stiani
2424 3206 2680 3262 recedere
2726 3196 2834 3262 non
2868 3206 3069 3264 debet:
3104 3225 3209 3266 non
3260 3221 3317 3268 ut
3357 3213 3540 3275 laudet
3588 3221 3644 3273 in
3687 3234 3813 3289 pro.

2215 3299 2408 3371 speris,
2450 3307 2506 3356 et
2531 3299 2807 3355 maledicat
2846 3300 2898 3355 in
2927 3300 3168 3360 adversis
3195 3322 3209 3371 ;
3232 3305 3331 3361 sed
3357 3309 3811 3379 quemadmodum

2216 3391 2453 3465 psalmus
2480 3391 2569 3447 ille
2601 3390 2916 3462 praescribit,
2939 3391 3247 3450 Benedicant
3273 3397 3545 3454 Demittunt
3577 3401 3632 3457 in
3671 3406 3811 3461 omni

2218 3494 2458 3555 tempore,
2485 3500 2680 3555 semper
2708 3484 2821 3539 laus
2845 3486 2953 3556 ejus
2978 3485 3032 3540 in
3059 3503 3146 3541 ore
3171 3504 3278 3543 meo
3302 3488 3475 3559 (Psal.
3503 3508 3705 3561 xxxm,
3730 3494 3807 3567 l).

2215 3576 2462 3643 Gaudes,
2509 3592 2738 3649 agnosce
2790 3587 2995 3649 patrem
3054 3579 3449 3650 blandientem;
3502 3586 3810 3659 tribularis,

2215 3685 2446 3743 agnosce
2492 3680 2696 3742 patrem
2734 3672 3129 3728 emcndautem.
3176 3674 3299 3732 Sive
3335 3678 3663 3755 blandiatur,
3698 3683 3813 3744 sive

2216 3762 2482 3828 emendet,
2514 3779 2636 3818 eum
2662 3764 2837 3819 erudit
2865 3765 2949 3819 cui
2979 3775 3127 3835 parat
3153 3766 3541 3829 hazrcditatem.

2287 3855 2345 3911 5.
2383 3853 2522 3922 Quid
2559 3866 2640 3909 cst
2668 3870 2814 3927 ergo,
2844 3855 3140 3913 Intellectus
3165 3860 3263 3930 ipsi
3291 3860 3499 3918 David?
3528 3862 3663 3923 Erat
3688 3867 3812 3937 qui-

2216 3944 2339 4001 dem
2364 3945 2549 4013 David,
2574 3954 2631 4001 ut
2654 3947 2921 4015 novimus,
2949 3949 3206 4019 propheta
3231 3965 3470 4022 sanctus,
3498 3971 3590 4012 rex
3617 3955 3809 4029 Israel,

2214 4037 2355 4091 ﬁlius
2375 4037 2527 4093 Jesse
2554 4038 2595 4108 (Ι
2620 4037 2748 4111 Reg.
2776 4055 2886 4104 xvr,
2921 4040 3010 4113 18)
3040 4059 3058 4098 :
3087 4041 3183 4099 sed
3213 4045 3334 4114 quia
3362 4061 3427 4103 ex
3459 4047 3577 4119 ejus
3599 4051 3813 4108 semine

2213 4129 2361 4184 venit
2382 4127 2447 4182 ad
2477 4128 2700 4185 salutem
2729 4141 2966 4187 nostram
2992 4134 3283 4190 secundum
3312 4152 3528 4194 carnem
3550 4139 3812 4201 Dominus

2213 4220 2370 4277 Jesns
2401 4220 2641 4277 Christus
2676 4222 2849 4294 (Rom.
2878 4240 2915 4289 ι,
2949 4224 3027 4297 5),
3051 4243 3194 4297 saepe
3232 4229 3334 4285 isto
3364 4232 3581 4290 nomine
3619 4234 3713 4292 ille
3742 4235 3811 4292 ﬁ-

2211 4328 2452 4387 guratur,
2485 4325 2539 4372 et
2570 4316 2735 4372 David
2763 4334 2858 4387 pro
2885 4319 3098 4375 Christo
3124 4321 3178 4376 in
3211 4322 3375 4394 ﬁgura
3413 4325 3653 4395 ponitur,
3682 4343 3810 4403 pro-

2210 4419 2333 4482 pter
2368 4411 2627 4483 originem
2667 4413 2843 4469 carnis
2869 4414 3055 4484 ipsius.
3094 4415 3229 4473 Nam
3272 4419 3565 4476 secundum
3602 4422 3809 4493 aliqum

2212 4502 2355 4558 filius
2386 4513 2469 4559 est
2495 4504 2681 4570 David,
2723 4507 3015 4562 secundum
3062 4508 3265 4580 aliquid
3307 4511 3566 4569 Dominus
3591 4524 3677 4571 est
3705 4516 3811 4571 Da-

2213 4595 2304 4652 vid
2332 4597 2504 4652 :ﬁlius
2536 4597 2698 4652 David
2743 4598 3035 4654 secundum
3070 4613 3308 4670 carnem,
3350 4603 3609 4665 Dominus
3640 4607 3811 4669 David

2211 4691 2504 4746 secundum
2531 4688 2884 4746 divinitatem.
2923 4689 2980 4747 Si
3008 4692 3150 4749 enim
3176 4709 3272 4765 per
3296 4695 3471 4766 ipsum
3507 4695 3647 4753 facta
3680 4707 3812 4756 sunt

2212 4784 2391 4837 omnia
2415 4779 2590 4856 (Joan.
2618 4783 2757 4854 1,.5),
2781 4798 2878 4854 per
2899 4784 3069 4854 ipsum
3091 4795 3145 4841 et
3174 4787 3286 4857 ipse
3308 4787 3478 4844 David
3506 4788 3680 4848 factm
3698 4799 3805 4859 est,

2212 4889 2281 4931 ex
2310 4874 2461 4945 cujus
2496 4875 2701 4931 semine
2740 4877 2885 4933 venit
2914 4876 2980 4931 ad
3025 4876 3287 4935 homines.
3312 4880 3547 4938 Proinde
3579 4897 3705 4949 cum
3733 4884 3811 4943 ill-

2210 4979 2538 5041 termgasset
2571 4972 2829 5028 Dominus
2863 4971 3098 5040 Judacos,
3138 4975 3287 5046 cujus
3333 4976 3503 5033 ﬁlium
3531 4977 3810 5038 Christum

2210 5078 2332 5119 esse
2361 5063 2635 5131 dicerent;
2658 5067 3064 5137 responderunt:
3092 5065 3275 5123 David.
3303 5068 3449 5125 Vidit
3473 5085 3570 5127 eos
3597 5087 3813 5130 ranun-

2208 5154 2346 5211 sisse
2375 5154 2426 5210 in
2453 5171 2636 5224 carne,
2664 5168 2719 5212 et
2743 5156 2987 5213 amisisse
3002 5157 3331 5216 divinitatem
3352 5176 3368 5227 ;
3391 5171 3451 5218 et
3470 5164 3691 5234 corrigit
3706 5179 3811 5221 eos

2207 5249 2501 5320 qumstione
2550 5249 2820 5320 proposita
2855 5267 2867 5302 :
2905 5248 3170 5318 Quomodo
3218 5269 3337 5325 ergo
3377 5253 3489 5324 ipse
3524 5252 3699 5310 David
3754 5259 3811 5313 in

2210 5343 2394 5415 spiritu
2432 5343 2557 5397 dicit
2600 5361 2715 5398 eum
2760 5343 3049 5410 Dominum,
3095 5347 3242 5402 Dixit
3288 5347 3545 5406 Dominus
3578 5349 3809 5408 Domino

2209 5451 2341 5502 meo,
2372 5434 2505 5490 Sede
2531 5436 2597 5487 ad
2622 5436 2881 5491 dexteram
2909 5454 3093 5504 meam,
3120 5440 3447 5511 quoadusque
3484 5458 3673 5513 ponant
3700 5446 3809 5499 iisi-

2206 5528 2363 5582 micos
2393 5537 2502 5582 tuos
2530 5526 2620 5582 sub
2653 5529 2861 5599 pedibus
2887 5531 2987 5585 tuis
3005 5532 3031 5586 ?
3060 5531 3123 5587 Si
3146 5549 3264 5604 ergo
3293 5534 3379 5590 ille
3402 5536 3457 5589 in
3485 5538 3671 5606 spiritu
3690 5537 3806 5595 Do-

2207 5620 2399 5673 minum
2422 5637 2533 5674 eum
2561 5621 2703 5688 dicit,
2725 5623 2977 5693 quomodo
3003 5624 3142 5693 ﬁlius
3169 5630 3278 5697 ejus
3303 5637 3374 5681 est
3417 5627 3632 5699 (Matth.
3659 5647 3803 5697 χιιι,

2204 5711 2433 5782 42-45γῖ
2458 5712 2818 5781 Quazstionem
2867 5717 3164 5785 praposuit,
3204 5733 3308 5771 non
3350 5718 3517 5774 ﬁlium
3564 5725 3802 5792 negavit.

2202 5801 2443 5860 Audistis
2483 5804 2807 5873 Dominum;
2843 5805 3003 5862 dicite
3030 5808 3301 5878 quomodo
3339 5808 3484 5869 ﬁlius
3505 5810 3581 5871 sit
3605 5830 3619 5868 :
3643 5814 3805 5871 andi-

2202 5896 2303 5955 stis
2336 5895 2540 5968 tilium;
2571 5896 2736 5956 dicite
2780 5897 3048 5970 quomodo
3074 5899 3330 5962 Dominus
3357 5902 3447 5963 sit.
3474 5902 3629 5965 Hauc
3653 5921 3797 5984 qua-
