4042 6488
247 483 478 542 stionem
517 474 679 536 solvit
719 475 854 534 ﬁdes
893 473 1173 532 catholica.
1213 474 1493 544 Quomodo
1535 475 1830 532 Dominus?

227 565 376 680 3Quia
403 576 458 630 in
499 573 750 646 principio
789 580 894 628 erat
939 565 1179 639 Verbum,
1223 579 1270 626 et
1308 568 1524 627 Verbum
1560 580 1666 627 erat
1694 572 1833 644 apud

215 660 434 736 "Deum,
469 676 519 724 et
557 663 697 722 Deus
738 673 846 720 erat
885 661 1120 718 Verbum.
1166 660 1444 732 Quomodo
1487 664 1668 721 ﬁlius?
1699 665 1834 734 Quia

263 761 476 816 Verbum
501 775 623 814 caro
651 762 839 831 factum
874 765 964 822 est,
993 765 1039 811 et
1071 755 1310 810 habitavit
1336 756 1391 810 in
1419 755 1560 812 nobis
1586 755 1763 828 (Joan.
1791 773 1831 823 ι,

252 857 301 920 i,
335 852 446 924 is).
490 851 624 920 Quia
662 865 790 922 ergo
817 848 980 906 David
1006 849 1060 904 in
1085 849 1248 920 tigura
1279 848 1522 906 Christus
1549 857 1650 916 est,
1678 847 1834 904 Chri-

249 955 358 1002 stus
394 953 600 1008 autem,
651 951 711 998 ut
745 957 888 1014 smpe
929 939 1463 996 commemoravimus
1509 939 1832 996 Charitatem

253 1027 516 1101 Vestram,
551 1046 606 1092 et
643 1044 802 1106 caput
841 1044 896 1090 et
923 1049 1118 1105 corpus
1143 1043 1261 1090 est:
1292 1049 1392 1090 nec
1418 1049 1516 1090 nos
1554 1049 1584 1088 a
1620 1031 1834 1090 Christo

250 1131 450 1187 alienos
491 1129 672 1186 dicere
709 1128 987 1194 debemus,
1030 1126 1182 1197 cujus
1225 1125 1460 1182 membra
1496 1141 1696 1191 sumus,
1737 1139 1836 1182 nec

251 1240 344 1282 nos
367 1223 519 1292 quasi
543 1221 768 1276 alterum
798 1228 1142 1290 computare;
1168 1219 1289 1290 quia
1319 1228 1461 1273 erunt
1483 1220 1584 1273 duo
1611 1219 1662 1272 in
1683 1234 1836 1272 carne

253 1331 368 1370 sna.
396 1312 788 1368 Saeramentum
819 1312 912 1366 hoc
938 1327 1175 1382 magnum
1203 1319 1293 1375 est,
1318 1309 1390 1364 ait
1412 1309 1718 1380 Apostolus,
1745 1325 1835 1382 ego

251 1418 418 1462 autem
443 1407 558 1462 dico
584 1407 636 1460 in
667 1405 862 1458 Christo
886 1414 932 1458 et
961 1403 1011 1457 in
1042 1401 1273 1457 Ecclesia
1293 1400 1509 1473 (Ep/tes.
1529 1418 1580 1468 v,
1604 1403 1694 1467 5i,
1717 1401 1832 1460 52).

256 1499 384 1565 Quia
427 1513 561 1568 ergo
603 1503 744 1550 totus
772 1494 1018 1549 Christus
1054 1502 1211 1563 caput
1245 1503 1298 1549 et
1341 1509 1534 1564 corpus
1563 1502 1684 1559 est;
1713 1508 1836 1548 eum

253 1591 514 1656 audimus,
538 1588 835 1644 Intellectus
862 1588 960 1658 ipsi
989 1585 1174 1648 David,
1201 1583 1560 1656 intelligamus
1579 1591 1633 1640 et
1653 1600 1751 1640 nos
1781 1585 1835 1640 in

255 1681 433 1740 David.
485 1680 783 1750 lntelligant
829 1679 1064 1734 membra
1109 1676 1328 1738 Christi,
1377 1687 1431 1731 et
1480 1678 1530 1731 in
1582 1676 1836 1734 membris

251 1777 360 1832 suis
385 1775 647 1844 intelligat
673 1773 937 1838 Christus,
967 1780 1020 1825 ct
1051 1769 1284 1824 meinbra
1316 1769 1511 1824 Christi
1540 1768 1839 1838 intelligant

255 1869 302 1924 in
346 1867 753 1936 Christozquia
802 1873 960 1934 caput
1003 1872 1058 1918 et
1102 1859 1340 1916 mcmhra
1391 1876 1527 1914 unus
1563 1859 1832 1915 Christus.

253 1959 418 2030 (21pm
449 1959 502 2012 in
532 1957 672 2012 cualo
715 1963 847 2022 erat,
893 1964 946 2009 et
984 1954 1226 2018 dicebat,
1251 1953 1390 2020 Quid
1425 1969 1502 2006 me
1531 1952 1839 2024 persequeris

255 2051 385 2122 (Act.
417 2067 496 2116 ix,
525 2048 750 2120 4)?1\'os
777 2064 897 2103 cum
930 2047 1020 2102 illo
1047 2046 1097 2100 iu
1121 2047 1258 2102 εαξιο
1281 2062 1373 2115 per
1402 2061 1570 2116 spem,
1600 2046 1711 2114 ipse
1739 2060 1839 2099 no-

255 2143 453 2200 biscum
487 2143 540 2198 in
575 2150 711 2197 terra
741 2157 838 2211 per
866 2139 1202 2195 charitalcm.
1235 2138 1390 2210 Ergo,
1426 2137 1709 2192 intellectus
1742 2137 1841 2210 ipsi

255 2231 437 2290 David.
467 2233 867 2289 Admoneamur
891 2246 1014 2286 cum
1054 2229 1318 2294 audimus,
1369 2238 1422 2283 et
1451 2229 1708 2296 intelligat
1739 2228 1843 2284 Ec-

255 2325 406 2380 clesia
441 2343 454 2380 :
488 2325 719 2396 pertinet
745 2322 886 2378 enim
915 2321 981 2375 ad
1009 2336 1108 2376 nos
1134 2334 1322 2392 magna
1347 2334 1474 2374 cura
1507 2317 1840 2389 intelligendi

255 2416 302 2472 in
326 2433 434 2488 quo
475 2416 620 2472 malo
652 2429 790 2470 nunc
832 2429 1036 2478 sumus,
1087 2420 1142 2467 et
1169 2411 1238 2466 de
1266 2426 1370 2482 quo
1397 2410 1541 2466 malo
1567 2419 1622 2466 ut
1649 2411 1842 2467 libere-

253 2526 367 2567 mur
387 2518 662 2580 optamus,
703 2507 1106 2563 reminiscentes
1144 2505 1398 2561 orationis
1423 2503 1725 2571 dominicaa,
1749 2506 1842 2562 ubi

255 2603 304 2662 in
335 2603 439 2658 line
470 2601 720 2665 dicimus,
763 2597 944 2653 Libera
988 2608 1078 2652 nos
1121 2614 1153 2652 a
1180 2596 1315 2650 malo
1346 2595 1557 2669 (Matth.
1603 2613 1678 2662 vr,
1725 2594 1836 2670 1'5).

255 2695 392 2778 Inger
415 2694 614 2749 multas
643 2707 771 2764 ergo
797 2690 1166 2748 tribulationes
1203 2689 1363 2759 hujus
1407 2689 1611 2758 saeculi,
1641 2690 1841 2762 plangit

253 2787 447 2858 aliquid
489 2783 724 2857 psalmus
761 2782 860 2839 iste
883 2783 951 2838 de
993 2781 1285 2837 intellectu.
1316 2779 1410 2836 lZIe
1436 2796 1558 2836 cum
1601 2779 1704 2837 isto
1733 2796 1836 2836 non

253 2880 442 2950 plorat,
472 2877 568 2948 qui
597 2891 702 2932 non
730 2875 887 2930 habet
919 2874 1271 2930 intellectum.
1295 2873 1462 2929 Porro
1487 2883 1685 2937 autem,
1712 2873 1841 2930 cha-

252 2969 470 3036 rissimi,
513 2968 819 3024 meminisse
859 2966 1118 3022 debemus
1161 2965 1226 3020 ad
1277 2965 1557 3034 imaginem
1606 2965 1699 3019 Dei
1739 2979 1840 3021 nos

252 3063 579 3128 essefactos,
603 3076 702 3116 nec
727 3059 851 3115 alibi
880 3074 1040 3130 quam
1081 3058 1133 3112 in
1163 3058 1278 3128 ipso
1309 3057 1598 3112 intellectu.
1623 3055 1756 3112 Nam
1785 3057 1839 3114 in

253 3155 429 3212 multis
463 3153 626 3209 rebus
659 3167 690 3206 a
717 3151 901 3208 beStiis
926 3149 1278 3220 superamur‘
1316 3165 1330 3203 :
1361 3147 1445 3202 ubi
1472 3156 1650 3202 autem
1678 3147 1840 3206 homo

252 3248 316 3306 ad
341 3247 630 3319 imaginem
661 3244 754 3300 Dei
795 3241 990 3298 factum
1033 3255 1093 3297 se
1142 3240 1308 3305 novit,
1355 3239 1428 3295 ibi
1453 3238 1651 3310 aliquid
1683 3239 1732 3293 in
1781 3254 1840 3296 se

253 3339 494 3412 agnoscit
535 3337 764 3408 amplius
807 3351 926 3392 esse
971 3349 1130 3405 quam
1175 3332 1358 3390 datum
1407 3341 1490 3388 est
1533 3331 1837 3402 pecoribus.

254 3429 616 3490 Consideratis
643 3443 772 3484 vero
800 3426 1047 3482 omnibus
1090 3425 1250 3482 rebus
1289 3440 1424 3496 quas
1466 3421 1626 3479 habet
1656 3423 1838 3494 homo,

255 3525 452 3582 invenit
480 3538 542 3578 se
581 3537 645 3578 eo
672 3519 890 3592 prpprie
912 3517 1202 3574 discretum
1245 3531 1276 3572 a
1313 3531 1529 3587 pecore,
1557 3515 1699 3586 quod
1729 3515 1843 3586 ipse

256 3618 443 3675 haheat
481 3614 830 3672 intellectum.
859 3611 1013 3669 Unde
1049 3610 1306 3682 quosdam
1351 3618 1760 3666 contemnentes
1785 3608 1839 3664 in

257 3727 312 3770 se
334 3711 474 3784 quod
508 3709 780 3782 proprium
810 3715 864 3762 et
890 3705 1212 3777 prtecipuum
1242 3719 1273 3759 a
1307 3703 1595 3759 Conditore
1620 3717 1843 3774 accepe-

258 3815 394 3873 runt,
421 3805 664 3873 increpat
693 3802 806 3874 ipse
828 3798 1086 3856 Conditor
1115 3797 1297 3852 dicens
1329 3813 1343 3850 :
1379 3793 1556 3849 Nolite
1580 3795 1690 3865 ﬁeri
1714 3795 1841 3850 sicut

259 3915 405 3970 equus
443 3907 491 3954 et
514 3897 704 3962 mulus,
731 3894 910 3965 quibus
937 3909 1036 3948 non
1072 3899 1144 3946 est
1172 3889 1458 3944 intellectus
1484 3885 1656 3957 (Psal.
1686 3902 1839 3956 xm,

261 3989 334 4062 9).
360 3989 427 4046 Et
451 3989 559 4044 alio
583 3987 702 4043 loco
731 3984 860 4041 dicit
883 4000 896 4037 :
931 3980 1097 4036 Homo
1119 3981 1170 4034 in
1198 3979 1388 4034 honore
1415 3977 1626 4051 positus.
1651 3977 1710 4032 ln
1735 3993 1843 4049 quo

264 4083 483 4150 honore,
519 4079 624 4136 nisi
649 4079 767 4150 quia
797 4077 964 4132 factus
1005 4075 1072 4131 ad
1120 4074 1402 4145 imaginem
1431 4071 1562 4128 Dei?
1597 4072 1758 4143 Ergo,
1789 4072 1843 4126 in

263 4176 444 4232 honore
474 4175 668 4244 positus
708 4187 810 4226 non
851 4168 1118 4234 intellexit,
1159 4167 1254 4232 ait,
1295 4175 1619 4238 comparatus
1659 4174 1729 4220 est
1745 4165 1842 4236 ju-

265 4271 435 4326 mentis
461 4265 754 4332 insensatis,
776 4275 820 4320 et
849 4262 1029 4320 similis
1050 4265 1218 4334 {actus
1238 4269 1309 4316 est
1334 4258 1439 4314 illis
1467 4257 1638 4334 (Psal.
1659 4274 1840 4324 vaut,

263 4361 369 4434 21).
401 4366 770 4432 Agnoseamus
806 4371 933 4428 ergo
957 4353 1218 4409 honorem
1249 4362 1516 4418 nostrum,
1548 4359 1604 4407 et
1646 4349 1844 4408 intelli-

265 4468 462 4526 gamus.
495 4451 551 4508 Si
598 4448 962 4520 intelligimus,
1003 4445 1244 4502 videmus
1287 4459 1394 4500 non
1423 4457 1544 4498 esse
1573 4441 1727 4497 isram
1759 4455 1846 4499 re-

265 4548 467 4618 gionem
492 4541 781 4615 gaudendi,
811 4539 906 4595 sed
939 4537 1222 4612 gemendi;
1257 4551 1363 4592 non
1389 4535 1500 4606 jam
1521 4533 1841 4600 exsultandi,

267 4636 353 4692 sed
395 4635 575 4690 adhuc
617 4629 923 4703 plangendi.
973 4628 1078 4686 Sed
1128 4626 1229 4684 etsi
1271 4624 1556 4682 exsultatio
1603 4623 1846 4696 quaedam

270 4725 461 4781 habitat
490 4725 542 4778 iu
567 4721 816 4779 cordibus
844 4719 1060 4786 nostris,
1093 4715 1330 4773 nondum
1359 4723 1442 4771 est
1468 4715 1521 4770 in
1559 4729 1640 4780 re,
1671 4713 1766 4768 scd
1793 4713 1844 4770 in

267 4835 373 4894 spe.
404 4821 482 4876 Ex
511 4817 776 4890 promisso
800 4815 1061 4880 laetamur,
1093 4812 1216 4884 quia
1243 4810 1442 4866 scimus
1470 4824 1576 4865 non
1619 4822 1713 4862 nos
1745 4805 1845 4866 fal-

267 4912 370 4970 lere
406 4911 831 4984 promittentem.
863 4905 1062 4962 Verum
1102 4901 1244 4975 quod
1290 4900 1484 4956 attinet
1517 4897 1582 4954 ad
1609 4913 1848 4969 praesens

269 5013 488 5076 tempus,
523 5003 576 5058 in
615 5016 721 5072 quo
751 5000 914 5065 malo,
965 4998 1017 5052 in
1053 4995 1246 5068 quibus
1275 4991 1538 5064 angustiis
1567 4991 1736 5046 simus
1762 5007 1850 5046 au-

267 5097 398 5163 dite;
433 5106 487 5153 et
517 5095 564 5152 si
595 5095 733 5165 viam
765 5093 919 5148 istam
955 5089 1172 5155 tenetis,
1201 5085 1342 5159 quod
1383 5084 1579 5142 auditis
1619 5084 1671 5138 in
1698 5083 1848 5168 vobis

267 5190 550 5264 agnoscite.
576 5186 825 5256 Quisquis
853 5183 996 5241 enim
1045 5179 1278 5236 nondum
1313 5185 1458 5234 tenet
1485 5177 1584 5232 iter
1612 5175 1844 5247 pietatis,

268 5284 482 5339 miratur
503 5281 626 5353 quia
655 5278 780 5334 talia
813 5284 1034 5349 gemunt
1059 5273 1298 5330 membra
1340 5269 1507 5326 David
1533 5287 1546 5324 :
1570 5283 1676 5324 non
1704 5269 1846 5325 enim

267 5376 402 5432 videt
429 5376 482 5430 in
511 5389 571 5429 se
600 5373 722 5429 ista.
743 5367 1006 5440 Quamdiu
1028 5375 1084 5423 et
1107 5367 1159 5422 in
1195 5381 1255 5422 se
1284 5364 1382 5420 ista
1418 5379 1522 5418 non
1544 5361 1688 5418 videt
1715 5376 1850 5416 non-

270 5467 388 5526 dum
412 5477 497 5524 est
517 5465 590 5522 ibi
615 5483 630 5521 :
656 5479 766 5520 non
789 5462 953 5519 sentit
971 5459 1113 5532 quod
1138 5472 1331 5528 corpus
1353 5455 1546 5521 sentit;
1571 5453 1692 5526 quia
1721 5469 1849 5524 pne-

269 5567 345 5617 ter
369 5574 565 5630 corpus
605 5564 692 5613 est
720 5573 734 5612 :
763 5555 1156 5625 incorporetur,
1204 5560 1259 5606 et
1287 5548 1499 5606 sentiet.
1531 5547 1684 5603 Dicat
1717 5560 1847 5618 ergo

270 5659 322 5709 et
339 5650 633 5713 audiamus,
658 5646 936 5702 audiamus
962 5655 1015 5700 et
1042 5643 1281 5698 dicamus
1306 5658 1320 5694 :

337 5745 388 5800 4.
415 5743 567 5816 [κη.
593 5736 742 5813 2ο5.]
773 5737 997 5804 Exaudi,
1033 5735 1189 5802 Deus,
1217 5735 1617 5804 deprecattonem
1642 5746 1804 5786 nteant
1826 5770 1840 5798 ,

331 5855 352 5888 ⁸
379 5856 576 5908 Sic“.
597 5851 802 5916 unde,
824 5849 1136 5904 abestiisnon
1156 5857 1437 5912 separamur

1835 5975 1840 5979 ‘
1873 5962 1949 6007 ".i?‘

1411 357 1809 418 ENARRATIO
1845 357 1922 422 ιιι
1953 361 2281 428 Ρειυίωι
2313 366 2468 425 LiV.’

3414 373 3522 432 650

1941 491 1988 538 et
2015 497 2077 538 ne
2103 482 2389 556 despexeris
2417 501 2611 557 precem
2639 501 2802 542 meum
2827 503 2847 543 :
2870 487 3071 545 intende
3091 488 3237 558 mihi,
3267 497 3314 544 et
3337 489 3524 544 mutii

1939 589 2036 628 me.
2064 573 2394 648 Satagentis,
2440 577 2675 646 solliciti,
2703 577 2756 634 iu
2785 578 3124 637 tribulatione
3154 581 3330 654 positi,
3361 581 3524 636 verba

1938 677 2064 722 sunt
2094 669 2212 724 ista.
2241 668 2370 726 Orat
2396 669 2562 727 multa
2593 671 2827 741 patiens,
2867 667 2935 728 de
2973 673 3113 729 malo
3139 672 3353 730 liberari
3380 669 3526 729 desi-

1939 756 2134 816 derans
2167 779 2181 815 :
2211 769 2456 831 superest
2494 770 2551 818 ut
2591 762 2870 820 audiamus
2909 763 2963 819 in
3001 779 3110 836 quo
3152 765 3295 822 malo
3321 767 3425 830 sit;
3471 774 3526 820 et

1939 863 2060 906 cum
2086 851 2265 910 dicere
2287 857 2529 926 cmperit,
2547 872 2900 928 agnoscamus
2918 858 2989 916 ibi
3014 873 3114 916 nos
3138 875 3275 928 esse,
3294 868 3352 916 ut
3377 875 3527 914 eom-

1940 945 2205 1002 municata
2224 947 2581 1012 tribulatione,
2595 950 2979 1022 conjungamus
3003 950 3528 1008 orationem.Cantri-

1937 1043 2099 1092 status
2124 1053 2235 1091 sum
2254 1039 2680 1124 inexercitatione
2703 1059 2834 1110 mea,
2856 1050 2902 1098 et
2921 1041 3244 1098 conturbatus
3263 1058 3392 1097 sum.
3420 1039 3525 1098 Ubi

1939 1127 2320 1185 contristatus?
2359 1131 2448 1187 ubi
2487 1133 2869 1190 conturbatus?
2905 1133 2974 1188 In
3011 1133 3364 1190 exercitatione
3392 1147 3524 1199 mea,

1940 1217 2129 1290 inquit.
2163 1220 2415 1280 Homines
2440 1225 2607 1279 malos
2631 1239 2767 1297 quos
2796 1226 2991 1296 patitur
3012 1232 3529 1281 commemoraturus

1941 1322 2022 1368 est
2045 1313 2086 1381 ¹,
2104 1312 2452 1384 eamdemque
2472 1315 2772 1388 passionem
2791 1317 3050 1372 malorum
3074 1315 3349 1370 hominum
3369 1327 3530 1369 exer-

1940 1403 2246 1459 citationem
2277 1421 2425 1460 suam
2454 1400 2606 1462 dixit.
2631 1405 2708 1462 Ne
2737 1407 2934 1477 putetis
2958 1408 3120 1478 gratis
3145 1421 3262 1462 esse
3284 1405 3452 1461 malos
3473 1403 3530 1458 in

1941 1491 2044 1550 huc
2065 1493 2282 1563 mundo,
2316 1505 2371 1552 et
2398 1496 2527 1552 nihil
2549 1497 2676 1554 boui
2698 1497 2764 1553 de
2795 1499 2896 1554 illis
2921 1513 3079 1570 agere
3108 1498 3294 1553 Deum.
3340 1493 3527 1551 Omnis

1941 1585 2113 1642 malus
2155 1595 2246 1642 aut
2283 1585 2404 1644 ideo
2430 1587 2556 1644 vivit
2597 1598 2654 1645 ut
2694 1589 3012 1660 corrigatur,
3043 1599 3134 1643 aut
3160 1588 3281 1644 ideo
3315 1587 3444 1642 vivit
3474 1595 3532 1642 ut

1943 1695 2040 1750 per
2085 1679 2229 1734 illum
2275 1679 2447 1736 bonus
2492 1689 2820 1737 exerceatur.
2869 1680 3084 1738 Utinam
3123 1693 3251 1751 ergo
3296 1681 3386 1750 qui
3431 1692 3530 1734 nos

1943 1772 2102 1827 modo
2129 1779 2404 1839 exercent,
2432 1783 2831 1842 conVertautur,
2852 1783 2907 1830 et
2936 1773 3213 1829 nobiseum
3237 1787 3531 1828 exercean-

1945 1871 2067 1918 tur:
2100 1875 2273 1920 lamen
2305 1864 2556 1934 quamdiu
2595 1867 2665 1920 ita
2707 1877 2832 1922 sunt
2867 1875 2926 1921 ut
2959 1873 3274 1933 exerceant,
3305 1879 3408 1920 non
3436 1879 3533 1920 eos

1943 1955 2242 2026 oderimus;
2287 1959 2408 2028 quia
2453 1959 2503 2013 in
2539 1974 2606 2015 eo
2647 1955 2788 2028 quod
2827 1957 2998 2014 malus
3041 1966 3123 2013 est
3163 1959 3282 2029 quis
3321 1972 3530 2022 eorum,

1946 2058 2120 2103 utrum
2142 2065 2310 2118 usque
2337 2049 2387 2104 in
2419 2051 2574 2104 linem
2608 2058 3042 2121 perseveraturus
3068 2049 3156 2112 sit,
3190 2049 3527 2119 ignoramus;

1945 2147 1996 2193 et
2025 2139 2331 2211 plcrmnque
2351 2157 2470 2196 cum
2502 2141 2595 2196 tibi
2620 2142 2817 2198 videris
2856 2141 3035 2197 odisse
3075 2123 3346 2195 inimicum
3367 2182 3379 2204 ,
3422 2139 3532 2194 lia-

1947 2220 2080 2286 trem
2109 2232 2288 2295 odisti,
2319 2231 2373 2288 et
2402 2233 2595 2289 nescis.
2620 2233 2874 2290 Diabolus
2890 2238 2943 2289 et
2964 2231 3138 2305 angeli
3163 2233 3278 2302 ejus
3304 2231 3356 2287 in
3383 2230 3532 2286 Scri-

1947 2323 2114 2394 pluris
2144 2324 2342 2379 sanctis
2368 2323 2686 2381 manifestati
2727 2330 2852 2382 sunt
2889 2323 3065 2390 nobis,
3097 2314 3236 2393 quod
3264 2323 3330 2378 ad
3355 2324 3531 2394 ignem

1945 2422 2204 2469 aiternum
2230 2415 2338 2472 sint
2365 2415 2634 2472 destinati.
2678 2417 2914 2488 lpSorum
2958 2419 3163 2471 tantum
3203 2413 3534 2484 desperanda

1945 2513 2027 2563 est
2055 2509 2318 2564 correctio
2339 2527 2351 2561 :
2371 2517 2556 2565 contra
2581 2525 2717 2580 quos
2742 2509 2998 2566 habemus
3028 2509 3291 2565 occultam
3315 2507 3534 2574 luctam,

1945 2601 2012 2656 ad
2041 2613 2200 2672 quam
2228 2601 2421 2657 luctam
2449 2617 2548 2658 nos
2585 2605 2756 2658 armat
2786 2603 3074 2674 Apostolus
3095 2643 3110 2668 ,
3151 2599 3334 2657 dicens
3363 2620 3375 2656 :
3413 2597 3536 2656 Non

1945 2701 2016 2748 est
2054 2692 2196 2748 nobis
2221 2695 2507 2749 colluctatio
2535 2695 2775 2750 adversus
2811 2711 3014 2749 carnem
3043 2703 3089 2748 et
3119 2693 3414 2766 sanguinem
3436 2735 3452 2760 ,
3482 2692 3535 2749 id
3605 2718 3608 2722 '

1944 2795 2026 2841 est
2048 2783 2304 2842 adversus
2330 2785 2572 2842 homines
2594 2802 2728 2856 quos
2751 2785 2972 2850 videtis;
3005 2783 3096 2842 sed
3122 2787 3362 2840 adversus
3387 2783 3534 2854 prin-

1943 2879 2080 2950 cipes
2114 2887 2160 2935 et
2185 2887 2452 2952 potestates
2477 2887 2523 2933 et
2550 2890 2764 2934 rectores
2786 2879 2983 2948 mundi,
3008 2878 3325 2933 tenebrarum
3352 2875 3536 2930 Irarum

1945 2969 2163 3044 (ΕρΙιεε.
2186 2989 2262 3039 γι,
2295 2971 2404 3043 ts).
2436 2956 2514 3029 Ne
2539 2973 2675 3028 forte
2694 2988 2816 3028 cum
2837 2971 3076 3035 dixisset.
3110 2969 3310 3037 mundi,
3342 2967 3538 3025 intelli-

1943 3080 2100 3136 geres
2139 3064 2412 3120 daemones
2452 3079 2572 3121 esse
2609 3075 2848 3121 rectores
2875 3063 2997 3120 εαξΙί
3035 3071 3090 3119 et
3129 3073 3318 3130 terrae;
3360 3059 3538 3117 mundi

1945 3152 2117 3224 dixit,
2161 3156 2475 3212 tenebrarum
2521 3157 2734 3221 harum;
2787 3155 2966 3210 mundi
3016 3153 3184 3220 dixit,
3235 3162 3537 3209 amatorum

1945 3247 2162 3314 mundi;
2197 3249 2372 3303 mundi
2401 3247 2562 3315 dixit,
2595 3248 2880 3318 impiorum
2909 3256 2962 3302 et
2989 3246 3328 3317 iniquorum;
3355 3243 3538 3298 mundi

1944 3342 2098 3409 dixit,
2122 3341 2190 3398 de
2215 3356 2320 3412 quo
2346 3341 2474 3397 dicit
2495 3341 2843 3411 Evangelium
2879 3356 2893 3394 :
2922 3337 2992 3394 Et
3026 3341 3248 3394 mundus
3284 3353 3398 3394 eum
3434 3354 3538 3393 non

1945 3434 2176 3505 cognovit
2207 3431 2397 3506 (Joan.
2425 3443 2464 3498 ι,
2486 3431 2554 3488 lo
2572 3432 2610 3500 ).
2639 3431 2696 3488 Si
2723 3431 2865 3486 enim
2899 3429 3128 3486 mundus
3152 3443 3260 3485 non
3283 3429 3538 3500 cognovit

1946 3521 2118 3580 lucem
2141 3565 2156 3590 ,
2201 3523 2322 3594 quia
2362 3523 2452 3578 lux
2483 3523 2533 3576 in
2566 3521 2799 3578 tenebris
2839 3522 3014 3588 lucet,
3044 3531 3098 3578 et
3138 3519 3372 3578 tenebrat
3413 3532 3538 3576 eam

1945 3628 2051 3671 non
2077 3609 2616 3684 comprehenderunt,
2640 3622 2694 3668 et
2714 3612 2842 3682 ipsa:
2865 3612 3098 3668 tenebras
3123 3627 3242 3684 qua:
3262 3622 3368 3667 non
3389 3614 3538 3667 corri-

1945 3703 2348 3778 prehenderuut
2391 3704 2564 3760 lucem
2603 3713 2946 3774 praesentem,
2978 3703 3162 3759 mundi
3189 3701 3406 3760 nomine
3431 3717 3534 3774 ap-

1946 3799 2244 3870 pellantur;
2277 3798 2462 3852 barum
2491 3796 2832 3853 tenebrarum
2877 3803 3001 3852 sunt
3034 3794 3106 3851 illi
3151 3803 3408 3852 rectores.
3457 3791 3537 3852 Do

1946 3894 2078 3966 ipsis
2104 3907 2230 3965 ergo
2256 3891 2554 3948 rectoribus
2574 3889 2834 3947 habemus
2859 3887 3267 3946 determinatam
3297 3885 3538 3960 Scriptu-

1946 4003 2126 4045 rarum
2151 3986 2495 4055 sententiam,
2522 3982 2664 4058 quod
2691 3985 2910 4041 omnino
2931 3983 3054 4040 inde
3081 3983 3286 4040 reditus
3310 3979 3538 4054 alicujus

1946 4091 2134 4138 eorum
2173 4078 2469 4150 sperandus
2499 4092 2604 4132 non
2635 4087 2736 4134 est.
2769 4077 2838 4132 At
2867 4089 2996 4133 vero
3023 4075 3092 4132 de
3120 4075 3250 4148 ipsis
3297 4082 3536 4133 tenebris

1947 4185 2173 4245 quarum
2211 4159 2290 4227 illi
2327 4179 2564 4227 rectores
2593 4179 2736 4236 sunt,
2766 4185 2871 4226 non
2905 4183 3090 4224 sumus
3119 4167 3252 4225 certi
3289 4171 3357 4224 ne
3395 4165 3538 4226 torto

1947 4263 2040 4335 qui
2075 4259 2231 4318 erant
2273 4261 2542 4328 tenebrae,
2576 4257 2703 4315 liam
2739 4261 2852 4316 lux.
2900 4247 3174 4316 Fidelibus
3197 4259 3392 4330 quippe
3425 4255 3538 4330 jam

1949 4352 2100 4411 lactis
2123 4354 2251 4410 dicit
2281 4353 2590 4424 Apostolus,
2625 4352 2818 4406 Fuistis
2839 4351 3114 4421 aliquando
3135 4349 3370 4417 tenebris,
3400 4358 3536 4404 nurtc

1947 4451 2115 4504 autent
2137 4449 2226 4504 lux
2244 4449 2298 4503 in
2325 4445 2542 4503 Domino
2566 4443 2784 4518 (Ephes.
2813 4461 2866 4512 ν,
2891 4443 2945 4515 8)
2977 4460 2990 4500 :
3017 4441 3252 4499 tenebrae
3278 4443 3334 4498 in
3364 4440 3538 4510 vobis,

1948 4545 2041 4602 lux
2070 4547 2120 4600 in
2151 4543 2398 4599 Domino.
2432 4541 2590 4613 Ergo,
2622 4538 2833 4603 fratres,
2862 4551 3051 4593 omnes
3081 4530 3230 4604 mali,
3256 4539 3378 4591 cum
3409 4532 3539 4592 mali

1951 4647 2074 4695 sunt
2095 4679 2110 4706 ,
2141 4642 2394 4693 exercent
2419 4633 2608 4690 bonos.
2651 4631 2790 4688 Ecce
2814 4629 2955 4687 enim
2984 4625 3224 4685 breviter
3239 4627 3452 4694 audite,
3488 4637 3544 4683 et

1951 4729 2246 4802 intelligite.
2287 4727 2346 4783 Si
2390 4725 2564 4782 bonus
2606 4739 2684 4791 es,
2727 4723 2999 4779 inimicum
3039 4727 3144 4776 non
3188 4714 3411 4776 habebis
3440 4717 3544 4773 nisi

1951 4822 2171 4881 malum.
2213 4819 2380 4876 Porro
2411 4817 2502 4874 tibi
2533 4829 2594 4874 ea
2623 4815 2805 4887 regula
2833 4812 3089 4869 bonitatis
3111 4812 3330 4882 praeﬁxa
3353 4819 3454 4875 est,
3487 4805 3550 4866 ut

1951 4916 2175 4974 imiteris
2194 4913 2486 4971 bonitatem
2510 4909 2683 4968 Patris
2705 4910 2799 4976 tui,
2825 4909 2911 4982 qui
2931 4907 3053 4980 facit
3072 4907 3229 4963 solem
3249 4915 3398 4962 suum
3417 4905 3546 4960 oriri

1952 5027 2106 5080 super
2143 5005 2301 5064 bonos
2333 5009 2382 5062 et
2419 5005 2615 5072 malos,
2646 5010 2694 5058 et
2729 5001 2858 5074 pluit
2885 5005 3038 5073 super"
3057 5001 3228 5072 justas
3253 5007 3302 5054 et
3327 4997 3544 5069 injustas

1953 5099 1978 5176 (
1997 5097 2182 5157 Martii.
2209 5114 2260 5168 v,
2293 5097 2422 5172 45).
2460 5091 2642 5168 Neque
2685 5095 2826 5152 enim
2867 5101 2923 5150 tu
2964 5092 3132 5149 habes
3167 5091 3458 5152 inimicum,
3487 5095 3544 5142 et

1955 5193 2095 5252 Deus
2119 5209 2227 5249 non
2249 5192 2427 5248 habet.
2451 5177 2530 5245 Tu
2561 5187 2776 5260 quidem
2803 5201 2924 5246 eum
2954 5186 3119 5242 habes
3146 5182 3422 5240 inimicum
3447 5179 3541 5250 qui

1957 5295 2131 5345 tecum
2161 5293 2372 5341 creatus
2396 5291 2511 5349 est;
2553 5281 2642 5337 ille
2673 5295 2804 5338 vero
2829 5293 2948 5336 eum
2974 5292 3133 5350 quem
3161 5273 3383 5331 creavit.
3430 5269 3540 5327 lni-

1954 5381 2124 5438 micos
2162 5391 2290 5450 ergo
2332 5375 2427 5432 Dei
2472 5374 2640 5431 malos
2669 5385 2721 5430 et
2747 5373 2954 5444 iniquos
2993 5383 3138 5440 saepe
3164 5367 3220 5422 in
3247 5361 3539 5434 Scriptum

1953 5471 2179 5546 legimus
2209 5491 2222 5527 :
2245 5479 2300 5528 et
2323 5470 2490 5542 parcit
2517 5469 2596 5526 eis
2619 5467 2708 5524 ille
2733 5465 2822 5538 qui
2851 5481 2953 5520 non
2985 5462 3143 5517 habet
3170 5456 3314 5532 quod
3334 5455 3410 5512 illi
3435 5455 3538 5546 imi.

1951 5577 2104 5644 putet
2138 5567 2384 5624 inimicus
2407 5606 2424 5636 ,
2455 5564 2544 5620 cui
2581 5561 2758 5619 omnis
2787 5557 3029 5615 inimicus
3060 5554 3302 5625 ingratus
3323 5557 3440 5614 est;
3471 5545 3539 5604 ab

1952 5775 2034 5890 ωε
2068 5770 2142 5822 sic
2160 5773 2237 5817 ur.
2262 5769 2316 5816 et
2336 5760 2701 5828 praestantiora
2741 5761 2850 5808 uss.
2893 5758 2948 5802 At
2979 5755 3114 5813 ων..
3146 5749 3542 5800 muneratus
