4042 6484
504 378 603 438 651

504 494 594 548 illo
623 493 767 550 enim
795 490 955 548 habet
994 476 1252 563 quidquid
1291 490 1415 547 boni
1451 487 1633 547 habet.
1673 490 1756 547 Ab
1799 492 1914 562 ipso
1948 493 2090 547 enim

504 586 665 643 habet
690 584 1143 653 misericordiam,
1174 583 1430 656 quidquid
1458 594 1540 640 est
1567 586 1727 640 etiam
1757 584 1895 639 unde
1927 585 2092 640 tribu-

504 681 661 737 latur.
691 658 901 736 Ad'hoc
940 679 1083 735 enim
1130 678 1431 744 tribulatur,
1464 695 1532 733 ne
1555 677 1856 748 superbiat;
1893 677 1959 731 ad
1990 677 2091 732 hoe

503 773 806 840 tribulatur,
832 783 890 827 ut
910 771 1126 826 humilis
1146 781 1400 841 agnoscat
1415 771 1703 825 excelsum.
1736 769 1817 824 Tu
1844 784 1971 839 ergo
1991 769 2091 823 ini-

438 876 441 877 '
501 868 641 921 mico
677 877 785 931 luo,
816 881 973 936 quem
1004 863 1409 920 intolerabiliter
1438 864 1655 933 pateris,
1688 863 1813 934 quid
1836 864 2088 934 przestiti-

499 960 602 1014 sti?
627 958 683 1014 Si
713 958 800 1013 ille
827 972 948 1013 eum
977 957 1136 1012 habet
1162 957 1434 1012 inimicum
1464 957 1552 1026 qui
1580 956 1629 1011 ei
1651 965 1794 1011 tanta
1821 956 2085 1027 prmstitit,

497 1060 556 1108 et
581 1055 703 1123 facit
726 1051 881 1107 solem
906 1068 1055 1106 suum
1093 1051 1214 1104 oriri
1239 1066 1392 1120 super
1418 1051 1572 1104 bonos
1600 1058 1646 1103 et
1666 1049 1857 1117 malos,
1886 1058 1930 1103 et
1960 1049 2089 1118 pluit

497 1161 652 1216 super
677 1145 847 1215 justas
876 1154 922 1197 et
951 1144 1198 1213 injustas;
1230 1151 1283 1197 tu
1309 1142 1398 1213 qui
1429 1157 1530 1197 nec
1555 1142 1720 1197 solem
1760 1150 1914 1211 potes
1959 1141 2088 1196 oriri

500 1236 696 1303 facere,
724 1253 823 1292 nec
847 1252 1005 1308 super
1035 1248 1203 1292 terras
1234 1238 1439 1307 pluere,
1464 1237 1660 1307 aliquid
1691 1253 1851 1292 unum
1874 1252 2089 1293 servare

500 1331 717 1387 inimico
741 1346 845 1386 non
874 1341 1058 1401 potes,
1092 1339 1152 1386 ut
1174 1332 1242 1386 sit
1267 1331 1359 1386 tibi
1384 1348 1489 1403 pax
1514 1332 1566 1386 in
1597 1341 1739 1387 terra
1759 1331 1962 1387 homini
1991 1332 2090 1387 bo-

501 1439 585 1481 na}
609 1423 896 1480 voluntatis
923 1423 941 1493 (
969 1423 1092 1479 Luc.
1128 1441 1185 1489 ιι,
1218 1424 1285 1479 14
1304 1421 1361 1496 )?
1399 1423 1541 1495 Ergo
1571 1424 1821 1495 quoniam
1850 1424 1965 1481 haec
1992 1424 2088 1480 tibi

492 1514 798 1571 dilectionis
846 1516 1027 1585 regula
1074 1516 1271 1586 ﬁgitur,
1300 1525 1358 1571 ut
1394 1517 1608 1572 imitans
1649 1517 1860 1572 Patrem
1897 1517 2087 1587 diligas

498 1605 771 1661 inimicum
806 1625 818 1661 :
855 1606 1063 1679 Diligite
1086 1609 1247 1673 enim,
1274 1608 1463 1680 inquit,
1482 1609 1714 1664 inimicos
1737 1618 1923 1664 vestros
1949 1609 1967 1677 (
1996 1608 2083 1664 1d.

496 1712 549 1753 vt
564 1740 579 1764 ,
628 1699 719 1763 27,
760 1699 830 1755 55
854 1696 872 1770 )
898 1716 911 1753 :
938 1699 990 1753 in
1013 1699 1115 1755 hoc
1142 1710 1410 1771 prrecepto
1431 1700 1699 1771 quomodo
1720 1702 2046 1758 exercereris
2066 1743 2083 1770 ,

496 1791 541 1846 si
582 1791 784 1846 nullum
833 1791 1104 1847 inimicum
1142 1793 1436 1863 patereris?
1466 1792 1628 1847 Vides
1664 1808 1792 1864 ergo
1832 1793 2088 1863 prodesse

502 1884 597 1938 tibi
635 1883 834 1954 aliquid
861 1902 873 1938 :
903 1894 958 1940 et
980 1884 1125 1955 quod
1155 1886 1292 1941 Deus
1319 1886 1485 1956 parcit
1510 1887 1684 1954 malis,
1711 1887 1875 1956 prosit
1907 1887 1997 1942 tibi
2018 1886 2087 1942 ad

497 1975 795 2032 habendam
826 1977 1280 2043 misericordiam;
1325 1979 1448 2049 quia
1487 1988 1540 2033 et
1571 1985 1627 2033 tu
1668 1978 1804 2035 forte
1840 1980 1884 2035 si
1914 1980 2086 2035 bonus

498 2082 578 2135 es,
609 2084 673 2123 ex
700 2069 843 2125 malo
870 2068 1040 2125 factus
1066 2084 1125 2126 es
1153 2070 1354 2136 bonus;
1390 2079 1441 2126 et
1467 2071 1512 2126 si
1544 2071 1684 2127 Deus
1711 2088 1817 2126 non
1846 2082 2088 2143 parceret

498 2164 673 2231 malis,
706 2179 806 2220 nec
842 2173 900 2220 tu
939 2165 1028 2236 qui
1065 2166 1263 2236 gratias
1302 2181 1508 2237 ageres,
1547 2182 1851 2237 appareres.
1899 2167 2089 2223 Pareat

497 2271 626 2327 ergo
646 2259 763 2313 aliis
786 2259 876 2328 qui
907 2259 1145 2328 pepercit
1171 2268 1220 2313 et
1248 2258 1363 2313 tibi.
1390 2258 1507 2314 Non
1537 2259 1682 2329 enim
1708 2274 1829 2315 cum
1863 2259 2087 2314 transie-

497 2350 593 2416 ris,
624 2350 1025 2407 intercludenda
1051 2360 1132 2407 est
1151 2353 1233 2406 via
1264 2352 1496 2423 pietatis.

569 2444 623 2499 5.
649 2443 802 2500 Unde
821 2460 948 2516 ergo
974 2445 1075 2501 iste
1101 2454 1219 2501 orat
1243 2447 1446 2516 positus
1474 2447 1617 2523 inter
1638 2446 1830 2513 malos,
1860 2462 2085 2518 quorum

498 2536 790 2593 inimicitiis
820 2539 1205 2595 exercebatur?
1231 2540 1357 2610 quid
1385 2540 1495 2595 ait?
1534 2538 1870 2596 Contristatus
1897 2558 2009 2596 sum
2033 2543 2087 2597 in

497 2630 851 2685 exercitatione
888 2648 1017 2696 mea,
1058 2641 1105 2686 et
1146 2633 1469 2687 conturbatus
1496 2650 1628 2688 sum.
1674 2633 1807 2689 Cum
1850 2635 2089 2691 extendit

497 2723 838 2780 dilectionem
884 2734 944 2780 ut
983 2725 1166 2795 diligat
1211 2726 1474 2792 inimicos,
1516 2726 1736 2782 allectus
1780 2736 1863 2782 est
1907 2728 2081 2796 tmdio,

494 2818 787 2873 multorum
814 2817 1123 2885 inimicitiis,
1144 2817 1431 2873 multorum
1458 2818 1605 2873 rabie
1629 2819 2078 2888 circumlatratus,

496 2919 551 2965 et
600 2910 826 2979 quadam
872 2909 1100 2965 humana
1148 2908 1455 2965 inﬁrmitate
1491 2910 1787 2965 succubuit.
1834 2910 1974 2966 Vidit
2029 2927 2089 2969 se

494 3003 601 3071 jam
648 3002 882 3070 incipere
912 3002 1184 3071 penetrari
1228 3002 1366 3056 mala
1406 3002 1748 3070 persuasione
1787 3002 2081 3071 diabolica,

497 3105 555 3149 ut
576 3096 754 3150 odium
778 3096 991 3150 inducat
1013 3096 1030 3126 ί
1056 3096 1336 3149 adversum
1364 3096 1606 3151 inimicos
1632 3115 1643 3151 :
1671 3099 1937 3153 reluctans
1965 3099 2088 3154 odio

498 3195 559 3241 nt
585 3188 865 3256 perliceret
890 3188 1057 3256 ipsam
1096 3186 1456 3252 dilectionem,
1486 3188 1541 3243 in
1581 3188 1695 3258 ipsa
1723 3204 1898 3259 pugna
1920 3200 1973 3245 et
2002 3191 2087 3246 lu-

498 3289 581 3334 cta
606 3278 845 3333 turbatus
868 3286 968 3334 est.
998 3276 1121 3348 lijus
1147 3279 1287 3333 enim
1318 3295 1415 3335 vox
1444 3289 1526 3335 est
1545 3288 1599 3335 et
1627 3280 1677 3334 in
1709 3280 1813 3335 alio
1840 3282 2043 3351 psalmo
2071 3301 2085 3338 :

501 3373 752 3428 Turbatus
780 3383 850 3427 est
871 3388 978 3442 pra:
996 3374 1073 3425 ira
1095 3372 1268 3427 oculus
1288 3390 1445 3427 meus.
1476 3373 1545 3428 Et
1571 3374 1695 3444 quid
1724 3375 1792 3430 ibi
1815 3376 2089 3446 sequitur?

498 3467 783 3523 Inveteravi
808 3465 861 3520 in
890 3465 1119 3521 omnibus
1146 3467 1362 3521 inimicis
1386 3469 1508 3522 meis
1534 3467 1554 3537 (
1578 3467 1725 3523 Psal.
1755 3485 1828 3534 vt,
1861 3469 1959 3542 8).
1988 3470 2089 3526 Ve-

498 3561 595 3617 lttti
638 3561 690 3615 in
736 3568 1050 3629 tempestate
1087 3568 1141 3615 et
1188 3558 1435 3614 fluctibus
1475 3561 1640 3631 mergi
1669 3569 1925 3631 coeperat,
1953 3562 2092 3618 sicut

498 3651 728 3723 Petrus(
758 3651 942 3706 Matth.
974 3667 1083 3716 xw,
1115 3650 1183 3706 50
1206 3652 1243 3720 ).
1299 3652 1388 3707 llle
1408 3652 1551 3707 enim
1578 3652 1751 3707 calcat
1774 3652 1968 3710 lluctus
1993 3653 2093 3710 hu-

493 3744 583 3812 jus
611 3744 813 3810 smculi,
837 3744 926 3813 qui
952 3742 1123 3813 diligit
1147 3743 1412 3798 inimicos.
1456 3741 1701 3798 Christus
1727 3742 1783 3798 in
1812 3745 1947 3799 mari
1976 3761 2092 3799 am-

498 3835 717 3891 bulabat
764 3834 1080 3904 intrepidus,
1127 3834 1279 3902 cujus
1319 3833 1534 3889 omnino
1576 3834 1645 3889 de
1691 3834 1854 3891 corde
1894 3834 2092 3893 auferri

497 3941 607 3980 non
652 3933 860 3994 poterat
904 3924 1103 3979 inimici
1152 3924 1408 3979 dilectio:
1441 3923 1528 3995 qui
1562 3924 1798 3993 pendens
1839 3925 1892 3980 in
1932 3941 2093 3983 cruce

498 4015 728 4080 dicebat,
761 4013 937 4083 Pater,
970 4015 1173 4086 ignosce
1197 4014 1319 4079 illis,
1351 4014 1470 4087 quia
1494 4017 1721 4070 nesciunt
1749 4018 1872 4088 quid
1897 4017 2093 4087 faciunt

503 4108 525 4178 (
540 4108 665 4163 Luc.
694 4124 849 4175 χχιιι,
881 4109 948 4164 34
968 4106 1007 4179 ).
1039 4108 1105 4162 Et
1132 4107 1321 4163 Petrus
1343 4107 1507 4162 voluit
1530 4107 1824 4165 ambulare.
1854 4108 1948 4165 Ille
1974 4118 2092 4166 tan-

498 4216 656 4271 quam
683 4209 859 4271 caput,
879 4200 1070 4257 Petrus
1095 4208 1344 4271 tanquam
1366 4215 1562 4270 corpus
1591 4219 1603 4256 :
1634 4202 1753 4271 quia
1779 4219 1933 4273 super
1960 4203 2092 4260 hanc

498 4302 693 4365 petram
716 4335 731 4359 ,
760 4294 951 4366 inquit,
978 4293 1242 4364 wdi/icabo
1270 4293 1551 4350 Ecclesiam
1582 4313 1764 4352 nteant.
1790 4297 1979 4355 Jussus
2008 4309 2091 4357 est

497 4386 804 4454 ambulare,
836 4396 892 4442 et
928 4386 1236 4442 ambulabat
1273 4388 1439 4455 gratia
1470 4388 1726 4459 jubentis,
1754 4406 1860 4447 non
1890 4391 2090 4451 viribus

497 4479 628 4534 suis.
674 4477 780 4535 Sed
824 4494 946 4535 eum
994 4479 1203 4534 videret
1244 4488 1461 4535 ventum
1500 4480 1755 4549 validum,
1801 4484 2004 4551 timuit;
2037 4494 2092 4541 et

498 4570 667 4641 mergi
691 4570 802 4640 jam
828 4579 1088 4641 coeperat,
1117 4571 1466 4627 conturbatus
1488 4572 1538 4626 in
1564 4573 1948 4631 exercitatione
1969 4591 2087 4632 sua.
2176 4632 2181 4641 ,

497 4663 539 4716 Α
572 4677 679 4733 quo
704 4672 864 4718 vento
890 4661 1111 4717 valido?
1143 4662 1189 4716 A
1214 4678 1332 4716 voce
1358 4664 1586 4728 inimici,
1627 4674 1672 4718 et
1701 4682 1734 4719 a
1765 4666 2091 4725 tribulatione

497 4754 793 4823 peccatoris.
837 4753 979 4824 Ergo
1017 4754 1285 4824 quomodo
1312 4754 1398 4809 ille
1436 4755 1683 4810 clamavit
1725 4757 1779 4812 in
1820 4757 2087 4830 ﬂuctibus,

496 4845 733 4913 Domine,
763 4862 930 4916 pereo,
959 4848 1100 4901 salva
1124 4863 1203 4901 me
1229 4845 1441 4920 (Matth.
1468 4862 1581 4916 XIV,
1617 4850 1736 4920 50);
1766 4851 1886 4907 talis
1910 4864 1962 4909 et
1986 4852 2087 4910 hu-

489 4939 578 5008 jns
604 4955 709 4994 vox
740 4940 1033 5008 prmcessit,
1051 4938 1276 5006 Exaudi,
1300 4940 1455 5008 Deus,
1483 4942 1882 5013 deprecationem
1901 4963 2085 5018 meam,

493 5042 542 5087 et
573 5049 634 5087 ne
658 5031 947 5102 despexeris
978 5050 1171 5102 precem
1197 5050 1358 5089 meam
1381 5051 1401 5090 :
1426 5035 1629 5091 intende
1657 5037 1803 5107 mihi,
1829 5049 1877 5095 et
1901 5043 2087 5097 exaudi

495 5141 591 5179 me.
640 5124 858 5192 Quare?
895 5123 1018 5195 quid
1046 5124 1187 5179 enim
1217 5127 1452 5195 pateris?
1494 5129 1618 5197 quid
1645 5130 1854 5201 gemis?
1883 5132 2087 5189 Contri-

489 5225 649 5271 stattts
684 5234 796 5271 sum
822 5217 875 5272 in
913 5218 1265 5273 exercitatione
1291 5236 1418 5275 mea.
1453 5220 1706 5278 Exerceri
1744 5240 1832 5280 me
1868 5226 2081 5296 quidem

490 5307 633 5367 inter
658 5311 826 5366 malos
856 5311 1112 5381 posuisti,
1152 5313 1244 5367 sed
1289 5314 1444 5369 nimis
1478 5329 1896 5375 exsurrexerunt
1924 5335 2083 5391 supra

490 5401 636 5456 vires
660 5416 844 5457 meas:
876 5403 1155 5474 tranquilla
1192 5405 1577 5474 perturbatum,
1612 5424 1825 5464 mamnn
1855 5413 2083 5469 extende

492 5492 772 5560 mergenti.
795 5491 1128 5549 Contristalus
1149 5513 1260 5551 sum
1286 5497 1339 5551 in
1358 5500 1712 5555 exercitatione
1733 5518 1862 5566 mea,
1887 5515 1933 5558 et
1963 5521 2083 5559 con-

491 5582 717 5637 turbatus
738 5601 849 5637 sum
872 5601 904 5638 a
925 5603 1040 5641 race
1066 5587 1275 5654 inimici,
1296 5598 1343 5643 et
1365 5607 1396 5642 a
1424 5590 1744 5647 tribulatione
1767 5598 2081 5665 peccatoris:

489 5676 725 5742 quoniam
749 5676 1123 5733 declinaverunt
1147 5681 1199 5735 in
1226 5696 1303 5735 me
1321 5682 1633 5753 iniquitatem
1656 5687 1700 5753 ¹,
1733 5697 1778 5741 et
1798 5689 1851 5743 in
1878 5690 1955 5742 ira
1983 5691 2080 5746 ad-

554 5791 571 5821 ι
608 5789 793 5852 Aliquot
817 5798 939 5851 Mss,
962 5793 1148 5846 induat.

553 5853 574 5886 ³
606 5853 678 5903 Sic
701 5854 914 5919 potiores
937 5863 1039 5908 Mss.
1059 5860 1199 5925 juxta
1218 5868 1366 5919 Graec.
1392 5868 1520 5919 LXX.
1545 5870 1601 5920 At
1621 5864 1756 5932 ωι,
1780 5867 2076 5935 iniquitates.

1150 5998 1179 6011 ιε
1250 6005 1253 6008 -
1298 5996 1307 6002 ‘

1741 374 1800 434 s.
1841 341 2211 435 Accusavit!
2249 374 2550 435 EPISCOPI

3687 378 3795 440 (ἴω

2201 491 2497 547 umbrabant
2537 508 2635 548 me.
2684 493 2923 551 Audistis
2968 494 3161 553 ﬂuctus
3205 504 3259 554 et
3288 506 3516 555 ventos:
3542 509 3793 571 tanquam

2198 583 2472 640 humiliato
2499 586 2844 655 insultabant,
2866 598 2922 644 et
2941 588 3029 645 ille
3047 590 3264 657 orabat;
3290 592 3522 664 undique
3548 594 3621 648 illi
3649 604 3790 651 stre-

2196 675 2306 747 pitu
2352 677 2708 733 insnltationis
2734 679 3044 750 saeviebant,
3090 691 3145 737 at
3187 681 3279 738 ille
3316 682 3460 739 intus
3504 685 3790 745 invocabat

2194 780 2350 837 quem
2380 785 2488 824 non
2514 770 2783 826 videbant.

2267 858 2319 912 6.
2349 858 2479 914 Cum
2514 863 2712 932 aliquid
2754 863 2858 919 tale
2893 864 3090 937 patitur
3118 866 3463 937 cbristianus,
3493 884 3601 927 non
3625 870 3791 931 debet

2195 947 2351 1007 facile
2388 952 2532 1007 velut
2566 953 2690 1009 odio
2734 956 2812 1011 ire
2851 957 2903 1011 in
2944 973 3072 1014 eum
3115 975 3147 1016 a
3184 975 3291 1033 quo
3318 963 3540 1032 patitur,
3568 974 3625 1020 et
3649 965 3790 1023 velle

2192 1052 2408 1096 ventum
2440 1045 2687 1113 vincere;
2719 1047 2814 1103 sed
2848 1060 3163 1107 convertere
3182 1067 3241 1107 se
3266 1054 3332 1109 ad
3363 1058 3686 1124 orationem,
3718 1073 3789 1116 ne

2192 1135 2397 1189 amittat
2424 1136 2779 1194 dilectionem.
2803 1139 2986 1211 Neque
3008 1144 3149 1197 enim
3176 1143 3470 1203 timendum
3494 1156 3579 1203 est
3600 1164 3669 1204 ne
3688 1149 3789 1204 ali-

2193 1226 2318 1295 quid
2348 1228 2503 1283 faciat
2530 1229 2690 1286 homo
2718 1233 2982 1289 inimicus.
3027 1235 3164 1302 Quid
3194 1237 3337 1293 enim
3376 1238 3616 1296 facturus
3655 1240 3788 1298 est?

2192 1316 2351 1372 Multa
2382 1320 2521 1374 mala
2547 1321 2809 1392 dicturus,
2840 1326 3125 1395 opprobria
3142 1328 3494 1400 iaculaturus,
3518 1334 3571 1388 in
3601 1335 3788 1390 eonvi-

2192 1411 2288 1467 ciis
2312 1414 2591 1470 smviturus
2624 1434 2637 1470 :
2667 1417 2760 1473 sed
2789 1418 2914 1488 quid
2944 1420 3075 1475 tibi?
3120 1419 3367 1492 Gaudete,
3398 1424 3584 1495 inquit,
3619 1436 3666 1480 et
3692 1443 3787 1481 ea:-

2191 1502 2620 1576 sultateqnoniant
2643 1526 2827 1565 merces
2841 1520 3000 1565 vestra
3024 1528 3210 1584 magna
3235 1525 3310 1569 est
3326 1515 3378 1569 in
3404 1518 3542 1571 cwlis
3564 1516 3784 1587 (Matth.

2193 1609 2250 1660 ν,
2282 1596 2406 1667 12).
2448 1597 2539 1653 Ille
2566 1599 2617 1654 in
2648 1609 2784 1655 terra
2811 1603 3049 1673 geminat
3078 1605 3339 1675 convicia,
3372 1616 3428 1662 tu
3459 1610 3510 1663 in
3541 1612 3678 1672 coelo
3707 1612 3790 1666 lu-

2192 1701 2303 1742 cra.
2346 1688 2449 1745 Sed
2479 1692 2662 1746 saeviat
2688 1695 2935 1763 amplius,
2972 1697 3142 1767 possit
3179 1706 3234 1753 et
3270 1698 3466 1769 aliquid
3498 1702 3731 1771 amplius
3766 1721 3782 1758 :

2192 1782 2317 1851 quid
2351 1792 2400 1838 te
2429 1787 2688 1853 securius,
2712 1789 2793 1843 cui
2820 1788 3017 1845 dictum
3045 1800 3129 1847 est
3153 1834 3167 1857 ,
3196 1791 3371 1847 Nolite
3392 1795 3567 1849 timere
3592 1812 3676 1851 eos
3698 1786 3789 1867 qui

2191 1889 2375 1945 corpus
2421 1878 2675 1942 occidunt,
2706 1880 2928 1935 animant
2965 1886 3133 1936 autem
3174 1900 3275 1938 non
3318 1895 3528 1956 possunt
3557 1888 3792 1943 occidere

2194 1965 2302 2038 (Id.
2333 1984 2384 2035 ι,
2410 1969 2545 2041 28)?
2582 1972 2716 2040 Quid
2746 1984 2830 2029 est
2860 1990 2987 2045 ergo
3012 1975 3307 2032 timendum
3344 1979 3559 2048 quando
3585 1980 3789 2050 pateris

2192 2057 2464 2117 inimicum
2483 2063 2507 2115 ?
2524 2063 2603 2119 Ne
2632 2066 2979 2121 conturbctur
3001 2067 3091 2122 tibi
3118 2067 3333 2124 dilectio
3359 2085 3461 2139 qua
3486 2070 3663 2140 diligis
3685 2072 3791 2124 ini-

2193 2153 2411 2210 micum.
2445 2156 2654 2212 Etenim
2683 2159 2926 2215 inimicus
2952 2160 3040 2215 ille
3076 2160 3270 2229 homo,
3307 2176 3432 2217 caro
3461 2172 3517 2218 et
3546 2163 3784 2234 sanguis,

2192 2246 2334 2315 quod
2365 2246 2505 2303 videt
2546 2250 2597 2303 in
2637 2258 2688 2305 te
2723 2251 2942 2322 appetit.
2986 2252 3137 2307 Alius
3178 2262 3356 2308 autent
3402 2253 3649 2311 inimicus
3683 2270 3786 2312 oc-

2192 2336 2366 2392 cultus
2390 2381 2404 2405 ,
2446 2350 2623 2395 rector
2661 2340 2846 2395 harum
2880 2343 3217 2399 tenebrarum
3254 2360 3386 2415 quas
3416 2353 3471 2399 tu
3503 2348 3702 2416 pateris
3729 2347 3785 2402 in

2191 2443 2351 2484 carne
2377 2439 2433 2485 et
2461 2432 2737 2503 sanguine,
2762 2434 2986 2490 alterum
3014 2437 3279 2491 occultum
3312 2446 3458 2492 tuum
3491 2437 3645 2508 petit,
3671 2439 3791 2494 the-

2193 2534 2380 2576 sauros
2408 2531 2527 2578 tuos
2555 2524 2839 2581 interiores
2877 2526 3174 2597 depraedari
3210 2539 3264 2584 et
3305 2539 3519 2586 vastare
3546 2531 3789 2588 molitur.

2192 2613 2338 2669 Duos
2361 2629 2489 2686 ergo
2525 2616 2768 2673 inimicos
2796 2620 3060 2675 constitue
3088 2620 3186 2676 tibi
3221 2630 3344 2677 ante
3373 2622 3593 2689 oculos;
3627 2638 3792 2678 unum

2192 2714 2457 2774 apertum,
2487 2715 2541 2762 et
2569 2706 2797 2763 alterum
2824 2709 3094 2764 occultum
3126 2728 3140 2762 :
3173 2720 3438 2781 apertum,
3473 2712 3789 2778 hominem;

2192 2796 2478 2864 occultum,
2507 2797 2797 2853 diabolum.
2829 2799 3000 2855 Homo
3022 2800 3110 2857 ille
3137 2801 3237 2858 hoc
3254 2811 3337 2858 est
3354 2802 3493 2873 quod
3518 2813 3572 2859 tu
3592 2818 3795 2859 secun-

2192 2887 2319 2942 dum
2365 2898 2604 2944 naturam
2650 2893 2957 2959 humanam,
2990 2894 3280 2949 secundum
3310 2894 3467 2950 fidem
3516 2903 3693 2952 autem
3740 2905 3797 2952 et

2189 2982 2532 3040 dilectionem
2550 2985 2783 3041 nondum
2805 2974 2944 3057 quod
2965 2994 3041 3052 tu,
3063 2988 3156 3043 sed
3187 2988 3381 3059 poterit
3398 3005 3518 3046 esse
3543 2989 3683 3060 quod
3711 2998 3793 3046 tu.

2192 3071 2326 3128 Cum
2370 3090 2500 3147 ergo
2533 3075 2640 3131 sint
2674 3076 2803 3146 duo,
2836 3094 2997 3132 unutn
3045 3078 3188 3147 vide,
3234 3080 3458 3134 alterum
3505 3080 3790 3151 intellige;

2195 3182 2360 3223 unum
2389 3167 2569 3240 dilige,
2598 3170 2824 3225 alterum
2849 3186 3000 3226 cave.
3046 3172 3287 3243 Namque
3328 3183 3382 3228 et
3422 3173 3666 3229 inimicus
3702 3173 3797 3230 ille

2193 3275 2353 3331 quem
2379 3261 2549 3330 vides,
2584 3263 2685 3318 hoc
2722 3263 2776 3318 in
2818 3271 2872 3319 te
2906 3265 3020 3319 vult
3054 3266 3337 3322 bumiliare
3367 3267 3507 3322 unde
3536 3268 3793 3323 vincitur.

2195 3353 2355 3409 Verbi
2380 3354 2570 3424 gratia,
2587 3355 2631 3409 si
2650 3354 2849 3410 divitiis
2874 3356 2976 3411 tuis
3003 3356 3253 3419 vincitur,
3278 3373 3567 3429 pauperem
3598 3368 3651 3414 te
3675 3361 3790 3415 vult

2194 3443 2400 3511 facere;
2429 3445 2472 3499 si
2494 3445 2699 3500 honore
2721 3455 2812 3500 tuo
2827 3447 3077 3515 vincitur,
3098 3448 3352 3504 huntilem
3370 3458 3421 3505 te
3442 3450 3555 3503 vult
3576 3450 3791 3517 facere;

2194 3535 2240 3591 si
2263 3535 2467 3591 viribus
2497 3537 2600 3592 tuis
2629 3537 2858 3593 vincitur
2879 3579 2895 3606 ,
2939 3539 3170 3595 debilem
3216 3549 3269 3596 te
3311 3540 3421 3596 vult
3474 3540 3650 3597 facere
3682 3560 3695 3596 ε
3727 3557 3794 3598 ea

2195 3643 2324 3699 ergo
2370 3629 2595 3685 attendit
2635 3630 2691 3685 in
2739 3638 2792 3687 te
2835 3632 2921 3687 vel
2968 3630 3202 3702 dejicere
3229 3634 3311 3689 vel
3350 3634 3562 3691 auferre
3591 3636 3790 3707 quibus

2180 3713 2444 3775 'vincitur.
2485 3721 2555 3776 Et
2590 3722 2679 3778 ille
2714 3723 2957 3779 occultus
2980 3724 3230 3780 inimicus
3262 3724 3396 3781 illud
3423 3726 3512 3782 tibi
3540 3727 3657 3782 vult
3685 3727 3792 3782 tol-

2197 3810 2307 3866 lere
2333 3811 2473 3866 unde
2509 3813 2758 3868 vincitur.
2811 3814 2985 3871 Homo
3021 3818 3165 3872 enim
3204 3817 3475 3874 hominem
3496 3821 3666 3875 vincis
3692 3820 3776 3876 hu

2194 3917 2351 3957 mana
2395 3891 2687 3973 felicitate,
2728 3905 2999 3962 diabolum
3026 3919 3203 3964 autem
3225 3910 3393 3966 vincis
3416 3911 3618 3967 inimici
3651 3913 3791 3969 dile-

2195 3994 2391 4049 ctione.
2436 3994 2716 4062 Quomodo
2759 4012 2889 4069 ergo
2931 3998 3094 4055 homo
3123 3986 3292 4055 ambit
3332 4000 3546 4058 auferre
3589 4001 3709 4072 tibi,
3740 4015 3797 4061 et

2198 4084 2538 4151 detruncare,
2568 4098 2657 4143 aut
2697 4091 2976 4147 evertere‘
3022 4091 3329 4149 felicitatem
3370 4112 3473 4165 qua
3516 4095 3791 4168 vincitur,

2196 4176 2274 4230 sic
2300 4186 2354 4232 et
2382 4177 2627 4235 diabolus
2656 4172 2930 4237 hominem
2953 4183 3066 4239 vult
3088 4186 3301 4242 vincere
3325 4186 3619 4243 auferendo
3646 4190 3793 4246 unde

2196 4267 2445 4323 vincitur.
2488 4269 2596 4325 Sed
2633 4286 2760 4327 cura
2790 4273 2843 4327 in
2876 4272 3039 4329 corde
3065 4289 3282 4332 servare
3310 4276 3507 4332 inimici
3540 4278 3793 4336 dilectio-

2196 4378 2341 4431 nem,
2368 4379 2470 4435 qua
2496 4364 2765 4421 diabolum
2788 4366 2974 4423 vincis.
3006 4367 3201 4425 Steviat
3227 4369 3387 4425 homo
3413 4382 3669 4442 quantum
3698 4389 3795 4444 po-

2197 4464 2338 4521 test,
2370 4457 2575 4513 auferat
2598 4459 2850 4529 quidquid
2879 4470 3087 4529 potest;
3130 4462 3173 4517 si
3204 4461 3440 4533 diligitur
3465 4472 3652 4534 aperte
3683 4481 3794 4522 sa:-

2194 4549 2367 4617 viens,
2398 4551 2568 4605 victus
2598 4560 2681 4606 est
2708 4552 2914 4606 occulte
2943 4554 3189 4608 smviens.

2267 4643 2322 4699 7.
2362 4644 2431 4699 At
2460 4644 2560 4699 iste
2586 4646 2930 4702 conturbatus
2970 4655 3024 4702 et
3048 4647 3394 4702 contristatus
3416 4647 3624 4717 orabat,
3669 4659 3796 4707 tan-

2194 4754 2353 4809 quam
2396 4738 2605 4795 turbato
2635 4756 2745 4809 pra:
2770 4740 2844 4795 ira
2872 4740 3029 4796 oculo
3075 4755 3194 4795 suo.
3240 4742 3322 4796 Ira
3348 4758 3482 4798 vero
3518 4742 3694 4799 fratris
3745 4746 3795 4803 si

2195 4829 2355 4887 fuerit
2382 4831 2697 4900 inveterata,
2738 4832 2846 4903 jam
2875 4833 3055 4889 odium
3085 4845 3188 4891 est.
3236 4833 3317 4889 Ira
3348 4835 3522 4891 turbat
3548 4838 3790 4905 oculum,

2172 4916 2376 4980 'odium
2417 4924 2706 4996 exstinguit
2738 4943 2751 4979 :
2785 4926 2860 4980 ira
2890 4925 3089 4982 festuca
3113 4935 3216 4995 est,
3258 4926 3439 4982 odium
3471 4927 3651 4983 trabes
3682 4939 3792 4985 est.

2168 5005 2496 5086 ’Aliquando
2535 5017 2694 5071 odisti
2749 5025 2803 5072 et
2854 5017 3079 5087 corripis
3124 5018 3472 5085 irascentem;
3524 5019 3575 5074 in
3615 5029 3669 5076 te
3705 5032 3794 5078 est

2172 5104 2398 5176 'odium,
2428 5109 2479 5163 in
2521 5110 2614 5166 illo
2647 5110 2725 5165 ira
2750 5126 2909 5182 quem
2936 5111 3197 5182 corripis:
3230 5113 3421 5168 merito
3449 5112 3542 5167 tibi
3570 5112 3791 5183 dicitur,

2173 5201 2337 5276 'Ejice
2358 5205 2579 5276 primum
2610 5206 2799 5260 trabem
2826 5205 2888 5258 de
2912 5206 3058 5260 oculo
3083 5216 3189 5271 tuo,
3223 5216 3269 5259 et
3295 5207 3368 5261 sic
3396 5207 3583 5261 videbis
3607 5208 3796 5277 ejicere

2193 5298 2432 5367 festucam
2460 5296 2521 5350 de
2546 5295 2693 5351 oculo
2718 5295 2893 5374 fratris
2923 5298 2996 5350 tui
3020 5296 3235 5367 (Matth.
3265 5281 3317 5364 7,
3348 5298 3428 5370 5).
3457 5297 3587 5353 Nam
3608 5309 3666 5353 ut
3693 5314 3798 5354 no-

2192 5387 2372 5442 veritis
2401 5397 2657 5458 quantum
2685 5387 2894 5442 intersit
2923 5387 3061 5443 inter
3102 5389 3235 5443 iram
3271 5399 3325 5443 et
3350 5388 3534 5444 odium
3566 5408 3579 5443 :
3613 5392 3792 5460 quoti-

2189 5482 2274 5535 die
2306 5482 2549 5536 homines
2581 5483 2880 5537 irascuntur
2920 5481 3043 5538 liliis
3086 5482 3237 5548 suis;
3289 5481 3417 5539 date
3456 5485 3546 5554 qui
3574 5484 3796 5541 oderint

2190 5574 2328 5628 ﬁlios
2358 5588 2503 5628 suos.
2557 5573 2912 5629 Couturbatus
2953 5574 3050 5627 iste
3097 5573 3286 5629 orabat
3327 5583 3380 5628 et
3417 5575 3792 5644 contristatus,

2187 5667 2393 5721 luctans
2435 5666 2691 5735 adversus
2733 5668 2910 5721 omnia
2959 5666 3195 5722 convicia
3233 5667 3470 5722 omnium
3510 5669 3793 5725 convicia-

2189 5767 2360 5812 torum
2386 5775 2406 5824 τ
2435 5774 2538 5814 non
2572 5768 2627 5812 ut
2656 5758 2886 5829 aliquem
2934 5773 3120 5813 eorum
3165 5759 3466 5815 convicium
3498 5759 3794 5822 relerendo

2252 5871 2269 5905 ί
2305 5870 2436 5939 add,
2462 5878 2695 5928 avertere.
2721 5878 2777 5926 At
2800 5878 2928 5939 ttss.,
2946 5850 3176 5927 evertere.

3442 5872 3539 5885 .».-.
