4042 6494
197 410 292 474 633

195 535 437 601 vinceret,
490 534 585 591 sed
626 550 695 590 ne
734 533 966 607 aliquem
991 549 1175 593 eorum
1214 533 1436 589 odisset.
1472 530 1605 586 Hinc
1628 536 1766 592 orat,

199 627 308 683 hinc
341 626 491 696 petit.
522 628 567 680 Α
594 642 712 681 voce
732 626 941 691 inimici,
990 636 1036 681 et
1060 642 1092 680 a
1118 624 1437 679 tribulatione
1461 618 1773 693 peccatoris:

194 719 417 790 quoniam
463 717 840 772 declinaverunt
888 717 944 771 in
985 732 1063 771 me
1108 717 1441 785 iniquitatem,
1506 724 1550 767 et
1595 713 1647 765 in
1695 710 1775 765 ira

193 809 550 863 edumbrabant
586 825 685 863 me.
733 807 833 864 Cor
875 825 1039 862 meum
1089 796 1442 862 conturbatum
1476 806 1629 860 estin
1671 820 1769 858 me.

194 902 295 958 Hoc
317 910 399 957 est
428 899 559 957 illud
582 900 707 955 alibi
736 899 933 955 dictum
960 918 974 954 :
1007 898 1259 954 Turbatus
1279 907 1350 953 est
1372 913 1478 968 prce
1496 900 1573 951 ira
1599 893 1774 950 oculus

196 1013 321 1051 stetis
342 994 515 1067 (Psal.
548 1010 623 1061 vt,
655 993 732 1067 8).
756 992 893 1049 Etsi
918 994 1104 1049 oculus
1135 992 1373 1047 turbatus
1393 1000 1492 1054 est,
1522 988 1648 1059 quid
1684 1003 1775 1043 se-

193 1090 402 1162 quitur?
428 1088 501 1143 Et
524 1099 684 1144 metus
711 1090 885 1144 mortis
921 1088 1099 1142 cecidit
1137 1102 1285 1157 super
1309 1103 1408 1141 me.
1448 1083 1565 1138 Vita
1593 1089 1775 1137 nostra

196 1182 394 1238 dilectio
437 1191 566 1238 est:
613 1181 658 1237 si
685 1182 789 1236 vita
820 1180 1057 1246 dilectio,
1107 1195 1254 1235 mors
1280 1178 1461 1233 odium
1496 1186 1597 1232 est.
1641 1175 1774 1231 Cum

195 1275 405 1346 coeperit
428 1274 594 1330 homo
621 1274 809 1330 timere
845 1288 912 1329 ne
932 1272 1106 1328 oderit
1132 1288 1290 1342 quem
1313 1270 1586 1341 diligebat,
1625 1283 1775 1322 mor-

197 1377 290 1423 tem
317 1368 505 1434 timet;
548 1376 603 1422 et
628 1365 888 1421 acriorem
928 1373 1178 1431 mortem,
1212 1373 1265 1418 et
1292 1362 1602 1418 interiorem
1632 1374 1776 1414 mor-

199 1469 311 1525 tem,
355 1474 460 1529 qua
499 1456 762 1513 occiditur
804 1456 1002 1525 anima,
1044 1471 1148 1511 non
1183 1470 1397 1524 corpus.
1448 1451 1777 1510 Attendebas

198 1550 455 1607 hominem
486 1550 796 1604 saevientem
820 1548 981 1604 inte:
1014 1547 1139 1619 quid
1162 1556 1277 1602 erat
1304 1545 1560 1609 facturus,
1590 1552 1777 1598 contra

198 1658 339 1714 quem
369 1642 463 1697 tibi
486 1641 828 1697 securitatem
855 1649 977 1695 tuus
1008 1640 1265 1694 Dominus
1294 1636 1534 1701 dederat,
1568 1635 1776 1698 dicens,

202 1736 360 1791 Nolite
395 1737 572 1790 timere
603 1750 686 1789 eos
722 1734 807 1803 qui
836 1749 1021 1802 corpus
1048 1731 1282 1787 occidunt
1322 1729 1534 1800 (Matth.
1565 1745 1618 1793 ιι,
1645 1724 1778 1797 28)?

204 1830 284 1885 llle
307 1827 583 1883 saeviendo
596 1842 790 1898 corpus
807 1825 1020 1891 occidit,
1047 1833 1104 1879 tu
1128 1823 1253 1879 odio
1272 1822 1524 1879 habendo
1544 1822 1775 1876 animam

200 1921 467 1985 occidisti;
508 1931 565 1975 et
593 1916 679 1973 ille
702 1932 897 1989 corpus
938 1917 1193 1980 alienum,
1244 1924 1300 1969 tu
1338 1914 1568 1969 animam
1610 1922 1775 1968 tuam.

203 2013 352 2068 Metus
372 2028 503 2084 ergo
532 2011 709 2066 mortis
732 2010 909 2064 cecidit
935 2025 1085 2080 super
1109 2025 1207 2062 me.

260 2106 311 2161 8.
352 2104 503 2178 [βενε.
537 2100 683 2175 6-8.]
728 2101 905 2156 Timor
935 2110 981 2156 et
1021 2110 1206 2154 tremor
1229 2108 1466 2154 venerunt
1505 2113 1657 2165 super
1677 2111 1775 2163 me,

203 2204 584 2251 etcoutexerunt
613 2210 691 2248 me
729 2194 963 2248 tenebrat.
994 2190 1063 2246 Et
1090 2192 1216 2246 dixi.
1247 2191 1345 2259 Qui
1376 2188 1523 2245 audit
1558 2188 1778 2243 fratrem

203 2306 363 2357 suum,
397 2290 450 2344 in
482 2286 717 2344 tenebris
745 2296 829 2342 est
854 2299 1024 2356 usque
1053 2283 1247 2338 adhuc.
1275 2282 1330 2338 Si
1359 2280 1571 2336 dilectio
1602 2281 1779 2334 lumen

205 2395 294 2451 (st,
324 2383 507 2438 odium
553 2379 786 2436 tenebrae
816 2378 862 2450 (1
893 2376 1050 2431 Joan.
1083 2391 1142 2441 ιι,
1175 2374 1355 2444 9—H).
1406 2372 1474 2427 Et
1517 2371 1642 2443 quid
1682 2370 1780 2425 sibi

206 2478 270 2531 ait
292 2478 343 2532 in
370 2477 456 2531 illa
501 2474 809 2529 inﬁrmitate
845 2470 1067 2542 positus,
1118 2477 1173 2524 et
1200 2469 1254 2523 in
1288 2467 1376 2522 illa
1403 2464 1783 2521 exercitatione

208 2570 471 2626 turbatus?
517 2567 642 2635 Quis
682 2564 820 2620 dabit
862 2564 988 2618 mihi
1033 2579 1222 2634 pennas
1262 2561 1389 2615 sicut
1432 2557 1695 2621 columbtc,
1738 2563 1784 2610 et

205 2663 388 2730 volabo,
414 2670 461 2716 et
477 2657 827 2729 requiescam?
849 2657 953 2710 Aut
977 2663 1202 2709 mortem
1224 2651 1459 2722 optabat,
1486 2657 1576 2703 aut
1598 2646 1780 2701 solitu-

206 2757 369 2813 dinem
384 2751 744 2811 desiderabat.
767 2748 1048 2819 Quamdiu,
1069 2746 1259 2817 inquit,
1282 2744 1335 2800 id
1355 2757 1563 2798 mecum
1587 2742 1781 2813 agitur,

208 2848 252 2903 id
277 2848 400 2903 mihi
430 2845 738 2918 prxcipitur
760 2850 816 2897 ut
838 2840 1082 2896 inimicos
1108 2838 1345 2909 diligam,
1377 2835 1617 2891 convicia
1651 2834 1785 2911 isto-

207 2959 311 2998 rum
358 2937 755 2998 crebrescentia
798 2944 854 2991 et
901 2933 1268 2989 adumbrantia
1314 2947 1420 2997 me,
1448 2934 1788 2985 commovent

206 3034 404 3090 oculum
451 3045 653 3096 meum,
698 3024 1011 3099 perturbant
1050 3025 1225 3080 lumen
1266 3038 1480 3089 meum,
1530 3024 1790 3090 appetunt

207 3140 291 3180 cor
331 3138 535 3190 meum,
590 3119 917 3176 interﬁciunt
967 3118 1197 3173 animam
1248 3130 1443 3170 meam.
1485 3112 1690 3168 Vellem
1732 3118 1791 3166 ut

207 3217 416 3283 abirem,
446 3213 543 3270 sed
570 3213 814 3268 inﬁrmus
834 3225 972 3276 sum,
1011 3226 1079 3265 ne
1111 3208 1375 3264 manendo
1401 3220 1625 3277 augeam
1654 3217 1789 3275 pec.

206 3319 312 3365 cata
331 3308 602 3381 peccatis:
631 3315 723 3362 aut
740 3315 886 3361 certe
910 3318 1188 3374 separarer
1223 3302 1492 3372 paululum
1528 3314 1562 3356 ε
1588 3312 1789 3371 genere

208 3402 449 3468 humano,
476 3416 548 3457 ne
576 3400 808 3472 patiatur
827 3400 1020 3454 vulnus
1046 3412 1221 3453 meum
1251 3397 1469 3453 crebras
1495 3395 1695 3465 plagas,
1730 3402 1791 3450 ut

207 3505 436 3550 sanatum
480 3491 846 3548 exercitationi
886 3488 1160 3545 reddatur.
1203 3488 1289 3544 Fit
1330 3487 1451 3546 hoc.
1491 3486 1704 3555 fratres,
1734 3494 1790 3542 et

206 3589 362 3657 surgit
388 3586 709 3657 plerumque
748 3583 803 3637 in
832 3582 1010 3637 animo
1040 3580 1180 3636 servi
1209 3579 1306 3635 Dei
1342 3576 1666 3633 desiderium
1694 3590 1789 3632 so-

207 3679 452 3745 litudinis,
500 3693 614 3732 non
642 3676 711 3731 ob
738 3674 879 3730 aliud
923 3674 1023 3730 nisi
1056 3679 1274 3743 propter
1319 3671 1524 3725 turbam
1568 3668 1790 3724 tribula-

207 3774 398 3829 tionum
425 3783 478 3829 et
503 3769 901 3836 scandalorum,
929 3777 982 3823 et
1004 3767 1132 3822 dicit
1157 3781 1171 3820 :
1200 3764 1327 3832 Quis
1356 3763 1480 3817 mihi
1509 3762 1647 3817 dabit
1668 3779 1791 3832 pen-

205 3865 330 3918 nas?
356 3862 515 3918 Videt
548 3876 611 3916 se
647 3860 765 3915 sine
791 3858 1003 3930 pennis,
1045 3872 1115 3911 an
1142 3843 1326 3926 potius
1361 3853 1536 3924 ligatis
1563 3850 1791 3923 pennis?

206 3956 255 4011 Si
284 3957 502 4022 desunt,
531 3954 764 4017 dentur;
814 3952 858 4007 si
898 3951 1069 4021 ligatae
1110 3955 1254 4015 sunt,
1299 3947 1623 4003 evolvantur:
1669 3944 1790 4015 quia

205 4051 359 4106 etiam
409 4050 501 4120 qui
544 4048 703 4103 solvit
740 4060 942 4116 pennas
979 4043 1084 4106 avi,
1133 4049 1224 4096 aut
1251 4041 1342 4097 dat
1374 4050 1466 4095 aut
1512 4039 1688 4096 reddit
1713 4039 1791 4095 illi

205 4158 401 4212 pennas
431 4156 577 4197 suas.
631 4139 746 4195 Non
785 4138 927 4195 enim
961 4134 1192 4190 habebat
1224 4149 1314 4189 eas
1355 4142 1609 4205 tanquam
1639 4147 1788 4200 suas,

202 4235 390 4304 quibus
418 4235 601 4290 volare
644 4246 751 4287 non
791 4237 1015 4301 poterat.
1064 4227 1262 4297 Ligula:
1310 4241 1496 4296 penna:
1534 4241 1672 4281 onus
1711 4225 1793 4279 fa-

202 4328 365 4383 ciunt.
401 4327 549 4395 Quis,
587 4324 779 4395 inquit,
811 4322 948 4377 dabit
980 4320 1104 4375 mihi
1134 4335 1325 4391 pennas
1361 4304 1489 4371 sicut
1523 4318 1790 4385 columbte,

200 4420 468 4485 etcolabo,
507 4428 554 4473 et
580 4416 925 4489 requiescam?
953 4413 1291 4482 Requiescet,
1336 4410 1468 4465 ubi?
1510 4408 1652 4464 Duos
1683 4410 1792 4467 dixi

197 4527 390 4570 sensus
417 4512 504 4567 hic
543 4525 665 4567 esse
695 4528 708 4565 :
733 4517 824 4563 aut
859 4508 996 4562 sicut
1022 4505 1098 4559 ait
1121 4503 1427 4574 Apostolus,
1472 4501 1710 4568 Dissolvi,
1746 4511 1794 4557 et

196 4624 299 4663 esse
325 4623 446 4661 cum
471 4604 693 4667 Christo,
725 4602 881 4655 multo
906 4600 1039 4653 enim
1071 4598 1233 4669 magis
1272 4596 1535 4666 optimum.
1580 4594 1791 4651 Etenim

196 4710 245 4755 et
285 4700 406 4770 ipse
448 4696 695 4768 quamvis
739 4693 908 4758 fortis,
957 4690 1204 4763 quamvis
1254 4703 1497 4758 magnus,
1550 4688 1795 4757 quamvis

196 4794 360 4850 sorde
386 4790 810 4853 robustissimus,
855 4785 1104 4857 quamvis
1145 4781 1432 4837 iuCliristo
1463 4780 1617 4836 miles
1657 4781 1790 4836 invi-

194 4895 331 4953 ctus,
361 4886 419 4940 in
448 4881 828 4939 exercitatione
858 4893 973 4942 sua,
1002 4882 1257 4947 quantum
1280 4872 1523 4943 legimus,
1544 4952 1547 4953 ν
1567 4881 1793 4928 contur-

194 4952 348 5033 batus
402 4985 505 5039 est,
539 4984 595 5031 et
628 4974 745 5027 ait:
790 4968 869 5024 De
897 4979 1076 5024 caetero
1114 4981 1258 5021 nemo
1298 4963 1421 5017 mihi
1466 4952 1702 5018 molestus
1730 4965 1795 5019 sit

194 5069 337 5139 (Gal.
366 5085 446 5133 vn,
477 5068 587 5130 l7).
616 5063 890 5134 Tanquam
929 5061 1131 5116 diceret
1167 5058 1235 5113 de
1279 5055 1369 5111 illo
1407 5055 1650 5124 psalmo:
1681 5054 1794 5112 Tce-

190 5162 329 5215 dium
360 5160 579 5215 detinuit
607 5174 687 5212 me
723 5174 755 5210 a
782 5153 1124 5228 peccatoribus
1150 5151 1607 5223 derelinqueutibus
1633 5151 1793 5221 legem

189 5262 330 5308 tuam
365 5251 543 5323 (Psal.
578 5264 760 5315 cxvut,
790 5248 900 5317 53).
932 5244 1171 5301 Conatur
1210 5259 1338 5315 ergo
1367 5243 1528 5298 homo
1557 5244 1791 5319 plerum-

186 5361 288 5416 que
314 5344 597 5413 corrigere
627 5339 876 5394 homines
901 5336 1177 5401 distortos,
1212 5349 1424 5404 pravos,
1467 5334 1793 5404 pertinentes

184 5437 413 5508 quidem
443 5434 505 5489 ad
535 5447 719 5489 curam
746 5445 918 5493 suam,
962 5426 1055 5483 sed
1087 5429 1138 5481 in
1164 5427 1356 5498 quibus
1383 5425 1597 5482 deﬁciat
1619 5426 1791 5483 omnis

186 5533 435 5586 humana
464 5523 720 5582 industria
747 5533 801 5579 et
828 5520 1094 5592 vigilantia
1123 5538 1135 5574 :
1164 5519 1434 5590 corrigere
1460 5535 1562 5574 non
1594 5527 1787 5589 potest,

181 5627 288 5693 pati
321 5638 558 5679 necesse
590 5628 692 5676 est.
744 5618 809 5673 Et
838 5616 925 5687 qui
969 5615 1160 5685 corrigi
1194 5630 1297 5668 nou
1326 5623 1503 5685 potest
1536 5622 1656 5669 tuus
1684 5622 1786 5681 est,

176 5730 267 5774 aut
289 5714 581 5774 consortio
601 5710 812 5782 generis
830 5707 1066 5770 humani,
1093 5716 1186 5762 aut
1203 5706 1515 5777 plerumque
1534 5705 1786 5761 ecclesia-

174 5812 312 5866 stica
338 5804 771 5867 communione;
819 5802 961 5856 intus
981 5809 1082 5866 est,
1114 5798 1239 5868 quid
1270 5797 1473 5853 facies?
1517 5812 1623 5879 quo
1650 5798 1788 5853 ibis?

175 5920 283 5983 quo
312 5915 388 5979 te
424 5896 722 5975 separabis,
751 5903 809 5955 ut
837 5903 935 5952 Ista
982 5906 1089 5953 non
1123 5890 1382 5970 patiaris?
1432 5889 1535 5949 Sed
1578 5890 1779 5965 adesto,

1324 403 1725 473 ENARRATIO
1762 400 1829 460 IN
1869 402 2191 463 PSALMUM
2229 405 2363 465 LIV.

3357 422 3465 483 634

1882 521 2124 594 loquere,
2166 525 2472 594 exliortare,
2504 526 2770 600 blandire,
2800 532 3027 602 minare,
3062 539 3294 612 corripe.
3338 541 3467 601 Feci

1880 616 2078 681 omnia,
2122 616 2375 689 quidquid
2409 618 2596 674 virium
2626 619 2787 677 habui
2815 624 3075 695 impendi
3098 639 3153 686 et
3195 635 3466 703 expressi,

1882 706 2014 761 nihil
2044 723 2128 763 me
2148 708 2301 765 video
2328 709 2654 781 profecisse;
2682 715 2857 769 omnis
2882 731 3045 786 opera
3075 721 3337 794 insumpta
3359 737 3468 795 est,

1880 800 2034 855 dolor
2060 803 2334 859 remansit.
2367 802 2647 871 Quomodo
2672 821 2801 877 ergo
2835 810 3135 879 requiescet
3161 829 3253 871 eor
3289 833 3466 874 meum

1881 909 1910 947 a
1938 894 2153 960 talibus,
2184 897 2284 952 nisi
2315 904 2371 951 ut
2392 898 2584 963 dicam,
2612 897 2737 964 Quis
2765 901 2902 956 dabit
2926 905 3052 958 mihi
3080 922 3269 975 pennas
3289 912 3316 965 ?
3339 914 3470 968 sicut

1880 985 2126 1041 columbae
2151 998 2348 1055 tamen,
2382 1005 2489 1045 non
2507 990 2644 1045 sicut
2661 1006 2842 1049 corvo.
2870 993 3127 1052 Coiumba
3158 1014 3187 1052 a
3214 1002 3471 1059 molestiis

1882 1082 2071 1148 quaerit
2091 1082 2465 1147 avolationem,
2498 1083 2592 1139 sed
2618 1100 2722 1139 non
2751 1088 2945 1143 amittit
2967 1088 3327 1149 dilectionem.
3368 1094 3478 1151 Co-

1882 1172 2059 1230 lumba
2090 1176 2233 1233 enim
2279 1193 2375 1248 pro
2419 1182 2570 1250 signo
2613 1180 2916 1239 dilectionis
2960 1186 3193 1255 ponitur,
3249 1189 3381 1245 etin
3409 1205 3474 1249 ea

1880 1269 2109 1340 gemitus
2137 1280 2366 1326 amatur.
2412 1272 2555 1329 Nihil
2582 1281 2688 1329 tam
2716 1276 2945 1331 amicum
2989 1280 3273 1348 gemitibus
3311 1297 3473 1353 quam

1881 1360 2129 1415 columba
2154 1378 2165 1413 :
2193 1360 2279 1417 die
2302 1370 2564 1434 noctuque
2583 1367 2768 1436 gemit,
2803 1378 3050 1439 tanquam
3078 1369 3165 1426 hic
3188 1371 3359 1442 posita
3381 1374 3471 1431 ubi

1882 1450 2202 1521 gemendum
2229 1462 2330 1507 est.
2374 1453 2509 1521 Quid
2535 1470 2664 1527 ergo
2692 1457 2823 1514 dicit
2850 1458 2949 1515 iste
2975 1460 3239 1517 dilector?
3280 1464 3476 1522 Convi-

1881 1541 1962 1596 cia
1992 1541 2266 1598 hominum
2294 1543 2433 1601 ferre
2461 1560 2569 1601 non
2593 1563 2829 1618 possum,
2857 1551 3107 1619 stridunt,
3128 1554 3274 1611 rabie
3295 1555 3479 1614 ferun-

1885 1640 1990 1700 tur,
2041 1634 2408 1692 accenduntur
2445 1637 2739 1709 iracundia,
2788 1641 2839 1695 in
2884 1643 2961 1697 ira
3001 1645 3322 1704 adumbrant
3351 1665 3473 1719 me;

1883 1725 2137 1795 prodesse
2164 1727 2271 1784 illis
2308 1744 2414 1785 non
2456 1745 2672 1803 possum
2701 1750 2714 1787 :
2741 1735 2941 1790 utinam
2972 1740 3303 1808 requiescam
3334 1742 3474 1799 alic-

1884 1818 1969 1872 ubi
2018 1818 2085 1874 ab
2110 1820 2188 1875 eis
2214 1832 2491 1890 separatus
2533 1839 2776 1895 corpore,
2828 1843 2932 1883 non
2962 1845 3178 1899 amore;
3209 1848 3279 1890 ne
3308 1834 3361 1890 in
3389 1849 3478 1894 me

1884 1910 2229 1966 conturbetur
2256 1912 2368 1983 ipsa
2397 1913 2612 1971 dilectio
2638 1934 2651 1971 ε
2679 1919 2857 1974 verbis
2887 1922 3022 1977 meis
3041 1934 3096 1979 et
3120 1926 3478 1986 collocutione

1885 2017 2000 2057 mea
2051 2004 2305 2073 prodesse
2332 2022 2437 2062 non
2470 2023 2706 2078 possum,
2765 2013 2969 2069 orando
3008 2031 3105 2087 pro
3134 2017 3213 2074 eis
3252 2018 3475 2078 forsitan

1885 2095 2135 2165 prodere,
2167 2097 2360 2154 Dicunt
2389 2101 2486 2155 ista
2510 2100 2777 2171 homines,
2815 2105 2909 2161 sed
2946 2107 3258 2180 plerumque
3297 2112 3369 2167 ita
3409 2112 3479 2169 li-

1884 2197 2078 2258 gantur
2105 2198 2162 2245 ut
2185 2192 2366 2248 volare
2406 2210 2513 2249 non
2543 2198 2766 2265 possint.
2805 2198 2966 2258 Forte
2994 2204 3266 2262 enimnon
3306 2208 3479 2280 ligan-

1888 2292 1975 2337 tur
2000 2284 2168 2350 visco,
2200 2286 2295 2341 sed
2317 2287 2550 2358 ligantur
2578 2289 2776 2348 ofﬁcio.
2806 2293 2862 2349 Si
2882 2307 3060 2352 autem
3091 2297 3324 2370 ligantur
3351 2317 3480 2361 cura

1887 2382 1943 2428 et
1969 2374 2167 2444 ofﬁcio,
2199 2385 2253 2432 et
2273 2377 2525 2436 deserere
2558 2398 2663 2436 non
2697 2395 2939 2455 possunt,
2964 2388 3146 2446 dicant
3176 2409 3190 2447 :
3217 2391 3480 2465 Optabam

1889 2467 2114 2534 dissolui,
2155 2479 2202 2523 et
2230 2487 2336 2525 esse
2362 2489 2476 2527 cum
2507 2474 2727 2544 Christo,
2778 2480 2939 2535 multo
2976 2483 3110 2538 enim
3144 2487 3306 2558 magis
3344 2490 3481 2559 opti-

1889 2576 2058 2655 muAm;
2080 2579 2283 2618 manere
2301 2565 2353 2618 in
2369 2582 2520 2621 carne
2537 2572 2873 2626 necessarium
2893 2586 3101 2646 propter
3117 2593 3205 2634 vos
3216 2580 3234 2650 (
3246 2579 3480 2655 Philipp.

1890 2666 1928 2716 ι,
1959 2650 2050 2713 25,
2082 2651 2195 2723 24).
2224 2653 2482 2712 Columba
2500 2659 2515 2689 ί
2542 2660 2765 2732 religata
2791 2662 3006 2733 affectu,
3030 2683 3137 2723 non
3169 2650 3481 2743 cupiditate,

1890 2744 2072 2800 volare
2099 2761 2204 2801 non
2247 2757 2456 2817 poterat
2483 2760 2700 2820 propter
2727 2754 3054 2826 implendum
3083 2759 3339 2830 ofﬁcium,
3373 2780 3480 2822 non

1891 2846 2109 2907 propter
2134 2854 2352 2908 parvum
2382 2843 2649 2899 meritum.
2671 2844 2871 2903 Tamen
2897 2848 3218 2908 desiderium
3237 2855 3289 2910 in
3318 2857 3484 2915 corde

1893 2945 2113 2987 necesse
2140 2940 2222 2988 est
2256 2943 2317 2989 ut
2343 2935 2411 2989 sit
2444 2951 2457 2988 :
2502 2952 2603 2992 nec
2640 2938 2837 3008 patitur
2860 2940 2963 2996 hoc
2987 2943 3331 3012 desiderium,
3377 2950 3483 3008 nisi

1892 3022 1979 3093 qui
1997 3025 2219 3094 cmperit
2234 3026 2509 3083 ambulare
2522 3038 2801 3100 angustam
2827 3032 2971 3089 illam
2994 3035 3134 3091 viam
3157 3036 3366 3110 (Matth.
3385 3057 3482 3111 vn,

1893 3115 1983 3185 14)
2012 3133 2027 3183 ;
2055 3127 2113 3172 ιιι
2140 3120 2345 3174 noverit
2371 3121 2494 3191 quia
2521 3139 2626 3177 non
2650 3123 2845 3181 desunt
2872 3126 3127 3185 Ecclesiae
3155 3134 3483 3201 persecutio-

1893 3222 2011 3274 nes,
2043 3208 2202 3263 etiam
2235 3210 2285 3264 in
2316 3209 2418 3266 hoc
2442 3220 2682 3283 tempore
2709 3217 2923 3286 quando
2945 3222 3301 3293 tranquillitas
3331 3227 3485 3284 vide-

1895 3306 1983 3355 tur
2028 3300 2283 3358 Ecclesia:
2318 3303 2387 3359 ab
2421 3302 2506 3360 his
2543 3306 2756 3376 quidem
2807 3314 3298 3385 persecutionibus,
3350 3334 3488 3391 quas

1893 3400 2156 3465 martyres
2183 3395 2351 3450 nostri
2378 3397 2516 3467 passi
2543 3406 2687 3453 sunt.
2738 3400 2853 3457 Non
2877 3410 3054 3460 autem
3078 3405 3275 3464 desunt
3300 3426 3486 3480 perseo

1893 3485 2156 3553 cutiones,
2195 3486 2315 3556 quia
2341 3503 2526 3543 verum
2556 3499 2640 3544 est
2675 3491 2802 3547 illud
2828 3509 2841 3547 :
2870 3492 3057 3551 Omnes
3083 3498 3174 3567 qui
3204 3501 3376 3555 volunt
3402 3505 3487 3573 pie

1893 3577 2054 3632 vivere
2082 3577 2134 3631 in
2166 3576 2385 3646 Christo,
2419 3583 2814 3650 persecutionem
2856 3587 3113 3656 patientur
3136 3588 3203 3661 (ll
3222 3588 3358 3646 Tim.
3399 3609 3482 3666 ιιι,

1894 3667 2009 3738 12).
2036 3667 2153 3724 Non
2182 3670 2375 3737 pateris
2401 3664 2824 3742 persecutionem
2851 3693 2866 3730 :
2891 3692 2997 3733 non
3018 3678 3098 3735 vis
3123 3681 3208 3752 pie
3229 3683 3408 3741 vivere
3429 3664 3485 3743 in

1894 3759 2131 3817 Christo.
2177 3761 2267 3818 Vis
2312 3765 2539 3834 probare
2568 3781 2751 3845 verum
2794 3784 2916 3827 esse
2956 3772 3100 3842 quod
3139 3773 3340 3832 dictum
3370 3780 3486 3835 est?

1897 3852 2077 3925 Incipe
2103 3855 2188 3924 pie
2224 3855 2403 3911 vivere
2431 3856 2480 3910 in
2507 3856 2742 3915 Christo.
2774 3858 2914 3929 Quid
2942 3872 3044 3931 est,
3090 3866 3176 3936 pie
3208 3868 3391 3925 vivere
3434 3871 3485 3927 in

1895 3944 2258 4015 Cbristo?,llt
2279 3949 2541 4018 pertineat
2558 3950 2625 4006 ad
2654 3952 2858 4010 viscera
2884 3964 2972 4010 tua
2992 3957 3133 4028 quod
3158 3958 3232 4015 ait
3260 3961 3490 4032 Aposto-

1896 4038 1981 4095 lus
2012 4054 2028 4093 :
2077 4037 2203 4105 Quis
2227 4040 2535 4109 inﬁrmatur,
2578 4052 2625 4098 et
2650 4061 2742 4116 ego
2766 4064 2868 4103 non
2887 4048 3120 4118 inﬁrmor
3139 4051 3166 4105 7
3204 4053 3317 4124 quis
3339 4071 3492 4110 scau-

1897 4131 2170 4196 dalisatur,
2217 4142 2265 4189 et
2293 4150 2383 4205 ego
2409 4151 2510 4190 non
2552 4153 2674 4192 uror
2712 4139 2776 4208 (ll
2799 4139 2916 4194 Cor.
2946 4157 3019 4210 ιιι,
3067 4142 3158 4214 29)
3191 4143 3216 4199 ἲ
3244 4146 3489 4204 Aliorum

1898 4220 2254 4289 inﬁrmitates,
2284 4223 2510 4279 aliorum
2541 4228 2811 4296 scandala,
2836 4232 3236 4299 persecutiones
3260 4236 3335 4291 illi
3366 4238 3487 4296 fue—

1900 4322 2042 4368 runt.
2092 4312 2354 4383 Numquid
2406 4330 2534 4386 ergo
2582 4317 2776 4373 desunt
2830 4319 2931 4375 hoc
2979 4326 3256 4393 tempore?
3300 4326 3489 4387 Plures

1898 4403 2173 4460 abundant
2209 4404 2313 4461 illis
2345 4406 2434 4477 qui
2474 4421 2566 4463 eas
2591 4416 2798 4464 curant.
2846 4410 2916 4467 Et
2938 4412 3248 4487 plerumque
3274 4416 3341 4474 de
3367 4419 3490 4475 lon-

1898 4497 2096 4568 ginquo
2117 4496 2326 4553 videtur
2350 4497 2533 4567 homo,
2567 4512 2621 4555 et
2646 4500 2861 4570 dicitur,
2906 4504 3048 4561 Bene
3074 4515 3157 4562 est
3183 4508 3280 4563 illi.
3311 4510 3376 4566 Et
3403 4512 3491 4569 ille

1899 4588 1987 4657 qui
2027 4588 2174 4658 dicit,
2219 4598 2313 4645 aut
2341 4606 2435 4647 sua
2465 4601 2661 4662 gustat,
2712 4602 2768 4650 et
2791 4593 2965 4651 aliena
2994 4613 3102 4653 non
3142 4609 3352 4669 potest;
3399 4612 3493 4662 aut

1899 4682 2037 4753 apud
2087 4698 2148 4739 se
2195 4684 2337 4755 quod
2375 4695 2550 4755 gustet
2590 4701 2695 4742 non
2736 4687 2915 4756 habet,
2958 4698 3013 4746 et
3053 4691 3206 4748 alteri
3232 4698 3490 4766 gustanti,

1900 4774 2009 4829 imo
2034 4774 2312 4831 devorauti
2356 4792 2460 4832 non
2491 4780 2833 4850 compatitur.
2874 4782 3097 4853 incipiat
3136 4800 3265 4856 ergo
3300 4788 3386 4858 pie
3407 4788 3494 4843 vi-

1900 4881 2026 4922 vere
2053 4867 2106 4922 iu
2135 4867 2375 4939 Christo,
2405 4880 2460 4926 et
2491 4873 2678 4941 probet
2703 4874 2848 4943 quod
2868 4874 3062 4932 dicitur
3093 4894 3107 4930 :
3137 4879 3322 4949 incipit
3347 4880 3491 4937 desi-

1899 4959 2090 5016 derare
2127 4976 2350 5032 pennas,
2401 4962 2671 5035 elongare,
2710 4963 2915 5036 fugere,
2963 4976 3018 5023 et
3045 4984 3265 5027 manere
3308 4971 3361 5027 in
3393 4972 3492 5029 de-

1899 5062 2065 5109 serto.

1970 5146 2022 5203 9.
2066 5146 2220 5203 Unde
2255 5148 2396 5203 enim
2437 5150 2651 5218 putatis,
2680 5147 2893 5218 fratres,
2935 5154 3105 5211 servis
3142 5155 3235 5211 Dei
3275 5155 3488 5226 impleta

1899 5254 2019 5296 esse
2047 5240 2301 5295 deserta?
2330 5240 2386 5297 Si
2414 5240 2549 5296 bene
2578 5243 2681 5298 illis
2706 5254 2849 5300 esset
2876 5247 3014 5303 inter
3043 5248 3307 5315 homines,
3341 5264 3492 5305 rece~

1897 5332 2085 5387 tierent
2110 5333 2179 5387 ab
2206 5334 2546 5390 hominibus?
2592 5336 2660 5391 Et
2695 5348 2870 5394 tamen
2909 5340 3033 5411 quid
3062 5341 3331 5396 faciuutet
3356 5341 3492 5414 ipsi!

1898 5422 2041 5479 Ecce
2082 5425 2333 5493 elongant
2385 5424 2667 5497 fugientes,
2717 5439 2936 5487 manent
2982 5431 3036 5485 in
3088 5431 3301 5488 deserto
3339 5450 3353 5487 :
3394 5432 3492 5490 sed

1897 5516 2155 5587 numquid
2182 5516 2482 5589 singillatim
2500 5518 2524 5572 ?
2540 5518 2709 5576 Tenet
2731 5538 2825 5577 eos
2847 5522 3099 5590 charitas,
3123 5532 3182 5578 ut
3206 5538 3326 5579 cum
3355 5524 3493 5581 mul-

1898 5611 1967 5666 lis
1988 5620 2267 5666 maneant:
2294 5620 2348 5666 et
2370 5610 2437 5667 de
2463 5612 2589 5683 ipsis
2615 5615 2793 5670 multis
2813 5615 3048 5670 existunt
3075 5618 3160 5685 qui
3184 5625 3488 5673 exerceant.

1897 5700 2028 5768 Quia
2061 5702 2112 5756 in
2151 5702 2293 5756 omni
2318 5706 2729 5776 congregatione
2771 5706 3122 5761 multitudinis
3156 5722 3375 5764 necesse
3406 5716 3492 5766 est

1896 5912 1926 5955 ὃ
1947 5837 2148 5957 ἑὲἰάάη
2172 5835 2400 5890 Columba
2434 5838 2661 5906 delicata,
2682 5840 2899 5907 religata,
2921 5849 3036 5906 etc.;
3061 5842 3223 5909 abest,
3257 5840 3489 5915 delicata,
