4042 6476
543 334 656 398 638

549 461 606 510 ut
627 449 961 508 inveniantur
980 445 1128 503 mali.
1157 443 1302 500 Deus
1333 441 1476 500 enim
1505 439 1596 512 qui
1625 431 1771 496 novit
1807 432 2135 493 exercendas

549 557 668 611 nes,
699 545 888 601 miscet
915 541 1070 598 nobis
1089 541 1144 597 et
1171 551 1278 596 non
1305 543 1756 610 perseveratums,
1788 541 1879 588 aut
1903 537 2047 586 certe
2067 529 2139 584 ita

551 638 847 704 simulatos,
902 643 962 690 ut
1004 645 1104 689 nec
1158 629 1524 687 inchoaverint
1569 628 1625 683 in
1653 639 1758 698 quo
1798 635 2140 694 perseverare

551 731 829 790 deberent.
852 727 1008 784 Novit
1033 725 1174 782 enim
1199 722 1557 780 necessarium
1586 733 1704 775 esse
1733 717 1884 772 nobis
1914 724 1970 770 ιιι
1999 715 2138 770 fera-

553 839 674 880 mus
703 822 891 885 malos,
931 829 986 876 et
1023 816 1266 890 proficiat
1300 814 1439 886 quod
1465 811 1588 868 boni
1618 823 1831 874 sumus;
1859 805 2140 878 diligamus

555 918 820 982 inimicos,
843 913 1210 984 corripiemus,
1233 909 1570 978 castigemus,
1595 899 2136 963 excommunicemus,

554 1025 676 1066 cum
706 1007 989 1064 dilectione
1012 1021 1041 1059 a
1069 1003 1221 1059 nobis
1245 1001 1401 1057 etiam
1428 1009 1756 1068 separemus.
1789 992 1976 1048 Videte
1996 991 2139 1046 enlm

557 1103 682 1176 quid
709 1103 850 1157 dicat
869 1099 1150 1170 Apostolus
1181 1114 1195 1151 :
1222 1094 1282 1150 Si
1305 1093 1418 1164 quis
1443 1101 1608 1146 autem
1636 1105 1737 1142 non
1761 1085 1964 1142 obaudit
1992 1083 2138 1138 verbo

557 1205 730 1251 nostro
747 1210 836 1266 per
860 1191 1143 1263 epistolam,
1175 1187 1308 1240 hunc
1339 1192 1526 1245 notate,
1567 1191 1613 1236 et
1653 1179 1804 1234 nolite
1833 1169 2143 1230 commisceri

555 1301 670 1342 cum
703 1261 779 1340 eo.
833 1261 938 1340 Sed
981 1296 1048 1337 ne
1075 1279 1388 1348 subreperet
1416 1275 1508 1329 tibi
1537 1284 1600 1327 ex
1642 1271 1741 1326 hoc
1771 1261 2060 1331 iracundia,
2089 1269 2145 1318 et

557 1381 796 1438 turbaret
828 1377 1040 1434 oculum
1066 1385 1235 1434 tuum,
1269 1370 1407 1436 Non,
1450 1368 1636 1439 inquit,
1668 1374 1720 1420 ut
1746 1363 2003 1417 inimicum
2029 1371 2144 1412 eum

559 1472 880 1534 existimetis,
943 1467 1033 1522 sed
1085 1465 1320 1536 corripite
1370 1470 1426 1514 ut
1477 1464 1722 1531 fratrem,
1787 1461 1841 1507 ut
1891 1451 2144 1506 erubescat

559 1565 626 1638 (li
669 1565 846 1619 Thess.
876 1579 949 1625 ιιι,
995 1563 1106 1628 14).
1141 1561 1179 1614 Α
1209 1575 1314 1628 quo
1352 1555 1538 1610 indixit
1579 1547 1992 1620 separationem,
2037 1558 2144 1597 non

559 1636 798 1730 prtrcidit
823 1653 1180 1709 dilectionem.
1207 1649 1345 1702 Vivit
1374 1647 1464 1700 ille
1491 1643 1700 1707 oculus,
1729 1640 1857 1693 vivit
1893 1636 2001 1690 vita
2033 1646 2142 1688 tua.

507 1805 510 1813 ,
559 1750 771 1805 Etenim
795 1746 990 1801 amissa
1011 1743 1242 1802 dilectio,
1291 1753 1434 1794 mors
1474 1748 1580 1791 tua.
1627 1733 1771 1787 llanc
1796 1730 1886 1785 ille
1905 1729 2147 1784 amittere

560 1844 736 1899 timuit
761 1841 852 1913 qui
873 1841 1006 1896 dixit
1033 1855 1047 1892 :
1085 1837 1249 1893 Metus
1273 1833 1447 1888 mortis
1473 1828 1649 1884 cecidit
1667 1841 1819 1896 super
1838 1839 1935 1878 me.
1967 1820 2148 1891 itaque

560 1949 630 1992 ne
667 1935 906 1990 amittam
937 1930 1234 1986 dilectionis
1272 1927 1454 1990 vitam,
1496 1921 1604 1989 quis
1631 1919 1768 1973 dabit
1795 1914 1919 1970 mihi
1959 1927 2150 1984 pennas

559 2028 687 2083 sicut
727 2025 990 2090 columbae,
1043 2031 1090 2077 et
1131 2019 1330 2085 volabo,
1368 2026 1415 2070 et
1455 2009 1801 2083 requiescam?
1837 2007 1953 2076 Quo
1981 2006 2150 2060 iturus

561 2121 661 2178 es?
708 2133 813 2190 quo
850 2113 1168 2172 volaturus‘l
1209 2111 1297 2168 ubi
1327 2105 1712 2179 requieturus't
1751 2099 1881 2155 Ecce
1922 2093 2152 2168 elongari

565 2215 784 2287 fugiens,
808 2221 854 2266 et
871 2210 1030 2264 mansi
1049 2211 1103 2262 in
1123 2205 1336 2261 deserto.
1360 2203 1416 2258 In
1435 2216 1538 2272 quo
1559 2194 1804 2254 deserto?
1821 2192 2152 2260 Ubicumque

563 2308 748 2370 fueris,
770 2303 1167 2375 congregabunt
1186 2314 1244 2354 se
1255 2296 1452 2359 caste-ri,
1471 2293 1738 2349 desertum
1757 2298 1930 2343 tecum
1951 2291 2149 2355 petent,

563 2399 886 2458 affectabunt
905 2397 1064 2451 vitam
1091 2403 1255 2456 tuam,
1284 2399 1342 2444 tu
1371 2386 1630 2456 repellere
1671 2397 1775 2436 non
1805 2389 1952 2450 potes
1979 2377 2152 2430 socie.-

567 2501 729 2549 tatem
761 2491 980 2546 fratrum
1009 2505 1023 2540 :
1053 2486 1346 2542 miscentur
1371 2479 1463 2534 tibi
1495 2478 1652 2532 etiam
1685 2471 1839 2537 mali;
1871 2469 2042 2524 adlmc
2061 2466 2153 2522 tibi

565 2583 879 2644 exercitatio
903 2580 1147 2636 debetur.
1176 2575 1309 2630 Ecce
1338 2569 1566 2640 elongavi
1591 2567 1808 2639 fugiens,
1835 2571 1880 2618 et
1910 2561 2074 2616 mansi
2101 2561 2154 2614 in

567 2680 782 2736 deserto.
827 2675 883 2730 In
918 2689 1025 2746 quo
1048 2670 1302 2728 deserto?
1342 2668 1396 2724 Si
1424 2665 1560 2720 forte
1591 2663 1644 2717 in
1673 2657 2019 2722 conscientia,
2049 2667 2155 2724 quo

566 2773 744 2832 nullus
765 2769 1039 2826 hominum
1063 2766 1244 2832 intrat,
1277 2760 1366 2816 ubi
1397 2771 1554 2814 nemo
1582 2766 1752 2811 tecum
1775 2757 1875 2816 est,
1907 2749 1992 2803 ubi
2017 2756 2074 2802 tu
2101 2754 2158 2801 et

569 2870 712 2924 Deus
731 2882 812 2922 es.
835 2863 969 2920 Nam
991 2863 1034 2918 si
1065 2862 1116 2916 in
1145 2860 1378 2923 deserto,
1407 2857 1459 2910 in
1484 2855 1660 2923 aliquo
1685 2851 1823 2916 loco,
1851 2847 1974 2919 quid
1996 2844 2157 2899 facies

567 2961 637 3018 de
669 2955 1110 3029 congregantibus
1145 2947 1246 3008 se?
1288 2947 1404 3005 Non
1449 2946 1588 3001 enim
1628 2959 1657 2998 a
1687 2955 1882 3013 genere
1927 2939 2158 2992 humano

567 3060 846 3124 separatus
885 3063 1005 3105 esse
1034 3045 1279 3118 poteris,’
1302 3041 1550 3114 quamdiu
1582 3038 1633 3093 in
1675 3033 1976 3091 hominibus
2001 3029 2155 3085 vivis.

569 3146 800 3204 Attende
835 3142 1011 3215 potius
1039 3138 1425 3194 consolatorem
1467 3133 1612 3187 illum
1655 3128 1934 3182 Dominum
1983 3132 2036 3178 et
2074 3137 2153 3176 re-

568 3254 712 3316 gem,
760 3240 1134 3309 imperatorem
1187 3239 1245 3289 et.
1281 3237 1578 3284 creatorem
1616 3231 1876 3284 nostrum,
1917 3226 2158 3274 creatum

569 3306 732 3391 etiam
753 3306 892 3386 inter
917 3340 1016 3382 nos
1048 3343 1062 3380 :
1103 3321 1318 3378 attende
1345 3317 1465 3391 quia
1496 3314 1776 3372 duodecim
1817 3310 1927 3367 suis
1949 3306 2160 3363 miscuit

570 3438 732 3483 unum
763 3433 922 3494 quem
949 3425 1238 3490 pateretur.

640 3519 727 3576 10.
758 3489 908 3590 [vers.
937 3509 1016 3585 9.]
1045 3508 1199 3576 Dicit,
1239 3505 1370 3560 Ecce
1391 3504 1621 3574 etongavi
1641 3497 1840 3571 fugiens
1867 3536 1883 3564 ,
1913 3502 1961 3548 et
1991 3489 2158 3546 mansi

573 3599 628 3668 i'n
683 3585 897 3664 des—arto.
949 3600 1111 3660 Forte
1164 3601 1264 3656 iste
1295 3641 1310 3666 ,
1363 3605 1422 3652 ut
1463 3594 1620 3658 dixi,
1671 3589 1866 3662 fugerit
1913 3585 1980 3641 ad
2027 3599 2159 3639 con-

577 3701 853 3761 scientiam
883 3710 1056 3761 suam,
1101 3693 1172 3748 ibi
1213 3691 1540 3760 aliquantum
1569 3683 1841 3738 desertum
1888 3676 2158 3734 invenerit

572 3796 662 3852 ubi
706 3791 1085 3862 requiesceret.
1132 3781 1238 3840 Sed
1281 3781 1370 3835 illa
1403 3777 1617 3833 dilectio
1661 3771 1946 3830 conturbat
1984 3783 2154 3824 eum:

573 3888 720 3946 solus
745 3893 861 3941 erat
879 3883 932 3937 in
957 3875 1304 3942 conscientia,
1334 3871 1430 3928 sed
1457 3883 1562 3926 non
1595 3868 1742 3936 solus
1779 3869 1831 3922 in
1857 3863 2154 3927 charitate;

573 3980 718 4036 intus
741 3971 1117 4032 consolabatur
1139 3950 1466 4023 conscientia
1487 4002 1502 4026 ,
1531 3959 1627 4016 sed
1661 3959 1958 4013 forinsecus
1986 3953 2156 4008 tribu-

579 4072 808 4128 lationes
833 4079 939 4120 non
967 4058 1360 4130 relinquebant.
1392 4053 1574 4124 Itaque
1605 4053 1656 4107 in
1695 4064 1756 4106 se
1795 4049 2006 4120 quietus
2029 4086 2044 4110 ,
2090 4059 2160 4101 ex

574 4159 692 4220 aliis
718 4153 978 4232 pendens,
1006 4167 1128 4209 cum
1165 4147 1580 4206 conturbaretur
1621 4141 1797 4198 adhuc
1820 4181 1836 4209 ,
1883 4138 2010 4210 quid
2039 4135 2158 4192 ait?

573 4231 940 4324 Exspectabam
968 4263 1081 4304 eum
1108 4244 1192 4316 qui
1221 4257 1299 4298 me
1326 4241 1520 4296 salvum
1547 4238 1736 4308 faceret
1759 4251 1791 4288 a
1821 4231 2158 4306 pusillanimi-

573 4321 716 4404 tatei
750 4353 796 4400 et
825 4348 1131 4413 tempestate.
1176 4333 1320 4391 Mare
1365 4339 1484 4398 est,
1531 4335 1820 4399 tempestas
1861 4333 1945 4380 est
1976 4342 1990 4378 :
2024 4321 2158 4378 nihil

574 4437 667 4496 tibi
695 4441 859 4492 restat
885 4431 988 4487 nisi
1015 4429 1332 4493 exclamare,
1364 4421 1594 4486 Domine,
1630 4435 1775 4490 pereo
1804 4417 2015 4491 (Matth.
2041 4429 2156 4484 xiv,

574 4526 688 4602 50).
719 4527 963 4596 Porrigat
999 4531 1216 4577 manum
1247 4516 1338 4572 ille
1367 4516 1454 4587 qui
1487 4514 1676 4568 tinctus
1715 4511 1886 4567 calcat
1933 4508 2159 4577 intrepi-

575 4621 697 4688 dus,
725 4617 966 4674 sublevet
993 4611 1400 4684 trepidationem
1427 4617 1594 4674 tuam,
1627 4603 1803 4659 firmet
1833 4604 1886 4657 in
1915 4617 1974 4656 se
2001 4615 2160 4656 secu-

583 4714 801 4770 ritatem
833 4717 996 4772 tuam,
1039 4701 1336 4774 alloquetur
1366 4707 1417 4756 te
1446 4698 1588 4752 intus
1611 4736 1626 4762 ,
1653 4705 1708 4751 et
1736 4693 1878 4750 dicat
1903 4691 1997 4747 tibi
2034 4709 2047 4746 :
2078 4689 2162 4747 Me

577 4800 824 4866 attende,
851 4797 984 4869 quid
1006 4792 1312 4866 pertulerim
1342 4807 1356 4846 :
1385 4789 1602 4844 fratrem
1631 4787 1828 4842 malum
1858 4784 1990 4841 forte
2017 4793 2164 4853 pate-

581 4897 654 4956 ris
677 4937 694 4965 ,
747 4901 840 4948 aut
867 4890 1138 4945 inimicum
1171 4885 1467 4941 forinsecus
1493 4881 1719 4952 pateris:
1752 4891 1886 4949 quos
1912 4891 2014 4931 non
2047 4891 2164 4946 pas-

579 5003 672 5048 sus
696 4985 854 5045 sum?
889 4981 1212 5040 Fremebant
1253 4978 1548 5034 forinsecus
1589 4973 1756 5030 Judaei
1784 5013 1800 5040 ,
1844 4972 2164 5027 intrinsecus

581 5080 872 5154 discipulus
909 5076 1170 5133 tradebat.
1213 5072 1376 5128 Saevit
1416 5086 1544 5140 ergo
1589 5073 1876 5137 tempestas
1899 5105 1915 5132 ,
1952 5065 2046 5120 sed
2075 5063 2164 5120 ille

581 5179 758 5237 salvos
778 5173 902 5230 facit
925 5189 958 5226 a
985 5167 1399 5242 pusillanimitate
1426 5173 1473 5220 et
1497 5170 1804 5233 tempestate.
1833 5159 1994 5216 Forte
2015 5160 2165 5214 navis

581 5279 671 5328 tua
705 5271 824 5326 ideo
856 5265 1129 5329 turbatur,
1159 5261 1278 5332 quia
1309 5261 1395 5316 ille
1437 5259 1490 5314 in
1535 5266 1590 5314 te
1637 5256 1851 5314 dormit.
1903 5252 2166 5309 Saiviebat

581 5377 764 5428 mare,
797 5357 1107 5415 turbabatur
1148 5354 1389 5412 navicula
1435 5352 1484 5407 in
1531 5365 1632 5422 qua
1667 5346 1910 5417 discipuli
1954 5347 2169 5416 naviga-

583 5447 745 5518 bant,
772 5451 1014 5507 Christus
1041 5457 1216 5504 autem
1249 5445 1547 5502 dormiebat
1577 5462 1589 5498 :
1625 5441 1836 5497 tandem
1877 5437 2165 5510 aliquando

585 5547 755 5603 visum
781 5553 862 5600 est
901 5542 1007 5598 illis
1044 5543 1166 5612 quia
1209 5540 1350 5595 inter
1391 5539 1509 5592 illos
1550 5536 1850 5592 dormiebat
1888 5543 2166 5588 ventorum

589 5641 876 5710 imperator
921 5645 975 5690 et
1019 5644 1266 5699 creator;
1322 5639 1662 5686 accesserunt
1704 5638 1755 5684 et
1805 5628 2172 5683 excitaverunt

593 5730 862 5788 Christum
897 5743 912 5780 :
945 5727 1227 5795 imperavit
1265 5725 1432 5778 ventis
1456 5765 1470 5789 ,
1515 5732 1570 5778 et
1599 5720 1732 5776 facta
1759 5729 1841 5776 est
1873 5717 2172 5790 tranquilli-

657 5840 682 5877 ⁸
712 5839 914 5892 stellam
938 5845 996 5892 At
1015 5837 1129 5889 edd.
1149 5837 1246 5890 hoc
1265 5835 1371 5890 loco
1387 5843 1590 5902 malum,
1612 5847 1644 5888 a
1662 5835 1838 5904 punitio
1856 5835 2032 5890 animm

1785 319 1845 378 S.
1885 313 2249 378 AUGUSTINI
2287 314 2591 373 EPISCOPI

2247 440 2325 532 tas
2354 450 2542 508 magna
2575 435 2785 511 (Matth.
2810 457 2921 512 vin,
2943 445 3160 518 23-26).
3189 448 3379 511 Merito
3401 471 3531 532 ergo
3553 461 3694 524 forte
3719 477 3838 528 tur-

2244 525 2403 583 batur
2420 544 2515 584 cor
2537 539 2704 597 wum'
2729 535 2849 607 quia
2872 539 3067 596 excidit
3097 543 3188 600 ubi
3216 545 3266 601 ίη
3295 565 3450 620 (luem
3463 525 3837 620 credideris:

2245 620 2652 684 intolerabiliter
2682 633 2898 701 pateris,
2930 636 3050 703 quia
3078 655 3184 696 non
3213 601 3833 715 venit

2243 715 2366 786 quid
2401 733 2494 786 pro
2517 729 2568 775 te
2591 723 2870 790 pertulerit
2897 726 3157 787 Christus.
3181 731 3238 789 Si
3261 736 3312 790 in
3338 703 3834 806 mentem

2242 811 2390 904 venit
2413 813 2654 904 Christus
2678 858 2693 884 ,
2725 817 2924 876 dormit
2952 841 2964 878 :
2995 826 3168 882 excita
3195 828 3470 888 Christum
3490 877 3510 904 ,
3544 839 3732 896 recole
3767 842 3840 898 li-

2242 901 2387 1008 dem:
2411 903 2720 1008 Tunc-enim
2747 912 2798 966 in
2828 921 2878 968 te
2898 914 3094 972 dormit
3121 917 3366 980 Christus
3391 925 3409 956 ί
3428 965 3450 993 ,
3478 901 3521 982 si
3549 929 3754 988 oblitus
3771 949 3838 994 es

2244 998 2520 1101 passiones
2545 998 2741 1101 Christi
2771 1022 2783 1057 :
2818 1015 2941 1062 tunc
2967 1008 3020 1064 in
3051 1019 3100 1065 te
3130 1013 3311 1084 vigilat
3335 1013 3605 1090 Christus,
3643 1025 3690 1078 si
3719 1040 3840 1082 tue-

2244 1094 2444 1194 ministi
2485 1094 3049 1194 passionum-Christi.
3090 1101 3224 1160 Cum
3253 1118 3430 1164 autem
3475 1114 3638 1182 pleno
3667 1117 3840 1176 corde

2246 1183 2466 1282 intuitus
2491 1183 2652 1239 fueris
2693 1189 2818 1258 quid
2861 1189 2950 1246 illc
2991 1194 3146 1250 fuerit
3189 1213 3413 1265 passus,
3460 1219 3642 1262 nonne
3677 1223 3840 1280 (equo

2245 1279 2424 1327 animo
2449 1282 2502 1328 et
2533 1283 2586 1370 tu
2619 1279 2916 1338 tolerabis?
2941 1293 2995 1340 et
3020 1281 3247 1346 fortasse
3270 1292 3509 1362 gaudens
3531 1338 3550 1366 ,
3588 1299 3714 1370 quia
3745 1301 3840 1358 in-

2247 1375 2439 1462 ventus
2464 1382 2522 1423 es
2547 1368 2598 1462 in
2629 1370 2800 1442 aliqua
2819 1375 3175 1434 similitudine
3207 1385 3512 1451 passionum
3541 1368 3682 1462 regis
3730 1395 3842 1452 tuis

2247 1450 2380 1555 Cum
2405 1473 2530 1529 ergo
2561 1460 2658 1516 ista
2679 1467 2919 1535 Cogitans
2946 1450 3216 1528 consolari
3241 1483 3296 1528 et
3321 1479 3554 1548 gaudere
3578 1450 3839 1555 ἄθρει-ις

2249 1545 2339 1603 ille
2380 1555 2628 1618 surrexit,
2677 1555 2766 1610 ille
2809 1561 2980 1614 ventis
3019 1561 3300 1634 imperavit
3329 1545 3358 1622 γε
3410 1569 3530 1625 ideo
3567 1545 3708 1630 facta
3753 1545 3842 1636 est

2251 1642 2621 1711 tranquillitas.
2654 1645 3017 1717 Exspectabam
3046 1671 3160 1708 eum
3187 1658 3273 1729 qui
3303 1675 3382 1713 me
3423 1669 3622 1719 salvum
3648 1669 3841 1738 facere:

2250 1747 2283 1788 α
2305 1737 2718 1808 pusillanimitate
2741 1755 2788 1799 et
2819 1755 3124 1817 tempestate.
3198 1721 3210 1729 '
3648 1721 3676 1738 ,Δ

2324 1827 2410 1884 ‘ll.
2439 1827 2587 1926 [vers
2621 1833 2733 1907 10.]
2765 1835 3075 1911 Subnterge,
3106 1839 3346 1913 Domine,
3375 1857 3422 1903 et
3445 1848 3614 1906 divide
3639 1853 3844 1926 linguas

2253 1935 2444 1976 eorum.
2474 1924 2713 1980 Attendit
2739 1929 3053 1987 tribulantes
3081 1938 3219 1990 se‘et
3245 1937 3631 1998 adumbrantes
3655 1924 3760 2014 sev,
3788 1953 3846 2004 et

2252 2015 2455 2083 optavit
2480 2015 2600 2082 hoc,
2633 2033 2735 2074 non
2767 2019 2834 2075 de
2859 2023 2955 2088 ira,
2989 2023 3202 2082 fratres.
3241 2029 3342 2097 Qui
3373 2047 3432 2088 se
3461 2036 3600 2090 male
3631 2038 3845 2094 extule-

2255 2117 2398 2176 runt,
2425 2111 2642 2179 expedit
2661 2114 2739 2168 eis
2764 2125 2825 2170 ut
2847 2117 3260 2191 submerguntur
3289 2141 3303 2180 :
3333 2126 3421 2196 qui
3451 2127 3590 2184 male
3621 2132 3844 2202 conspi-

2255 2211 2544 2268 l':l\'el‘lllll,
2575 2207 2793 2276 expedit
2820 2209 2898 2264 eis
2939 2220 2996 2266 ut
3031 2213 3224 2284 linguae
3263 2231 3450 2273 eorum
3489 2219 3842 2280 dividantur:

2256 2294 2321 2386 ad
2353 2294 2548 2350 bonum
2573 2303 2931 2385 consentiant,
2961 2314 3014 2359 et
3033 2308 3362 2366 concordent
3387 2311 3579 2386 lingua:
3609 2315 3844 2372 illorum.

2257 2385 2312 2442 Si
2339 2399 2528 2492 autem
2571 2392 2624 2445 in
2664 2393 2886 2466 idipsum
2926 2398 3192 2455 adversum
3239 2419 3316 2458 me
3348 2385 3698 2472 susurrabant,
3751 2409 3849 2478 ait,

2257 2495 2427 2534 omnes
2457 2483 2649 2537 inimici
2676 2488 2772 2541 mei
2798 2487 2966 2559 (Psal.
2999 2508 3086 2560 xu,
3116 2494 3194 2564 8),
3228 2496 3455 2568 perdant
3477 2501 3500 2532 ⁸
3525 2501 3752 2572 idipsum
3793 2503 3850 2560 in

2258 2572 2434 2672 malo;
2469 2572 2786 2672 dividantur
2827 2579 3019 2651 lingua:
3067 2562 3274 2652 eorum,
3321 2562 3849 2652 non'sibi'consem

2259 2663 2411 2718 tiant.
2461 2663 2740 2740 Submerge
2761 2711 2776 2738 ,
2830 2669 3066 2740 Domine,
3108 2686 3154 2730 et
3199 2677 3364 2735 divide
3406 2681 3608 2753 linguas
3650 2700 3849 2742 eorum.

2261 2756 2558 2861 Subura-ge,
2583 2763 2785 2832 quare?
2813 2765 2945 2833 Quia
2968 2783 3026 2824 se
3049 2772 3372 2829 extulerunt.
3405 2774 3606 2843 Divide,
3632 2793 3808 2850 quare
3823 2781 3850 2837 2

2259 2848 2393 2915 Quia
2422 2852 2470 2905 in
2501 2854 2696 2910 malum
2734 2851 3200 2930 conspiravcrunt.
3231 2864 3456 2924 Turrem
3487 2869 3631 2926 illam
3651 2848 3850 2932 “tecet-

2261 2941 2389 2998 dare
2429 2946 2778 3016 superborum
2811 2951 3004 3008 factam
3045 2965 3168 3026 post
3209 2957 3464 3016 diluvium
3495 2979 3508 3016 :
3543 2964 3672 3034 quid
3700 2964 3851 3024 dixe-

2262 3046 2384 3089 runt
2411 3039 2668 3108 superbi?
2707 3041 2784 3098 Ne
2813 3059 3098 3114 pereamus
3136 3048 3369 3119 diluvio,
3397 3041 3658 3112 faciamus
3681 3057 3851 3117 aliam

2264 3134 2462 3182 turrem
2493 3129 2646 3200 (Gen.
2687 3150 2760 3197 ιι,
2793 3135 2872 3208 4).
2902 3136 3160 3209 Superbia
3189 3157 3248 3198 se
3287 3145 3524 3201 munitos
3555 3162 3679 3204 esse
3702 3149 3852 3206 arbi-

2265 3219 2559 3282 trabantur,
2589 3233 2972 3285 exstruxerunt
2997 3231 3161 3286 altam
3205 3242 3444 3302 turrem;
3485 3247 3543 3294 et
3585 3238 3853 3298 Dominus

2263 3305 2442 3414 divisit
2470 3311 2678 3414 linguas
2699 3316 2956 3388 ipsorum.
2982 3321 3132 3379 Tunc
3159 3339 3220 3381 se
3244 3338 3524 3398 coeperunt
3553 3343 3660 3386 non
3689 3332 3853 3390 intel-

2264 3399 2428 3472 ligere
2471 3423 2483 3459 :
2523 3405 2644 3462 hinc
2695 3409 2831 3466 facta
2876 3422 2958 3470 est
2999 3417 3149 3488 origo
3193 3419 3488 3490 linguarum
3534 3423 3850 3483 multarum.

2263 3493 2433 3550 Antea
2464 3499 2604 3552 enim
2647 3517 2748 3556 una
2777 3502 2954 3575 lingua
2981 3517 3129 3575 erat;
3159 3509 3255 3565 sed
3285 3527 3388 3567 una
3414 3512 3587 3585 lingua
3617 3529 3853 3573 concor-

2263 3585 2418 3643 dibus
2444 3591 2722 3659 proderat,
2757 3611 2860 3650 una
2903 3595 3080 3672 lingua
3129 3600 3432 3660 hominibus
3469 3604 3771 3676 proderat:
3799 3617 3854 3666 at

2263 3677 2351 3733 ubi
2382 3681 2466 3735 illa
2488 3683 2733 3740 collectio
2761 3688 2812 3742 in
2835 3691 3285 3761 canspirationem
3312 3696 3576 3752 suberbise
3599 3699 3854 3771 praecipi-

2265 3780 2498 3877 tatae-st,
2530 3781 2894 3877 pepercit-illis
2919 3784 3058 3840 Deus
3079 3795 3136 3842 ut
3155 3787 3419 3846 divideret
3443 3791 3670 3862 linguas,
3694 3810 3770 3850 ne
3792 3809 3856 3854 se

2263 3867 2608 3935 intelligendo
2637 3873 2984 3941 perniciosam
3015 3876 3255 3936 facerent
3296 3882 3572 3940 unitatem.
3615 3884 3720 3941 Per
3763 3901 3858 3943 su-

2263 3955 2458 4028 perbos
2479 3959 2726 4026 homines
2743 3965 2927 4022 divisae
2951 3978 3076 4025 sunt
3099 3970 3312 4044 linguae,
3335 3987 3434 4044 per
3456 3974 3688 4032 humiles
3708 3978 3858 4048 Apo-

2263 4049 2430 4105 stolos
2459 4065 2798 4127 congregem
2827 4068 2952 4115 sunt
2972 4060 3165 4136 linguas
3193 4081 3207 4118 :
3235 4065 3454 4136 spiritus
3475 4069 3746 4138 superbius
3769 4069 3856 4126 di-

2264 4143 2454 4232 spersit
2485 4145 2710 4218 linguas,
2743 4149 2974 4220 Spiritus
3003 4163 3218 4211 sanctus
3245 4159 3588 4230 congregavit
3618 4159 3854 4232 linguas.

2264 4231 2488 4302 Quando
2516 4238 2658 4292 enim
2680 4239 2909 4310 Spiritus
2934 4254 3150 4301 sanctus
3171 4247 3318 4303 venit
3343 4263 3506 4318 super
3533 4231 3858 4320 discipulos,

2263 4329 2501 4383 omnium
2543 4329 2737 4402 linguis
2782 4333 2955 4390 locuti
2989 4345 3132 4403 sunt,
3182 4338 3252 4394 ab
3297 4340 3548 4396 omnibus
3596 4341 3860 4399 intellecti

2265 4429 2390 4474 sunt
2415 4419 2553 4490 (Act.
2576 4438 2633 4486 ιι,
2660 4423 2716 4496 4)
2747 4441 2762 4479 :
2796 4425 2992 4498 linguze
3017 4427 3274 4500 dispersae
3295 4473 3312 4502 ,
3343 4432 3394 4486 in
3426 4447 3592 4488 unum
3621 4449 3858 4505 congre-

2263 4521 2401 4581 gatae
2437 4521 2584 4567 sunt.
2632 4514 2772 4586 Ergo
2799 4517 2843 4572 si
2873 4518 3050 4575 adhuc
3087 4522 3317 4578 saeviunt
3343 4531 3397 4578 et
3421 4524 3649 4594 gentiles
3687 4533 3858 4596 sunt,

2265 4603 2480 4674 expedit
2505 4607 2584 4661 eis
2609 4606 2805 4664 divisas
2836 4609 3033 4667 habere
3061 4613 3288 4686 linguas.
3321 4615 3520 4671 Volunt
3561 4632 3722 4672 unam
3757 4617 3863 4673 liu-

2267 4711 2422 4767 guam
2453 4739 2466 4764 ,
2499 4699 2715 4754 veniant
2745 4701 2814 4757 ad
2842 4703 3173 4773 Ecclesium;
3202 4707 3325 4778 quia
3365 4717 3420 4763 et
3465 4707 3517 4762 in
3547 4707 3863 4766 diversitate

2267 4787 2562 4860 linguarum
2599 4793 2794 4862 carnis,
2825 4810 2928 4848 una
2959 4805 3041 4851 est
3072 4797 3248 4868 lingua
3277 4799 3331 4854 in
3363 4799 3466 4857 lide
3487 4800 3691 4859 cordis.
3721 4801 3866 4860 Sub-

2267 4895 2456 4954 merge,
2489 4881 2726 4952 Domine,
2755 4897 2802 4941 et
2828 4887 2993 4942 divide
3019 4888 3218 4961 linguas
3246 4908 3438 4948 eorum.

2343 4973 2431 5030 12.
2477 4973 2729 5041 Quoniam
2757 4978 2859 5032 vidi
2887 4979 3200 5050 iniquitatem
3243 4991 3291 5038 et
3327 4984 3782 5041 contradictionem
3810 4987 3868 5043 in

2269 5067 2492 5122 civitate.
2519 5065 2706 5124 Merito
2736 5069 2834 5126 iste
2863 5071 3139 5129 desertum
3170 5075 3461 5145 quaerebat,
3503 5079 3762 5148 quoniam
3787 5078 3870 5134 vi-

2272 5159 2350 5214 dit
2390 5161 2722 5232 iniquitatcm
2764 5173 2818 5219 et
2857 5166 3335 5224 contradictionem
3384 5169 3436 5224 in
3480 5171 3717 5229 civitate.
3770 5175 3872 5233 Est

2274 5252 2516 5321 quaedam
2562 5254 2750 5310 civitas
2796 5255 3096 5312 turbulenta
3139 5275 3152 5312 :
3186 5259 3302 5330 ipsa
3341 5271 3459 5316 erat
3489 5279 3608 5333 quae
3659 5273 3872 5324 turrem

2275 5343 2650 5413 acditicaverat,
2671 5347 2786 5417 ipsa
2807 5348 3026 5404 confusa
3046 5359 3147 5417 est,
3171 5360 3220 5406 et
3251 5351 3513 5424 appellata
3545 5353 3874 5427 Babylonia,

2279 5435 2390 5506 ipsa
2415 5453 2509 5508 per
2537 5439 2948 5496 innumerabiles
2974 5451 3162 5514 gentes
3190 5443 3432 5515 dispersa
3467 5441 3620 5516 (Gen.
3655 5463 3732 5516 st,
3757 5449 3820 5522 9)
3856 5467 3874 5508 :

2279 5530 2402 5586 inde
2446 5543 2796 5604 congregatur
2843 5533 3080 5590 Ecclesia
3116 5535 3168 5591 in
3213 5535 3482 5593 desertum
3533 5539 3688 5596 bona;
3737 5557 3879 5600 con-

2276 5646 2364 5773 ραξ
2384 5653 2484 5758 te
2699 5648 3188 5763 sternam
3219 5649 3360 5704 ’πίονι
3395 5651 3576 5705 πηίου
3597 5652 3692 5706 Dr
3725 5654 3884 5709 σου·

2943 5775 3365 5904 aaam
3383 5775 3438 5830 εκ
3453 5775 3689 5846 rw
3715 5785 3800 5834 ετ·
3825 5787 3894 5839 ει
