4042 6480
186 388 281 449 657

190 508 433 570 scientiae.
478 502 628 560 Vidit
686 514 830 557 enim
886 492 1361 554 contradictionem
1411 493 1465 546 in
1522 488 1754 543 civitate.

190 604 420 664 Christus
464 598 631 654 venit.
676 593 810 663 Quis
860 589 1138 653 Christus,
1186 582 1552 641 contradlcls?
1596 579 1761 634 Filius

196 699 301 756 Dei.
333 695 400 751 Et
441 691 605 747 habet
642 688 805 743 tilium
842 684 982 739 Deus
1006 725 1021 749 ,
1069 676 1437 737 contradicis?
1473 673 1639 729 Natus
1681 678 1765 727 est

192 795 253 852 de
274 790 494 861 virgine,
527 797 718 856 passus
737 824 752 849 ,
779 777 1093 835 resurrexit.
1125 774 1191 829 Et
1221 770 1362 828 unde
1402 771 1504 825 hoc
1535 765 1650 822 fieri
1679 776 1765 835 po-

194 897 311 954 test,
358 857 739 939 contradici“
794 871 1021 929 Attende
1068 870 1261 925 saltem
1314 865 1537 936 gloriam
1590 857 1765 916 crucis

196 950 369 1052 ipsius.
396 974 514 1031 Jam
555 971 611 1026 in
638 970 816 1024 fronte
857 979 1039 1035 regum
1070 974 1201 1018 crux
1243 959 1332 1014 illa
1365 958 1468 1012 fixa
1515 960 1638 1018 est,
1680 950 1768 1007 cui

197 1049 383 1129 inimici
428 1065 836 1123 insultaverunt.
878 1058 1112 1115 Eli‘ectus
1153 1049 1439 1125 probavit‘
1469 1049 1765 1103 virtutem:

197 1164 387 1223 domuit
413 1160 622 1223 orbem,
661 1173 766 1212 non
797 1153 964 1219 ferro,
1006 1150 1103 1207 St‘d
1133 1149 1295 1220 ligno.
1341 1145 1567 1215 Lignum
1594 1138 1770 1193 crucis

194 1255 519 1314 contumeliis
548 1252 763 1322 dignum
789 1247 960 1301 visum
985 1252 1066 1298 est
1085 1240 1334 1305 inimicis,
1364 1246 1418 1292 et
1444 1244 1568 1291 ante
1596 1233 1769 1302 ipsum

200 1352 385 1421 lignum
410 1353 616 1403 stantes
641 1349 799 1411 caput
819 1337 1105 1410 agitabant,
1130 1342 1184 1389 et
1199 1331 1444 1387 dicebant
1474 1345 1487 1382 :
1523 1327 1583 1383 Si
1606 1323 1773 1378 Filius

201 1418 283 1498 Dei
308 1450 399 1503 est,
433 1436 704 1494 descendat
732 1435 797 1487 de
820 1447 969 1486 cruce
992 1426 1205 1497 (Matth.
1232 1438 1398 1488 xxv",
1426 1419 1539 1491 40).
1576 1418 1775 1473 Exten-

201 1536 344 1593 dcbat
370 1533 463 1588 ille
491 1542 682 1585 manus
721 1541 844 1582 suas
872 1523 937 1578 ad
964 1520 1214 1592 p0pulum
1244 1531 1348 1572 non
1388 1512 1695 1571 credentem
1721 1515 1776 1564 et

202 1626 662 1685 contradicentem.
694 1620 747 1675 Si
779 1616 920 1672 enim
945 1614 1120 1685 justus
1163 1620 1275 1676 est,
1304 1606 1392 1678 qui
1422 1621 1488 1661 ex
1517 1603 1618 1657 fide
1646 1601 1778 1655 vivit

203 1721 360 1795 (Rom.
386 1735 426 1783 I,
461 1716 577 1785 I7),
609 1713 821 1782 iniquus
849 1716 930 1763 cst
954 1706 1041 1777 qui
1073 1718 1181 1760 non
1210 1700 1369 1756 habet
1397 1697 1576 1753 ﬁdem.
1619 1691 1774 1763 Quod

204 1786 316 1885 ergo
341 1811 429 1867 hic
454 1811 551 1873 ait,
588 1806 921 1877 iniquitatem.
958 1796 1232 1870 perﬁdiam
1265 1792 1522 1861 intelligo.
1551 1786 1779 1844 Videbat

204 1880 316 1979 ergo
345 1903 607 1959 Dominus
637 1901 688 1953 in
719 1896 930 1969 civitate
957 1891 1289 1961 iniquitatem
1319 1894 1374 1942 et
1398 1880 1778 1939 contradictio-

205 2016 333 2065 nem,
356 2005 413 2054 et
439 1992 762 2052 cXtcndebat
790 2003 980 2044 manus
1001 2000 1125 2039 suas
1154 1982 1221 2036 ad
1250 1979 1503 2052 populum
1530 1992 1635 2032 non
1661 1988 1780 2030 cre-

207 2093 409 2149 dentem
440 2096 497 2143 et
523 2082 1011 2143 contradicentem;
1050 2086 1103 2132 et
1129 2084 1304 2130 tamen
1332 2081 1386 2128 et
1411 2072 1555 2142 ipsos
1584 2081 1779 2137 exspe-

205 2193 338 2240 ctans
362 2179 579 2235 dicebat
610 2195 622 2230 :
654 2173 831 2236 Pater,
861 2174 1065 2243 ignosce
1090 2168 1216 2233 illis,
1248 2166 1367 2237 quia
1396 2163 1624 2218 nesciunt
1661 2158 1782 2230 quid

209 2276 385 2348 faciam
414 2270 571 2343 (Luc.
601 2281 753 2331 χχιιι,
780 2264 897 2333 54).
925 2261 1112 2317 Adhuc
1132 2274 1262 2314 sane
1289 2256 1525 2324 reliquiae
1555 2254 1784 2309 steviunt

212 2343 339 2424 Illius
390 2362 660 2425 civitatis,
719 2357 894 2413 adhuc
931 2351 1323 2409 contradicunt.
1389 2348 1463 2402 De
1518 2343 1784 2399 frontibus

209 2461 429 2516 omnium
476 2453 638 2510 modo
668 2449 905 2506 extendit
938 2462 1126 2503 manus
1152 2443 1217 2499 ad
1248 2439 1503 2511 reliquias
1527 2451 1632 2493 non
1660 2449 1785 2491 cre-

209 2553 378 2609 dentes
412 2558 469 2606 et
496 2544 945 2603 contradicentes.
992 2538 1242 2606 Quoniam
1267 2533 1370 2590 vidi
1397 2531 1713 2603 iniquitatem
1737 2533 1788 2582 et

186 2642 642 2701 contradictionem
664 2638 717 2691 in
744 2635 960 2689 civitate.

272 2740 351 2794 15.
382 2735 537 2811 [uers.
570 2727 684 2803 Η]
719 2728 813 2783 Die
854 2743 913 2782 ac
955 2731 1100 2780 nocte
1126 2715 1457 2775 circumdabit
1497 2730 1607 2771 eam
1635 2727 1789 2783 super

210 2848 364 2887 muros
388 2809 515 2902 ejus
540 2824 779 2895 iniquitas
808 2830 854 2876 et
879 2819 1038 2874 labor.
1075 2816 1242 2886 Super
1273 2828 1441 2866 muros
1467 2809 1599 2881 ejus,
1628 2822 1790 2878 super

213 2900 529 2980 munime'nta
571 2918 708 2989 ejus,
744 2924 931 2971 tenens
973 2909 1125 2982 quasi
1166 2906 1338 2977 capita
1380 2903 1495 2974 ejus
1522 2944 1536 2967 ,
1580 2900 1789 2957 nobiles

211 3020 331 3091 ejus.
358 3018 455 3073 Ille
480 3012 672 3070 nobilis
696 3009 742 3064 si
771 3008 1092 3064 christianus
1114 3007 1276 3065 esset,
1302 3011 1460 3053 nemo
1486 3000 1794 3051 remaneret

214 3126 454 3186 paganus.
484 3107 806 3173 Plerumque
827 3099 1009 3155 dicunt
1033 3094 1281 3177 homines
1307 3110 1320 3146 :
1347 3086 1513 3144 Nemo
1540 3100 1793 3143 remane-

214 3214 284 3261 ret
310 3213 569 3275 paganus,
601 3197 645 3252 si
676 3172 765 3250 ille
808 3198 953 3249 esset
990 3172 1330 3244 christianus.
1361 3180 1687 3249 Plerumque
1713 3176 1795 3232 di-

214 3272 328 3353 cuni
350 3272 603 3351 homines
633 3308 645 3344 :
680 3289 747 3344 Et
775 3286 869 3342 ille
910 3284 954 3339 si
996 3281 1147 3336 ﬁeret
1174 3276 1525 3341 christianus,
1552 3272 1673 3343 quis
1701 3286 1795 3328 re-

214 3396 443 3447 maneret
468 3380 743 3458 paganus?
767 3376 920 3448 Quod
938 3391 1064 3445 crgo
1086 3371 1319 3429 nondum
1344 3369 1475 3422 ﬁunt
1495 3364 1792 3434 christiani,

216 3484 351 3557 quasi
378 3480 521 3537 muri
546 3486 671 3533 sunt
705 3470 942 3530 civitatis
971 3468 1114 3524 illius
1140 3481 1246 3521 non
1278 3460 1551 3518 credentis
1582 3466 1637 3514 ct
1663 3472 1795 3513 con-

217 3549 536 3632 tiadicentis.
574 3565 839 3636 Quamdiu
868 3562 952 3617 isti
980 3559 1117 3615 muri
1142 3553 1401 3612 stabunt?
1423 3549 1545 3608 Non
1578 3563 1799 3618 semper

218 3670 440 3726 stabunt.
488 3660 690 3720 Circuit
718 3672 842 3714 arca
869 3668 1049 3710 muros
1078 3649 1291 3706 Jericlio
1323 3665 1336 3701 :
1370 3646 1551 3700 veniet
1588 3651 1799 3710 tempus

219 3762 434 3835 septimo
480 3772 620 3813 arca:
649 3752 895 3816 circuitu,
938 3756 998 3803 ut
1037 3758 1222 3800 omnes
1252 3738 1389 3795 muri
1417 3736 1649 3794 civitatis
1692 3747 1801 3788 non

219 3825 478 3912 credentis
503 3858 558 3907 et
588 3839 1002 3903 contradicentis
1025 3836 1216 3893 cadant
1246 3831 1427 3907 (Iosue
1470 3845 1550 3894 vn,
1582 3827 1661 3898 5).
1693 3825 1800 3879 Do-

219 3963 304 4004 nec
327 3948 441 4013 fiat,
470 3940 716 3997 turbatur
744 3926 842 3991 ἱειὸ
873 3935 924 3989 in
951 3926 1336 3987 exercitatione
1362 3936 1491 3988 sua;
1523 3927 1578 3976 et
1617 3918 1801 3989 perfe-

218 4057 330 4098 rens
356 4035 616 4108 reliquias
639 4024 1118 4089 coutradicentium
1145 4062 1159 4086 ,
1207 4025 1355 4090 optat
1384 4028 1586 4088 pennas
1624 4010 1805 4067 avola-

220 4132 390 4199 tionis,
423 4137 575 4199 optat
601 4122 834 4194 requiem
865 4115 1083 4173 deserti.
1106 4111 1219 4167 Imo
1239 4111 1395 4165 duret
1422 4108 1563 4163 inter
1588 4113 1804 4160 contra-

220 4224 472 4286 dicentes,
506 4216 738 4290 perfcrat
778 4212 968 4273 minas,
1002 4206 1149 4262 bibat
1172 4200 1456 4275 upprobria
1488 4241 1501 4265 ,
1533 4202 1807 4267 exspectet

220 4320 299 4391 qui
327 4330 454 4373 eum
494 4310 699 4368 salvum
745 4305 902 4361 faciat
940 4317 970 4355 a
1019 4294 1454 4370 pusillanituitate
1504 4299 1559 4345 et
1602 4296 1808 4356 tempe-

220 4420 346 4468 state
378 4429 393 4465 :
428 4409 697 4462 intueatur
724 4406 910 4468 caput,
939 4390 1240 4461 exemplum
1274 4389 1396 4441 vita:
1421 4385 1443 4416 ⁸
1471 4397 1582 4439 sure
1606 4422 1621 4447 ,
1665 4391 1809 4434 tran-

222 4504 473 4576 quilletttr
500 4499 552 4555 in
586 4510 705 4567 spe,
736 4491 836 4548 etsi
872 4488 1113 4543 turbatur
1138 4482 1190 4536 itt
1218 4495 1295 4536 re.
1330 4476 1425 4531 Die
1451 4491 1511 4530 ac
1538 4481 1682 4528 nocte
1705 4471 1809 4526 cir-

223 4594 472 4651 cumdabit
521 4606 634 4646 eam
682 4601 834 4657 super
878 4595 1050 4634 muros
1088 4577 1197 4648 ejus
1241 4572 1517 4642 iniquitas,
1572 4576 1619 4622 et
1667 4562 1810 4619 labor

222 4689 269 4745 in
294 4686 460 4742 medio
492 4684 601 4756 ejus
630 4689 675 4734 et
705 4674 974 4751 injustitia.
1006 4670 1070 4724 Et
1097 4668 1216 4724 ideo
1242 4664 1393 4720 labor
1418 4661 1524 4730 ibi,
1550 4658 1670 4731 quia
1708 4656 1813 4713 ini-

224 4780 391 4851 quitus
417 4748 536 4833 ibi}
568 4772 690 4845 quia
722 4748 979 4840 injustitia
1009 4762 1119 4825 ibi,
1160 4758 1279 4814 ideo
1306 4764 1359 4811 et
1384 4753 1536 4809 labor
1564 4751 1657 4806 ibi.
1702 4748 1811 4807 Sed

222 4872 440 4929 audiant
483 4864 861 4925 extendentcm
911 4868 1144 4913 manus:
1188 4848 1361 4905 Venite
1428 4845 1495 4899 ad
1515 4860 1591 4897 me
1638 4858 1812 4900 omnes

222 4966 299 5039 qui
326 4960 591 5019 laboratis.
616 4956 722 5012 Vos
746 4948 1009 5013 clamatis,
1032 4960 1127 4999 vos
1148 4936 1535 5003 contradicitis,
1565 4950 1657 4989 vos
1683 4949 1813 4988 con-

226 5053 487 5112 viciamitti
517 5071 532 5107 :
566 5050 658 5106 ille
678 5064 707 5102 e
730 5053 938 5107 contra,
975 5038 1148 5093 Venite
1175 5035 1241 5089 ad
1271 5049 1347 5086 me
1371 5046 1542 5086 omnes
1562 5029 1646 5102 qui
1669 5027 1812 5082 labo-

223 5149 342 5202 ratis
373 5149 425 5201 in
453 5140 705 5213 superbia
733 5145 909 5193 vestra
931 5173 946 5199 ,
978 5141 1030 5188 et
1057 5123 1400 5199 requiescetis
1429 5123 1480 5176 in
1511 5120 1812 5176 ltutnilitate

224 5256 362 5297 mea.
396 5236 588 5293 Discite
616 5250 649 5289 α
676 5247 754 5287 me
778 5271 792 5295 ,
820 5226 988 5297 inquit
1013 5264 1029 5291 ,
1065 5221 1182 5293 quia
1208 5218 1344 5273 mitis
1382 5233 1493 5271 sum
1535 5223 1581 5269 et
1609 5212 1814 5267 humilis

222 5334 393 5397 corde,
422 5339 467 5386 et
512 5324 774 5385 invenietis
813 5319 1033 5391 requiem
1074 5313 1339 5372 animabus
1374 5308 1547 5379 uestris
1599 5302 1813 5379 (Matth.

226 5442 296 5492 ιι,
320 5424 394 5481 28
417 5466 435 5492 ,
458 5421 579 5494 29).
611 5416 764 5474 Unde
788 5414 930 5470 enim
958 5410 1032 5465 illi
1082 5406 1362 5469 laborant,
1408 5402 1506 5474 nisi
1554 5400 1675 5470 quia
1707 5414 1815 5453 non

223 5491 351 5585 sunt
376 5491 609 5571 mitesvet
630 5506 857 5564 humiles
882 5501 1087 5561 corde?
1112 5498 1253 5555 Deus
1281 5494 1496 5552 humilis
1522 5491 1689 5547 factus
1710 5497 1812 5557 est,

222 5612 509 5673 erubescat
531 5606 693 5663 homo
718 5617 839 5661 esse
863 5596 1147 5668 superbus.

294 5707 386 5766 14.
415 5704 565 5784 [κη.
601 5699 712 5771 ιι]
745 5696 869 5753 Non
895 5691 1076 5761 defecit
1124 5686 1187 5740 de
1221 5684 1401 5758 plateis
1445 5683 1555 5753 ejus
1586 5693 1741 5735 usura
1768 5683 1825 5732 et

287 5862 309 5895 ι
342 5866 524 5910 omnes
544 5852 652 5905 fere
673 5856 802 5919 uss...
823 5840 1011 5911 affectis
1035 5838 1184 5907 proba
1206 5837 1443 5890 virnttem.

287 5925 310 5958 ³
342 5921 569 5989 Plautine
588 5923 718 5978 uss,
742 5924 849 5969 nuc.

1269 370 1663 431 ENARRA'I’IO
1699 368 1765 425 IN
1801 366 2123 428 PSALMUM
2158 366 2291 424 LIV.

3338 350 3445 410 658

1866 486 2031 541 dolus.
2063 484 2234 541 Usura
2262 493 2317 539 et
2343 481 2501 539 dolus
2526 495 2631 538 non
2669 482 3067 543 abscondantur
3093 486 3281 544 saltem
3320 491 3443 561 quia

1867 580 2004 632 mala
2029 587 2171 642 sunt,
2202 575 2297 633 sed
2336 577 2544 648 publice
2571 579 2817 634 saeviunt.
2849 578 3052 637 Etenim
3078 585 3166 654 qui
3206 584 3257 639 in
3284 584 3447 642 domo

1868 670 2067 740 aliquid
2090 670 2215 725 mali
2246 670 2390 737 fat-it,
2420 670 2505 725 vel
2528 670 2593 724 de
2623 670 2763 725 malo
2784 686 2880 726 suo
2900 675 3165 731 erubescit
3196 693 3211 733 :
3242 676 3307 732 In
3334 677 3449 745 pla-

1871 763 1961 817 teis
1987 764 2096 833 ejus
2122 779 2277 819 usura
2304 773 2350 817 et
2372 762 2539 818 dotus.
2570 762 2746 819 Fenus
2773 773 2828 819 et
2855 764 3237 835 professionem
3266 769 3446 841 habet,

1871 853 2026 910 fenus
2053 866 2106 910 et
2129 869 2217 911 ars
2252 866 2511 914 vocatur:
2550 871 2745 927 corpus
2780 857 2973 913 dicitur
2996 898 3014 926 ,
3062 874 3255 934 corpus
3300 865 3451 937 quasi

1874 948 2238 1003 necessarium
2264 948 2504 1016 civitati,
2534 957 2587 1003 et
2629 947 2695 1003 de
2720 948 3056 1021 professione
3095 968 3190 1008 sua
3229 957 3452 1028 vectigal

1874 1040 2132 1111 itnpendit
2167 1059 2181 1097 :
2209 1058 2376 1113 usque
2400 1041 2534 1097 adeo
2554 1041 2607 1096 in
2639 1042 2811 1112 platea
2839 1053 2921 1099 est
2946 1044 3089 1121 quod
3118 1047 3304 1103 saltent
3332 1050 3454 1105 abs-

1876 1130 2210 1185 condendum
2239 1140 2371 1187 erat.
2398 1131 2495 1186 Est
2515 1142 2566 1185 et
2587 1132 2686 1186 alia
2717 1148 2877 1187 usura
2911 1135 3081 1205 pejor,
3109 1137 3321 1207 quando
3351 1155 3457 1195 non

1877 1225 2096 1279 dimittis
2124 1224 2262 1295 quod
2297 1225 2386 1279 tibi
2422 1224 2678 1291 debetur;
2721 1235 2775 1280 et
2803 1228 3042 1281 turbatur
3065 1229 3249 1283 oculus
3286 1230 3337 1284 in
3370 1224 3461 1287 illo

1876 1332 2032 1373 versu
2055 1318 2330 1385 orationis,
2357 1318 2561 1373 Dimitte
2580 1319 2721 1373 nobis
2747 1318 2911 1373 debita
2936 1330 3126 1376 nostra.
3154 1318 3291 1390 Quid
3317 1323 3460 1379 enim

1876 1410 1949 1465 ibi
1976 1410 2208 1465 facturus
2238 1424 2316 1475 es,
2345 1410 2557 1481 quando
2591 1419 2839 1466 oraturus
2867 1427 2926 1468 es
2954 1421 3008 1469 et
3046 1412 3111 1469 ad
3137 1414 3308 1485 ipsum
3338 1432 3463 1473 ver-

1879 1518 1995 1559 sum
2036 1502 2330 1558 venturus?
2359 1504 2589 1559 Verbum
2632 1506 3073 1562 contumeliosum
3114 1508 3306 1564 audisti
3340 1506 3464 1566 :vis

1879 1597 2093 1667 exigere
2139 1596 2493 1652 damnationis
2539 1598 2877 1667 supplicium.
2928 1598 3018 1654 Vel
3064 1608 3265 1656 tantum
3310 1602 3466 1676 exige

1881 1697 2135 1758 quantum
2165 1686 2355 1741 dedisti
2387 1728 2400 1751 ,
2443 1688 2708 1742 fenerator
2750 1690 3082 1758 injuriarum.
3130 1686 3312 1764 Pugno
3338 1709 3465 1765 per-

1881 1793 2067 1835 cussus
2104 1793 2189 1847 es,
2231 1780 2650 1835 interfectionem
2688 1780 2899 1852 quaeris.
2934 1778 3104 1838 Usnra
3146 1785 3304 1839 mala.
3352 1786 3467 1855 Qua

1882 1872 2068 1975 iturus.
2101 1886 2161 1927 es
2213 1872 2264 1974 in
2318 1874 2659 1929 orationem?
2708 1872 2763 1929 Si
2812 1875 3092 1946 reliqueris
3144 1879 3465 1947 orationem,

1883 1978 1985 2033 qua
2023 1963 2397 2018 circumiturus
2436 1979 2494 2020 es
2532 1963 2598 2019 ad
2629 1964 2950 2020 Dominum?
2976 1966 3113 2022 Ecce
3141 1962 3287 2024 dices
3320 1987 3332 2023 :
3366 1968 3471 2025 Pa-

1888 2065 1961 2111 ter
1992 2067 2190 2122 noster,
2223 2058 2311 2128 qui
2336 2073 2387 2112 es
2413 2058 2464 2112 in
2492 2059 2628 2113 cmlis
2661 2075 2679 2112 :
2705 2059 3044 2129 sanctiﬁcctur
3089 2077 3273 2116 nomen
3307 2071 3469 2119 tuum.

1892 2148 2073 2204 Veniat
2096 2166 2305 2221 regnum
2331 2160 2494 2204 tuum.
2537 2148 2656 2203 Fiat
2680 2152 2909 2206 voluntas
2934 2160 3019 2205 tua
3042 2194 3057 2220 ,
3097 2154 3227 2207 sicut
3267 2155 3320 2209 in
3348 2154 3474 2211 caelo

1886 2252 1931 2298 et
1974 2244 2027 2297 in
2073 2253 2226 2296 terra.
2273 2243 2467 2298 nices:
2504 2240 2700 2296 Panem
2745 2253 2970 2299 nostrum
3018 2245 3365 2316 quotidianum
3408 2249 3475 2304 da

1888 2337 2030 2403 nobis
2058 2336 2223 2390 hodie.
2250 2334 2441 2390 Venics
2465 2335 2554 2403 ad,
2576 2335 2779 2389 Dimitte
2808 2335 2949 2391 nobis
2973 2334 3138 2391 debita
3164 2348 3353 2406 nostra,
3377 2340 3478 2396 sic-

1888 2438 1999 2483 utet
2019 2444 2107 2482 nos
2126 2429 2419 2483 dimittimus
2440 2426 2746 2483 debitoribus
2766 2430 2952 2483 nostris
2973 2427 3275 2503 (Mali/LVI,
3294 2431 3478 2505 9-12).

1890 2520 1986 2575 Vel
2014 2522 2066 2574 in
2097 2520 2311 2575 civitate
2332 2521 2421 2575 illa
2454 2520 2589 2575 mala
2616 2519 2887 2575 abundent
2908 2536 3084 2576 usura:
3110 2522 3245 2587 istm,
3273 2539 3377 2580 non
3400 2525 3480 2583 in-

1891 2619 2035 2666 trent
2067 2611 2297 2681 parietes
2335 2612 2464 2665 istos
2490 2611 2576 2666 ubi
2605 2619 2791 2681 pectus
2829 2610 3086 2667 tunditur.
3116 2612 3253 2681 Quid
3282 2615 3479 2687 facies,

1891 2707 2012 2778 quia
2044 2707 2112 2761 ibi
2153 2714 2206 2761 tu
2231 2715 2287 2762 et
2316 2707 2403 2761 ille
2428 2723 2615 2762 versus
2656 2708 2707 2761 in
2738 2708 2914 2763 medio
2940 2710 3114 2765 estis?
3152 2710 3346 2770 Preces
3386 2714 3481 2773 tibi

1892 2801 2191 2872 composuit
2216 2801 2448 2857 cmlestis
2473 2800 2812 2871 iurisperitus
2839 2800 2916 2872 (α)
2947 2820 2959 2854 :
2991 2801 3081 2873 qui
3108 2813 3329 2863 noverat
3353 2806 3480 2876 quid

1894 2896 1965 2952 ibi
1994 2903 2273 2967 ageretur,
2312 2893 2383 2948 ait
2426 2893 2550 2961 tibi,
2611 2894 2778 2948 Aliter
2820 2910 2927 2950 non
2968 2894 3295 2966 impetrabis.
3324 2900 3484 2955 Amen

1893 2988 2026 3044 enim
2052 2987 2164 3041 dico
2192 2985 2349 3054 vobis,
2378 2986 2496 3055 quia
2521 2984 2566 3040 si
2603 2984 2894 3041 dimiseritis
2915 2996 3120 3058 peccata
3156 2989 3482 3059 hominibus,

1896 3084 2207 3138 dimittantur
2263 3080 2440 3146 vobis;
2493 3080 2537 3133 si
2594 3090 2761 3134 autem
2805 3097 2904 3135 non
2940 3080 3231 3139 dimiseritis
3281 3094 3487 3155 peccata

1897 3178 2179 3233 hominibus
2203 3218 2217 3243 ,
2262 3191 2419 3246 neque
2463 3172 2621 3229 Pater
2669 3184 2827 3230 uester
2865 3174 3078 3230 dimittet
3121 3177 3257 3233 uobis
3295 3176 3485 3249 (Ibid,

1898 3272 1997 3338 ιι,
2029 3271 2141 3340 t5).
2171 3242 2302 3337 Quis
2337 3242 2451 3323 ἰιοε
2499 3266 2795 3335 dicit?Qui
2833 3268 2937 3324 scit
2981 3267 3109 3339 quid
3158 3267 3229 3324 ibi
3279 3242 3486 3341 ipsi;

1898 3363 2038 3436 quod
2087 3372 2140 3417 ttt
2185 3362 2401 3417 adstans
2442 3361 2598 3433 petis.
2642 3358 2778 3414 Vide
2826 3358 2969 3430 quod
3012 3360 3183 3416 voluit
3213 3375 3334 3417 esse
3374 3360 3490 3431 ipse

1899 3456 2187 3511 advocatus
2216 3463 2336 3510 tuus
2369 3470 2383 3508 :
2416 3452 2529 3524 ipse
2552 3451 2893 3522 jurispcritus
2933 3460 3074 3520 tuus,
3106 3453 3226 3525 ipse
3247 3469 3491 3513 assessor

1900 3546 2109 3613 Patris,
2162 3547 2278 3616 ipse
2313 3544 2474 3616 judex
2524 3553 2646 3599 tuus
2671 3544 2845 3612 dixit,
2875 3545 3043 3601 Aliter
3087 3542 3194 3602 non
3236 3547 3489 3617 accipies.

1901 3638 2037 3708 Quid
2078 3636 2318 3692 facturus
2350 3638 2450 3692 es?
2481 3635 2597 3691 Non
2629 3646 2976 3706 accepturus,
3005 3637 3052 3692 si
3080 3653 3185 3693 non
3210 3637 3488 3706 dicturus;

1904 3749 2011 3789 non
2040 3739 2356 3801 accepturus
2376 3770 2401 3798 λ
2427 3731 2470 3784 si
2504 3730 2695 3785 falsum
2720 3728 2983 3785 dicturus.
3016 3729 3160 3802 Ergo
3186 3740 3279 3787 aut
3320 3730 3492 3791 iactu-

1903 3841 1996 3881 rus
2021 3833 2075 3880 et
2099 3823 2373 3890 dicturus,
2416 3831 2509 3877 aut
2550 3821 2692 3893 quod
2732 3821 2868 3894 petis
2917 3837 3026 3878 non
3065 3823 3490 3894 promeritam;

1905 3919 2027 3992 quia
2070 3918 2161 3989 qui
2200 3917 2302 3972 hoc
2330 3931 2435 3972 non
2466 3914 2705 3983 faciunt,
2748 3916 2802 3970 in
2831 3916 3009 3977 usuris
3034 3917 3138 3974 illis
3165 3925 3291 3974 sunt
3315 3917 3493 3977 matis.

1907 4012 2025 4068 Sint
2056 4011 2126 4065 ibi
2170 4011 2244 4066 illi
2272 4011 2360 4082 qui
2391 4009 2567 4067 adhuc
2609 4009 2747 4065 idola
2787 4018 2881 4065 aut
2921 4010 3185 4079 adorant,
3227 4019 3322 4067 aut
3346 4025 3497 4082 qua-

1907 4113 2060 4168 runt;
2090 4102 2195 4156 ttoli
2228 4110 2303 4164 tu,
2330 4101 2476 4171 plebs
2503 4100 2618 4167 Dei,
2647 4100 2781 4168 noli,
2807 4100 2957 4171 plebs
2980 4101 3201 4169 Christi,
3228 4102 3359 4168 noli,
3377 4117 3498 4161 oor-

1909 4208 2007 4265 pus
2052 4192 2192 4257 illius
2235 4192 2450 4260 capitis.
2493 4191 2725 4251 Attende
2755 4192 3020 4247 vinculum
3051 4192 3197 4261 pacis
3227 4201 3365 4258 tute,
3411 4198 3498 4248 at—

1912 4287 2069 4342 tende
2102 4286 2422 4355 promissutn
2451 4285 2574 4339 vita:
2602 4294 2725 4340 ttae.
2770 4284 2907 4353 Quid
2937 4286 3081 4340 enim
3106 4284 3215 4340 tibi
3246 4284 3496 4355 prodest,

1910 4379 2029 4449 quia
2070 4378 2236 4449 exigis
2266 4376 2484 4447 injurias
2513 4391 2645 4446 quas
2678 4376 2938 4446 pertulisti
2967 4376 2991 4428 ‘i
3032 4375 3172 4433 Ultio
3201 4384 3255 4431 te
3282 4375 3502 4433 reiicit?

1911 4474 2051 4544 Ergo
2093 4472 2159 4528 de
2195 4470 2338 4527 malo
2372 4470 2545 4524 alieno
2585 4467 2880 4540 gaubebis?
2918 4467 3112 4523 Passus
3157 4482 3218 4524 es
3256 4468 3498 4535 malum,

1914 4562 2161 4638 ignosce;
2194 4581 2261 4623 ne
2286 4563 2391 4618 duo
2421 4560 2493 4637 (ὁ)
2516 4561 2653 4617 sitis.
2678 4559 2742 4615 Et
2772 4577 2874 4616 non
2900 4559 3082 4631 defecit
3106 4558 3169 4615 de
3192 4557 3373 4631 plateis
3390 4559 3504 4633 ejus

1914 4676 2069 4717 usura
2091 4669 2135 4713 et
2162 4657 2331 4721 datus.
3527 4638 3543 4650 ⁸

1986 4754 2073 4808 15.
2104 4750 2253 4825 [τινι-δ.
2285 4746 2502 4823 15-15.]
2533 4747 2656 4805 Ideo
2685 4761 2814 4821 ergo
2853 4754 2909 4802 tu
2950 4745 3230 4818 quacibus
3256 4746 3507 4807 solitudi-

1916 4861 2037 4901 nem
2064 4854 2116 4900 et
2150 4856 2372 4914 pennas,
2399 4840 2523 4898 ideo
2549 4856 2875 4908 murmuras,
2901 4839 3017 4896 btec
3040 4838 3183 4898 ferre
3204 4857 3309 4897 non
3331 4852 3502 4912 petes,

1915 4937 2391 4995 contradictionem
2432 4943 2487 4990 et
2529 4934 2861 5003 iniquitatem
2902 4933 3132 4991 civitatis
3174 4932 3351 5005 hujus.
3402 4933 3509 4991 Rc-

1917 5032 2132 5104 qttiesce
2158 5030 2210 5085 in
2240 5029 2322 5084 bis
2352 5029 2441 5100 qui
2468 5038 2643 5082 tecum
2672 5026 2813 5081 intus
2850 5033 3011 5092 sunt,
3045 5036 3100 5082 et
3128 5027 3236 5083 noli
3266 5040 3507 5096 quietem

1918 5126 2275 5199 solitudinem.
2326 5121 2463 5178 Audi
2490 5129 2543 5175 et
2586 5120 2654 5176 de
2691 5120 2821 5190 ipsis
2859 5121 2991 5191 quid
3033 5120 3211 5186 dicat,
3256 5119 3507 5185 Quoniam

1916 5223 1960 5277 si
1987 5219 2219 5276 inimicus
2242 5216 2587 5286 exprobrasset
2617 5214 2759 5268 mitti.
2789 5213 2856 5268 Et
2877 5214 3093 5284 quidem
3118 5214 3367 5281 superius
3378 5225 3508 5266 eoa-

1920 5313 2160 5368 turliatus
2188 5309 2379 5365 eratin
2410 5306 2794 5365 exercitatione
2820 5321 2917 5363 sua
2943 5322 2973 5361 a
3002 5320 3135 5360 voce
3170 5304 3371 5359 inimici
3398 5312 3453 5359 et
3475 5318 3506 5360 θ

1922 5403 2264 5465 tribulatione
2287 5400 2615 5469 peccatoris,
2657 5398 2797 5457 forte
2837 5400 2889 5457 in
2921 5399 3010 5454 illa
3035 5395 3251 5453 civitate
3278 5396 3505 5467 positus,

1919 5496 2146 5565 superba
2180 5493 2265 5547 illa
2311 5493 2548 5563 erigente
2587 5502 2782 5548 turrem
2828 5506 2945 5560 quae
2988 5489 3263 5549 submersa
3289 5496 3377 5542 est
3404 5488 3420 5520 ¹
3451 5494 3508 5545 ιιι

1921 5588 2286 5645 dividerentur
2314 5604 2500 5643 eorum
2544 5587 2734 5656 linguai
2764 5584 2910 5643 (Gen.
2940 5599 3026 5649 si,
3057 5583 3116 5655 ι)
3141 5599 3154 5635 :
3181 5582 3399 5638 attendo
3424 5583 3509 5639 in-

1985 5699 2003 5731 ι
2038 5697 2175 5755 edd.,
2200 5696 2440 5748 subuersa.
2488 5704 2544 5747 Αι
2576 5703 2704 5755 uss,
2744 5692 3008 5745 submersa.
3034 5689 3213 5743 alludit
3244 5690 3305 5743 ad
3341 5692 3390 5754 7.
3430 5691 3512 5759 to,

1920 5761 2193 5823 Submerge,
2221 5769 2313 5810 etc.

1988 5823 2061 5949 Et);
2099 5817 2200 5871 (id.
2227 5830 2381 5872 Tract.
2405 5823 2508 5894 7ju
2531 5827 2705 5884 Evang.
2730 5826 2882 5878 Joan.,
2908 5830 2957 5865 ιι.
2984 5817 3056 5869 Ii.

2011 5883 2039 5934 b
2096 5885 2325 5946 Subaud,
2345 5884 2477 5933 nam.

2011 5883 2060 5946 b)
2096 5885 2325 5946 Subaud,
2345 5883 2477 5933 muti.

2200 6058 2317 6071 διοδοιπ-
