4042 6484
595 406 702 466 659

595 532 678 579 tus
715 523 843 594 quid
881 536 1060 596 gemat
1100 537 1319 602 propter
1366 532 1601 603 pericula
1642 548 1673 591 a
1717 533 1862 592 falsis
1906 535 2176 594 fratribus.

595 612 845 680 Quoniam
871 618 915 671 si
959 618 1196 675 inimicus
1240 624 1589 693 exprobrasset
1627 626 1752 681 mihi
1776 667 1793 695 ,
1835 628 2182 684 sustinuissent

589 704 761 772 utique
780 721 800 759 :
826 715 872 761 et
895 708 939 762 si
964 708 1009 763 is
1031 711 1119 781 qui
1142 712 1319 767 oderat
1337 730 1416 769 me
1432 755 1448 783 ,
1476 732 1629 790 super
1666 734 1747 772 me
1773 735 1960 790 magna
1982 720 2179 777 locutus

587 795 782 865 fuisset,
807 796 859 853 id
888 808 991 867 est,
1015 816 1110 871 per
1134 806 1437 874 superbiam
1460 807 1592 862 mihi
1614 808 1937 876 insultasset,
1966 812 2175 882 magni-

587 886 772 942 licaret
798 903 858 946 se
876 905 1039 961 super
1061 910 1166 962 me,
1196 896 1491 954 minaretur
1519 899 1649 955 mihi
1672 900 1929 973 quidquid
1956 914 2170 973 posset:

583 977 942 1036 absconderem
964 1000 1045 1039 me
1068 986 1238 1056 utique
1258 987 1321 1042 ab
1341 1004 1418 1043 eo.
1446 989 1530 1045 Ab
1549 991 1639 1047 illo
1667 993 1757 1063 qui
1782 993 1911 1049 foris
1937 1003 2021 1051 εει
2039 1037 2052 1060 ,
2083 995 2174 1052 ubi

585 1076 634 1122 te
655 1069 1052 1130 absconderes?
1080 1075 1223 1133 lnter
1247 1079 1368 1134 illos
1383 1081 1472 1151 qui
1499 1080 1641 1138 intus
1656 1093 1800 1138 sunt.
1823 1084 1973 1140 Nunc
1993 1094 2170 1143 autem

582 1162 722 1229 vide,
740 1165 786 1219 si
814 1183 918 1223 non
939 1169 1070 1224 nihil
1091 1170 1234 1227 aliud
1254 1181 1440 1239 restat,
1469 1175 1570 1230 nisi
1594 1167 2005 1232 utsolitudinem
2032 1194 2171 1250 quae-

581 1270 689 1311 ras.
725 1256 802 1311 Tu
826 1274 960 1327 vero,
986 1261 1176 1332 inquit,
1197 1264 1347 1319 homo
1373 1268 1645 1331 unanimis,
1673 1268 1782 1323 dua:
1801 1287 1938 1325 mens
1952 1281 1999 1326 et
2019 1283 2169 1327 notus

582 1363 742 1404 meus.
772 1350 935 1408 Forte
961 1354 1251 1424 aliquando
1276 1356 1473 1413 bonum
1495 1361 1773 1417 consilium
1789 1362 2007 1433 dedisti,
2028 1365 2168 1421 forte

575 1438 862 1509 aliquando
881 1446 1199 1513 praecessisti
1221 1463 1326 1515 me,
1353 1458 1407 1504 et
1426 1450 1638 1509 salubre
1656 1453 1854 1525 aliquid
1876 1457 2163 1512 monuisti:

577 1527 631 1584 in
657 1529 901 1590 Ecclesia
921 1535 1017 1592 Dei
1042 1538 1200 1593 simul
1227 1538 1444 1598 fuimus.
1480 1543 1557 1599 Tu
1578 1562 1691 1601 vero
1717 1547 1865 1603 homo
1884 1551 2158 1618 unanimis,

573 1619 684 1676 dua:
707 1640 846 1679 meus
864 1636 914 1680 et
942 1636 1091 1684 notus
1120 1647 1261 1686 meus
1294 1648 1313 1686 :
1336 1634 1422 1703 qui
1452 1635 1605 1690 simul
1646 1654 1840 1692 mecum
1869 1639 2043 1696 dulces
2070 1658 2162 1695 ca-

572 1711 743 1780 piebas
768 1715 922 1771 cibos.
973 1716 1075 1787 Qui
1118 1728 1244 1775 sunt
1280 1720 1465 1779 dulces
1511 1725 1660 1781 cibi?
1700 1726 1817 1783 Non
1854 1744 2042 1786 omnes
2071 1732 2162 1801 qui

570 1801 764 1859 adsunt
788 1819 1051 1864 noverunt
1075 1827 1090 1876 ;
1134 1811 1228 1867 sed
1256 1829 1365 1870 non
1384 1817 1677 1874 amaricent
1708 1820 1724 1851 ¹
1752 1822 1843 1892 qui
1872 1833 2157 1891 noverunt,

569 1901 628 1948 ut
650 1898 854 1964 possint
893 1900 999 1955 illis
1025 1903 1115 1973 qui
1153 1904 1330 1962 adhuc
1359 1922 1465 1963 non
1502 1922 1765 1967 noverunt
1793 1913 1972 1971 dicere
2004 1936 2018 1971 :
2052 1915 2161 1973 Gu-

567 1994 732 2056 state,
771 1998 820 2043 et
856 1993 1053 2061 videte,
1102 1998 1340 2064 quoniam
1377 1999 1539 2055 dulcis
1581 2012 1655 2057 est
1693 2002 1940 2061 Dominus
1982 2007 2156 2077 (Psal.

566 2092 728 2133 xxxm
750 2121 765 2146 ,
790 2080 866 2152 9).
915 2083 1016 2151 Qui
1043 2086 1197 2143 simul
1231 2106 1424 2144 mecum
1450 2092 1623 2149 dulces
1651 2097 1881 2165 capiebas
1908 2098 2060 2154 cibos.
2092 2100 2159 2156 In

565 2166 717 2223 domo
746 2169 843 2225 Dei
866 2174 1233 2234 ambulauimus
1255 2196 1371 2235 cum
1394 2198 1661 2238 consensu.
1708 2184 1861 2243 Unde
1890 2204 2017 2259 ergo
2043 2191 2157 2247 dis-

564 2259 745 2316 sensio
771 2260 892 2336 (a)?
916 2265 1016 2334 Qui
1043 2267 1189 2323 intus
1207 2280 1342 2340 erat,
1375 2271 1503 2329 foris
1529 2274 1698 2333 factus
1723 2286 1824 2333 est.
1858 2281 2157 2339 Ambulavit

563 2365 773 2408 mecum
814 2356 867 2410 in
906 2357 1068 2414 domo
1109 2361 1201 2417 Dei
1229 2378 1352 2419 cum
1389 2380 1697 2425 consensu:
1728 2372 1888 2427 aliam
1935 2374 2153 2433 domum

563 2442 736 2509 erexit
767 2454 955 2503 contra
993 2450 1211 2508 domum
1242 2455 1356 2510 Dei.
1396 2456 1573 2524 Quare
1599 2461 1688 2517 illa
1714 2463 1898 2520 relicta
1927 2475 2030 2534 est,
2062 2469 2152 2525 ubi

562 2530 951 2593 ambulavimus
975 2554 1095 2596 cum
1137 2549 1450 2603 consensu?
1494 2565 1658 2621 quare
1695 2552 1782 2608 illa
1809 2554 2019 2612 deserta
2048 2569 2149 2626 est,

540 2623 652 2679 ubi
679 2624 864 2683 dulces
891 2630 1047 2686 simul
1070 2635 1412 2704 capiebamus
1439 2641 1628 2697 cibos?

632 2714 720 2772 16.
749 2716 901 2791 [vers.
925 2723 1037 2797 16.]
1077 2725 1253 2783 Veniat
1281 2747 1416 2787 mors
1436 2751 1589 2805 super
1607 2752 1693 2791 eos
1715 2777 1731 2804 ,
1756 2748 1822 2816 _et
1845 2740 2152 2800 descendant

557 2804 629 2859 ad
654 2807 917 2891 infernum
944 2814 1179 2872 viventes.
1209 2819 1325 2888 Quo
1352 2804 1512 2880 modo
1532 2812 1808 2896 replicavit
1832 2840 1887 2885 et
1911 2835 2149 2891 recolere

557 2882 663 2955 nos
685 2900 808 2957 fecit
833 2906 1060 2975 primum
1084 2909 1211 2965 illud
1235 2913 1539 2972 schismatis
1569 2917 1777 2974 initium
1800 2962 1815 2987 ,
1848 2925 2061 2993 quando
2093 2928 2146 2982 in

557 2988 649 3045 illo
692 2993 866 3062 primo
901 2999 1100 3068 populo
1139 3000 1447 3058 Judaeorum
1486 3007 1699 3077 quidam
1725 2988 1943 3082 superbi
1969 3032 2027 3070 se
2056 3032 2144 3072 se-

556 3094 900 3153 paraverunt,
927 3097 981 3142 et
1005 3101 1154 3145 extra
1180 3093 1480 3151 sacriﬁcare
1496 3098 1796 3156 voluerunt.
1834 3103 1978 3160 Nova
2001 3125 2146 3166 muns

555 3184 719 3241 super
746 3188 840 3230 eos
875 3178 1022 3233 venit
1049 3196 1062 3232 :
1087 3184 1294 3251 aperuit
1317 3200 1377 3240 se
1400 3194 1542 3242 terra
1567 3230 1583 3255 ,
1615 3200 1668 3246 et
1699 3193 1847 3249 vivos
1871 3196 2146 3257 absorbuit

557 3257 749 3332 (Num.
780 3281 865 3321 xvt
888 3310 903 3334 ,
940 3271 1111 3341 1-35).
1161 3271 1377 3343 Veniat,
1405 3277 1608 3350 inquit,
1632 3299 1767 3341 mors
1784 3303 1938 3358 super
1961 3307 2066 3357 eos,
2096 3305 2144 3349 et

556 3352 863 3411 descendant
889 3360 959 3414 ad
982 3362 1239 3434 infernum
1268 3367 1498 3424 viventes.
1545 3372 1680 3440 Quid
1708 3386 1824 3443 est,
1878 3380 2142 3441 viventes?
2222 3392 2225 3397 ’

522 3450 527 3455 ’
555 3444 796 3531 Scientes
822 3452 942 3520 quia
966 3466 1224 3523 pereunt,
1258 3469 1307 3514 et
1339 3469 1513 3518 tamen
1543 3478 1844 3535 pereuntes.
1886 3472 2023 3530 Audi
2054 3478 2139 3533 vi-

550 3522 738 3594 ventes
757 3544 932 3612 perire
960 3554 1014 3601 et
1041 3547 1316 3606 absorberi
1343 3553 1489 3610 hiatu
1508 3565 1662 3613 terra:
1679 3600 1696 3627 ,
1726 3562 1776 3616 id
1803 3574 1884 3619 est
1909 3567 2133 3626 devora-

494 3666 501 3671 .
554 3629 700 3686 tione
746 3641 1079 3692 terrenarum
1126 3642 1473 3711 cupiditatum
1520 3649 1814 3710 absorberi.
1868 3658 2006 3715 Dicis
2034 3660 2136 3717 ho-

550 3721 680 3777 mini
712 3741 723 3776 :
755 3725 892 3793 Quid
924 3732 1160 3798 pateris,
1210 3734 1410 3791 frater?
1456 3738 1670 3798 Fratres
1698 3760 1915 3815 sumus,
1969 3769 2133 3812 unum

550 3812 719 3868 Deum
750 3817 1078 3889 invocamus,
1107 3824 1158 3879 in
1184 3843 1343 3882 unum
1366 3829 1634 3888 Christum
1655 3838 1945 3909 credimus,
1970 3860 2133 3904 unum

520 3901 895 3975 [Evangelium
944 3910 1229 3983 audimus,
1280 3934 1443 3975 unum
1500 3922 1767 3981 Psalmum
1820 3941 2131 4006 cantamus,

515 4014 525 4023 »
549 4006 715 4049 unum
735 3998 903 4055 Amen
921 4005 1329 4076 respondemus,
1359 4026 1521 4068 unum
1543 4015 1763 4074 Alleluia
1791 4037 2128 4100 resonamus,
2206 4022 2213 4027 ’

546 4099 712 4141 unum
740 4089 941 4147 Pascha
972 4095 1304 4156 celebramus
1338 4120 1351 4157 :
1379 4104 1505 4173 quid
1550 4116 1605 4161 tu
1644 4109 1772 4167 foris
1813 4131 1872 4170 es
1893 4159 1908 4186 ,
1956 4129 2010 4175 et
2030 4089 2131 4194 ego

544 4173 688 4232 intus
702 4177 818 4234 suin
836 4181 860 4234 ?
879 4182 1195 4268 Plerumque
1211 4203 1520 4263 angustatus
1535 4207 1587 4252 et
1608 4204 1954 4265 considerans
1969 4173 2127 4282 quain

543 4280 670 4323 vera
697 4269 941 4330 dicantur
965 4318 979 4342 ,
1011 4276 1220 4359 Reddat
1239 4325 1254 4349 ,
1285 4285 1377 4348 ait,
1422 4287 1562 4343 Deus
1588 4293 1877 4363 majoribus
1906 4269 2122 4361 nostris.

510 4362 515 4369 '
541 4357 683 4431 Ergo
706 4363 858 4419 vivus
884 4369 1039 4437 perit.
1074 4357 1274 4430 Deinde
1299 4376 1449 4432 addis
1473 4390 1526 4434 et
1548 4357 1732 4440 mones
1759 4403 1773 4439 :
1805 4386 2002 4447 Saltem

540 4449 649 4505 lum
673 4454 741 4508 sit
766 4457 962 4512 malum
994 4468 1406 4534 segregationis,
1435 4487 1532 4525 cur
1553 4474 1795 4547 adjungis
1815 4491 1870 4536 et
1889 4483 2123 4557 rebapti-

538 4545 810 4602 zationis?
857 4551 1101 4620 Agnosoe
1136 4557 1191 4611 in
1232 4575 1318 4615 me
1346 4563 1487 4632 quod
1531 4545 1737 4636 habes;
1779 4583 1834 4627 et
1873 4577 1917 4630 si
1954 4545 2123 4639 tu-me

535 4638 729 4705 odisti,
775 4637 987 4729 Christo
1023 4644 1076 4700 in
1112 4663 1199 4704 me
1225 4666 1405 4721 parce.
1450 4654 1519 4710 Et
1547 4656 1650 4715 hoc
1673 4662 1752 4716 eis
1778 4666 1974 4723 malum
2005 4637 2121 4740 ple;

537 4745 762 4804 rumque
787 4745 842 4799 et
860 4723 1100 4827 maxime
1142 4742 1387 4814 displicet
1414 4765 1428 4803 :
1458 4749 1628 4816 Vere,
1674 4755 1952 4827 inquiunt,
1983 4723 2120 4822 male

537 4821 632 4886 fit;
661 4825 857 4881 utinam
880 4841 1059 4900 posset
1085 4822 1191 4889 non
1216 4835 1363 4892 fieri!
1396 4840 1489 4895 sed
1517 4843 1641 4913 quid
1668 4821 1891 4905 facimus
1917 4821 1984 4909 de
2010 4867 2120 4914 sta-

535 4915 664 4969 tutis
700 4918 959 4988 majorum
1004 4929 1354 4982 nostrorum?
1400 4929 1721 4990 Descendunt
1758 4939 1829 4992 ad
1864 4942 2117 5013 infernum

529 5008 767 5062 viventes.
793 5008 848 5064 Si
876 5023 1117 5073 mortuus
1142 5017 1514 5089 descenderes,
1544 5027 1668 5095 quid
1693 5044 1877 5099 ageres
1906 5033 2117 5103 ignora-

528 5113 617 5153 res
643 5115 657 5152 :
683 5114 807 5154 cum
831 5116 960 5156 vero
984 5107 1088 5160 scis
1115 5109 1312 5164 malum
1340 5126 1461 5168 esse
1478 5116 1620 5185 quod
1656 5116 1786 5175 facis
1806 5162 1821 5185 ,
1851 5133 1902 5178 et
1936 5135 2111 5185 tamen

528 5191 696 5257 facis;
743 5208 923 5251 nonne
948 5196 1098 5253 vivus
1134 5199 1414 5261 descendis
1441 5206 1509 5262 ad
1555 5209 1792 5267 inferos?
1839 5215 1904 5270 Et
1950 5233 2113 5287 quare

525 5290 759 5347 maxime
806 5293 1155 5363 ipsos'duces
1198 5309 1354 5356 terrae
1403 5302 1574 5358 hiatus
1622 5307 1899 5365 absorbuit
1939 5312 2108 5383 vivos,

525 5385 776 5454 populum
826 5395 1002 5443 autem
1049 5389 1154 5446 illis
1196 5394 1615 5451 censentientem
1657 5415 1687 5453 e
1715 5402 1854 5457 caelo
1901 5404 2108 5463 irruens

522 5472 661 5540 ignis
687 5476 983 5548 absumpsit
1026 5479 1209 5551 (Ibid.,
1238 5482 1365 5551 47)?
1386 5484 1667 5556 Propterea
1716 5491 1852 5548 hanc
1897 5511 2106 5564 poenam

521 5572 947 5625 commemorans
977 5562 1212 5641 psalmus
1253 5574 1351 5630 iste
1373 5616 1387 5639 ,
1433 5591 1461 5629 a
1501 5581 1693 5648 popqu
1716 5585 1912 5655 coepit,
1958 5602 2007 5642 et
2039 5589 2106 5645 ad

525 5652 690 5711 duces
727 5661 1009 5716 conclusit.
1050 5660 1229 5719 Veniat
1253 5682 1388 5721 mors
1409 5683 1561 5739 super
1582 5688 1664 5725 eos
1691 5714 1705 5739 ,
1740 5652 1957 5747 propter
1984 5680 2105 5738 illos

1825 422 1884 480 S.
1924 417 2292 480 AUGUSTINI
2331 423 2633 487 EPIMOPI

3766 459 3890 520 ειο

2293 538 2459 608 dixit,
2489 558 2651 616 super
2673 561 2809 618 quos
2835 548 2980 607 venit
3011 534 3242 624 ignisde
3267 559 3408 618 αειο
3438 579 3454 617 :
3480 572 3539 620 et
3567 570 3747 627 statim
3768 570 3883 629 Id-

2278 632 2471 703 junxit,
2506 635 2823 696 Descendunt
2840 642 2909 696 ad
2926 644 3181 717 infernum
3205 651 3441 722 niueum,
3460 671 3680 730 propter
3700 664 3881 724 duces

2283 738 2416 792 quos
2448 734 2602 783 terra:
2640 728 2815 787 hiatus
2838 734 3132 795 absorbuit.
3182 740 3316 799 Nam
3343 728 3614 816 quomodo
3638 753 3879 815 descen-

2214 840 2227 895 Ιι
2256 815 2472 879 ,ἀει-ειη
2489 820 2554 875 ad
2583 822 2851 881 infernum
2876 829 3144 901 viventes,
3172 834 3241 892 de
3266 815 3461 909 quibus
3486 843 3726 915 dixerat,
3766 848 3878 907 Ve-

2280 909 2387 962 niat
2412 927 2549 967 mors
2572 932 2726 987 super
2752 919 2879 973 eos?
2917 923 2963 977 si
2988 923 3100 993 jam
3128 941 3291 999 super
3326 947 3423 988 eos
3451 950 3596 992 mors
3621 954 3872 1010 venerat.

2278 1004 2545 1071 quomodo
2570 1007 2674 1063 vivi
2708 1010 2776 1066 ad
2805 1012 3007 1072 inferos
3046 1017 3489 1083 descendebant?
3537 1030 3679 1103 Ergo
3705 1048 3739 1090 a

2277 1096 2497 1153 noribus
2522 1103 2701 1172 coepit,
2734 1104 2801 1159 ad
2829 1107 3059 1179 majores
3087 1115 3370 1172 conclusit.
3412 1119 3593 1177 Veniat
3610 1096 3757 1182 iners
3778 1146 3875 1184 su-

2275 1205 2366 1257 per
2389 1207 2473 1246 eos
2494 1235 2510 1259 ,
2540 1195 2627 1264 qui
2651 1211 3039 1258 consenserunt
3064 1215 3119 1261 et
3143 1213 3412 1268 consecuti
3439 1225 3582 1273 sunt.
3627 1219 3768 1288 Quid
3789 1222 3872 1280 illi

2273 1280 2438 1339 duces
2466 1294 2520 1340 et
2542 1289 2856 1360 principes?
2883 1294 3203 1356 Descendunt
3223 1305 3293 1357 ad
3319 1306 3576 1379 infernum
3846 1333 3872 1372 :

2271 1377 2394 1445 quia
2426 1378 2525 1450 ipsi
2553 1381 2858 1456 Scripturas
2889 1397 3156 1460 tractant,
3190 1405 3245 1451 et
3273 1377 3537 1458 noverunt
3560 1404 3705 1462 bene
3727 1423 3869 1480 quo-

2272 1466 2398 1523 tidie
2436 1469 2662 1541 legendo
2703 1479 2972 1547 quomodo
3003 1481 3243 1541 Ecclesia
3272 1491 3533 1548 catholica
3564 1511 3662 1565 per
3686 1466 3865 1556 tolum

2242 1557 2456 1625 gorbem
2499 1572 2759 1621 terrarum
2807 1569 2878 1624 ita
2907 1571 3095 1629 dill‘usa
3138 1587 3259 1645 est,
3311 1591 3366 1636 ut
3391 1557 3613 1642 omnino
3637 1600 3862 1648 contra-

2266 1652 2431 1711 dictio
2453 1660 2627 1715 omnis
2652 1672 2836 1730 vacet,
2886 1681 2986 1722 nec
3013 1669 3237 1728 inveniri
3266 1677 3432 1744 possit
3454 1680 3671 1751 aliquod
3707 1686 3861 1742 testi-

2267 1748 2505 1803 monium
2535 1767 2630 1819 pro
2658 1753 2948 1814 schismate
2971 1768 3159 1818 eorum
3180 1805 3196 1828 ,
3225 1778 3487 1825 noverunt
3514 1748 3684 1838 bene;
3732 1776 3860 1834 ideo

2265 1841 2331 1896 ad
2379 1842 2579 1901 inferos
2617 1848 2860 1906 viventes
2903 1851 3268 1924 descendunt,
3312 1861 3435 1929 quia
3477 1866 3676 1922 malum
3708 1869 3857 1939 quod

2264 1932 2483 2001 faciunt,
2513 1937 2710 1995 malum
2731 1956 2851 1997 esse
2874 1956 3159 2001 noverunt.
3188 1949 3312 2005 lllos
3329 1962 3506 2009 autem
3530 1955 3730 2015 divinae
3750 1962 3857 2017 ira-

2263 2026 2471 2081 cundiae
2502 2031 2518 2060 ¹
2547 2030 2683 2100 ignis
2711 2033 3024 2105 absumpsit.
3077 2038 3267 2096 Studio
3307 2046 3450 2100 enim
3477 2052 3846 2110 contentionis

2262 2122 2514 2187 accensi,
2559 2138 2588 2176 a
2621 2124 2841 2182 ducibus
2882 2129 2993 2184 suis
3031 2132 3188 2188 malis
3216 2136 3472 2195 recedere
3516 2142 3849 2202 noluerunt:

2262 2212 2406 2263 vcnit
2436 2226 2598 2283 super
2627 2214 2804 2285 ignem
2835 2217 2970 2288 ignis
2989 2261 3003 2283 ,
3036 2236 3198 2293 super
3222 2226 3471 2284 ardorem
3498 2231 3857 2294 dissensionis

2260 2300 2421 2356 ardor
2443 2306 2888 2375 consumptionis.
2952 2309 3132 2367 Veniat
3165 2332 3301 2373 mors
3327 2335 3481 2390 super
3509 2323 3625 2379 illos
3644 2367 3658 2385 .
3687 2336 3737 2380 et
3759 2329 3853 2384 de.

2232 2391 2505 2453 scendunt
2530 2394 2601 2448 ad
2641 2396 2897 2468 infernum
2940 2402 3179 2460 uiuentes.
3235 2407 3487 2475 Quoniam
3527 2417 3753 2486 nequitia
3794 2419 3853 2476 ire

2258 2479 2489 2550 hospitiis
2508 2499 2698 2552 eorum,
2726 2489 2779 2541 in
2808 2489 2970 2544 medio
2990 2507 3181 2549 eorum.
3211 2494 3277 2549 In
3307 2498 3556 2568 hospitiis,
3582 2479 3666 2559 ubi
3724 2522 3854 2578 per-

2256 2573 2572 2640 egrinantur
2605 2586 2660 2632 et
2696 2587 2990 2637 transeunt.
3017 2582 3133 2640 Non
3164 2588 3304 2643 enim
3336 2590 3421 2647 hic
3441 2607 3653 2665 semper
3680 2573 3852 2659 futuri

2226 2674 2380 2719 .sunt
2412 2683 2424 2719 :
2453 2676 2507 2721 et
2551 2677 2725 2725 tamen
2777 2687 2875 2739 pro
2921 2675 3258 2735 animositate
3303 2686 3577 2752 temporali
3619 2688 3699 2746 sic
3741 2706 3849 2761 pu-

2254 2765 2437 2824 gnant.
2482 2756 2549 2812 In
2575 2760 2805 2830 hospitiis
2839 2778 2967 2834 ergo
2989 2782 3163 2855 eorum
3195 2769 3457 2841 iniquitas,
3489 2776 3542 2830 in
3568 2756 3849 2837 medio-eo-

2254 2863 2366 2900 rum
2396 2848 2647 2921 iniquitas
2677 2870 2691 2906 :
2724 2854 2929 2910 nullum
2962 2864 3067 2913 tam
3094 2848 3327 2917 medium
3352 2879 3536 2922 eorum
3560 2884 3723 2939 quam
3750 2887 3849 2930 cor

2252 2953 2460 2995 eorum.

2324 3032 2411 3086 l7.
2446 3031 2596 3107 [verm
2634 3034 2744 3110 17.]
2772 3035 2885 3107 Ego
2904 3039 2974 3093 ad
2997 3039 3270 3099 Dominum
3304 3047 3603 3108 exclamaui.
3629 3014 3847 3130 Corpus

2249 3120 2446 3177 Christi
2476 3132 2530 3181 et
2555 3126 2732 3203 unitas
2753 3126 2950 3185 Christi
2980 3131 3032 3186 in
3062 3148 3259 3204 angore
3279 3177 3294 3201 ,
3336 3137 3388 3192 in
3419 3140 3576 3197 taedio
3598 3186 3615 3210 ,
3646 3146 3699 3201 in
3724 3120 3846 3204 mo.

2220 3284 2227 3287 _
2251 3215 2399 3270 lestia
2424 3258 2440 3284 ,
2466 3217 2518 3272 in
2545 3220 2954 3278 conturbatione
2981 3225 3379 3285 exercitationis
3406 3247 3553 3301 suae;
3583 3236 3672 3292 ille
3697 3255 3845 3299 unus

2250 3305 2452 3373 homo,
2504 3309 2555 3364 in
2597 3297 2702 3365 uno
2741 3327 2970 3383 corpore
3013 3318 3180 3386 posita
3212 3320 3425 3388 unitas,
3464 3297 3584 3382 cum
3614 3329 3843 3391 truderet

2247 3399 2477 3469 animam
2522 3401 2638 3471 ejus
2684 3404 2991 3462 exclamans
3025 3423 3054 3461 a
3100 3408 3296 3467 ﬁnibus
3335 3421 3489 3470 terra:
3518 3434 3533 3472 :
3559 3417 3603 3470 Α
3645 3421 3844 3488 ﬁnibus

2246 3498 2393 3545 terra
2414 3491 2483 3544 ad
2510 3500 2558 3548 te
2581 3493 2795 3549 clamavi
2814 3537 2829 3562 ,
2876 3496 3076 3567 inquit,
3114 3517 3229 3555 cum
3253 3516 3525 3574 angeretur
3548 3524 3639 3563 cor
3665 3528 3841 3570 meum

2249 3580 2419 3653 (Psal.
2456 3601 2542 3651 ωε,
2569 3586 2652 3656 5).
2705 3586 2824 3657 lpse
2863 3606 2999 3647 unus
3021 3633 3036 3658 ,
3075 3593 3168 3649 sed
3212 3595 3387 3652 unitas
3422 3615 3559 3656 unus
3589 3620 3603 3656 :
3632 3613 3686 3658 ct
3718 3605 3841 3676 ipse

2242 3691 2380 3731 unus
2405 3717 2420 3742 ,
2454 3692 2561 3732 non
2584 3677 2635 3732 in
2659 3694 2765 3733 uno
2786 3680 2904 3736 loco
2929 3698 3067 3738 unus
3089 3726 3106 3752 ,
3136 3686 3230 3742 sed
3252 3703 3284 3743 a
3309 3688 3502 3746 finibus
3528 3702 3685 3751 teme
3713 3698 3835 3753 cla-

2241 3775 2353 3821 mat
2393 3783 2549 3823 unus.
2590 3768 2868 3835 Quomodo
2894 3786 2923 3825 a
2953 3773 3146 3831 finibus
3174 3785 3332 3834 terra;
3376 3780 3629 3841 clamaret
3660 3801 3831 3858 unus,

2240 3858 2342 3912 nisi
2386 3858 2439 3912 in
2471 3860 2650 3914 multis
2677 3870 2820 3916 esset
2849 3863 3031 3918 unus?
3078 3864 3191 3937 Ego
3228 3869 3299 3922 ad
3335 3868 3609 3929 Dominum
3647 3880 3832 3935 excla-

2238 3951 2391 4003 maui.
2443 3949 2628 4005 Recte.
2663 3951 2742 4006 Tu
2773 3954 3013 4009 exclama
3045 3956 3109 4012 ad
3140 3958 3419 4018 Dominum
3439 4006 3455 4030 ,
3487 3968 3591 4023 noli
3616 3969 3682 4024 ad
3716 3971 3832 4028 Do-

2238 4051 2458 4108 natum;
2511 4057 2578 4096 ue
2620 4042 2714 4098 tibi
2764 4045 2834 4099 sit
2878 4061 2977 4117 pro
3005 4046 3232 4105 Domino
3260 4053 3545 4125 dominus,
3591 4061 3685 4131 qui
3723 4065 3832 4122 sub

2235 4134 2463 4190 Domino
2495 4135 2664 4190 noluit
2689 4152 2809 4193 esse
2842 4153 3154 4197 conservus.
3192 4143 3306 4217 Ego
3334 4149 3404 4203 ad
3431 4148 3707 4209 Dominum
3736 4174 3830 4213 w-

2233 4227 2449 4281 clamavi
2476 4242 2496 4280 :
2519 4237 2568 4280 et
2590 4226 2831 4283 Dominus
2849 4232 3103 4286 exaudivit
3128 4252 3224 4289 me.

2306 4318 2393 4373 18.
2427 4317 2580 4391 [vers.
2606 4318 2715 4392 l8.]
2756 4319 3004 4392 Vespere,
3048 4334 3098 4378 et
3133 4342 3313 4395 mane,
3343 4338 3389 4384 et
3409 4333 3647 4400 meridie,
3671 4353 3830 4394 enar-

2229 4410 2352 4465 rabo
2371 4451 2386 4477 ,
2410 4420 2455 4464 et
2480 4413 2809 4480 annuntiabo,
2833 4424 2880 4468 et
2899 4415 3135 4472 exaudiet
3162 4433 3330 4474 vocem
3350 4438 3531 4480 meam.
3563 4426 3827 4502 Evange-

2200 4564 2203 4569 ί
2232 4502 2330 4557 liza
2360 4512 2435 4563 tu,
2468 4502 2573 4556 noli
2604 4512 2779 4559 tacere
2799 4512 2851 4559 tu
2879 4506 3019 4574 quod
3050 4511 3320 4580 accepisti,
3343 4529 3562 4583 uespere,
3585 4518 3655 4575 de
3680 4536 3828 4591 prae.

2227 4593 2437 4658 teritis;
2477 4610 2629 4648 mane
2650 4634 2665 4659 ,
2694 4593 2762 4650 de
2801 4595 3033 4664 futuris;
3079 4601 3321 4670 meridie,
3353 4603 3420 4660 de
3447 4609 3822 4678 sempiternis.

2226 4683 2355 4741 Ideo
2383 4684 2448 4740 ad
2480 4684 2530 4738 id
2556 4684 2698 4755 quod
2722 4686 2831 4751 ait,
2872 4704 3075 4759 uespere
3093 4731 3109 4754 ,
3139 4693 3373 4763 pertinet
3391 4698 3534 4767 quod
3560 4713 3820 4762 enarrat:

2225 4776 2293 4832 ad
2323 4776 2374 4830 id
2403 4775 2545 4846 quod
2569 4777 2682 4842 ait,
2726 4795 2877 4833 mane
2897 4820 2913 4846 ,
2952 4781 3182 4850 pertinet
3208 4784 3351 4853 quod
3385 4791 3665 4847 annuntiat
3697 4810 3713 4847 :
3747 4794 3823 4852 ad

2224 4867 2275 4922 id
2305 4866 2443 4937 quod
2474 4867 2585 4932 ait,
2628 4869 2875 4937 meridie,
2925 4872 3157 4941 pertinet
3201 4876 3342 4946 quod
3389 4883 3670 4939 exauditur
3710 4903 3822 4946 vox

2223 4960 2358 5029 ejus.
2416 4960 2559 5015 Finis
2579 4962 2718 5015 enim
2750 4961 2802 5015 in
2833 4964 3058 5019 meridie
3078 4975 3161 5021 est
3179 5008 3194 5032 ,
3225 4966 3320 5024 sed
3346 4969 3489 5027 unde
3513 4988 3618 5029 non
3640 4974 3821 5034 decli-

2222 5061 2378 5108 natur
2401 5052 2453 5107 in
2482 5067 2751 5109 occasum.
2799 5053 2857 5109 lu
2905 5056 3128 5112 meridie
3153 5059 3295 5115 enim
3337 5062 3424 5118 lux
3466 5067 3675 5122 excelsa
3702 5077 3818 5138 cst,

2220 5142 2474 5213 splendor
2525 5144 2820 5213 sapientim,
2875 5145 3052 5202 fervor
3095 5148 3416 5208 dilectionis.
3480 5153 3720 5228 Vespere,
3761 5170 3818 5215 es

2218 5249 2381 5297 mane,
2415 5241 2462 5287 et
2482 5235 2708 5288 meridie.
2740 5235 2971 5306 Vespere
2994 5236 3251 5297 Dominus
3272 5242 3327 5297 in
3355 5260 3532 5311 cruce,
3566 5263 3727 5306 mane
3753 5251 3815 5309 ia

2218 5326 2627 5394 resurrectione,
2651 5328 2872 5384 meridie
2894 5330 2947 5384 in
2976 5333 3289 5392 ascensione
3320 5353 3335 5390 :
3367 5352 3561 5395 enarro
3579 5356 3817 5413 vespere

2216 5419 2523 5487 patientiam
2573 5422 2849 5477 morientis
2871 5464 2885 5487 ,
2938 5426 3200 5482 annuntio
3237 5444 3396 5485 mane
3429 5432 3592 5487 vitam
3616 5449 3817 5493 resur-

2214 5511 2414 5582 gentis,
2465 5510 2630 5566 orabo
2657 5522 2713 5567 ut
2750 5514 2999 5570 exaudiat
3038 5518 3271 5575 meridie
3305 5523 3500 5578 sedens
3527 5524 3593 5580 ad
3614 5525 3819 5586 dexte-

2212 5616 2325 5654 ram
2345 5600 2514 5654 Patris
2537 5618 2552 5666 ;
2579 5603 2826 5659 exaudiet
2852 5619 3037 5661 vocem
3066 5621 3239 5664 meam
3261 5612 3350 5681 qui
3372 5612 3678 5685 interpellat
3705 5633 3817 5689 pro

2211 5692 2364 5747 nobis
2392 5690 2569 5761 (Rom.
2596 5708 2709 5760 vm,
2739 5696 2851 5765 54).
2881 5697 3088 5765 Quanta
3119 5698 3279 5771 hujus
3294 5705 3578 5773 securitas,
3598 5722 3811 5776 quanta

2209 5783 2509 5840 consolatio
2528 5827 2542 5851 ,
2583 5796 2778 5856 quanta
2807 5785 3033 5845 refectio
3063 5807 3094 5845 a
3121 5792 3558 5861 pusillanimitate
3581 5806 3636 5854 et
3662 5810 3813 5859 tem-

2272 5882 3640 5995 *Omnestns.,dedivittairaamdiaiqttisabsmpstt.
