4042 6502
137 426 236 487 611Δ
1216 403 1615 465 ENARRATIO
1652 399 1718 457 IN
1757 399 2082 462 PSALMUM
2119 405 2254 463 LIV.

138 545 334 614 pestate,
359 541 548 589 contra
567 529 759 594 malos,
781 533 966 583 contra
988 523 1196 595 iniquos
1215 530 1269 578 et
1298 519 1428 575 foris
1456 527 1509 574 et
1530 517 1692 580 intus,

137 645 178 693 et
200 635 246 689 in
271 631 352 685 his
372 629 463 698 qui
486 625 618 681 foris
643 632 787 686 sunt,
819 635 940 677 cum
966 618 1192 718 fuissent
1216 614 1390 718 intus}
1443 704 1454 716 .

193 723 272 780 l9.
300 720 451 795 [verm
479 712 593 788 19.]
619 713 820 784 Itaque,
839 710 1030 765 fratres
1054 709 1180 775 mei,
1203 720 1338 777 quos
1365 709 1418 760 in
1443 709 1554 774 ipsa
1571 717 1702 758 con-

138 815 421 891 gregatione
457 809 720 882 parietum
759 805 952 859 horum
980 801 1170 857 videtis
1198 799 1529 854 turbulentos
1554 839 1569 864 ,
1593 810 1703 891 su-

142 889 339 984 perbos,
372 918 471 960 sua
497 907 834 973 quzerentes,
862 896 1061 961 elatos,
1099 908 1208 992 non
1237 889 1700 992 habentes-zelum

141 981 218 1059 Dei
245 1007 445 1054 castum
465 1036 482 1061 ,
513 1007 700 1049 sanum
720 1033 733 1055 ,
769 986 1006 1060 quietum
1025 1027 1042 1052 ,
1081 983 1177 1041 sed
1221 984 1444 1084 multum
1473 981 1574 1084 sibi
1605 981 1701 1034 tri-

142 1095 378 1154 buentes;
430 1086 498 1141 ad
537 1084 925 1140 dissensionem
953 1087 1164 1150 paratos
1187 1119 1203 1142 ,
1231 1075 1328 1133 sed
1367 1075 1701 1130 occasionem

143 1200 230 1240 non
256 1178 606 1240 invenientes,
625 1175 740 1244 ipsa
756 1180 838 1228 est
855 1170 1006 1242 palea
1031 1167 1312 1224 dominica:
1331 1179 1469 1220 areae
1487 1163 1700 1266 (Matth.

144 1294 222 1343 ιιι,
251 1274 363 1343 12).
393 1271 531 1328 Hinc
557 1269 678 1324 illos
698 1279 897 1338 paucos
917 1262 1202 1361 superbiae
1217 1267 1404 1361 ventus
1425 1262 1660 1361 excussit
1687 1272 1700 1308 :

145 1378 232 1425 tota
252 1365 399 1438 palea
428 1376 538 1418 non
563 1358 784 1422 volabit,
806 1356 911 1412 nisi
937 1369 1058 1409 cum
1081 1354 1169 1407 ille
1191 1353 1242 1406 in
1261 1351 1448 1406 ultimo
1478 1347 1707 1452 ventila-

146 1463 222 1518 bit.
262 1456 363 1514 Sed
397 1469 497 1510 nos
523 1451 672 1524 quid,
696 1449 799 1504 nisi
826 1462 946 1502 cum
977 1447 1080 1501 isto
1104 1453 1378 1500 cantemus
1398 1484 1414 1509 ,
1446 1447 1702 1543 cumnistlo

146 1563 352 1614 oremus,
384 1561 508 1603 cum
529 1544 633 1600 isto
654 1541 964 1613 plangamus
994 1545 1050 1592 et
1074 1537 1312 1591 dicamus
1329 1532 1511 1636 securi
1529 1549 1542 1585 :
1559 1531 1706 1636 Ded-

147 1648 241 1700 inut
299 1642 352 1696 in
399 1654 523 1712 pace
567 1635 790 1690 animam
833 1631 1041 1686 meam?
1085 1628 1282 1684 Contra
1328 1627 1448 1682 illos
1484 1627 1571 1696 qui
1599 1639 1706 1726 non

147 1743 300 1792 amant
337 1745 524 1802 pacem
547 1769 562 1793 ,
611 1726 678 1780 In
708 1740 831 1796 pace
857 1721 1065 1776 redimet
1093 1721 1316 1774 animam
1349 1733 1508 1821 meum
1537 1721 1708 1821 'quia

147 1842 247 1884 cum
275 1825 356 1880 his
391 1822 484 1894 qui
526 1819 756 1874 oderunt
796 1829 1020 1886 pacem,
1065 1826 1212 1867 eram
1255 1805 1711 1913 ιιιιίτίίῑειιςιςρειιιἶ

149 1934 276 1981 cm,
309 1916 387 1985 7).
441 1911 672 1968 Redintet
695 1910 749 1962 in
789 1923 910 1978 pace
945 1905 1168 1959 animam
1195 1919 1392 1967 meam,
1419 1900 1480 1955 ab
1511 1900 1589 1956 his
1622 1900 1710 1971 qui

149 2009 531 2081 appropinquant
560 2003 704 2056 mihi.
730 1999 860 2054 Nam
882 1996 951 2053 ab
976 1997 1080 2053 illis
1107 1996 1196 2097 qui
1224 1995 1519 2097 long-esum.
1543 2007 1707 2097 nume,

150 2103 290 2158 facilis
328 2113 490 2154 causa
537 2103 621 2151 est
650 2111 664 2148 :
694 2108 798 2147 non
848 2106 936 2146 me
977 2099 1082 2144 tam
1127 2088 1236 2144 cito
1263 2087 1396 2142 fallit
1431 2086 1522 2157 qui
1560 2085 1710 2190 dicit,

151 2197 289 2260 Veni,
338 2193 539 2247 idolum
585 2187 749 2242 adora
783 2183 800 2240 ἐ
828 2185 1052 2240 multum
1082 2199 1110 2237 a
1133 2197 1219 2237 me
1241 2181 1398 2251 longe
1425 2188 1528 2235 est.
1556 2178 1713 2234 Chri-

150 2289 325 2345 stianus
350 2284 450 2341 es?
476 2281 828 2344 Christianus,
860 2277 1050 2346 inquit.
1081 2274 1161 2328 Ex
1194 2273 1493 2343 pr0pinquo
1517 2270 1713 2326 adver-

151 2390 287 2445 satur,
321 2391 488 2448 prope
515 2383 617 2429 est.
668 2370 897 2426 Redimet
931 2370 984 2423 in
1013 2367 1380 2468 paceanimam
1407 2379 1568 2468 meam
1593 2404 1607 2429 ,
1652 2361 1714 2468 ab

152 2476 212 2528 liis
231 2473 308 2545 qui
350 2467 763 2538 apprOpinquant
809 2462 977 2561 mihi:
1001 2459 1330 2561 quoniam
1363 2457 1536 2561 multis
1573 2465 1716 2561 erant

151 2583 332 2620 mecum.
357 2565 538 2629 Quare
569 2557 698 2621 dixi,
728 2554 1135 2626 apprOpinquant
1165 2550 1331 2604 mihi?
1359 2549 1492 2653 Quia
1517 2550 1569 2602 in
1593 2549 1719 2602 mul-

152 2661 200 2711 tis
219 2666 348 2711 erant
378 2667 596 2707 mecum.
646 2649 701 2703 In
747 2649 845 2701 hoc
884 2660 1041 2700 versu
1072 2644 1192 2697 dua:
1217 2644 1497 2697 sententia:
1526 2654 1715 2693 occur-

151 2759 272 2805 runt.
313 2746 338 2800 I
349 2764 381 2799 ιι
410 2741 582 2798 multis
608 2748 750 2794 erant
769 2754 962 2792 merum
988 2752 1007 2789 :
1033 2735 1362 2802 Baptismum
1391 2731 1717 2786 habebamus

149 2843 360 2912 utrique,
393 2838 448 2892 in
485 2851 551 2890 eo
574 2842 730 2889 erant
756 2845 998 2895 mecum;
1032 2827 1373 2899 Evangelium
1402 2826 1611 2895 utrique
1642 2825 1718 2878 le-

151 2933 401 3004 gebamus,
433 2925 669 2982 erantin
690 2939 756 2979 eo
791 2935 1033 2985 mecum;
1085 2920 1218 2973 festa
1258 2925 1548 3018 martyrum
1575 2915 1718 2970 cele-

155 3024 418 3078 brabamus
439 3061 453 3085 ,
499 3025 654 3072 erant
682 3014 753 3070 ibi
789 3027 1032 3077 mecum;
1062 3008 1284 3065 Pascha:
1313 3007 1716 3108 solemnitatem

153 3111 630 3184 frequentabamus,
671 3112 823 3160 erant
849 3103 918 3156 ibi
949 3115 1179 3155 mecum.
1224 3098 1328 3154 Sed
1359 3113 1465 3152 non
1499 3098 1717 3151 omnino

152 3219 334 3260 meeum
361 3219 375 3255 :
407 3202 462 3254 in
484 3198 771 3253 schismate
792 3209 898 3248 non
923 3207 1154 3256 mecum,
1174 3190 1226 3244 in
1256 3189 1446 3244 hatresi
1476 3204 1578 3244 non
1609 3204 1722 3244 me-

153 3312 273 3350 cum.
315 3296 371 3349 ln
401 3291 584 3347 multis
611 3303 854 3354 mecum,
901 3285 953 3340 in
983 3285 1164 3354 paucis
1200 3298 1307 3338 non
1347 3297 1577 3337 mecum.
1611 3281 1718 3336 Sed

153 3388 195 3443 in
221 3389 294 3442 his
313 3385 496 3456 paucis
521 3385 572 3437 in
599 3382 790 3451 quibus
815 3395 918 3433 non
949 3393 1180 3440 mecum,
1213 3391 1318 3430 non
1345 3375 1423 3430 eis
1446 3384 1669 3444 prosunt
1699 3376 1717 3408 ί

153 3481 294 3535 multa
313 3482 365 3534 in
387 3477 582 3548 quibus
604 3489 834 3528 mecum.
864 3470 1096 3534 Etenim,
1126 3467 1338 3531 fratres,
1359 3467 1536 3522 videte
1558 3483 1718 3536 quam

153 3574 292 3628 multa
317 3568 590 3627 enarravit
612 3565 885 3635 apostolus
913 3563 1104 3616 Paulus
1130 3578 1142 3614 :
1179 3575 1339 3614 unum
1359 3559 1522 3621 dixit;
1555 3560 1598 3613 si
1628 3559 1723 3615 de-

153 3667 307 3731 fuerit,
335 3666 533 3721 frustra
561 3667 688 3717 sunt
712 3659 825 3712 illa.
875 3655 935 3711 Si
964 3655 1151 3725 linguis
1183 3653 1441 3706 hominum
1468 3657 1645 3722 loquar
1673 3662 1719 3707 et

152 3761 458 3832 Angelorum,
481 3755 577 3820 ait,
607 3753 649 3806 si
673 3751 881 3805 habeam
898 3764 1094 3802 omnem
1112 3745 1425 3817 prophetiam
1450 3754 1496 3798 et
1524 3762 1720 3848 omnem

153 3854 299 3920 ﬁdem,
325 3861 371 3905 et
395 3863 599 3907 onmem
617 3843 894 3903 scientiam,
915 3841 956 3894 si
977 3848 1166 3892 montes
1191 3841 1514 3907 transferam,
1543 3837 1587 3890 si
1611 3837 1720 3892 dis-

152 3943 343 3996 tribuam
367 3940 544 3995 omnia
588 3951 702 3989 mea
720 3931 1044 4004 pauperibus,
1075 3929 1117 3983 si
1137 3928 1333 3982 tradam
1356 3943 1540 3995 corpus
1560 3944 1722 3981 meum

152 4037 208 4087 ita
241 4046 293 4089 ut
330 4034 529 4088 ardeat.
571 4030 740 4096 Quam
771 4026 931 4080 multa
954 4021 1282 4080 enumeravit
1309 4022 1322 4076 l
1354 4020 1446 4076 His
1474 4021 1722 4077 omnibus

153 4127 311 4180 multis
347 4124 491 4180 desit
537 4136 642 4176 una
685 4118 955 4173 charitas:
986 4115 1073 4168 illa
1122 4127 1348 4168 numero
1381 4113 1530 4182 plura
1577 4122 1718 4178 sunt,

151 4217 250 4273 iure
271 4217 508 4286 pondere
539 4212 711 4282 major
735 4219 817 4266 est
848 4209 888 4280 (Ι
911 4207 1029 4262 Cor.
1059 4206 1195 4277 xm).
1230 4206 1368 4275 Ergo
1396 4205 1446 4260 in
1477 4207 1723 4261 omnibus

152 4309 498 4364 Sacramentis
526 4321 735 4360 mecum
763 4343 778 4367 ,
821 4303 872 4356 in
907 4316 1007 4354 una
1043 4299 1302 4353 charitate
1338 4315 1442 4352 non
1472 4315 1718 4354 mecum:

151 4403 206 4456 In
231 4403 396 4457 ntultis
440 4408 582 4454 erant
614 4388 824 4451 mecum.
873 4394 1078 4448 Rursus
1102 4392 1207 4446 alio
1241 4391 1399 4445 modo
1423 4434 1436 4457 ,
1473 4392 1724 4459 Quoniam

151 4495 192 4545 in
217 4494 386 4547 amitis
415 4499 561 4545 erant
582 4504 796 4551 mecum,
820 4486 907 4555 qui
938 4499 996 4539 se
1022 4492 1400 4553 separaverunt
1421 4497 1450 4536 a
1481 4499 1586 4549 me,
1616 4500 1726 4538 me-

150 4600 255 4640 rum
278 4591 460 4649 erant,
493 4595 603 4636 non
632 4579 684 4633 in
714 4576 916 4647 paucis,
948 4575 1042 4630 sed
1073 4576 1123 4629 in
1149 4574 1352 4629 multis.
1394 4574 1604 4630 Etenim
1631 4590 1727 4644 per

151 4685 305 4731 totum
332 4675 528 4730 orbem
553 4680 816 4726 terrarum
841 4681 1007 4737 pauca
1033 4674 1154 4720 sunt
1174 4679 1336 4735 grana
1353 4705 1368 4730 ,
1397 4664 1576 4719 multa:
1605 4675 1730 4721 sunt

147 4770 319 4838 paleae.
345 4765 489 4834 Quid
512 4776 641 4833 ergo
664 4761 770 4816 ait?
796 4759 852 4813 In
875 4758 1023 4836 palea
1043 4771 1248 4811 mecum
1277 4765 1448 4821 erant,
1481 4755 1533 4810 in
1552 4757 1728 4815 tritico

148 4875 239 4913 non
267 4872 486 4914 mecum
528 4860 724 4910 erant:
757 4859 810 4906 et
859 4848 1180 4919 propinquat
1223 4845 1376 4916 palea
1420 4847 1630 4913 tritico,
1661 4847 1730 4904 de

146 4968 241 5007 uno
278 4950 499 5007 semine
547 4946 678 5011 exit,
707 4935 759 4998 in
796 4958 902 4996 uno
927 4955 1055 5011 agro
1081 4939 1384 5003 radicatur,
1425 4954 1526 4990 una
1557 4940 1727 5008 pluvia

145 5043 406 5107 nutritur,
448 5037 696 5093 eumdem
725 5047 1018 5088 messorem
1047 5031 1245 5100 patitur
1272 5071 1286 5095 ,
1314 5027 1555 5084 eamdem
1579 5031 1733 5085 tritu-

144 5137 402 5191 rationem
433 5130 694 5192 sustinet,
737 5124 980 5182 eamdem
1008 5122 1406 5178 ventilationem
1435 5131 1729 5194 exspectat,

144 5245 238 5282 non
261 5230 316 5282 in
341 5239 515 5281 unum
542 5221 793 5276 horreum
823 5218 1004 5273 intrat.
1039 5214 1292 5280 Quoniam
1317 5214 1371 5268 in
1392 5215 1560 5270 multis
1590 5227 1734 5272 erant

139 5337 357 5376 mecum.

328 5410 348 5414 _
522 5405 586 5414 ΔΑ
625 5401 737 5414 “ﬁ
776 5400 819 5414 π
943 5399 1022 5414 Ι..
1182 5397 1261 5414 n,,
1397 5397 1477 5414 -.ο
1582 5397 1633 5414 Ol.
1672 5399 1716 5414 ιο

200 5413 293 5467 90.
326 5410 487 5484 [vers.
520 5401 739 5476 20-22.]
770 5399 1022 5456 Emdiet
1057 5415 1138 5453 me
1177 5397 1342 5462 Deus,
1383 5405 1431 5452 et
1457 5397 1737 5455 humiliabit

139 5508 269 5574 mos,
292 5506 390 5578 qui
405 5512 482 5560 est
491 5509 611 5556 ante
629 5496 835 5553 swcula.
857 5494 934 5594 Illi
955 5492 1097 5594 enim
1466 5491 1534 5547 de
1556 5494 1736 5594 09:50“.

141 5615 238 5669 quo
263 5599 416 5654 duce
446 5609 546 5650 suo
572 5590 660 5660 qui
689 5587 850 5656 cmpit
877 5585 989 5641 heri
1021 5582 1342 5640 :humiliabit
1386 5582 1501 5636 illas
1537 5584 1622 5649 qui
1667 5590 1738 5636 est

138 5703 250 5747 ante
289 5686 515 5745 secula.
561 5681 697 5750 Quia
733 5678 832 5734 etsi
873 5693 940 5734 ex
983 5684 1224 5747 tempore
1267 5673 1510 5731 Christus
1548 5684 1628 5728 est
1670 5673 1739 5729 de

197 5826 214 5858 ι
249 5831 390 5880 Mss,
421 5818 512 5868 sed
534 5828 589 5868 ιη
612 5810 1123 5877 ptmcisnonmecum,
1145 5807 1196 5859 in
1226 5805 1594 5872 quibusnaneis
1625 5817 1741 5869 pro-

134 5891 378 5950 mete.

3277 420 3392 478 6‘2

1809 514 1971 572 Maria
2000 519 2203 589 virgine
2225 563 2241 589 ,
2285 530 2410 578 ante
2443 524 2640 579 saecula
2675 533 2849 583 tamen
2890 529 2943 585 in
2971 515 3234 605 principio
3256 536 3388 592 Ver-

1804 605 1950 671 bum,
1979 620 2033 664 et
2057 609 2288 668 Verbum
2317 615 2453 682 apud
2486 616 2670 684 Deum,
2704 629 2756 674 et
2784 621 2924 676 Deus
2943 623 3175 680 Verbum
3205 627 3386 688 (Joan.

1806 714 1844 765 1,
1881 699 1950 770 1).
1989 701 2288 759 Humiliabit
2325 707 2438 761 illos
2478 709 2564 778 qui
2595 720 2669 764 est
2714 721 2832 766 ante
2872 715 3076 771 saecula.
3106 717 3228 774 Non
3253 724 3385 776 enim

1805 801 1876 845 est
1901 792 2002 845 illis
2023 798 2344 851 commutatio
2361 814 2381 852 :
2397 797 2463 852 de
2487 800 2588 856 illis
2611 801 2752 868 dico,
2774 804 2967 873 quibus
2993 823 3099 862 non
3125 819 3207 865 est
3232 827 3384 868 com-

1807 885 2046 937 mutatio.
2078 885 2308 942 Noverat
2352 891 2556 959 aliquos
2590 906 3060 964 perseveraturos,
3102 909 3156 954 et
3186 902 3235 955 in
3268 921 3390 972 per-

1809 976 2140 1032 severatione
2169 994 2279 1033 sua:
2323 982 2569 1052 nequitia:
2610 987 2914 1042 morituros.
2963 990 3216 1050 Videmus
3245 999 3387 1053 enim

1807 1079 1923 1130 eos,
1968 1075 2022 1122 et
2058 1083 2164 1124 non
2204 1081 2287 1125 est
2318 1073 2420 1128 illis
2459 1077 2804 1133 commutatio
2830 1097 2843 1132 :
2868 1080 2958 1149 qui
2987 1083 3063 1136 sic
3094 1086 3394 1142 moriuntur

1810 1157 1864 1211 in
1890 1158 2001 1228 ipsa
2032 1163 2407 1232 perversitate,
2454 1167 2505 1221 in
2537 1169 2653 1238 ipso
2682 1170 2970 1230 schismate
2989 1216 3004 1240 ,
3032 1192 3139 1232 non
3172 1189 3255 1235 est
3286 1182 3392 1237 illis

1809 1256 2176 1310 commutatio.
2208 1256 2515 1314 Humiliabit
2558 1263 2676 1318 illos
2709 1264 2882 1332 Deus,
2934 1267 3232 1328 humiliabit
3276 1275 3395 1330 illos

1811 1339 1866 1395 in
1891 1341 2246 1412 damnatione,
2281 1351 2399 1420 quia
2439 1354 2602 1408 erecti
2643 1364 2769 1412 sunt
2797 1357 2850 1412 in
2894 1359 3248 1420 dissensione.
3276 1367 3395 1423 Non

1811 1442 1893 1487 est
1918 1435 2021 1490 illis
2049 1442 2429 1509 commutatio,
2477 1445 2600 1514 quia
2632 1461 2738 1502 non
2780 1458 3054 1507 mutantur
3080 1455 3132 1509 in
3160 1457 3351 1513 melius
3375 1499 3391 1524 ,

1811 1524 1906 1579 sed
1933 1526 1984 1581 in
2018 1529 2197 1598 pejus;
2226 1547 2324 1586 nec
2351 1549 2470 1588 eum
2503 1535 2588 1591 hic
2608 1549 2750 1606 sunt,
2781 1555 2879 1596 nec
2900 1543 2952 1597 in
2982 1550 3392 1606 resurrectione.

1813 1615 2010 1673 Omnes
2038 1620 2179 1676 enim
2209 1639 2546 1694 resurgemus
2568 1670 2583 1696 ,
2615 1631 2708 1686 sed
2742 1647 2844 1688 non
2873 1650 3061 1694 omnes
3088 1638 3397 1700 immutabi-

1814 1724 1933 1764 mur
1969 1713 1987 1781 (
2012 1712 2030 1766 l
2059 1713 2178 1769 Cor.
2213 1732 2284 1771 xv
2307 1759 2322 1784 ,
2355 1719 2468 1789 51).
2499 1721 2707 1789 Quare?
2735 1725 2865 1793 Quia
2900 1746 3001 1786 non
3027 1740 3101 1787 est
3129 1733 3397 1791 illis‘com-

1813 1803 2052 1868 mutatio,
2097 1815 2141 1858 et
2170 1824 2270 1862 non
2301 1810 2574 1868 timuerunt
2605 1814 2784 1870 Deum.
2815 1819 3028 1878 Fratres
3054 1825 3198 1894 mei,
3235 1843 3398 1884 unum

1815 1895 2108 1952 remedium
2154 1909 2277 1955 est:
2306 1903 2526 1960 timeant
2571 1907 2771 1976 Deum,
2817 1911 3069 1972 deserant
3113 1919 3396 1980 Donatum.

1817 1987 1959 2044 Dicis
1989 1991 2063 2045 illi
2092 2010 2105 2047 :
2130 1993 2277 2050 Peris
2305 1996 2360 2051 in
2393 1999 2603 2065 haeresi,
2639 2003 2690 2058 in
2721 2005 3041 2076 schismate;
3074 2027 3293 2071 necesse
3319 2027 3403 2074 est

1817 2089 1874 2134 ut
1901 2082 2042 2138 Deus
2069 2087 2326 2143 retribuat
2351 2090 2466 2146 istis
2487 2094 2674 2150 malis:
2695 2099 2874 2154 venies
2901 2100 2952 2156 in
2979 2101 3401 2179 damnationem,

1819 2175 1929 2230 noli
1975 2178 2065 2232 tibi
2110 2179 2334 2237 blandiri
2387 2187 2565 2242 verbis
2611 2189 2750 2256 tuis,
2794 2207 2900 2248 non
2931 2198 3172 2266 sequaris
3201 2175 3402 2258 ctecum

1819 2265 2038 2333 ducem;
2071 2286 2244 2326 caecus
2264 2285 2438 2329 autem
2463 2293 2661 2334 caecum
2683 2281 2904 2350 ducens,
2934 2286 3091 2342 simul
3117 2289 3168 2344 in
3198 2290 3404 2349 foveam

1819 2359 2016 2413 cadunt
2049 2360 2260 2431 (Matth.
2293 2381 2381 2433 xv,
2417 2366 2522 2438 14).
2554 2369 2689 2438 Quid
2735 2373 2800 2428 ad
2833 2391 2951 2444 me,
2989 2377 3102 2432 ait?
3137 2385 3406 2451 quomodo

1821 2450 1926 2503 vixi
1958 2450 2071 2505 heri
2100 2494 2113 2517 ,
2147 2454 2222 2508 sic
2251 2466 2304 2510 et
2334 2457 2522 2522 hodie;
2575 2473 2820 2530 parentes
2849 2469 2951 2522 mei
2980 2469 3120 2539 quod
3151 2450 3404 2540 fuerunt,

1823 2540 1924 2596 hoc
1949 2551 2004 2596 et
2023 2559 2140 2613 ego.
2165 2545 2282 2600 Non
2307 2549 2459 2603 times
2482 2551 2670 2608 Deum.
2699 2555 2768 2608 Da
2795 2557 3034 2614 timorem
3061 2562 3150 2617 Dei
3177 2580 3190 2616 :
3213 2566 3407 2634 cogitet

1822 2633 1942 2702 quia
1991 2635 2088 2688 ista
2129 2637 2304 2693 omnia
2354 2655 2476 2695 vera
2519 2652 2643 2698 sunt
2689 2661 2808 2715 qua:
2851 2649 3134 2719 leguntur,
3175 2657 3298 2726 quia
3327 2667 3409 2714 est

1826 2724 1957 2780 ﬁdes
1973 2727 2168 2782 Christi
2191 2745 2308 2800 quae
2335 2732 2442 2786 falli
2479 2749 2582 2788 non
2615 2747 2819 2806 potest;
2843 2744 3109 2811 quomodo
3135 2724 3408 2806 invhmresi

1826 2821 2123 2877 remanebit
2148 2824 2163 2854 ¹
2192 2825 2258 2878 ad
2287 2834 2484 2882 tantam
2517 2830 2832 2887 evidentiam
2863 2846 3060 2892 sanctae
3087 2840 3403 2909 Catholicae,

1823 2923 1978 2979 quam
2001 2911 2207 2967 diffudit
2236 2915 2374 2972 Deus
2401 2933 2494 2988 per
2521 2927 2686 2976 totum
2712 2924 2896 2980 orbem
2927 2915 3214 2998 terrarum;
3247 2950 3407 3005 quam

1823 3010 2105 3070 antequam
2154 3005 2475 3064 diffunderet
2528 3014 2804 3081 promisit,
2863 3023 3274 3092 prmnuutiavit,
3331 3028 3408 3083 sic

1824 3092 2063 3148 exhibuit
2093 3107 2148 3150 ut
2187 3100 2465 3166 promisit?
2497 3103 2637 3174 Ergo
2664 3119 2887 3163 caveant
2919 3119 2972 3165 et
3002 3113 3291 3171 observent
3317 3119 3408 3187 qui

1824 3201 1932 3241 non
1974 3188 2161 3244 timent
2209 3192 2392 3247 Deum.
2440 3193 2682 3251 Extendit
2725 3218 2931 3257 manum
2971 3222 3116 3260 suam
3164 3209 3217 3263 in
3259 3212 3408 3266 retri-

1825 3275 2038 3333 buendo.

1893 3370 1983 3425 2L
2013 3371 2312 3429 Polluerunt
2336 3385 2683 3434 testamentum
2706 3383 2834 3453 ejus.
2863 3384 3003 3457 Lege
3031 3397 3406 3450 testamentum

1825 3466 1965 3535 quod
2000 3468 2434 3536 polluerunt:ln
2477 3475 2667 3529 semine
2711 3487 2797 3530 tuo
2843 3479 3193 3537 benedicentur
3235 3503 3408 3543 omnes

1823 3567 1991 3627 gentes
2015 3556 2168 3624 (Gen.
2200 3575 2305 3623 xu,
2339 3561 2404 3626 5,
2433 3574 2480 3617 et
2509 3579 2662 3631 xxvr,
2691 3564 2767 3636 4).
2801 3567 3104 3626 Polluerunt
3130 3582 3401 3630 testamen-

1826 3657 1930 3702 tum
1958 3651 2086 3720 ejus.
2120 3649 2200 3705 Tu
2233 3661 2416 3707 contra
2449 3653 2547 3710 ista
2589 3657 2748 3712 verba
2780 3663 3049 3718 testatoris
3077 3665 3201 3734 quid
3232 3667 3410 3722 dicis?

1823 3741 2001 3797 Africa
2039 3745 2150 3798 sola
2199 3745 2354 3802 istam
2396 3750 2616 3818 gratiam
2663 3755 2858 3809 meruit
2890 3757 3060 3812 sancti
3090 3759 3308 3826 Donati,
3354 3762 3410 3818 in

1826 3835 1942 3904 ipso
1971 3839 2227 3894 remansit
2270 3840 2507 3896 Ecclesia
2537 3840 2754 3901 Christi.
2785 3847 2881 3903 Dic
2909 3849 3130 3920 saltem,
3173 3853 3410 3910 Ecclesia

1828 3925 2037 3981 Donati.
2070 3927 2250 3994 Quare
2275 3931 2522 4003 adjungis
2541 3975 2556 4000 ,
2587 3934 2823 4004 Christi,
2855 3939 2924 3995 de
2953 3957 3059 4011 quo
3085 3942 3282 4000 dictum
3306 3955 3410 4014 est,

1825 4015 1893 4070 In
1923 4019 2110 4072 semine
2146 4029 2231 4074 tuo
2257 4021 2604 4080 benedicentur
2630 4045 2802 4084 omnes
2835 4043 3028 4101 gentes.
3075 4034 3203 4092 Post
3239 4037 3415 4094 Dona-

1829 4117 1940 4161 tum
1971 4109 2050 4163 vis
2088 4110 2204 4165 ire?
2248 4112 2395 4167 Pone
2420 4112 2686 4172 Christum
2712 4160 2728 4187 ,
2776 4129 2830 4174 et
2870 4122 2949 4176 sic
2975 4125 3191 4182 recede.
3227 4127 3414 4184 Videte

1826 4215 1954 4270 ergo
1979 4202 2102 4272 quid
2122 4203 2389 4273 sequitur:
2414 4204 2715 4263 Polluerunt
2740 4220 3085 4268 testamentum
3111 4218 3238 4286 ejus.
3259 4219 3411 4285 Quod

1830 4295 2249 4348 lesmmentum?
2284 4296 2501 4350 Abrahae
2535 4298 2685 4354 dicta
2712 4311 2828 4355 sunt
2869 4307 3222 4372 promissiones
3252 4318 3298 4363 et
3333 4328 3413 4365 sc-

1835 4385 1960 4437 mini
1999 4385 2125 4454 ejus.
2177 4387 2463 4453 Apostolus
2512 4388 2936 4459 dicit:Fratres,
2979 4406 3143 4451 tamen
3196 4399 3413 4456 hominis

1833 4485 2182 4531 testamentum
2217 4479 2571 4547 conﬁrmatum
2605 4499 2749 4538 nemo
2785 4485 2986 4540 irritum
3023 4488 3178 4558 facit,
3208 4501 3296 4546 aut
3320 4509 3412 4547 su-

1832 4566 2141 4636 perordinat.
2183 4568 2399 4624 Abraha:
2431 4570 2578 4626 dicae
2615 4584 2730 4628 sunt
2771 4579 3125 4645 promissiones
3163 4593 3209 4636 et
3235 4586 3414 4640 semini

1831 4660 1941 4731 ejus
1962 4674 1982 4713 :
2003 4675 2104 4714 non
2129 4661 2268 4726 dicit,
2299 4659 2367 4714 Et
2391 4663 2661 4718 seminibus
2684 4708 2700 4734 ,
2730 4677 2967 4740 tanquam
2993 4672 3047 4726 in
3071 4675 3283 4742 multis;
3326 4679 3416 4733 sed

1833 4763 2071 4825 tanquam
2095 4754 2148 4808 in
2179 4771 2298 4822 uno,
2328 4754 2391 4808 Et
2419 4759 2598 4812 semini
2626 4769 2732 4828 tuo,
2759 4763 2894 4832 quod
2915 4773 2984 4819 est
3011 4763 3240 4824 Christus
3272 4769 3413 4842 (Gal.

1836 4863 1912 4913 ιιι,
1943 4848 2030 4912 1‘5,
2060 4846 2172 4914 16).
2206 4849 2259 4903 In
2289 4847 2390 4904 hoc
2421 4865 2547 4921 ergo
2574 4851 2788 4908 Christo
2812 4855 2953 4924 quod
2986 4860 3306 4926 promissum
3335 4873 3419 4920 est

1837 4943 2247 4997 testamentum?
2269 4942 2333 4998 In
2357 4947 2540 5000 semine
2562 4956 2647 5000 tuo
2667 4947 3017 5005 benedicentur
3037 4969 3207 5011 omnes
3226 4967 3414 5029 gentes.

1835 5032 1917 5088 Tu
1960 5034 2049 5104 qui
2098 5033 2343 5089 dimisisti
2373 5037 2628 5091 unitatem
2656 5037 2894 5093 omnium
2939 5044 3177 5112 gentium
3203 5087 3218 5112 ,
3263 5056 3317 5102 et
3363 5049 3418 5104 in

1835 5133 1988 5193 parte
2014 5117 2352 5192 remansistl,
2402 5127 2634 5196 polluisti
2667 5136 3043 5188 testamentum
3089 5136 3227 5206 ejus.
3267 5139 3416 5206 Quod

1840 5215 1935 5269 tibi
1960 5230 2087 5285 ergo
2115 5215 2354 5285 contigit,
2381 5226 2440 5271 ut
2462 5219 2919 5291 exterminareris,
2945 5233 3003 5280 ut
3021 5225 3088 5280 ab
3109 5225 3419 5284 haereditate

1839 5306 2196 5375 separareris,
2242 5305 2310 5361 de
2350 5308 2424 5360 ira
2469 5307 2561 5363 Dei
2603 5319 2706 5365 est.
2747 5314 2975 5370 Attende
3012 5317 3152 5371 enim
3181 5318 3306 5388 quid
3336 5334 3418 5375 se-

1839 5409 2032 5469 quatur
2060 5417 2072 5452 :
2107 5398 2409 5454 Polluerunt
2455 5410 2804 5459 testamentum
2830 5407 2972 5476 eius;
3001 5409 3146 5462 divisi
3174 5421 3290 5465 sunt
3316 5428 3422 5481 prta

1841 5491 1921 5544 ira
1958 5489 2126 5544 vultus
2164 5491 2292 5559 ejus.
2325 5490 2459 5559 Quid
2505 5497 2856 5563 exspectatis,
2909 5513 3006 5565 qua
3047 5499 3250 5569 majore
3299 5513 3420 5558 nota

1843 5579 2190 5635 ostendantur
2217 5580 2486 5637 literetici?
2514 5583 2675 5638 Divisi
2705 5598 2820 5640 sunt
2856 5604 2962 5656 pra:
2994 5589 3072 5640 ira
3100 5592 3262 5646 vultus
3291 5595 3420 5664 ejus.

1911 5671 2000 5724 22.
2032 5671 2099 5725 Et
2127 5674 2549 5744 appropinquavit
2576 5693 2664 5731 cor
2682 5678 2840 5733 illius.
2875 5679 3034 5749 Cujus
3062 5682 3421 5755 intelligimus,

1914 5805 2036 5887 *Jsic
2190 5805 2392 5875 AbEddn
2421 5806 2539 5887 habe
2581 5809 2799 5862 timorem
2825 5810 2940 5873 Dei;
2964 5812 3139 5884 cogita,
3164 5826 3282 5881 etc.,
3305 5835 3400 5887 quo

1849 5867 1990 5917 modo
2008 5867 2059 5918 in
2079 5867 2252 5917 lueresi
2271 5867 2551 5921 remaneas.
