4042 6480
584 567 693 626 nisi
726 560 878 634 cujus
915 557 994 613 ira
1036 550 1193 611 divisi
1236 544 1403 604 suo”
1442 537 1721 621 Quomodo
1748 524 2169 634 appropinquant

591 624 680 717 cor
708 624 888 714 illiits?
913 650 984 710 Ut
1011 647 1371 719 intelligamus
1394 640 1720 693 voluntatem
1764 630 1926 684 illius.
1960 624 2171 719 Etenim

587 711 665 811 ti;
703 711 969 805 haereticis
1010 711 1215 797 asserta
1262 743 1342 789 est
1373 733 1390 765 ¹
1421 728 1713 787 Catholica,
1760 729 1815 777 et
1857 733 1921 772 ex
2085 711 2174 811 qui

591 805 730 902 male
756 839 994 895 sentiunt
1023 829 1226 903 probati
1271 831 1396 881 sunt
1439 820 1526 891 qui
1558 819 1693 873 bene
1722 812 1976 871 sentiunt.
2016 805 2175 860 Multa

591 938 736 995 enim
780 901 1109 988 latebantiin
1155 916 1478 989 Scripturis;
1528 919 1729 967 etcum
1763 901 1967 976 praecisi
1998 905 2179 955 essrnt

593 990 870 1090 breretici,
916 1013 1299 1092 quaestionibus
1327 1009 1657 1079 agitaverant
1706 996 1997 1055 Ecclesium
2042 990 2175 1047 Dei:

593 1126 777 1192 aperta
807 1086 1082 1183 sunt-qua:
1112 1104 1381 1166 latebant,
1431 1107 1484 1154 et
1526 1094 1792 1151 intellecta
1823 1096 1908 1192 est
1936 1086 2179 1141 voluntas

594 1184 711 1271 Diti.
739 1208 867 1266 lude
891 1205 1085 1263 dicitur
1111 1202 1162 1256 in
1189 1199 1294 1253 alio
1317 1193 1540 1266 psalmo,
1565 1184 1893 1265 Congregatio
1923 1191 2181 1235 taurorum

594 1309 725 1363 inter
748 1318 923 1359 vaccas
960 1297 1262 1369 populorum
1282 1335 1296 1358 ,
1338 1297 1392 1343 ut
1431 1283 1761 1342 excludantur
1790 1280 1844 1333 hi
1871 1278 1957 1348 qui
1989 1273 2183 1346 probati

597 1405 713 1456 sunt
738 1402 943 1466 argento
962 1366 1141 1461 -(Psal.
1166 1399 1332 1446 vau,
1355 1380 1470 1453 Si).
1486 1375 1838 1432 Excludantur
1859 1370 2000 1425 enim
2028 1366 2181 1431 dixit,

598 1490 885 1547 emineant.
915 1486 1225 1554 appareant.
1245 1473 1395 1532 Unde
1415 1470 1664 1526 dicuntur
1689 1475 1742 1522 et
1772 1466 1823 1518 in
1851 1472 1966 1516 arte
1990 1473 2183 1549 argen-

600 1581 731 1636 taria
759 1576 1088 1637 exclusores,
1109 1570 1161 1625 id
1176 1576 1280 1634 est,
1305 1582 1371 1623 ex
1392 1562 1621 1636 quadam
1637 1555 1949 1615 confusione
1971 1566 2183 1615 masszn,

598 1674 785 1730 forma:
829 1678 1193 1739 expressores.
1242 1658 1383 1731 Ergo
1431 1654 1579 1712 multi
1617 1651 1707 1723 qui
1734 1649 1935 1721 optime
1968 1652 2189 1715 possent

599 1734 915 1835 Scripturas
954 1758 1270 1830 dignoscere
1320 1759 1375 1806 et
1426 1752 1751 1819 pertractare
1779 1783 1793 1808 ,
1848 1737 2081 1793 latebant
2134 1734 2185 1789 in

600 1830 798 1930 populo
826 1853 964 1919 Dei;
998 1864 1097 1905 nec
1124 1844 1435 1902 asserebant
1477 1837 1795 1894 solutionem
1836 1830 2188 1904 quaestionum

600 1921 899 2008 difﬁcilium
930 1958 1050 1999 cum
1074 1939 1423 1999 calumniator
1452 1932 1628 1989 nullus
1655 1930 1897 1985 instaret.
1921 1921 2191 1992 Numquid

604 2045 746 2102 enim
780 2016 1011 2112 perlaete
1049 2035 1117 2092 de
1161 2016 1423 2089 Trinitate
1450 2032 1729 2083 tractatum
1759 2030 1875 2087 est,
1908 2027 2191 2089 antequam

603 2109 934 2193 oblatrarent
965 2127 1190 2187 Ariani?
1232 2121 1486 2194 numquid
1517 2116 1754 2190 perfecte
1781 2113 1849 2169 de
1880 2109 2191 2184 poenitentia

607 2237 889 2287 tractatum
918 2233 1001 2280 est
1025 2264 1041 2289 ,
1089 2196 1373 2289 antequam
1414 2214 1737 2269 obsisterent
1766 2205 2078 2263 Novatiani?
2106 2202 2195 2259 Sic

605 2335 713 2378 non
740 2317 975 2390 perfecte
1003 2315 1068 2370 de
1093 2311 1417 2381 Baptismate
1449 2312 1727 2362 tractatum
1753 2309 1836 2356 est
1855 2342 1871 2367 ,
1911 2307 2194 2367 antequam

608 2386 1039 2469 contiadieerent
1085 2403 1214 2458 foris
1272 2397 1428 2472 positi
1484 2394 1930 2464 rebaptizatores;
1988 2403 2088 2444 nec
2131 2386 2197 2441 de

608 2505 724 2576 ipsa
753 2501 958 2559 unitate
994 2494 1194 2553 Christi
1237 2491 1511 2550 enucleate
1549 2487 1689 2553 dicta
1735 2494 1885 2541 erant
1911 2498 2029 2555 quae
2059 2481 2200 2536 dicta

611 2574 772 2665 sunt,
814 2594 917 2649 nisi
964 2598 1308 2663 posteaquam
1353 2582 1618 2654 separatio
1661 2580 1750 2634 illa
1808 2592 1998 2648 urgere
2036 2574 2201 2645 empit

611 2690 802 2747 fratres
827 2687 1090 2749 infirmos,
1118 2690 1178 2752 ut
1197 2681 1306 2752 jam
1331 2676 1405 2732 illi
1431 2675 1519 2747 qui
1544 2681 1805 2729 noverant
1831 2671 1947 2725 hare
1974 2677 2202 2723 tractare

611 2792 772 2855 atque
801 2777 1124 2841 dissolvere,
1156 2788 1224 2828 ne
1252 2769 1493 2843 perirent
1522 2762 1719 2821 infirmi
1751 2760 2015 2817 sollicitati
2050 2774 2200 2830 qua:-

613 2851 876 2933 stionibus
915 2867 1234 2939 impiorum,
1276 2858 1613 2917 sermonibus
1658 2864 1713 2910 et
1757 2851 2204 2924 disputationibus

616 2969 729 3025 suis
756 2967 980 3022 obscura
1006 2960 1163 3031 Legis
1192 2958 1244 3012 in
1283 2954 1553 3029 publicmn
1582 2949 1926 3006 deducerent.
1959 2947 2102 3017 Ergo
2130 2943 2204 2999 illi

617 3062 771 3119 divisi
799 3067 923 3115 sunt
950 3071 1060 3127 prae
1090 3054 1167 3108 ira
1192 3050 1371 3107 vultus
1395 3047 1533 3117 ejus,
1557 3054 1609 3101 et
1633 3043 1785 3099 nobis
1812 3042 1879 3097 ad
1906 3041 2208 3109 intelligen-

619 3156 745 3213 dum
778 3147 1217 3224 appropinquavit
1259 3159 1352 3199 cor
1394 3142 1530 3211 ejus.
1558 3138 1741 3208 Itaque
1770 3133 2047 3204 intelligite
2077 3131 2207 3187 illud

620 3246 760 3321 quod
791 3246 844 3301 in
876 3243 1078 3314 psalmo
1106 3239 1211 3293 alio
1236 3231 1673 3291 commemoravit
1696 3247 1711 3282 :
1736 3226 2068 3298 Congregatio
2090 3233 2208 3278 tau-

622 3357 813 3406 rorum,
840 3336 892 3392 id
919 3344 1001 3391 est
1030 3331 1383 3403 superborum
1411 3330 1822 3394 cornupetarum
1843 3362 1858 3387 ,
1886 3321 2016 3373 inter
2034 3334 2211 3371 vaccas

624 3432 948 3507 populorum.
994 3426 1137 3495 Quas
1176 3423 1307 3479 dixit
1333 3418 1547 3474 vaccas?
1583 3417 1803 3472 Animas
1849 3413 2211 3470 seductibiles.

624 3503 817 3595 thuid
848 3519 989 3576 hoc?
1021 3515 1088 3574 Ut
1122 3513 1452 3571 excludantur
1478 3511 1529 3564 hi
1552 3553 1568 3577 ,
1605 3509 1657 3564 id
1685 3516 1768 3563 est
1805 3512 2097 3577 appareant
2123 3503 2213 3595 qui

626 3594 882 3681 latebant,
914 3612 1004 3682 qui
1032 3608 1230 3682 probati
1261 3616 1375 3661 sunt
1417 3612 1646 3676 argento.
1675 3600 1812 3670 Quid
1837 3608 1939 3663 est,
1970 3594 2216 3668 argento?

628 3708 858 3778 Eloquio
886 3704 1001 3759 Dei.
1037 3700 1254 3772 Eloquia
1294 3697 1499 3752 Domini
1524 3693 1720 3763 eloquia
1749 3701 1888 3745 casta
1911 3731 1927 3757 ,
1953 3700 2217 3760 argentum

629 3800 746 3872 igne
773 3796 1111 3853 examinatum
1135 3833 1149 3857 ,
1197 3788 1453 3862 probabile
1496 3796 1675 3849 terrae,
1724 3790 1994 3853 purgatum
2037 3781 2219 3850 septies

633 3871 827 3947 tantum
852 3885 1025 3957 (Psal.
1061 3900 1131 3949 χι,
1164 3881 1240 3953 7).
1280 3880 1427 3934 llunc
1457 3891 1671 3932 sensum
1705 3874 2013 3937 obscurum,
2044 3871 2221 3926 videte

636 3977 1082 4052 quemadmodum
1110 3976 1163 4029 in
1181 3973 1353 4027 lucem
1375 3967 1619 4025 excludat
1643 3965 1963 4036 Apostolus:
1991 3963 2223 4034 Oportet,

638 4073 828 4142 inquit,
861 4078 907 4123 et
934 4069 1147 4122 haereses
1176 4080 1282 4118 esse
1305 4104 1318 4126 ,
1347 4070 1403 4116 ut
1429 4059 1624 4133 probati
1662 4058 1917 4128 manifesti
1942 4058 2066 4126 ﬁant
2092 4058 2224 4110 inter

640 4182 725 4221 vos
746 4164 791 4235 (ι
820 4163 941 4218 Cor.
973 4178 1051 4226 xx,
1085 4156 1191 4230 l9).
1219 4152 1354 4225 Quid
1378 4163 1478 4222 est,
1505 4151 1699 4223 probati
1721 4150 1746 4204 ?
1771 4150 2225 4219 Probatiargento,

641 4257 845 4330 probati
873 4252 1101 4324 eloquio.
1135 4248 1269 4318 Quid
1299 4256 1380 4302 est
1405 4288 1418 4311 ,
1463 4245 1716 4317 manifesti
1740 4244 1902 4309 ﬁant?
1931 4242 2226 4296 Excludan-

642 4326 743 4405 iur.
777 4347 953 4417 Quare
981 4343 1118 4398 hoc?
1148 4340 1370 4410 Propter
1394 4336 1695 4392 barreticos.
1719 4334 1853 4402 Quid
1877 4345 1978 4399 est,
2012 4326 2228 4404 propter

570 4432 577 4435 Ἰ
643 4437 959 4497 haereticos?
1001 4435 1225 4504 Propter
1266 4429 1734 4501 congregationem
1789 4436 2046 4480 taurorum
2100 4425 2231 4479 inter

643 4548 822 4589 vaccas
860 4526 1178 4601 populorum.
1215 4522 1303 4577 Sic
1328 4537 1454 4591 ergo
1484 4527 1538 4574 et
1582 4517 1636 4572 bi
1681 4517 1827 4570 divisi
1865 4526 1978 4570 sunt
2008 4532 2115 4587 prce
2154 4516 2231 4570 ira

645 4625 810 4681 uultus
838 4624 965 4695 ejus,
997 4630 1042 4673 et
1073 4615 1497 4690 apprOpinqaavit
1526 4630 1613 4666 cor
1640 4612 1802 4667 illius.

716 4715 806 4771 9.5.
844 4710 1031 4767 Holliti
1065 4720 1177 4764 sunt
1206 4723 1454 4763 sermones
1494 4706 1601 4776 ejus
1638 4720 1789 4774 super
1824 4703 2018 4767 oleum,
2065 4710 2111 4756 et
2138 4702 2234 4772 ipsi

648 4813 764 4864 sunt
794 4804 992 4876 jacula.
1032 4799 1285 4868 Quaedam
1329 4797 1469 4851 enim
1514 4796 1565 4848 in
1607 4794 1895 4864 Scripturis
1924 4794 2055 4847 dura
2086 4793 2233 4848 vide-

651 4898 844 4955 bantur
868 4939 884 4962 ,
931 4911 1051 4950 eum
1079 4893 1305 4948 obseura
1335 4897 1546 4953 essent;
1585 4886 1824 4957 exposita
1863 4885 2063 4938 mollita
2090 4891 2235 4940 sunt.

652 4993 784 5051 Nam
829 4994 885 5047 et
929 4990 1096 5062 prima
1147 4985 1368 5040 haeresis
1416 4983 1468 5037 in
1513 4979 1790 5049 discipulis
1816 4978 2012 5032 Christi
2038 4978 2240 5032 velata

653 5086 847 5146 duritia
875 5081 1138 5140 sermonis
1164 5078 1328 5151 ipsius
1358 5076 1492 5132 facta
1525 5083 1626 5129 est.
1657 5068 1790 5127 Cum
1828 5071 1968 5125 enim
2000 5070 2237 5139 diceret,

657 5179 776 5236 Nisi
802 5178 912 5248 quis
946 5171 1320 5229 manducauerit
1359 5184 1564 5222 carnem
1597 5181 1794 5231 meam,
1838 5174 1885 5219 et
1922 5164 2094 5216 biberit
2119 5179 2241 5216 san-

657 5273 858 5345 guinem
882 5283 1068 5329 meum,
1098 5281 1198 5319 non
1225 5260 1419 5317 habebit
1449 5261 1601 5315 vitam
1634 5259 1686 5312 in
1730 5274 1783 5311 se
1804 5272 1822 5311 .'
1846 5256 1918 5310 illi
1949 5270 2051 5310 non
2084 5255 2243 5310 intel-

658 5367 881 5437 ligentes
918 5359 1168 5417 dixerunt
1194 5353 1259 5409 ad
1290 5354 1517 5409 invicem
1541 5394 1555 5419 ,
1598 5351 1770 5405 Durus
1811 5358 1883 5404 est
1920 5347 2001 5401 Iu'c
2045 5363 2242 5412 sermo,

658 5459 771 5533 quis
822 5463 982 5528 potest
1010 5468 1122 5507 eum
1154 5447 1365 5503 audire?
1396 5446 1641 5501 Dicentcs
1669 5443 1789 5514 quia
1831 5441 1994 5498 durus
2020 5449 2101 5495 est
2130 5455 2246 5495 ser-

663 5568 751 5608 mo
776 5551 891 5615 hic,
920 5548 1301 5615 separaverunt
1340 5554 1397 5593 se
1439 5538 1506 5591 ab
1535 5538 1663 5591 illo:
1694 5535 1946 5590 remansit
1978 5549 2099 5590 cum
2132 5532 2250 5586 aliis

665 5644 967 5706 duodecim.
990 5638 1122 5695 Cum
1150 5637 1197 5691 ei
1227 5631 1614 5706 suggessisseut
1642 5629 1761 5684 illos
1788 5629 1839 5683 in
1866 5644 2112 5685 sermone
2135 5627 2253 5697 ejus

666 5743 831 5800 fuisse
873 5732 1293 5795 scandalizatus,
1336 5724 1599 5794 Numquid
1625 5733 1668 5777 et
1698 5740 1781 5776 vos
1806 5764 1820 5787 ,
1868 5721 2065 5791 inquit,
2107 5720 2254 5775 vultis

669 5839 779 5896 itte?
820 5835 890 5892 Et
920 5835 1147 5891 Petrus:
1176 5825 1392 5883 Verbum
1428 5823 1543 5877 vita:
1571 5831 1771 5877 (eterna;
1799 5818 1979 5886 Ita-bes,
2010 5816 2080 5873 ad
2108 5830 2255 5888 quem

737 5951 757 5986 ι
789 5950 864 6002 ste
883 5957 990 6000 Mss.
1015 5953 1071 5998 At
1091 5943 1227 6008 Edd.,
1251 5939 1435 5995 Etenim
1454 5933 1693 5991 Itwreticis
1714 5940 1883 5987 exerta
1903 5937 1994 5985 est.

1837 410 1894 469 S.
1936 392 2307 466 Αἰκιυῦτωί
2344 392 2647 455 EPISCOPI

2280 519 2460 573 ibimus
2487 518 2660 591 (latnt.
2688 532 2762 584 Vt,
2795 514 3021 587 54-69)?
3046 513 3329 576 intendite,
3369 511 3718 568 obsecramus
3741 525 3861 578 vos,

2277 622 2331 669 et
2361 613 2560 683 parvuli
2591 612 2777 665 discite
2808 610 3054 681 pietatem
3086 625 3099 660 :
3127 606 3390 679 Numquid
3421 607 3526 676 jam
3556 604 3747 660 Petrus
3780 605 3865 658 in-

2281 704 2548 776 telligebat
2578 713 2839 758 secretum
2870 703 3011 756 illius
3047 701 3309 755 seminis
3340 696 3590 753 Domini?
3616 694 3864 752 Nondum

2281 799 2638 869 intelligebat;
2692 794 2784 853 sed
2816 797 2950 851 bona
2979 806 3102 851 esse
3132 793 3295 849 verba
3321 806 3440 864 quas
3466 808 3574 848 non
3607 792 3870 863 intellige-

2280 892 2391 954 bat,
2422 892 2506 962 pie
2532 890 2801 947 credebat.
2831 888 2970 959 Ergo
3008 887 3054 942 si
3099 886 3264 942 durus
3294 892 3377 941 cst
3403 896 3611 949 sermo,
3645 896 3702 940 et
3731 899 3867 940 non-

2283 984 2408 1040 dum
2439 984 2736 1039 intellecuis
2765 988 2879 1049 est,
2908 982 3075 1037 durus
3102 981 3174 1037 sit
3188 967 3395 1051 impio,
3430 974 3526 1035 tibi
3553 988 3735 1034 autem
3761 979 3869 1049 pie-

2287 1085 2393 1132 tate
2432 1076 2699 1131 molliatur
2719 1092 2734 1129 :
2758 1075 2878 1146 quia
2909 1072 3227 1145 qtrandoque
3256 1071 3496 1127 solvetur
3515 1113 3530 1137 ,
3571 1079 3629 1126 et
3657 1070 3751 1126 ﬁet
3778 1064 3870 1126 tibi

2286 1172 2484 1237 oleum,
2511 1179 2565 1224 et
2591 1184 2757 1239 usque
2787 1162 2852 1221 ad
2883 1178 3004 1221 ossa
3038 1164 3355 1235 penetrabit.

2357 1263 2447 1317 9.4.
2478 1259 2631 1335 [rers.
2661 1259 2778 1333 23.]
2808 1257 3041 1315 Proinde
3066 1301 3080 1323 ,
3111 1266 3359 1328 tanquam
3392 1256 3505 1326 ipse
3534 1250 3731 1311 Purus
3754 1260 3875 1326 post

2288 1356 2412 1412 illos
2442 1355 2634 1410 duritia
2657 1397 2670 1419 ,
2703 1354 2840 1407 sicut
2874 1352 3156 1422 putabant,
3188 1350 3451 1405 sermonis
3479 1346 3693 1404 Domini
3720 1364 3874 1405 scan-

2289 1451 2544 1507 dalizatus
2566 1450 2724 1504 etiam
2752 1449 2836 1503 hic
2856 1450 3076 1516 diceret,
3109 1446 3327 1503 Verbum
3351 1448 3467 1502 riae
3483 1457 3688 1501 azternae
3707 1443 3874 1510 habes,

2291 1544 2360 1597 ad
2382 1561 2526 1614 quem
2553 1542 2776 1596 ibimus?
2823 1541 2896 1595 ita
2926 1540 3186 1609 subjecit,
3215 1538 3368 1593 lucta
3392 1540 3443 1593 in
3467 1538 3748 1593 Dominum
3788 1553 3875 1592 cu-

2291 1652 2402 1691 ram
2429 1645 2583 1701 tuam,
2630 1640 2681 1687 et
2703 1635 2811 1704 ipse
2851 1641 2897 1686 te
2935 1632 3165 1687 enutriet.
3215 1628 3471 1686 Parvulas
3518 1644 3599 1696 es,
3646 1629 3875 1685 nondum

2294 1730 2547 1800 intelligis
2577 1737 2781 1784 secreta
2812 1727 3097 1781 verborum
3125 1744 3137 1779 :
3164 1724 3299 1780 forte
3333 1726 3423 1779 tibi
3455 1724 3607 1795 panis
3648 1724 3799 1791 latet,
3828 1730 3885 1779 et

2294 1821 2472 1877 adhuc
2502 1822 2636 1877 lacte
2666 1821 2979 1875 nutriendus
3011 1835 3069 1874 es
3105 1817 3147 1892 (ι
3170 1817 3287 1874 Cor.
3322 1835 3406 1885 tu,
3452 1816 3543 1890 2);
3591 1817 3700 1872 noli
3729 1806 3887 1873 irasci

2295 1913 2552 1969 uberibus
2571 1953 2586 1979 ,
2630 1912 2740 1982 ipsa
2771 1919 2821 1965 te
2850 1910 3099 1965 idoneum
3144 1908 3368 1964 reddent
3398 1907 3465 1962 ad
3494 1922 3734 1962 mensam
3755 1948 3771 1975 ,
3801 1907 3880 1963 cui

2299 2005 2459 2063 modo
2489 2006 2665 2060 minus
2697 2004 2923 2059 idoneus
2952 2017 3030 2058 es.
3065 2001 3206 2057 Ecce
3246 2016 3343 2074 per
3367 2000 3684 2057 divisionem
3715 2001 3877 2056 luere-

2299 2102 2527 2155 tieorum
2571 2098 2733 2152 multa
2781 2096 2913 2151 dura
2960 2096 3168 2150 mollita
3215 2104 3336 2155 sunt
3372 2112 3384 2148 :
3418 2108 3701 2148 sermones
3746 2092 3881 2147 illius

2299 2191 2414 2250 duri
2446 2192 2634 2248 molliti
2680 2199 2804 2246 sunt
2844 2204 3004 2259 super
3047 2189 3247 2252 oleum,
3294 2196 3349 2243 et
3393 2185 3491 2256 ipsi
3539 2193 3665 2242 sunt
3692 2184 3879 2256 jarula.

2300 2290 2656 2344 Armaverunt
2676 2286 3099 2359 evangelizantes
3124 2303 3137 2340 :
3158 2295 3210 2340 et
3234 2284 3331 2356 ipsi
3353 2297 3633 2339 sermones
3654 2281 3871 2352 dirigun.

2300 2389 2390 2437 tur
2429 2381 2482 2436 in
2512 2392 2727 2452 pectora
2758 2395 3095 2452 quorumque
3122 2376 3446 2433 audientium
3477 2376 3545 2432 ab
3571 2375 3885 2431 instantibus

2303 2484 2605 2544 opportune
2631 2483 2685 2529 et
2711 2474 3040 2545 importune;
3075 2471 3179 2526 illis
3203 2467 3563 2535 sermonibus,
3590 2467 3698 2523 illis
3719 2468 3886 2523 verbis

2306 2576 2560 2638 tanquam
2591 2568 2797 2639 sagittis
2822 2609 2835 2631 ,
2880 2566 3039 2622 corda
3082 2564 3357 2619 hominum
3388 2561 3455 2617 ad
3483 2577 3721 2616 amorem
3751 2560 3886 2632 pacis

2306 2659 2593 2716 feriuntur.
2638 2660 2762 2714 Duri
2804 2667 2994 2725 erant,
3039 2667 3092 2713 et
3136 2657 3327 2711 molles
3370 2654 3494 2709 facti
3534 2662 3681 2710 sunt.
3712 2653 3887 2709 Molliti

2309 2767 2417 2807 non
2446 2752 2696 2806 virtutem
2725 2751 3039 2816 amiserunt,
3069 2747 3162 2802 sed
3195 2747 3245 2801 in
3271 2746 3449 2817 jacula
3475 2745 3721 2801 conversi
3752 2752 3885 2799 sunt.

2311 2842 2502 2899 Molliti
2524 2852 2642 2898 sunt
2671 2858 2921 2897 sermones
2949 2841 3057 2911 ejus
3086 2856 3235 2909 super
3263 2838 3447 2905 oleum,
3478 2850 3526 2893 et
3553 2838 3679 2909 ipsi,
3713 2836 3889 2892 molliti

2312 2950 2608 3000 sermones,
2639 2935 2736 3006 ipsi
2764 2944 2881 2988 sunt
2902 2932 3101 3005 jacula.
3131 2928 3235 2988 Sed
3268 2940 3324 2987 tu
3352 2930 3588 2986 nondum
3617 2929 3757 2986 forte
3783 2929 3890 2985 ido-

2315 3043 2449 3083 neus
2480 3043 2538 3082 es
2562 3027 2651 3099 qui
2678 3026 2902 3082 armeris
2929 3025 3013 3079 bis
3032 3024 3244 3095 jaculis,
3274 3031 3328 3080 et
3349 3022 3582 3078 nondum
3614 3021 3710 3077 tibi
3740 3022 3894 3077 eluxit

2317 3119 2459 3190 quod
2488 3119 2542 3173 in
2572 3134 2821 3175 sermone
2850 3116 2987 3174 forte
3009 3118 3296 3173 obscurum
3324 3127 3405 3173 est
3434 3125 3489 3172 et
3508 3115 3731 3183 durum;
3754 3115 3895 3170 Jacta

2316 3213 2373 3266 in
2404 3209 2681 3266 Dominum
2706 3229 2876 3265 curam
2903 3220 3061 3275 tuam,
3092 3220 3137 3264 et
3165 3211 3274 3281 ipse
3298 3219 3344 3264 te
3372 3210 3601 3265 enutriet.
3637 3210 3693 3264 ln
3727 3208 3897 3264 Domi-

2321 3321 2449 3361 num
2484 3305 2624 3375 jacta
2655 3314 2724 3360 te.
2752 3304 2889 3359 Ecce
2915 3304 2996 3359 vis
3025 3312 3075 3359 te
3099 3303 3301 3374 jactare
3331 3305 3383 3359 in
3412 3304 3718 3375 Dominum,
3748 3318 3898 3359 nemo

2323 3413 2383 3453 se
2421 3408 2685 3468 supponat
2722 3411 2818 3466 pro
2860 3396 3103 3450 Domino.
3142 3396 3292 3449 Jacta
3334 3396 3387 3450 in
3430 3395 3709 3450 Dominam
3735 3412 3899 3450 caram

2323 3499 2481 3546 tamn.
2507 3490 2641 3545 Vide
2666 3487 3112 3561 quemadmodum
3143 3504 3365 3559 magnus
3395 3489 3484 3544 ille
3516 3490 3669 3544 miles
3711 3490 3899 3545 Christi

2323 3583 2376 3638 in
2429 3599 2488 3638 se
2535 3597 2715 3637 curam
2771 3581 3115 3651 parvulorum
3159 3581 3349 3650 jactari
3395 3582 3565 3636 noluit
3595 3601 3609 3638 :
3644 3582 3903 3653 Numquid

2327 3672 2522 3729 Paulus
2554 3690 2643 3744 pro
2673 3674 2808 3727 vobis
2845 3673 3121 3742 cruciﬁxus
3148 3681 3250 3733 est,
3287 3682 3374 3726 aut
3418 3673 3472 3726 in
3511 3674 3713 3727 nomine
3757 3672 3904 3728 Pauli

2326 3766 2563 3838 baptismi
2602 3765 2718 3819 estis
2763 3764 2871 3838 (Id.
2921 3781 2967 3830 1,
3009 3764 3138 3836 l5)?
3175 3764 3310 3832 Quid
3366 3764 3444 3819 eis
3479 3765 3621 3819 aliud
3665 3764 3902 3831 dicebat,

2327 3859 2450 3925 nisi,
2482 3857 2685 3913 Jactate
2712 3858 2764 3911 in
2799 3858 3079 3911 Dominum
3110 3872 3291 3911 curam
3319 3866 3571 3922 vestram,
3600 3866 3655 3911 et
3685 3858 3800 3932 ipse
3820 3873 3907 3914 vos

2327 3951 2599 4007 cnutriet?
2639 3949 2795 4005 Modo
2841 3962 3019 4006 autem
3051 3951 3164 4005 vult
3193 3950 3446 4020 parvulus
3483 3950 3691 4020 jactare
3732 3966 3909 4006 Curam

2329 4061 2477 4101 suam
2511 4045 2563 4099 in
2595 4045 2902 4111 Dominum,
2936 4054 2990 4099 et
3019 4046 3253 4100 occurrit
3282 4044 3461 4098 nescio
3492 4044 3633 4115 quis,
3663 4052 3722 4097 et
3751 4043 3907 4099 dicit:

2331 4137 2444 4211 Ego
2470 4139 2699 4207 excipio.
2749 4140 3024 4210 Tanquam
3066 4139 3184 4193 navi
3230 4138 3502 4195 fluctuanti
3544 4138 3822 4204 occurrit,
3864 4144 3916 4193 et

2332 4233 2459 4287 dicit
2486 4252 2497 4286 :
2522 4233 2633 4302 Ego
2666 4231 2894 4301 excipio.
2929 4230 3214 4300 Responde
3247 4239 3301 4284 et
3327 4239 3378 4282 tu
3401 4247 3413 4281 :
3438 4228 3654 4283 Portum
3696 4243 3913 4301 quaero,

2334 4340 2438 4381 neu
2468 4341 2675 4380 saxum.
2716 4323 2866 4376 Jacta
2890 4323 2942 4376 in
2968 4321 3241 4376 Dominum
3268 4337 3444 4376 curam
3472 4330 3632 4389 tuam,
3664 4328 3711 4375 et
3738 4322 3845 4392 ipse
3874 4328 3918 4375 te

2335 4418 2569 4474 enutriet.
2622 4417 2689 4472 Et
2730 4417 2849 4470 vide
2887 4416 3007 4485 quia
3051 4424 3235 4486 portus
3280 4422 3333 4469 te
3371 4415 3607 4482 excipit:
3636 4411 3761 4467 Non
3787 4412 3916 4466 dabit

2336 4512 2388 4566 in
2418 4521 2659 4566 azternum
2698 4507 3075 4579 ﬂuctuationem
3110 4507 3274 4576 justo.
3326 4505 3534 4560 Videris
3582 4504 3842 4560 ﬂuctuare
3870 4505 3919 4559 in

2338 4606 2470 4663 mari
2501 4605 2621 4666 isto,
2646 4603 2740 4657 sed
2771 4602 2967 4670 exripit
2996 4611 3046 4655 te
3076 4610 3277 4670 portus.
3302 4598 3379 4654 'l'u
3407 4608 3612 4654 tantum
3642 4610 3919 4670 antequam
4016 4666 4017 4669 η

2341 4700 2506 4755 intres
2537 4699 2589 4752 in
2622 4707 2856 4767 portum,
2889 4696 2955 4750 ab
2983 4696 3218 4748 anchora
3250 4693 3357 4747 noli
3385 4693 3654 4762 abrumpi.
3685 4693 3927 4748 Flauum

2342 4793 2491 4848 navis
2521 4792 2574 4845 in
2601 4788 2879 4847 anchoris.
2910 4787 3005 4841 sed
3036 4801 3142 4840 non
3182 4785 3339 4854 longe
3373 4800 3401 4837 a
3446 4792 3593 4840 terra
3622 4785 3928 4856 projicitur;

2344 4899 2442 4940 nec
2470 4886 2520 4938 in
2552 4893 2810 4938 aucrnum
2854 4879 3150 4944 ﬂuctuabit,
3194 4877 3293 4932 etsi
3334 4876 3403 4930 ad
3448 4887 3661 4947 tempus
3689 4878 3926 4933 ﬂuctuat.

2348 4978 2558 5033 Etenim
2588 4974 2653 5028 ad
2680 4971 3084 5029 ﬂuctuationem
3120 4970 3394 5039 pertinent
3421 4970 3584 5025 verba
3617 4971 3929 5038 superiora:
4016 4958 4017 4961 “

2349 5070 2683 5127 Coutristatus
2711 5084 2825 5124 sum
2849 5067 2902 5121 in
2926 5065 3283 5120 exercitaticne
3319 5080 3429 5119 mea
3453 5106 3468 5128 ,
3512 5074 3563 5120 et
3609 5064 3933 5119 conturbatus

2348 5182 2479 5220 sum.
2513 5163 2882 5235 Exspectabam
2911 5176 3026 5215 eum
3055 5160 3141 5230 qui
3170 5176 3248 5215 me
3276 5158 3471 5213 saluum
3499 5161 3686 5230 faceret
3711 5175 3747 5211 α
3776 5157 3934 5230 pusil-

2350 5260 2632 5314 lanimitate
2670 5268 2715 5312 et
2747 5265 3058 5327 tempestate.
3091 5254 3382 5309 Fluctuans
3408 5253 3679 5324 loquitur,
3708 5250 3811 5309 sed
3841 5263 3941 5306 non

2352 5354 2405 5409 in
2435 5361 2693 5408 aeternum
2720 5349 3029 5413 fluctuabit;
3058 5363 3182 5405 nam
3212 5347 3443 5403 anchora
3470 5346 3685 5420 ligatur,
3706 5342 3941 5402 anchora

2353 5461 2476 5517 spes
2521 5444 2643 5515 ejus
2680 5450 2780 5500 cst.
2831 5440 2955 5497 Non
2995 5441 3135 5498 dubi!
3182 5441 3233 5496 in
3277 5449 3521 5496 internum
3561 5439 3946 5509 ﬂuctuatione.

2348 5542 2510 5613 justo.

2430 5633 2518 5687 223.
2550 5631 2699 5705 [vers.
2726 5628 2840 5704 ‘24.]
2875 5628 2983 5685 Illis
3017 5638 3199 5685 autem
3226 5626 3391 5698 quid?
3424 5625 3499 5680 Tu
3524 5641 3673 5694 vero,
3700 5623 3845 5681 Deus
3865 5623 3952 5678 de-

2363 5729 2512 5783 daces
2540 5744 2622 5781 cos
2650 5726 2700 5779 in
2730 5735 2930 5795 puteum
2954 5723 3311 5791 corruptionis.
3338 5720 3537 5775 Puteus
3564 5715 3952 5788 corruptionis.

2365 5821 2598 5877 tenebar
2628 5828 2750 5874 sunt
2776 5816 3178 5872 sulnnersionis.
3226 5813 3457 5870 Deduccs
3494 5829 3580 5867 eos
3602 5856 3616 5881 ,
3666 5814 3877 5882 inquit,
3908 5813 3959 5866 in

2370 5926 2575 5989 puteum
2623 5909 2960 5981 corruptionis
3004 5926 3021 5966 :
3061 5907 3184 5981 quia
3234 5921 3407 5964 cacus
3454 5920 3660 5963 caecout
3706 5904 3950 5974 ducens,
