4042 6486
97 5473 104 5478 ἦ
410 5485 597 5542 saltem,
613 5491 706 5550 etc.
733 5473 874 5550 catulo

198 525 354 586 ambo
383 523 436 579 in
469 522 678 582 fovea-tn
699 520 896 578 eadunt
921 517 1134 590 (Matth.
1154 532 1251 582 Iv,
1273 517 1387 587 14).
1414 517 1637 574 Deducit
1661 516 1784 573 illos

205 621 341 678 Deus
370 617 425 673 in
454 627 678 688 puteum
706 613 1094 684 corruptionis,
1126 628 1231 666 non
1262 610 1404 681 quod
1449 611 1560 679 ipse
1591 611 1662 666 sit
1685 625 1784 665 au-

201 721 315 770 ctor
338 710 516 780 culpm
543 710 801 779 ipsorum.
837 706 929 762 sed
952 705 1092 776 quod
1117 706 1232 774 ipse
1259 704 1328 758 sit
1348 704 1512 773 judex
1542 702 1790 772 iniquita-

201 817 310 864 ωσι
330 821 552 861 eorum.
580 803 820 860 Tradidit
848 801 992 858 enim
1023 815 1117 856 eos
1148 799 1290 856 Deus
1316 799 1368 852 in
1397 797 1784 866 concupiscen-

205 901 298 956 tias
340 898 524 955 cordis
571 913 758 953 eorum
805 894 981 968 (Rom.
1032 910 1071 959 ι,
1116 893 1207 961 24)
1240 910 1254 944 :
1286 897 1598 945 amaverunt
1641 888 1787 944 enim

205 991 470 1056 tenebras,
518 999 574 1044 et
619 1005 724 1043 non
773 988 987 1051 lucem;
1031 985 1331 1040 dilexerunt
1353 982 1688 1046 ca'eitatem,
1733 988 1787 1034 et

205 1100 304 1138 non
333 1083 622 1137 visionem.
652 1079 784 1136 Nam
829 1093 957 1134 ecce
1003 1077 1260 1131 Dominus
1287 1074 1444 1130 Jesus
1473 1073 1637 1126 elusit
1665 1070 1784 1124 uni-

205 1193 356 1234 verso
384 1175 623 1240 mundo;
668 1181 885 1228 cantent
930 1172 984 1226 in
1024 1170 1227 1225 unitate
1257 1182 1378 1221 cum
1408 1176 1518 1219 toto
1548 1162 1745 1217 mundo
1770 1180 1782 1216 :

205 1270 322 1328 Non
351 1271 498 1328 enim
528 1279 602 1324 est
630 1269 718 1341 qui
761 1283 813 1322 se
849 1264 1125 1321 abscondat
1154 1278 1187 1314 α
1215 1262 1384 1314 colore
1427 1258 1568 1312 illius
1615 1248 1782 1327 (Ρδᾶι.

205 1382 350 1432 “In,
381 1366 458 1434 7).
488 1363 568 1418 llli
592 1373 769 1418 autem
802 1359 1140 1415 traducentes
1165 1370 1226 1409 se
1258 1370 1286 1407 a
1331 1361 1442 1406 toto
1461 1351 1525 1404 ad
1558 1358 1783 1418 partem,

203 1476 482 1530 scorpore
522 1459 590 1513 ad
619 1457 831 1520 vulnus,
879 1469 909 1508 tt
956 1453 1063 1506 vita
1105 1449 1172 1504 ad
1218 1446 1609 1518 praecisionem,
1660 1439 1786 1511 quid

201 1556 408 1628 passuri
435 1563 584 1618 sunt,
614 1552 714 1606 nisi
744 1551 794 1603 in
828 1558 1046 1618 puteum
1074 1539 1432 1610 corruptionis
1454 1536 1621 1591 ituri?

261 1647 354 1701 S6.
400 1645 508 1698 Viri
533 1643 838 1712 sanguinaria
867 1649 912 1694 et
956 1634 1258 1691 dotositatis.
1289 1632 1442 1685 Viros
1469 1627 1783 1697 sanguinum

199 1748 414 1811 propter
440 1734 836 1790 interfectiones
865 1730 1026 1792 dicit;
1057 1737 1216 1796 atque
1239 1724 1438 1777 utinam
1459 1718 1783 1788 corporales,

201 1843 252 1888 et
289 1845 400 1885 non
437 1827 744 1898 spirilttaiues
775 1826 787 1878 ε
829 1821 1056 1892 Sanguis
1097 1819 1240 1874 enim
1287 1817 1353 1871 de
1395 1829 1555 1868 carne
1579 1813 1783 1876 exiens,

201 1923 405 1978 vietus
429 1930 487 1975 et
517 1920 762 1972 horretur
793 1933 806 1970 :
839 1915 958 1985 quis
1002 1911 1146 1966 videt
1183 1909 1496 1979 sanguinem
1528 1903 1704 1958 cordis
1732 1903 1785 1957 in

199 2013 570 2086 rebaptizato?
599 2012 707 2066 illa:
731 2019 930 2064 mortes
958 2007 1089 2060 alios
1116 2004 1298 2059 oculos
1324 2009 1588 2073 quaerunt.
1611 1998 1787 2067 Quan-

201 2123 351 2179 quam
387 2114 445 2161 et
483 2104 556 2159 de
597 2103 713 2157 istis
737 2099 998 2156 mortibus
1038 2095 1332 2150 visibilihus
1365 2108 1471 2146 non
1513 2092 1786 2161 quiescant

202 2200 386 2257 amati
420 2197 622 2266 ubique
663 2191 1152 2248 Circumcelliones.
1201 2188 1337 2242 Etsi
1380 2187 1508 2240 istas
1552 2184 1787 2238 visibiles

203 2300 401 2348 mortes
425 2287 788 2349 attendamus,
825 2285 917 2338 uiri
938 2283 1240 2353 sanguinum
1269 2287 1413 2332 sunt.
1442 2275 1670 2331 Attende
1699 2290 1787 2328 ar-

201 2392 421 2445 mum,
455 2381 503 2435 si
535 2380 616 2433 vir
656 2377 800 2448 pacis
829 2383 928 2442 est,
960 2382 1013 2428 et
1041 2388 1146 2426 non
1173 2369 1464 2440 sanguinis.
1496 2367 1551 2423 Si
1591 2367 1783 2421 fustem

201 2476 384 2531 saltem
414 2475 431 2504 ί
462 2473 638 2526 solum
669 2472 859 2532 ferret;
888 2466 981 2522 sed
1025 2466 1126 2521 fert
1154 2462 1508 2530 fundibulum,
1557 2461 1655 2516 fert
1699 2474 1786 2515 se-

201 2571 384 2633 curim,
428 2567 537 2622 fert
573 2565 796 2635 lapides,
839 2563 943 2618 fert
989 2562 1201 2616 lanceas
1234 2578 1246 2613 :
1275 2568 1329 2614 et
1377 2559 1473 2612 ista
1515 2563 1786 2626 portantes

203 2662 391 2732 Ibique
419 2674 524 2730 qua
559 2666 779 2728 possunt
814 2663 1139 2725 evagantur,
1186 2652 1492 2720 sanguinem
1530 2650 1786 2704 innocen-

201 2754 321 2808 tium
343 2753 557 2806 sitiunt.
589 2749 732 2818 Ergo
758 2757 813 2803 et
836 2747 903 2802 de
931 2747 1046 2800 istis
1067 2743 1362 2799 visibilibus
1383 2742 1638 2797 mortibus
1661 2750 1786 2796 sunt

200 2845 284 2898 uiri
302 2842 636 2914 sanguinum.
659 2839 764 2894 Sed
807 2847 860 2892 et
896 2837 965 2892 de
989 2837 1092 2893 illis
1121 2835 1360 2889 dicamus
1398 2851 1410 2886 :
1450 2832 1660 2887 L’tinam
1699 2847 1786 2887 so—

199 2935 272 2991 las
299 2933 378 3007 (a)
407 2933 667 2998 facerent,
714 2939 770 2987 et
803 2930 1007 2984 animas
1054 2941 1159 2981 non
1203 2926 1544 2995 perimerent.
1579 2923 1666 2978 isti
1694 2922 1783 2994 qui

196 3039 315 3085 sunt
343 3028 442 3082 siti
467 3025 770 3096 sanguinaria
797 3033 843 3076 et
873 3021 1174 3087 dolositatis,
1206 3034 1274 3074 ne
1314 3028 1497 3089 putent
1525 3019 1646 3088 quia
1687 3032 1784 3074 nos

200 3123 330 3177 nale
379 3121 465 3176 sic
516 3117 858 3187 intelligimus
901 3116 1046 3170 viros
1085 3113 1421 3184 sanguinum,
1453 3112 1541 3181 qui
1581 3112 1784 3166 animas

199 3214 479 3276 occidunt;
509 3211 608 3281 ipsi
638 3208 1055 3265 Masimianistas
1102 3221 1228 3260 suos
1258 3205 1334 3260 sic
1385 3205 1784 3259 inlellexrrttnt.

201 3306 324 3362 Nam
349 3321 476 3360 cum
506 3319 601 3359 eos
622 3303 959 3364 duntmrent,
1008 3300 1061 3354 in
1107 3299 1221 3369 ipsa
1263 3300 1527 3354 sententia
1571 3297 1783 3353 concilii

197 3400 273 3456 αἱ
304 3398 384 3469 (b)
413 3398 519 3452 ista
542 3395 706 3450 verba
733 3400 1030 3464 posuerunt
1059 3408 1072 3446 :
1114 3390 1314 3445 Veloces
1345 3391 1495 3460 pedes
1521 3407 1693 3443 eorum
1716 3389 1785 3444 ad

199 3491 562 3559 claudendum
585 3487 880 3558 sanguinem
903 3484 1335 3538 annuntiatorum
1353 3485 1394 3536 '.
1420 3481 1784 3538 Contributatt'o

201 3595 243 3638 et
263 3583 535 3638 calamitas
566 3581 619 3634 in
643 3580 736 3633 viis
753 3593 950 3643 eorum,
982 3585 1027 3631 et
1055 3577 1186 3629 viam
1231 3576 1368 3643 pacis
1410 3591 1508 3628 non
1535 3591 1783 3644 cognove-

197 3684 308 3730 runt
339 3671 517 3744 (Psal.
549 3686 664 3734 nu,
708 3667 785 3739 5).
818 3668 932 3723 Hoc
973 3667 1042 3722 de
1071 3665 1474 3722 Maximianistis
1511 3666 1780 3721 dixerunt.

201 3770 388 3839 Quare
413 3776 596 3822 autem
623 3780 722 3834 ego
756 3764 826 3818 ab
850 3763 929 3818 eis
954 3760 1168 3832 quando
1194 3760 1594 3815 ltiaximianistue
1631 3760 1782 3816 fude-

202 3866 300 3918 siat
322 3860 574 3931 corporis
595 3859 930 3928 sanguinem,
963 3872 1070 3911 non
1103 3855 1224 3925 quia
1253 3864 1308 3908 et
1335 3855 1431 3924 ipsi
1463 3870 1568 3909 non
1600 3855 1784 3910 fundep

203 3965 313 4012 rent
331 3954 374 4020 ³,
405 3954 450 4009 si
478 3959 625 4008 esset
649 3950 768 4006 talis
793 3947 1075 4004 multitudo
1098 3964 1216 4018 quae
1243 3946 1508 4012 funderet,
1538 3947 1638 4002 sed
1657 3963 1782 4016 pro-

101 4071 106 4076 ’
204 4057 314 4120 pter
357 4045 696 4102 timiditatem
733 4041 1013 4112 paucitatis
1053 4056 1164 4095 sua
1193 4040 1362 4109 magis
1388 4040 1454 4094 ab
1480 4040 1558 4093 eis
1586 4039 1784 4109 aliquid

203 4141 340 4212 passi
364 4145 516 4202 sunt,
548 4151 706 4207 quam
737 4137 835 4204 ipsi
867 4135 972 4190 tale
990 4133 1190 4204 aliquid
1212 4132 1494 4202 aliquando
1521 4131 1783 4188 fecerunt.

205 4247 326 4303 ergo
371 4232 643 4297 interrogo
681 4227 1024 4291 donatistam,
1058 4237 1113 4279 et
1139 4223 1258 4278 dico
1291 4240 1305 4277 :
1339 4222 1395 4276 in
1440 4223 1666 4276 concilio
1697 4234 1786 4278 tuo

204 4322 422 4395 pontisti
448 4321 519 4376 de
547 4319 970 4382 Haximianistis,
1013 4315 1213 4368 Veloces
1240 4314 1390 4384 pedes
1415 4331 1590 4384 eorum
1612 4315 1680 4366 ad
1706 4319 1785 4384 ef-

207 4412 520 4486 fundendum
555 4411 868 4481 sanguinem.
917 4407 1093 4462 Unum
1134 4405 1261 4460 mihi
1288 4405 1410 4459 date
1436 4421 1591 4475 quem
1623 4405 1787 4476 digito

203 4508 437 4564 ἥκει-ιω
462 4501 898 4560 Maximianistir?
937 4497 1075 4567 Quid
1113 4497 1240 4553 mibi
1265 4497 1407 4552 aliud
1434 4511 1788 4566 responsurus

202 4607 306 4664 ιιι,
332 4597 434 4654 nisi
463 4592 608 4665 quod
635 4607 735 4662 ego
761 4591 918 4647 dico?
947 4590 1044 4657 Qui
1077 4604 1136 4644 se
1164 4597 1544 4658 separaverunt
1571 4589 1638 4642 ab
1667 4588 1787 4642 uni-

204 4698 332 4754 tate.
361 4698 417 4745 et
459 4687 665 4746 animas
702 4681 1006 4739 seducendo
1053 4679 1386 4743 interimunt,
1417 4679 1784 4748 spiritualiter,

205 4800 314 4844 non
340 4781 632 4840 carnaliter
661 4778 973 4848 sanguinem
1021 4773 1268 4828 fundunt.
1298 4771 1510 4840 Optime
1536 4770 1788 4840 exposui-

201 4877 290 4941 sti,
311 4875 408 4931 sed
433 4875 491 4928 in
513 4871 847 4941 expositione
874 4876 959 4921 tua
985 4880 1214 4936 agnosce
1236 4862 1370 4918 facta
1395 4870 1502 4917 tua.
1536 4860 1644 4915 Viri
1669 4879 1791 4917 san-

201 4969 414 5040 guinem
447 4976 499 5022 et
525 4963 830 5020 doiositatis.
873 4962 929 5017 ln
961 4961 1146 5016 fraude
1185 4957 1459 5022 dolositas,
1482 4955 1538 5010 in
1576 4956 1792 5011 simula-

202 5064 366 5128 tione,
397 5062 452 5116 in
484 5058 815 5116 seductione.
845 5053 982 5124 Quid
1004 5069 1134 5124 ergo
1161 5053 1234 5107 illi
1257 5052 1355 5121 ipsi
1385 5051 1472 5120 qui
1501 5049 1646 5103 diuisi
1673 5058 1792 5106 sunt

203 5171 310 5228 pro
326 5157 410 5210 ira
433 5153 603 5210 vultus
628 5153 738 5223 ejus
761 5150 788 5206 2'
818 5149 925 5221 Ipsi
955 5156 1079 5205 sunt
1109 5146 1202 5201 uiri
1224 5144 1529 5216 sanguinum
1559 5151 1606 5198 et
1645 5140 1792 5198 dolo-

200 5250 382 5305 sitatis.

265 5426 284 5457 ι
318 5425 394 5474 sic
413 5428 525 5472 uss.
547 5426 604 5471 At
634 5418 766 5478 ωδ..
791 5417 841 5481 εξ
870 5416 942 5468 vir
977 5413 1111 5481 pacis
1141 5417 1352 5481 εεεειιει
1381 5424 1482 5481 non
1506 5410 1790 5481 ,εαηθπῄιίδτ

897 5472 1003 5542 post
1025 5477 1148 5538 loco,
1171 5472 1490 5540 fundibulum,
1504 5476 1552 5522 in
1572 5472 1793 5524 omnibus

202 5541 380 5598 nostris
403 5556 508 5596 Mss.
537 5541 632 5602 ρει,
655 5541 971 5605 ﬁtndibatum.

265 5614 286 5642 ³
323 5618 444 5667 Vox,
482 5599 889 5662 (thMttliL‘llOfttM,
928 5605 1003 5653 hic
1027 5603 1074 5651 in
1096 5599 1276 5663 aliquot
1300 5609 1402 5667 uss.
1423 5599 1673 5667 omittitur,
1701 5610 1794 5646 nec

202 5671 412 5722 habetur
433 5661 482 5719 in
511 5671 747 5731 Bagaitaui
773 5661 960 5717 conCilii
990 5661 1233 5714 sententia
1256 5661 1408 5711 relata
1426 5664 1476 5711 in
1517 5661 1599 5710 lib.
1626 5661 1658 5707 4
1678 5673 1791 5709 cou-

202 5743 278 5785 ιη
305 5743 552 5792 crescam,
575 5746 619 5781 ο.
644 5732 690 5779 4.
882 5762 924 5792 -_
1300 5787 1316 5792 _
1398 5773 1436 5792 _.

267 5800 288 5830 ³
321 5797 454 5850 uid.
477 5787 570 5846 non
591 5793 821 5855 fuderint.
841 5790 1005 5840 Melius
1028 5797 1150 5849 Mss,
1173 5800 1266 5841 non
1287 5787 1557 5849 funderent.

268 5859 342 5922 (a)
375 5854 613 5922 suband.,_
627 5854 831 5907 visibiles
861 5859 1050 5904 mortes.

271 5920 342 5984 (tv)
377 5920 636 5984 ωεαίιειιι.
943 5931 952 5936 -

1263 402 1660 461 ENARBATIO
1697 403 1762 460 IN
1799 402 2120 464 PBALMUM
2159 405 2269 463 LV.

1965 521 2054 575 27.
2081 521 2188 578 Sed
2209 522 2336 594 quid
2359 522 2428 579 de
2448 523 2553 582 illis
2575 527 2688 582 ait?
2715 527 3188 594 Nondinuidiabunt
3205 541 3316 598 dies
3335 562 3472 605 suos.

1891 614 2028 684 Quid
2057 625 2158 683 est,
2185 615 2306 671 Non
2343 619 2680 675 dimidiabunt
2703 623 2810 678 dies
2845 631 3004 682 suos?
3041 631 3154 686 Non
3196 639 3475 703 proficient

1885 718 2147 811 quantum
2179 719 2365 779 putant
2398 713 2576 811 :_intra
2623 724 2838 786 tempus
2875 721 3015 790 quod
3055 739 3291 795 sperant,
3346 746 3473 801 per.-

1889 800 2064 854 ibant.
2101 801 2218 871 lpse
2243 812 2326 858 est
2351 805 2493 860 enim
2541 808 2726 876 perdix
2757 810 2864 876 ille,
2895 812 2962 868 de
2988 829 3095 884 quo
3115 817 3317 876 dictum
3346 800 3474 880 est:

1892 891 1959 948 ln
1989 894 2198 948 dimidio
2217 896 2410 950 dierum
2442 899 2553 970 ejus
2573 901 2916 975 derelinquant
2941 921 3077 975 eum,
3103 920 3152 962 et
3175 912 3230 964 in
3266 918 3475 972 notissi-

1891 985 1987 1039 mis
2011 988 2117 1042 suis
2133 989 2226 1042 erit
2250 990 2490 1059 insipiens
2503 992 2710 1064 (Jerem.
2739 1011 2866 1062 xvu,
2901 1000 3010 1065 lt).
3041 1002 3350 1073 Proficiunt,
3381 1010 3475 1066 sed

1891 1080 1957 1134 ad
1989 1089 2214 1151 tempus.
2246 1084 2380 1151 Quid
2411 1087 2552 1141 enim
2597 1088 2670 1143 ait
2707 1092 3026 1160 Apostolus?
3064 1097 3284 1170 Mati-gni
3308 1114 3476 1159 autem

1892 1173 2118 1228 Itotuines
2143 1185 2188 1230 et
2216 1178 2500 1231 seductores
2530 1182 2794 1249 proﬁcient
2818 1185 2871 1238 in
2906 1189 3069 1257 pejus,
3106 1191 3206 1261 ipsi
3229 1207 3473 1265 errantes,

1889 1274 1938 1318 et
1957 1265 2088 1320 alios
2115 1268 2166 1320 in
2190 1283 2406 1322 errorem
2436 1272 2702 1327 mittentes.
2727 1276 2916 1332 Cacus
2943 1289 3120 1335 autem
3147 1298 3348 1341 emcnm
3381 1289 3477 1344 du-

1885 1368 2038 1423 cens,
2067 1357 2221 1412 simul
2249 1360 2299 1414 in
2327 1361 2531 1417 foveam
2555 1366 2748 1420 cadunt
2778 1367 2984 1440 (Matth.
3015 1389 3106 1441 xv,
3137 1375 3247 1446 11).
3291 1378 3476 1438 Merito

1887 1448 2087 1552 cadunt
2111 1451 2161 1504 in
2201 1461 2405 1552 puteum
2442 1458 2796 1528 corruptionis.
2842 1461 2975 1528 Quid
3005 1479 3137 1533 ergo
3158 1468 3265 1521 ait?
3297 1469 3475 1541 Proﬁ-

1889 1542 2018 1632 cient
2045 1542 2096 1595 in
2129 1544 2312 1614 pejus;
2340 1561 2442 1600 non
2474 1556 2650 1602 tamen
2681 1550 2790 1632 diu.
2822 1552 2952 1608 Nam
2979 1558 3138 1625 paulo
3167 1568 3293 1615 ante
3319 1562 3473 1632 dixit,

1892 1631 2000 1688 Sed
2028 1636 2162 1688 ultra
2191 1653 2289 1690 non
2325 1640 2586 1707 proﬁcient
2608 1656 2627 1695 :
2652 1629 2874 1709 hocest,
2899 1660 2998 1700 non
3021 1629 3475 1710 dimidiabuntdies

1890 1742 2028 1829 suos.
2055 1726 2318 1798 Sequatur
2355 1733 2660 1799 Apostolus,
2701 1746 2755 1791 et
2787 1738 2928 1794 dicat
2967 1756 3133 1812 quare
3166 1760 3180 1800 :
3213 1745 3476 1803 Dementia

1891 1825 2023 1909 enim
2053 1837 2224 1875 eorum
2249 1825 2513 1893 manifesta
2534 1827 2626 1879 erit
2653 1828 2900 1895 omnibus,
2933 1833 3059 1886 sicut
3080 1843 3126 1887 et
3146 1835 3352 1891 illorum
3379 1841 3476 1909 fuit

1892 1908 1960 1977 (Il
1992 1909 2118 1963 Tim.
2148 1927 2224 1976 tu,
2253 1913 2302 1978 9,
2337 1915 2451 1986 15).
2503 1916 2611 1971 Viri
2645 1922 2953 1991 sanguinum
2991 1935 3037 1978 et
3065 1925 3348 1983 detositatis
3374 1908 3475 1986 non

1891 2002 2225 2059 dimidiabunt
2246 2007 2352 2062 dies
2375 2026 2510 2064 suos.
2540 2010 2650 2082 Ego
2669 2023 2837 2068 autent
2853 2015 2906 2069 in
2926 2024 2973 2071 te
2991 2019 3222 2088 sperabo,
3237 2019 3473 2077 Domine.

1891 2093 2079 2148 Merito
2109 2106 2283 2151 autem
2314 2099 2384 2152 illi
2416 2115 2520 2155 non
2551 2101 2903 2160 dimidiabunt
2933 2107 3048 2163 dies
3077 2125 3224 2175 suos,
3265 2112 3388 2182 quia
3419 2114 3472 2169 in

1893 2186 2107 2242 nomine
2131 2203 2502 2258 speraverunt.
2533 2194 2647 2264 Ego
2685 2208 2865 2252 autem
2893 2214 2922 2253 a
2949 2200 3135 2256 diebus
3165 2206 3478 2274 temporali-

1890 2279 1990 2334 bus
2011 2284 2225 2348 perveni
2251 2282 2317 2337 ad
2344 2283 2486 2340 diem
2507 2295 2780 2342 (sternam.
2804 2289 3021 2360 Quare?
3039 2294 3172 2360 Quia
3204 2295 3255 2350 in
3279 2305 3330 2352 te
3353 2311 3477 2368 spe-

1889 2375 2024 2438 ravi,
2057 2375 2300 2432 Domine.

1903 2505 3480 2544 _._________.___.__________.

2368 2593 2450 2653 IN
2494 2593 2632 2654 PSA
2642 2595 2875 2656 LMUM
2929 2596 3038 2658 LV

2433 2716 2834 2773 ENAliliATIO
2867 2719 2904 2771 ⁸.

2497 2847 2670 2889 suam
2698 2831 2795 2906 (ι).

1961 2950 2012 3004 1.
2039 2945 2191 3022 [υενδ.
2226 2946 2304 3022 1.]
2334 2945 2483 3003 Sicut
2514 2948 2746 3018 aliquam
2776 2948 2992 3004 domum
3022 2950 3288 3021 intraturi,
3322 2953 3475 3024 cujus

1888 3040 1957 3095 sit
1987 3051 2038 3095 et
2059 3041 2124 3094 ad
2156 3056 2313 3111 quem
2343 3041 2604 3110 pertineat
2631 3041 2682 3095 in
2713 3042 2863 3097 titulo
2883 3044 3215 3113 inspicimus,
3241 3062 3308 3102 ne
3337 3045 3474 3104 forte

1885 3134 2193 3204 importune
2233 3137 2496 3191 irruamus
2523 3151 2628 3208 quo
2661 3153 2767 3192 non
2800 3147 3033 3209 oportet,
3080 3156 3250 3212 neque
3289 3159 3476 3199 rursus

1887 3227 2177 3283 timiditate
2224 3244 2541 3284 revocemur
2589 3229 2657 3284 ab
2703 3245 2768 3285 eo
2811 3247 2916 3300 quo
2959 3239 3170 3302 oportet
3225 3235 3474 3293 intrare:

1888 3329 2138 3394 tanquam
2171 3339 2298 3394 ergo
2327 3326 2370 3378 si
2400 3325 2720 3394 legeremus,
2754 3327 2878 3382 Haec
2902 3329 3099 3398 praedia
3133 3329 3271 3386 illius
3297 3340 3386 3385 aut
3407 3332 3475 3385 il-

1888 3413 2027 3481 lius;
2059 3417 2126 3470 ita
2159 3417 2208 3469 in
2255 3417 2648 3485 superliminari
2691 3419 2879 3488 psalmi
2909 3421 3064 3490 hujus
3093 3421 3350 3478 ha‘bemus
3390 3425 3474 3478 in-

1889 3509 2162 3576 scriptum,
2194 3507 2257 3562 I'n
2283 3511 2453 3578 ﬁnem,
2488 3527 2578 3579 pro
2609 3511 2796 3580 papula
2831 3513 2922 3580 qui
2947 3527 2978 3564 (ι
3002 3515 3188 3568 sanctis
3216 3513 3363 3586 longe
3386 3516 3471 3586 Ia-

1887 3614 1996 3658 ctus
2017 3612 2108 3670 est,
2137 3604 2237 3674 ipsi
2269 3602 2430 3656 David
2458 3605 2509 3656 in
2533 3605 2666 3657 tituli
2706 3605 3103 3676 inscriptionem,
3147 3623 3260 3662 cum
3301 3619 3473 3663 tenue-

1886 3708 2004 3753 runt
2031 3715 2141 3751 eum
2169 3698 2428 3768 ΑίῑορΙιῃῙὶ
2467 3699 2516 3751 in
2556 3697 2704 3752 Geth.
2739 3699 3101 3768 Agnoscamus
3141 3716 3270 3772 ergo
3300 3717 3472 3773 popu-

1889 3793 1996 3848 lum
2027 3795 2113 3866 qui
2137 3795 2283 3864 longe
2308 3799 2473 3864 [nctus
2490 3802 2560 3848 est
2587 3810 2618 3846 a
2639 3794 2823 3848 sanctis
2850 3795 2900 3848 in
2923 3796 3054 3850 tituli
3074 3797 3474 3868 inscriptionem.

1889 3885 2128 3940 Pertinet
2159 3885 2260 3940 hoc
2285 3886 2426 3940 enim
2460 3885 2524 3940 ad
2555 3887 2724 3955 ipsum
2760 3887 2944 3951 David,
2985 3903 3140 3958 quem
3169 3888 3276 3958 jam
3309 3891 3477 3946 nostis

1890 3980 2187 4049 intelligere
2238 3979 2580 4047 Spiritualiter
2619 3995 2633 4034 :
2684 3993 2856 4050 neque
2896 3981 3037 4035 enim
3073 3982 3478 4039 commendatur

1891 4071 2046 4124 nobis
2075 4071 2172 4124 nisi
2210 4069 2298 4124 ille
2326 4070 2390 4123 de
2417 4085 2523 4140 quo
2546 4069 2744 4124 dictum
2773 4080 2873 4138 est,
2905 4070 3053 4125 Finis
3074 4071 3222 4143 Legis
3247 4073 3478 4130 Christus

1893 4165 1960 4218 ad
1990 4164 2246 4235 justitiam
2290 4164 2426 4215 omni
2464 4163 2688 4215 credenti
2724 4163 2903 4233 (Rom.
2937 4181 2990 4229 κ,
3021 4163 3096 4236 Ai).
3133 4165 3294 4234 Ergo,
3319 4166 3384 4220 In
3411 4169 3478 4236 [ia

1892 4274 2026 4322 nem,
2071 4271 2190 4311 cum
2218 4254 2386 4317 audis,
2439 4254 2489 4306 in
2530 4253 2798 4307 Christum
2830 4254 3062 4318 intende,
3088 4271 3155 4309 ne
3185 4257 3236 4310 in
3283 4258 3363 4310 via
3391 4273 3478 4313 res

1893 4349 2158 4406 manendo
2187 4365 2289 4401 non
2321 4347 2594 4417 pervenias
2618 4347 2682 4400 ad
2713 4347 2890 4401 tinem.
2916 4345 3186 4419 Quidquid
3203 4349 3342 4404 enim
3371 4359 3475 4419 est,

1893 4445 1980 4498 ubi
2025 4443 2157 4496 infra
2187 4442 2418 4506 steteris,
2446 4449 2726 4508 antequam
2772 4441 2837 4493 ad
2878 4440 3146 4495 Christum
3175 4444 3472 4512 pervenias,

1894 4535 2023 4592 nihil
2056 4535 2144 4588 tihi
2175 4533 2314 4586 aliud
2344 4534 2551 4587 divinus
2579 4548 2752 4586 sermo
2779 4533 2925 4598 dicit,
2951 4535 3072 4595 nisi,
3099 4533 3327 4600 Accede,
3353 4551 3476 4592 non-

1894 4629 2018 4683 dum
2048 4637 2127 4681 est
2152 4626 2296 4678 locus
2329 4625 2413 4678 ubi
2443 4624 2695 4678 securitas
2726 4623 2814 4677 sit.
2851 4622 2948 4679 Est
2973 4623 3184 4694 quidam
3215 4625 3364 4681 lacus
3389 4627 3478 4684 ubi

1896 4723 2054 4780 statio
2096 4718 2346 4774 fidissima
2376 4717 2695 4782 collocatur;
2724 4725 2805 4772 est
2828 4718 3067 4788 qtncdam
3090 4729 3237 4789 petra
3267 4720 3355 4775 ubi
3384 4721 3478 4777 do-
3543 4763 3563 4780 .

1897 4834 2015 4872 mus
2043 4830 2226 4870 secura
2267 4812 2555 4882 consurgit,
2600 4819 2656 4865 ut
2696 4827 2798 4866 non
2848 4820 3047 4865 metuat
3093 4811 3314 4869 imbrem
3347 4824 3479 4872 tem-

1896 4911 2133 4983 pestatis.
2165 4908 2406 4961 Flumina
2447 4905 2589 4959 enim
2620 4905 2954 4974 impegcrunt
2981 4903 3030 4957 in
3059 4904 3272 4960 domum
3312 4908 3477 4978 illam,

1898 5016 1952 5062 et
1971 5022 2075 5061 non
2095 5003 2312 5066 cecidit;
2333 4999 2543 5054 fundata
2573 4999 2713 5053 enim
2733 5009 2844 5052 erat
2870 5013 3028 5068 supra
3050 5008 3248 5067 petram
3265 5000 3477 5069 (.‘llatth.

1898 5117 1988 5166 vn,
2021 5098 2112 5170 25)
2151 5117 2164 5152 :
2196 5096 2351 5150 Petra
2376 5103 2542 5146 autem
2583 5100 2687 5144 erat
2714 5091 2942 5145 Christus
2971 5091 3013 5162 (1
3042 5092 3158 5144 Cor.
3189 5105 3244 5158 χ,
3272 5093 3348 5159 4).
3370 5090 3479 5147 Sub

1899 5191 2116 5248 nomine
2153 5186 2312 5240 David
2343 5185 2583 5237 Christus
2615 5181 2868 5250 ﬁguratur
2898 5184 2952 5246 ’ς
2987 5183 3108 5250 quia
3152 5183 3218 5236 de
3263 5181 3350 5234 illo
3396 5181 3480 5235 di-

1899 5293 2043 5338 ctum
2071 5289 2151 5334 est
2179 5296 2190 5333 :
2217 5279 2301 5346 qui
2328 5276 2490 5344 [actus
2511 5283 2580 5329 est
2602 5289 2664 5328 ex
2683 5273 2867 5328 semine
2891 5271 3057 5326 David
3075 5271 3348 5328 secundum
3373 5287 3481 5324 car-

1900 5394 2014 5432 nem
2046 5373 2218 5446 (Rom.
2246 5387 2284 5438 1,
2312 5369 2388 5437 5).

1971 5467 2026 5520 2.
2072 5464 2200 5533 Quis
2239 5470 2322 5520 est
2347 5474 2474 5531 ergo
2498 5459 2722 5532 populus
2752 5458 2840 5529 qui
2871 5457 3018 5527 longe
3039 5471 3072 5510 a
3103 5453 3287 5510 sanctis
3316 5457 3479 5524 factus

1967 5648 1983 5679 ί
2019 5649 2134 5696 Huic
2175 5641 2462 5693 Enarrationi
2497 5636 2663 5687 titulus
2704 5637 2753 5702 in
2785 5631 2953 5702 Δῐῇειεςίςν
2992 5628 3480 5702 φηπεεῇκιιελξω

1904 5721 1979 5762 est
2005 5691 2209 5770 {iiii-“am
2235 5691 2517 5770 (intimatur
2535 5711 2690 5749 sermo
2713 5691 2900 5744 habitus
2923 5693 2972 5743 in
2997 5691 3195 5741 basilica
3232 5691 3479 5753 ttestituta.

1900 5776 2025 5838 feria
2048 5765 2243 5838 quinta,
2263 5768 2324 5817 de
2351 5765 2536 5838 Ιᾳιέίιηρ
2559 5771 2649 5838 Lf”:
2670 5816 2930 5838 thumum
2957 5829 2970 5838 _
2997 5820 3167 5838 “Ah”
3218 5814 3329 5838 Mm.

1966 5816 2255 5892 ii'ufsii,’siib
2276 5816 2640 5892 nomine/mum
2663 5816 2930 5885 ﬁguraliter
2949 5829 2970 5870 ε
2993 5820 3192 5880 οωὶεβο,
3213 5816 3449 5869 Christus.

1966 5901 2040 5962 (a)
2073 5889 2350 5958 ad'ptebem
2369 5889 2809 5951 carthaginenuem.
