4042 6480
509 398 612 457 647

511 524 587 570 est
612 513 667 568 in
687 510 820 566 tituli
849 504 1261 580 inscriptionem?
1287 501 1407 575 Ipse
1432 501 1618 560 titulus
1656 501 1902 559 ostendat
1944 500 2098 556 nobis

513 584 767 676 populum
811 603 994 657 istum.
1027 599 1270 670 Scriptus
1295 608 1377 653 est
1403 597 1546 653 enim
1574 596 1789 668 quidam
1833 595 2018 649 titulus
2044 596 2098 650 in

511 696 780 753 dominica
804 694 1072 766 passione,
1095 689 1306 762 quando
1345 689 1606 745 Dominus
1641 686 1929 742 cruciﬁxus
1957 694 2041 741 est
2079 704 2095 740 :

509 796 631 844 erat
652 788 722 842 ibi
752 786 935 842 titulus
965 784 1271 854 inscriptus,
1299 781 1567 848 hebraice,
1607 795 1802 851 grmce,
1830 789 1883 835 et
1912 778 2092 846 latine,

514 883 627 938 Rea:
650 880 951 935 Judceorum
971 895 986 943 ;
1010 877 1180 933 tribus
1201 876 1392 946 linguis
1411 885 1659 945 tanquam
1687 873 1854 929 tribus
1877 873 2098 929 testibus

515 973 700 1027 titulus
729 956 1072 1041 approbatus,
1101 967 1223 1038 quia
1252 967 1303 1020 in
1331 980 1426 1021 ore
1445 964 1788 1046 duorumvel
1819 964 1976 1018 trium
2013 973 2097 1020 te-

513 1066 672 1121 stium
695 1064 856 1119 stabit
880 1077 1037 1116 omne
1061 1059 1278 1115 verbum
1317 1056 1493 1148 (Deut.
1524 1073 1643 1122 xu,
1680 1056 1788 1127 15).
1823 1055 1986 1148 Istum
2028 1055 2096 1110 ti-

513 1158 682 1213 tulum
711 1171 831 1211 cum
862 1155 1115 1225 legissent
1157 1150 1346 1215 Judaei,
1393 1148 1647 1219 indignati
1691 1157 1836 1215 sunt,
1865 1157 1918 1203 et
1942 1147 2097 1202 dixe-

513 1257 637 1304 runt
661 1248 729 1304 ad
764 1247 1026 1302 Pilatum:
1073 1243 1197 1297 Noli
1232 1242 1464 1305 scribere,
1506 1239 1617 1294 Rea:
1653 1239 1981 1304 Judtcorum;
2009 1237 2099 1292 sed

510 1343 629 1396 auia
649 1313 756 1412 ipse
776 1339 901 1393 dixit
933 1353 986 1392 se
1019 1351 1187 1408 regem
1215 1351 1320 1389 esse
1342 1333 1658 1388 Iudaeorum.
1690 1333 1864 1402 Ipsum
1900 1330 2098 1388 dixisse

511 1435 704 1496 scribe,
729 1432 1016 1496 dixerunt;
1050 1444 1156 1484 non
1183 1427 1285 1482 hoc
1312 1441 1431 1483 esse
1473 1425 1614 1496 quod
1655 1425 1805 1480 dixit.
1837 1423 1942 1479 Sed
1973 1422 2096 1494 quia

510 1540 693 1580 verum
732 1532 816 1579 est
859 1522 910 1576 iu
940 1521 1048 1576 alio
1081 1520 1306 1589 psalmo,
1357 1516 1423 1570 In
1459 1517 1592 1570 tituli
1623 1515 2003 1587 inscriptionem
2035 1531 2099 1569 ne

508 1633 803 1687 corrumpas
823 1614 995 1686 (Psal.
1022 1629 1128 1679 LVI,
1154 1612 1229 1684 1),
1259 1610 1534 1683 respondit
1560 1610 1777 1673 Pilatus,
1805 1608 1954 1676 Quod
1973 1609 2097 1662 scri-

509 1713 607 1784 psi,
637 1711 818 1780 scripsi
847 1726 867 1764 :
897 1717 1144 1778 tanquam
1169 1706 1375 1772 dicens,
1416 1703 1530 1758 Non
1571 1717 1858 1772 corrumpo
1900 1701 2098 1756 verita-

510 1815 638 1869 tem,
671 1803 771 1858 etsi
799 1816 896 1856 vos
926 1799 1142 1870 diligitis
1176 1797 1478 1851 falsitatem.
1515 1793 1649 1863 Quia
1677 1807 1806 1863 ergo
1838 1793 1889 1846 in
1934 1793 2098 1847 male-

507 1898 653 1955 dicto
680 1897 783 1952 isto
812 1893 1071 1965 indignati
1099 1899 1222 1946 sunt
1241 1889 1432 1952 Judzei,
1461 1887 1722 1951 dicentes,
1748 1883 1859 1939 Nos
1883 1901 1984 1938 non
2005 1884 2097 1938 ha-

507 1993 680 2047 bemus
710 2005 875 2060 regem
909 1986 1007 2040 nisi
1031 1985 1195 2039 solum
1222 1982 1470 2037 Caesarem
1509 1977 1687 2051 (Joan.
1733 1993 1842 2041 χιχ,
1886 1974 2093 2046 15-22),

506 2083 575 2138 de
620 2081 762 2138 tituli
805 2078 1100 2134 offensione
1135 2076 1290 2144 longe
1319 2071 1444 2126 facti
1475 2079 1600 2125 sunt
1625 2084 1654 2122 a
1695 2069 1914 2123 sanctis.
1968 2066 2096 2120 Pro-

506 2173 768 2246 piuquent
797 2171 1017 2236 sanctis,
1064 2177 1120 2224 et
1147 2167 1542 2238 agglutinentur
1583 2171 1768 2217 sancto
1796 2163 1885 2231 qui
1915 2175 2093 2231 regem

506 2269 778 2326 Christum
816 2272 1114 2336 agnoscunt
1149 2271 1205 2318 et
1241 2260 1440 2315 habere
1479 2256 1861 2324 concupiscunt
1893 2272 1904 2307 :
1938 2254 2095 2323 longe

508 2364 640 2418 fiant
687 2376 718 2415 a
759 2358 960 2415 sanctis
1001 2356 1091 2427 qui
1121 2351 1551 2409 contradicentes
1595 2349 1747 2402 titulo
1775 2354 2097 2415 respuerant

507 2469 691 2525 regem
734 2452 924 2515 Deum,
970 2457 1024 2502 et
1064 2447 1553 2516 elegerunLregem
1594 2439 1884 2495 hominem.
1911 2437 2095 2493 Omnis

404 2549 407 2552 ’
507 2562 637 2618 ergo
669 2544 894 2616 populus
935 2541 1168 2595 humano
1209 2551 1374 2606 regno
1413 2534 1727 2599 delectatus,
1761 2545 2016 2600 respuens
2042 2531 2094 2584 in

508 2656 569 2697 se
595 2653 822 2710 regnare
856 2634 1158 2698 Dominum,
1191 2644 1297 2700 quo
1333 2635 1589 2697 regnante
1620 2625 1688 2678 ita
1717 2624 1940 2694 quisque
1969 2622 2096 2676 sub-

505 2733 682 2806 jectus
718 2739 820 2797 est,
870 2736 928 2783 ut
954 2733 1140 2798 regnet
1180 2730 1237 2778 et
1266 2721 1377 2791 ipse
1412 2716 1790 2788 cupiditatibus
1819 2716 1950 2781 suis,
1974 2731 2095 2770 om-

508 2828 592 2884 nis
616 2839 745 2896 ergo
772 2821 999 2893 populus
1029 2818 1149 2873 talis
1193 2817 1351 2884 longe
1376 2821 1458 2868 est
1483 2827 1512 2865 a
1543 2809 1764 2866 sanctis.
1793 2807 1968 2862 Nolite
1991 2807 2095 2861 ita-

509 2934 634 2991 que,
665 2918 876 2981 fratres,
901 2913 952 2967 in
978 2910 1108 2966 solis
1134 2906 1333 2963 ,Ιιιόιείε
1364 2905 1465 2959 hoc
1490 2902 1786 2956 advertere.
1814 2899 1944 2954 Data
1973 2905 2098 2954 sunt

507 3011 724 3084 quidem
753 3010 804 3063 in
835 3007 939 3061 illis
967 3004 1120 3075 quasi
1148 3000 1411 3072 primitiva
1433 2995 1694 3065 exempla,
1715 3002 1773 3049 ut
1801 2994 1853 3047 in
1880 2993 1971 3047 illo
1997 3007 2097 3061 po-

508 3103 637 3175 pulo
661 3101 894 3156 eluceret
923 3094 1067 3166 quod
1094 3093 1269 3148 omnis
1304 3092 1464 3145 homo
1498 3097 1733 3143 caveret.
1782 3087 1980 3156 Aperte
2020 3084 2098 3140 illi

509 3210 691 3266 regem
731 3191 1002 3247 Christum
1055 3190 1454 3248 recusaverunt,
1512 3188 1564 3234 et
1600 3193 1779 3249 regem
1829 3179 2098 3234 Caesarem

511 3287 806 3356 elegerunt.
835 3281 932 3336 Est
953 3278 1168 3350 quidem
1195 3284 1248 3330 et
1274 3274 1456 3330 Caesar
1476 3287 1567 3327 rex
1599 3270 1760 3324 homo
1791 3268 2097 3326 hominibus

511 3379 578 3435 ad
603 3378 857 3442 humana,
886 3374 980 3428 sed
1015 3372 1150 3426 alius
1175 3385 1269 3424 rex
1300 3375 1382 3423 est
1415 3366 1484 3421 ad
1509 3365 1719 3431 divina;
1745 3364 1882 3419 alius
1909 3378 2004 3419 rex
2030 3363 2098 3419 ad

509 3471 672 3526 vitam
718 3465 1066 3537 temporalem
1098 3505 1113 3529 ,
1163 3462 1298 3516 alius
1342 3459 1408 3514 ad
1465 3468 1765 3523 :cternam;
1823 3457 1957 3512 alius
2001 3471 2099 3512 rex

511 3573 777 3628 terrenus,
810 3561 944 3615 alius
977 3574 1073 3613 rex
1105 3555 1344 3612 caelestis
1377 3572 1390 3609 :
1419 3568 1514 3607 rex
1560 3561 1803 3606 terrenus
1838 3550 1938 3605 sub
1972 3565 2098 3620 rege

509 3656 712 3714 caelesti
740 3696 755 3720 ,
787 3669 881 3708 rex
913 3649 1151 3708 caelestis
1189 3661 1350 3715 super
1370 3644 1570 3699 omnia.
1596 3641 1710 3697 Non
1729 3656 1856 3711 ergo
1876 3641 1947 3694 illi
1975 3641 2098 3710 quia

508 3751 759 3806 dixerunt
784 3761 842 3801 se
867 3744 1062 3798 habere
1083 3740 1352 3796 Caesarem
1373 3750 1576 3806 regem,
1599 3740 1978 3803 peccaverunt;
2003 3731 2097 3786 sed

508 3844 632 3916 quia
676 3853 857 3911 regem
900 3835 1175 3892 Christum
1223 3831 1424 3886 habere
1467 3829 1771 3882 uoluerunt.
1824 3826 1891 3880 Et
1938 3825 2097 3880 modo

509 3935 664 3994 multi
688 3932 959 3987 Christum
1008 3941 1189 3998 regem
1223 3925 1274 3978 in
1316 3921 1454 3978 caelo
1497 3919 1771 3976 sedentem
1816 3927 1870 3972 et
1903 3918 2098 3988 ubique

509 4038 821 4103 regnantem
852 4025 1052 4080 habere
1091 4021 1282 4076 nolunt
1309 4035 1321 4072 :
1348 4025 1402 4072 et
1431 4017 1532 4086 ipsi
1563 4023 1687 4069 sunt
1720 4013 1809 4084 qui
1847 4012 2099 4066 tribulaut

509 4139 628 4181 nos.
659 4121 858 4177 Contra
880 4117 1014 4173 tales
1041 4115 1140 4169 iste
1164 4111 1400 4182 psalmus
1423 4107 1702 4164 confirmat
1733 4119 1847 4158 nos.
1866 4104 2098 4159 Necesse

508 4225 594 4276 est
619 4216 760 4273 enim
787 4221 844 4268 ut
872 4211 1005 4266 tales
1033 4206 1293 4278 patiamur
1331 4216 1500 4272 usque
1528 4201 1580 4255 in
1608 4199 1766 4253 ﬁnem
1792 4215 1804 4252 :
1832 4212 1964 4267 quos
1992 4211 2098 4252 non

508 4319 845 4382 pateremur,
875 4301 978 4358 nisi
1006 4299 1159 4355 nobis
1181 4294 1480 4367 expediret.
1503 4290 1690 4346 Omnis
1716 4289 1856 4344 enim
1878 4287 2098 4382 tentatio

506 4381 751 4474 probatio
765 4405 927 4465 est,et
941 4392 1114 4449 omnis
1127 4387 1451 4460 probationis
1467 4384 1686 4440 effectus
1700 4383 1856 4438 habet
1869 4381 2096 4436 fructum

509 4490 837 4560 suum.Quia
865 4488 1024 4542 homo
1067 4483 1380 4553 plerumque
1419 4478 1580 4534 etiam
1616 4476 1716 4531 sibi
1744 4475 1842 4545 ipsi
1887 4475 2098 4544 ignotus

507 4593 594 4642 est
622 4601 637 4640 :
665 4583 790 4654 quid
804 4581 955 4644 ferat,
970 4576 1164 4648 quidve
1194 4589 1299 4628 non
1319 4572 1719 4641 ferat,ignorat;
1743 4575 1796 4623 et
1816 4567 2098 4637 aliquando

509 4673 786 4748 praesumit
829 4685 888 4725 se
925 4668 1068 4722 ferre
1114 4663 1255 4735 quod
1309 4677 1415 4716 non
1473 4667 1669 4730 potest,
1716 4670 1769 4712 et
1811 4657 2097 4727 aliquando

418 4742 441 4762 ’
509 4742 758 4837 desperat
784 4777 843 4818 se
869 4774 1027 4831 posse
1057 4757 1197 4812 ferre
1217 4754 1358 4824 quod
1387 4761 1560 4822 potest
1595 4769 1609 4806 :
1640 4750 1848 4806 accedit
1876 4751 2098 4805 tentatio

509 4859 663 4932 quasi
687 4853 1051 4924 interrogatio,
1094 4860 1148 4907 et
1180 4847 1454 4932 invenitur.
1471 4847 1632 4900 homo
1664 4861 1692 4898 a
1732 4845 1945 4913 seipse;
1976 4845 2096 4914 quia

509 4949 709 5007 latebat
729 4955 785 5002 et
812 4945 1066 5014 seipsum,
1100 4941 1194 4995 sed
1221 4938 1480 4994 artificem
1500 4953 1605 4991 non
1629 4937 1847 4991 latebat.
1871 4937 2099 4992 Proinde

509 5042 700 5098 Petrus
744 5035 1083 5109 praesumpsit
1115 5032 1296 5086 nescio
1322 5030 1445 5100 quid
1475 5029 1616 5099 quod
1649 5029 1700 5082 in
1743 5029 1834 5082 illo
1861 5029 2096 5084 nondum

510 5143 648 5199 erat,
673 5143 839 5199 usque
863 5125 928 5180 ad
948 5132 1172 5179 mortem
1203 5137 1262 5178 se
1283 5137 1404 5176 cum
1448 5121 1670 5174 Domino
1713 5119 1841 5174 Jesu
1885 5119 2098 5174 Christo

509 5240 631 5281 csse
659 5226 1148 5293 perseveraturum:
1171 5214 1310 5267 vires
1331 5226 1454 5267 suas
1475 5211 1664 5266 Petrus
1685 5211 1976 5280 ignorabat,
2003 5211 2097 5264 sed

511 5317 770 5373 Dominus
809 5317 1047 5365 noverat.
1098 5305 1393 5375 Respondit
1431 5305 1445 5334 ί
1490 5303 1666 5357 minus
1708 5302 1954 5356 idoneum
2007 5303 2096 5373 qui

511 5410 882 5467 fabricaverat,
920 5400 1010 5472 qui
1043 5397 1203 5453 etiam
1233 5396 1488 5451 fabricato
1529 5410 1558 5447 a
1603 5409 1662 5448 se
1705 5395 1848 5449 vires
1881 5392 2098 5448 idoneas

511 5503 734 5558 daturus
765 5505 901 5562 erat,
924 5492 1048 5565 quid
1075 5490 1309 5547 nondum
1336 5489 1576 5557 dederat,
1605 5488 1836 5554 sciebat;
1875 5488 1962 5543 ille
2006 5487 2097 5559 qui

511 5595 749 5654 nondum
799 5597 1112 5661 acceperat,
1173 5584 1444 5641 nesciebat
1489 5601 1502 5638 :
1551 5584 1774 5640 accessit
1824 5583 2094 5651 tentatio;

576 5817 596 5850 ⁸
628 5816 704 5867 sic
724 5817 876 5866 nostri
897 5826 1071 5864 omnes
1094 5819 1199 5860 Mss.
1225 5803 1762 5876 At_Edd.,_Prtepidebat
1801 5804 1959 5876 minus
1993 5804 2098 5857 ido-

507 5866 671 5942 neum,
694 5886 788 5930 etc.
811 5885 864 5927 Et
887 5875 1026 5942 paulo
1049 5881 1158 5937 post
1182 5887 1196 5922 :
1221 5869 1304 5936 qui
1323 5867 1536 5921 nondum
1555 5867 1756 5936 dederat
1777 5866 1970 5918 sciebat.

1707 383 1766 443 S.
1805 377 2171 443 AUGUSTINI
2211 381 2518 443 EPISCOPI

3693 392 3808 450 648

2210 505 2441 574 negavit,
2464 504 2627 572 ﬂevit,
2650 504 2855 577 accepit
2894 506 3041 580 (Luc.
3065 523 3202 575 xxn,
3226 509 3446 582 53-62).
3491 509 3623 568 Cum
3667 525 3804 587 ergo

2206 600 2505 654 nesciamus
2543 599 2668 672 quid
2704 611 2948 670 petamus
2985 611 3234 673 tanquam
3275 617 3380 658 nou
3413 604 3706 672 habentes,
3745 620 3807 664 et

2205 691 2348 759 unde
2377 693 2575 762 gratias
2601 708 2818 763 agamus
2859 703 3108 764 tanquam
3156 696 3487 764 accipientes
3507 740 3521 763 ,
3549 713 3688 769 opus
3715 712 3803 756 est

2207 797 2419 853 semper
2447 785 2826 840 tentationibus
2855 796 2911 841 et
2937 785 3368 843 tribulationibus
3385 790 3582 846 erudiri
3613 793 3663 846 in
3695 793 3803 849 isto

2207 875 2443 941 saeculo;
2475 875 2569 930 sed
2608 877 2846 932 tribulari
2881 893 2985 932 non
3027 893 3329 948 possumus,
3362 882 3462 936 nisi
3491 883 3560 937 ab
3595 885 3674 939 eis
3709 888 3818 968 ιιιιὶς

2205 965 2364 1038 longe
2390 967 2524 1023 fiunt
2549 983 2580 1022 a
2605 969 2822 1024 sanctis.
2851 969 3318 1040 Longinquitatem
3351 973 3507 1027 istam
3529 1015 3542 1037 ,
3576 974 3799 1043 fratres,

2205 1060 2485 1132 intelligite
2513 1063 2690 1118 cordis
2715 1079 2856 1129 esse,
2879 1078 2984 1118 non
3008 1065 3269 1134 corporis.
3291 1064 3379 1120 Fit
3403 1067 3545 1121 enim
3567 1068 3804 1138 plerum-

2205 1161 2311 1217 que
2341 1157 2398 1201 ut
2423 1149 2511 1216 qui
2539 1163 2764 1217 corpore
2788 1148 2945 1219 longe
2987 1151 3355 1220 peregrinatur
3386 1167 3416 1206 a
3447 1162 3529 1217 te,
3568 1154 3802 1223 conjun-

2205 1248 2324 1294 ctus
2345 1240 2414 1292 sit
2441 1240 2554 1306 tibi,
2580 1241 2698 1310 quia
2727 1240 2830 1296 hoc
2852 1250 2996 1296 amat
3023 1242 3166 1312 quod
3198 1253 3250 1297 tu
3275 1260 3288 1296 :
3313 1252 3367 1298 et
3390 1243 3448 1298 fit
3477 1244 3800 1316 plerumque

2205 1340 2263 1387 ut
2286 1334 2597 1402 stansjuxta
2628 1345 2696 1398 te,
2721 1337 3038 1404 conjunctus
3079 1338 3148 1392 sit
3189 1338 3312 1404 tibi,
3337 1339 3459 1408 quia
3509 1341 3609 1394 hoc
3648 1350 3801 1396 amat

2204 1424 2345 1493 quod
2365 1434 2416 1478 tu
2449 1441 2463 1479 :
2487 1435 2536 1480 et
2574 1425 2632 1480 ﬁt
2653 1427 2968 1497 plerumque
2995 1437 3051 1482 ut
3071 1437 3219 1483 stans
3240 1429 3390 1500 juxta
3413 1440 3482 1495 te,
3507 1447 3651 1488 exeo
3665 1435 3799 1504 quia

2203 1514 2374 1585 diligit
2394 1517 2670 1581 mundum,
2699 1533 2821 1573 cum
2847 1528 2901 1573 tu
2922 1519 3113 1589 diligas
3143 1522 3333 1588 Deum,
3359 1524 3516 1596 longe
3549 1527 3622 1582 sit
3655 1543 3685 1581 a
3718 1538 3793 1585 te.

2275 1609 2328 1663 5.
2369 1609 2522 1678 Quid
2559 1626 2686 1681 ergo
2738 1612 2839 1667 sibi
2884 1613 3016 1681 vult,
3070 1615 3213 1686 quod
3257 1616 3324 1671 ad
3369 1619 3538 1687 ipsum
3577 1621 3796 1678 titulum

2202 1699 2376 1755 adhuc
2405 1701 2653 1770 pertinet,
2683 1703 2805 1772 quia
2829 1713 3090 1760 tenuerunt
3109 1723 3222 1760 eum
3252 1708 3513 1780 Allophyli
3538 1712 3591 1766 in
3613 1711 3748 1768 Geth
3769 1714 3798 1767 2

2204 1790 2340 1847 Geth
2368 1794 2552 1848 civitas
2581 1795 2821 1863 quaedam
2853 1805 2971 1852 erat
2997 1797 3434 1871 Allophylorum,
3455 1801 3508 1856 id
3545 1812 3632 1859 est
3655 1805 3794 1860 alie-

2204 1884 2540 1952 nigenarum,
2573 1887 2752 1956 utique
2775 1889 2956 1958 populi
2981 1890 3137 1960 longe
3165 1906 3195 1945 a
3220 1893 3440 1949 sanctis.
3464 1893 3546 1949 Ex
3562 1911 3629 1951 eo
3643 1899 3794 1953 enim

2203 1975 2344 2043 quod
2369 1977 2705 2048 alienigenae,
2738 1995 2843 2034 non
2878 1983 3058 2051 utique
3095 1986 3522 2055 appropinquant
3553 1992 3789 2057 sanctis,

2203 2066 2298 2120 sed
2331 2067 2485 2137 longe
2512 2079 2636 2123 sunt
2665 2085 2693 2123 a
2723 2072 2941 2126 sanctis.
2986 2073 3184 2130 Omnes
3211 2076 3302 2146 qui
3338 2091 3586 2136 recusant
3625 2082 3794 2138 Chri-

2203 2167 2344 2212 stum
2371 2175 2547 2230 regem
2567 2161 2877 2232 alienigenae
2899 2166 3050 2220 liunt.
3079 2166 3253 2234 Quare
3269 2169 3581 2242 alienigena:
3609 2174 3793 2230 fiunt?

2205 2238 2340 2316 Quia
2372 2259 2427 2304 et
2456 2251 2544 2304 illa
2575 2253 2696 2308 vitis
2722 2257 2966 2324 quamvis
2989 2258 3056 2312 ab
3087 2259 3176 2313 illo
3217 2238 3470 2330 plantata,
3503 2279 3681 2322 amara
3707 2268 3791 2323 fa-

2203 2353 2286 2397 cta
2308 2344 2432 2414 quid
2454 2345 2690 2403 audivit?
2715 2348 2883 2414 Quare
2905 2368 3142 2406 conversa
3186 2372 3236 2408 es
3273 2357 3325 2410 in
3364 2361 3756 2431 amaritudinem
3773 2405 3790 2430 ,

2202 2434 2314 2488 vitis
2343 2437 2508 2489 aliena
2535 2436 2749 2506 (Jerem.
2783 2457 2837 2505 ιι,
2857 2442 2948 2511 Si)
2967 2443 3115 2498 ?Non
3131 2445 3332 2501 dictum
3355 2458 3457 2514 est,
3486 2449 3618 2505 Vitis
3631 2468 3788 2509 mea:

2203 2527 2326 2596 quia
2354 2529 2397 2581 si
2430 2544 2567 2594 mea,
2595 2531 2794 2596 dulcis;
2828 2535 2870 2587 si
2892 2549 3095 2604 amara,
3123 2553 3228 2591 non
3260 2554 3410 2606 mea;
3440 2542 3611 2597 sinon
3645 2560 3789 2611 mea,

2203 2623 2386 2692 utique
2411 2623 2600 2678 aliena.
2638 2625 2928 2682 Terruerunt
2957 2644 3082 2699 ergo
3115 2648 3228 2685 eum
3260 2633 3522 2706 Allaphyti
3545 2637 3598 2691 in
3633 2636 3789 2692 Geth.

2203 2714 2506 2771 invenimus
2555 2719 2791 2787 quidem,
2840 2721 3048 2790 fratres,
3103 2723 3266 2779 David
3318 2727 3488 2795 ipsum
3545 2730 3562 2760 ⁸
3617 2729 3791 2786 filium

2202 2805 2374 2873 Jcsse,
2400 2824 2577 2879 regem
2599 2811 2783 2878 Israel,
2813 2816 3202 2883 peregrinatum
3225 2834 3344 2874 esse
3365 2822 3500 2890 apud
3526 2823 3793 2896 Allophy-

2181 2899 2305 2965 .los,
2336 2915 2456 2954 cum
2484 2913 2816 2971 quaereretur
2844 2921 2871 2958 a
2901 2906 3060 2962 Saule
3087 2907 3130 2980 (l
3153 2909 3279 2980 Reg.
3317 2927 3430 2978 χχι,
3459 2914 3580 2981 10);
3607 2927 3661 2970 et
3691 2918 3797 2972 fuit

2205 2989 2256 3044 in
2287 2992 2388 3046 ista
2421 2993 2635 3049 civitate
2661 3005 2715 3050 et
2736 2996 2876 3066 apud
2904 3014 3086 3069 regem
3116 3001 3344 3056 civitatis
3372 3003 3527 3072 hujus
3552 3020 3566 3058 :
3591 3007 3686 3061 sed
3719 3009 3796 3063 ibi

2205 3094 2470 3141 retentum
2498 3103 2616 3144 esse
2643 3106 2749 3144 non
2781 3091 3025 3161 legimus.
3056 3095 3195 3164 Ergo
3225 3097 3386 3151 David
3413 3107 3653 3153 nostrum
3689 3101 3797 3154 Do-

2203 3177 2406 3231 minmn
2431 3178 2612 3235 Jesum
2639 3181 2910 3238 Christum
2939 3194 3122 3240 natum
3162 3203 3226 3241 ex
3264 3189 3468 3244 semine
3500 3191 3641 3246 illius
3683 3192 3795 3246 Da-

2206 3269 2313 3338 vid,
2339 3286 2444 3326 non
2471 3274 2642 3327 solum
2673 3283 2980 3343 tenuerunt,
3012 3279 3109 3334 sed
3147 3289 3202 3336 et
3225 3289 3408 3337 tenent
3437 3283 3611 3340 adhuc
3637 3286 3796 3342 Allo-

2204 3363 2349 3437 phyli
2377 3366 2428 3420 in
2456 3365 2614 3424 Geth.
2641 3367 2778 3424 Geth
2809 3369 3039 3427 diximus
3063 3374 3204 3444 quod
3235 3376 3424 3432 civitas
3443 3378 3531 3432 sit.
3561 3379 3800 3437 Interro-

2203 3467 2324 3526 gata
2374 3469 2550 3513 autem
2595 3460 2966 3532 interpretatio
3032 3465 3194 3535 hujus
3251 3470 3518 3534 nominis,
3594 3471 3799 3540 indicat

2205 3548 2481 3604 Torcular.
2523 3551 2768 3608 Christus
2824 3556 3116 3610 secundum
3162 3559 3304 3627 quod
3341 3570 3500 3631 caput
3548 3561 3799 3619 Salvator

2204 3644 2462 3712 corporis,
2495 3643 2584 3699 ille
2615 3654 2772 3701 natus
2819 3662 2882 3702 ex
2924 3649 3128 3718 virgine
3180 3653 3487 3720 crucifixus,
3538 3655 3626 3724 qui
3679 3657 3797 3725 jam

2204 3737 2358 3791 nobis
2401 3739 2704 3808 exemplum
2753 3744 3165 3799 resurrectionis
3208 3756 3404 3801 nostrae
3453 3748 3504 3802 in
3544 3763 3797 3805 resurre-

2204 3830 2383 3885 ctione
2421 3847 2530 3886 suae
2560 3833 2737 3887 carnis
2766 3835 3019 3902 ostendit,
3072 3838 3162 3906 qui
3206 3839 3358 3894 sedet
3409 3840 3475 3894 ad
3513 3840 3795 3898 dexteram

2203 3921 2400 3987 Patris,
2425 3931 2477 3977 et
2507 3939 2603 3992 pro
2636 3925 2790 3979 nobis
2818 3927 3142 3996 interpellat,
3166 3937 3323 3985 estet
3343 3930 3448 3997 hic,
3478 3932 3571 3987 sed
3598 3933 3649 3987 in
3679 3949 3798 3989 cor-

2207 4032 2336 4087 pore
2361 4033 2456 4072 suo
2485 4019 2626 4088 quod
2651 4027 2734 4075 est
2776 4019 3040 4076 Ecclesia.
3083 4021 3288 4093 Corpus
3326 4026 3668 4096 coniunctum
3711 4039 3799 4084 est

2204 4108 2363 4178 capiti
2387 4123 2506 4173 suo,
2538 4118 2699 4180 caput
2725 4125 2821 4179 pro
2849 4126 3075 4182 corpore
3100 4115 3294 4170 clamat
3323 4131 3337 4169 :
3370 4116 3528 4172 Saule
3548 4159 3562 4184 ,
3594 4117 3792 4188 Saule,

2203 4199 2326 4270 quid
2360 4216 2438 4253 me
2468 4203 2772 4272 persequeris
2803 4201 2938 4273 (Act.
2972 4220 3050 4270 Ix,
3071 4205 3182 4276 ‘4)?
3212 4207 3278 4260 Et
3304 4220 3497 4277 corpus
3532 4209 3586 4263 in
3615 4212 3797 4280 capite

2204 4307 2302 4346 suo
2357 4301 2440 4348 est
2476 4295 2763 4348 secundum
2806 4296 3120 4366 Apostolum
3159 4299 3426 4356 dicentem
3469 4319 3482 4353 :
3527 4301 3595 4356 Et
3637 4304 3797 4359 simul

2203 4387 2534 4453 resuscitnvit,
2569 4396 2614 4441 et
2642 4388 2792 4441 simul
2827 4390 2999 4444 sedere
3019 4390 3136 4460 fecit
3165 4392 3218 4445 in
3247 4394 3524 4448 cwlestibus
3572 4393 3793 4466 (Ep/tes.

2207 4496 2266 4547 ll,
2294 4481 2371 4550 6).
2405 4479 2473 4533 Et
2512 4495 2611 4533 nos
2643 4479 2714 4534 ibi
2752 4481 3020 4549 sedemus,
3054 4493 3107 4538 et
3136 4483 3249 4554 ipse
3284 4484 3372 4540 hic
3413 4486 3619 4540 laborat
3648 4503 3663 4541 :
3693 4503 3796 4544 nos

2204 4574 2275 4628 ibi
2305 4572 2555 4627 sedemus
2577 4573 2868 4628 secundum
2898 4590 3069 4643 spem,
3099 4585 3152 4630 et
3178 4576 3268 4630 ille
3294 4576 3378 4631 hic
3409 4578 3686 4634 nobiscum
3708 4589 3798 4636 est

2204 4669 2496 4724 secundum
2524 4669 2858 4726 charitatem.
2893 4670 3017 4725 Hrec
3055 4686 3314 4743 compago
3341 4682 3593 4743 tanquam
3629 4675 3798 4729 unius

2205 4761 2436 4816 hominis
2463 4761 2585 4817 facit
2610 4763 2742 4818 duos
2771 4764 2823 4818 in
2864 4779 3025 4819 carne
3067 4780 3192 4832 una,
3222 4780 3480 4835 sponsum
3529 4774 3586 4820 et
3627 4780 3797 4836 spon-

2203 4869 2338 4909 sam.
2373 4855 2520 4911 Undc
2551 4866 2604 4910 et
2627 4857 2739 4924 ipse
2762 4857 3016 4910 Dominus
3041 4856 3203 4910 dicit:
3226 4855 3394 4928 Igitur
3399 4858 3513 4928 jam
3540 4873 3640 4911 non
3662 4858 3793 4925 duo,

2203 4947 2292 5003 sed
2316 4966 2415 5001 una
2436 4966 2554 5002 caro
2581 4947 2795 5019 (Matth.
2822 4965 2936 5024 xix,
2961 4950 3037 5019 6).
3070 4950 3352 5018 Quomodo
3380 4965 3507 5022 ergo
3533 4951 3619 5006 hic
3651 4961 3799 5006 tene-

2203 5047 2290 5094 tur
2318 5042 2368 5094 iu
2393 5041 2534 5095 Geth
2560 5041 2582 5092 ?
2610 5040 2846 5094 Tenetur
2873 5041 2926 5094 in
2961 5041 3212 5096 torculari
3241 5029 3436 5112 corpus
3463 5042 3600 5111 ejus,
3630 5042 3681 5096 id
3709 5051 3801 5098 est

2205 5132 2438 5187 Ecclesia
2458 5133 2572 5200 ejus
2598 5131 2810 5201 (Ephes.
2838 5148 2876 5198 ι,
2897 5131 2987 5199 22,
3005 5132 3117 5200 23).
3143 5134 3279 5200 Quid
3302 5143 3402 5199 est,
3426 5134 3477 5188 in
3501 5134 3755 5189 torculari
3776 5135 3801 5187 ἲ

2205 5224 2260 5278 lu
2286 5223 2568 5292 pressaris.
2596 5222 2701 5277 Sed
2754 5223 2803 5276 in
2829 5225 3078 5278 torculari
3122 5226 3386 5279 fructuosa
3416 5240 3662 5295 pressura
3686 5236 3796 5281 est.

2205 5315 2314 5372 Uva
2343 5316 2394 5370 in
2433 5316 2537 5369 vite
2586 5330 2889 5384 pressuram
2918 5331 3022 5370 non
3075 5319 3260 5381 sentit,
3307 5318 3509 5388 integra
3556 5317 3797 5386 videtur,

2205 5408 2299 5463 sed
2325 5407 2451 5460 nihil
2492 5406 2614 5461 inde
2636 5415 2850 5460 manat:
2878 5408 3109 5462 mittitur
3137 5410 3188 5462 in
3224 5409 3455 5463 torcular
3478 5451 3490 5471 ,
3520 5410 3760 5463 calcatur
3782 5452 3800 5475 ,

2204 5503 2500 5574 premitur;
2530 5500 2718 5571 injuria
2755 5500 2967 5554 videtur
2996 5501 3107 5556 fieri
3151 5517 3286 5567 uv:e,
3317 5500 3411 5556 sed
3459 5503 3555 5556 ista
3599 5502 3800 5571 injuria

2205 5593 2404 5649 sterilis
2435 5607 2538 5646 non
2565 5601 2679 5658 est;
2705 5592 2811 5648 imo
2841 5593 2886 5648 si
2910 5593 3051 5648 nulla
3085 5594 3274 5663 injuria
3305 5593 3602 5659 accederet,
3631 5595 3799 5648 steri-

2205 5687 2269 5741 lis
2291 5693 2612 5741 remaneret.

2201 5801 2285 5926 ἕνα
2323 5807 2480 5910 διεδ.ἱο
2507 5807 2586 5853 Est
2626 5798 2856 5862 quidem,
2902 5797 3111 5862 fratres,
3167 5798 3281 5864 quia
3324 5796 3588 5850 invenimus
3641 5799 3808 5855 David

2254 5873 2431 5921 me
2481 5896 2497 5914 .

2254 5875 2377 5921 sime,
2402 5873 2497 5914 etc.
