4042 6514
195 468 296 532 649

263 590 315 644 4.
343 583 510 661 [eet-s.
540 578 623 653 2.]
652 577 980 646 Quicumque
1003 582 1132 642 ergo
1153 566 1320 647 sancti
1347 575 1656 652 pressuram
1680 573 1773 629 pa-

204 657 394 740 tiuntur
416 680 433 711 ί
465 678 534 733 ab
558 674 638 731 eis
665 672 757 744 qui
791 671 944 739 longe
972 665 1095 721 facti
1117 669 1254 719 sunt
1279 675 1309 715 a
1338 657 1537 716 sanctis
1555 695 1572 723 ,
1603 662 1778 710 atten-

202 777 322 833 dant
357 755 622 844 psalmum
652 768 845 832 istum,
877 766 1165 834 agnoscant
1193 755 1281 812 hic
1316 768 1406 822 se,
1434 752 1616 808 dicant
1638 744 1782 819 quod

205 871 285 926 hic
311 839 536 932 dicitur,
570 862 661 934 qui
694 860 969 938 patiuntur
992 852 1132 926 quod
1157 850 1245 906 hic
1268 848 1482 905 dicitur.
1510 845 1668 901 Certe
1692 839 1784 911 qui

207 978 306 1019 non
325 959 544 1032 patitur,
569 970 674 1011 non
690 952 832 1008 dicat
853 969 866 1004 :
894 948 1011 1005 Non
1045 945 1282 1032 astringo
1301 940 1370 996 ad
1388 951 1599 1004 vocem,
1622 947 1783 1006 quem

205 1025 352 1109 video
379 1058 529 1106 extra
562 1045 881 1118 passionem.
911 1039 1017 1098 Sed
1043 1025 1222 1094 videat
1239 1049 1348 1118 (ne,
1379 1045 1502 1088 cum
1526 1027 1640 1083 vult
1665 1037 1786 1081 esse

208 1149 353 1217 longe
387 1157 419 1198 a
458 1115 740 1212 passione,
771 1135 929 1204 longe
971 1131 1064 1186 ﬁat
1095 1144 1128 1184 a
1166 1115 1383 1184 sanctis.
1415 1120 1623 1192 Cogitet
1658 1127 1786 1185 ergo

209 1226 565 1310 unusquisque
587 1233 664 1310 de
679 1229 893 1286 inimico
920 1241 1056 1292 suo;
1087 1223 1133 1279 si
1157 1220 1477 1278 christianus
1504 1221 1606 1281 est,
1633 1223 1787 1266 mun-

209 1333 299 1388 tlus
328 1306 429 1401 ipsi
458 1306 707 1381 inimicus
733 1330 833 1378 est.
873 1319 1109 1375 Privatas
1137 1327 1265 1384 ergo
1293 1306 1599 1366 inimicitias
1627 1315 1787 1358 nemo

211 1393 430 1493 cogitet,
461 1416 740 1472 auditurus
764 1412 925 1467 verba
957 1405 1143 1480 psalmi
1181 1403 1337 1473 hujus
1362 1417 1377 1455 :
1404 1399 1636 1454 sciamus
1664 1393 1789 1464 quia

212 1483 309 1576 non
337 1483 425 1572 est
453 1512 607 1570 nobis
630 1505 933 1564 colluctatio
957 1500 1216 1557 adversus
1241 1507 1458 1550 carnem
1491 1497 1548 1546 et
1574 1483 1790 1556 sangui-

214 1627 350 1676 nem,
371 1606 469 1663 sed
495 1604 752 1659 adversus
772 1594 1039 1669 principes
1057 1600 1112 1648 et
1131 1595 1444 1661 potestates,
1466 1591 1522 1640 et
1541 1579 1790 1652 spiritua-

215 1705 278 1762 lia
299 1672 552 1774 nequitiae
577 1694 790 1770 (Ephes.
811 1706 886 1758 vr,
912 1687 1022 1759 ιε),
1052 1684 1106 1740 id
1130 1691 1213 1739 est
1237 1680 1494 1736 adversus
1519 1672 1791 1730 diabolum

217 1810 264 1857 et
287 1765 504 1867 angelos
531 1765 681 1861 ejus;
706 1786 827 1858 quia
853 1793 906 1840 et
929 1777 1141 1853 quando
1164 1776 1397 1847 patimur
1424 1770 1669 1828 homines
1693 1765 1795 1820 im-

219 1861 498 1964 portunos,
529 1884 620 1939 ille
647 1879 896 1950 instigat,
936 1873 1028 1929 ille
1064 1868 1386 1934 inflammat,
1414 1861 1510 1919 illo
1540 1869 1795 1930 tanquam

223 1957 338 2040 vasa
362 1997 458 2038 sua
482 1984 680 2034 movet.
705 1970 1055 2029 Attendamus
1078 1977 1206 2036 ergo
1230 1961 1366 2017 duos
1391 1957 1608 2022 hostes;
1637 1967 1797 2024 quem

223 2067 490 2145 videmus,
516 2084 572 2132 et
593 2086 752 2145 quem
780 2083 890 2124 non
917 2064 1158 2122 videmus
1182 2078 1196 2114 :
1224 2057 1497 2114 hominem
1521 2052 1796 2118 videmus,

225 2141 488 2228 diabolum
515 2141 629 2221 non
661 2161 941 2224 videmus;
977 2153 1248 2211 hominem
1271 2147 1550 2218 diligamus
1570 2184 1585 2210 ,
1617 2141 1804 2197 diabo-

229 2265 328 2322 lum
353 2272 672 2323 caveamus;
697 2269 797 2326 pro
819 2249 1035 2307 homine
1061 2258 1296 2309 oremus,
1322 2246 1508 2295 contra
1532 2232 1802 2291 diabolum

229 2373 459 2424 oremus,
490 2361 546 2410 et
568 2351 806 2406 dicamus
836 2345 945 2400 Deo
971 2358 986 2396 :
1010 2338 1250 2394 Miserere
1273 2331 1391 2396 mei,
1420 2328 1654 2392 Domine,
1677 2339 1804 2396 quo-

231 2453 358 2508 niam
385 2415 698 2503 conculcauit
725 2455 804 2493 me
827 2437 996 2491 homo.
1024 2429 1144 2486 Noli
1180 2427 1401 2492 timere,
1428 2421 1550 2493 quia
1584 2415 1804 2474 concul-

231 2544 360 2603 cavit
387 2551 442 2598 te
465 2540 664 2602 homo;
689 2533 872 2589 vinum
896 2526 1113 2592 habeto,
1138 2535 1240 2577 uva
1269 2518 1437 2573 factus
1461 2527 1520 2569 es
1545 2519 1606 2568 ut
1629 2509 1804 2565 calce-

229 2640 316 2697 ris.
357 2634 603 2691 Miserere
642 2628 771 2694 mei,
815 2621 1065 2687 Domine,
1107 2613 1344 2687 quoniam
1379 2604 1688 2663 conculctwit
1727 2618 1807 2657 me

232 2696 372 2789 homo
404 2747 423 2786 :
453 2738 558 2784 tota
581 2725 662 2781 die
690 2721 880 2777 bellans
909 2711 1163 2770 tribulauit
1195 2723 1276 2762 me
1312 2703 1486 2760 omnis
1523 2698 1614 2770 qui
1651 2696 1809 2789 longe

229 2828 395 2884 iactus
431 2830 517 2880 est
549 2835 580 2874 a
619 2814 835 2874 sanctis.
874 2809 981 2868 Sed
1017 2815 1072 2863 et
1107 2805 1222 2876 ipse
1258 2797 1501 2856 diabolus
1529 2806 1693 2864 quare
1722 2788 1809 2884 hic

227 2880 714 2986 non'intelligatur?
736 2909 816 2963 An
841 2905 976 2960 forte
998 2899 1119 2971 quia
1146 2910 1253 2950 non
1269 2894 1292 2926 ³
1313 2891 1484 2948 dictus
1508 2893 1592 2942 est
1613 2880 1833 2962 homo?-

226 3011 364 3082 Ergo
403 2977 553 3064 errat
585 2997 968 3070 Evangelium,
1003 2991 1126 3061 quia
1169 2984 1342 3042 dixit:
1376 2979 1620 3036 Inimicus
1658 2977 1809 3030 homo

226 3069 327 3158 lto;
337 3100 457 3173 fecit
481 3092 692 3169 (Matth'.
721 3069 840 3158 xnt,
864 3083 997 3156 28)?
1023 3080 1130 3138 Sed
1155 3078 1253 3135 sub
1276 3072 1503 3173 quadam
1525 3069 1691 3173 figura
1715 3081 1837 3145 po-q

226 3203 325 3252 test
337 3162 402 3249 et
423 3162 514 3246 ille
535 3185 644 3243 dici
661 3184 843 3248 homo,
865 3193 972 3234 non
995 3184 1175 3230 tamen
1195 3185 1314 3227 esse
1337 3167 1519 3223 homo.
1540 3162 1664 3219 Sive
1682 3173 1811 3230 ergo

223 3289 396 3361 ipsum
433 3285 732 3339 intueretur
765 3273 857 3346 qui
893 3269 1105 3327 dicebat
1141 3267 1284 3329 inec,
1325 3261 1438 3316 sive
1476 3255 1728 3330 populum
1743 3255 1813 3310 ‘et

224 3349 655 3452 unumquemque
675 3373 832 3442 longe
855 3366 1054 3423 factum
1076 3377 1108 3418 a
1128 3358 1348 3424 sanctis,
1373 3371 1470 3426 per
1489 3352 1675 3425 quales
1698 3349 1815 3404 dia-

223 3477 376 3534 bolus
406 3441 626 3528 tribulat
663 3463 918 3537 populum
953 3456 1051 3512 Dei
1086 3453 1435 3509 inhaerentem
1466 3443 1696 3509 sanctis,
1726 3441 1812 3496 in-

223 3549 521 3626 haerentem
553 3535 776 3626 sancto,
812 3554 1164 3611 inhaerentem
1203 3544 1348 3615 regi,
1379 3539 1448 3596 ad
1483 3538 1636 3608 cujus
1669 3535 1813 3606 regis

225 3664 436 3720 titulum
465 3654 722 3728 indignati
750 3649 826 3707 illi
856 3657 1106 3717 tanquam
1136 3635 1471 3710 repercussi,
1502 3632 1660 3701 longe
1689 3635 1814 3728 sunt

226 3755 382 3820 iacti;
412 3721 848 3816 dicatiMiserere
871 3738 990 3804 mei,
1019 3733 1253 3796 Domine,
1278 3730 1516 3800 quoniam
1545 3721 1814 3778 conculca-

227 3849 290 3904 rit
313 3862 396 3901 me
419 3812 571 3899 homo
593 3855 612 3894 :
635 3851 735 3894 nec
753 3832 965 3890 deﬁciat
988 3828 1044 3883 in
1069 3827 1170 3881 ista
1191 3817 1612 3881 conculcatione,
1639 3812 1816 3869 sciens

229 3902 382 4013 quem
411 3937 648 3997 invocet,
678 3935 732 3985 et
755 3939 860 3999 quo
884 3918 1130 3990 exemplo
1156 3914 1310 3970 fortis
1337 3910 1558 3967 effectus
1583 3905 1672 3961 sit.
1702 3902 1817 3958 Pri-

229 3997 345 4088 mus
371 4029 558 4085 botrus
583 4025 636 4079 in
663 3997 914 4077 torculari
940 4025 1155 4086 pressus
1178 4016 1263 4065 est
1281 4004 1545 4062 Christus.
1569 4000 1699 4078 Cum
1726 3997 1840 4073 ille

231 4123 415 4180 botrus
440 4116 689 4191 passione
713 4121 998 4182 expressus
1025 4111 1126 4169 est,
1154 4097 1388 4156 manavit
1413 4091 1542 4150 illud
1567 4088 1708 4146 unde
1734 4104 1821 4141 ca-

232 4216 303 4270 lia;
323 4183 580 4269 inebrians
607 4219 759 4278 quam
788 4200 1062 4272 praeclarus
1088 4202 1161 4250 est
1186 4191 1354 4267 (Psal.
1384 4204 1514 4255 χχιι,
1670 4183 1822 4237 Dicat

232 4321 358 4379 ergo
391 4311 446 4359 et
480 4275 674 4370 corpus
709 4295 861 4367 ejus,
900 4291 1115 4346 intuens
1151 4290 1313 4354 caput
1352 4295 1506 4336 suum
1537 4293 1551 4330 :
1583 4275 1823 4330 Miserere

235 4367 364 4465 mei,
402 4367 618 4449 Domine
636 4431 651 4458 ,
682 4386 920 4460 quoniam
947 4376 1256 4438 conculcavit
1285 4390 1363 4429 me
1388 4373 1536 4428 Itomo
1563 4385 1582 4423 :
1606 4377 1710 4423 tota
1742 4367 1825 4420 die

236 4459 427 4560 bellans
463 4459 715 4540 tribulavit
749 4495 848 4534 me.
887 4461 1018 4530 Tota
1053 4473 1164 4545 die,
1203 4475 1314 4524 toto
1354 4475 1610 4534 tempore.
1653 4459 1822 4515 Nemo

237 4557 338 4637 sibi
355 4578 504 4635 dicat
527 4593 542 4630 :
565 4574 803 4629 Fuerunt
828 4563 1198 4624 tribulationes
1221 4557 1359 4635 apud
1385 4563 1563 4626 patres
1587 4558 1821 4616 nostros,

237 4669 376 4742 apud
401 4681 502 4724 nos
525 4651 635 4720 non
661 4667 805 4718 sunt.
831 4658 889 4715 Si
916 4664 1070 4729 putas
1092 4662 1143 4708 te
1167 4666 1276 4707 non
1302 4647 1502 4702 habere
1529 4641 1842 4728 tribulatio--

240 4731 355 4831 nes,
386 4757 624 4839 nondum
648 4753 868 4827 cmpisti,
891 4764 1010 4807 esse
1039 4746 1380 4804 christianus.
1410 4741 1476 4796 Et
1498 4739 1588 4795 ubi
1614 4744 1698 4793 est
1723 4731 1843 4791 vox'

242 4851 482 4925 Apostoli
507 4831 658 4905 {Sed
683 4855 728 4902 et
748 4861 918 4902 omnes
937 4843 1023 4914 qui
1049 4840 1220 4895 volunt
1243 4839 1295 4891 in
1321 4835 1518 4890 Christo
1545 4833 1627 4903 pie
1645 4831 1825 4898 vivere,

243 4942 612 5016 persecutiones
640 4938 892 5011 patientur
920 4932 994 5005 (ll
1030 4932 1162 4987 Tim.
1192 4945 1268 4994 ιιι,
1308 4927 1373 4983 l2
1391 4926 1450 4996 )‘l
1478 4925 1534 4980 Si
1563 4937 1694 4994 ergo
1720 4936 1829 4977 non

245 5009 443 5107 pateris
463 5033 626 5090 ullam
642 5009 974 5107 proChristo
993 5021 1440 5095 persecutionem,
1461 5015 1582 5071 vide
1606 5029 1673 5070 ne
1696 5009 1843 5071 non?

245 5130 370 5186 dum
405 5125 636 5198 caperis
670 5109 730 5178 in
750 5105 977 5177 Christo
1007 5117 1092 5188 pie
1121 5115 1317 5171 vivere.
1348 5110 1481 5167 Cum
1507 5117 1687 5166 autem
1715 5097 1844 5163 cui?

245 5222 390 5300 peris
424 5221 483 5275 in
516 5217 730 5285 Christo
768 5213 856 5285 pie
895 5200 1108 5278 vivere,
1153 5208 1424 5279 ingressus
1464 5218 1524 5260 es
1566 5201 1830 5267 torcular;

246 5297 490 5390 prtepara
515 5317 570 5366 te
597 5307 664 5364 ad
690 5318 1002 5379 pressuras;
1033 5300 1130 5359 sed
1157 5299 1266 5358 noli
1294 5313 1415 5357 esse
1440 5296 1643 5365 aridus,
1670 5310 1749 5351 ne'
1766 5292 1835 5349 de

251 5391 502 5474 pressura
528 5401 662 5458 nihil
691 5406 866 5456 exeat.

271 5541 278 5544 -
319 5498 374 5555 5.
414 5495 563 5570 [verm
604 5493 669 5561 3,
702 5493 784 5564 4.]
818 5487 1245 5546 Conculcavertmt
1276 5500 1355 5540 me
1385 5482 1577 5538 inimici
1610 5478 1705 5535 mei
1734 5485 1840 5534 tota

252 5591 349 5644 die.
392 5588 474 5642 llli
506 5587 664 5657 longe
703 5583 826 5639 facti
859 5598 890 5638 a
924 5581 1156 5648 sanctis,
1187 5579 1288 5650 ipsi
1321 5576 1521 5632 inimici
1557 5575 1678 5630 mei.
1709 5571 1842 5629 Tota

253 5683 334 5740 die
359 5700 378 5740 :
403 5685 514 5755 iam
546 5680 746 5738 dictum
775 5685 878 5736 est.
907 5676 983 5733 Ab
1010 5673 1274 5731 altitudine
1297 5672 1415 5726 diei.
1443 5669 1582 5737 Quid
1617 5668 1716 5725 sibi
1741 5667 1842 5724 hoc

261 5867 479 5982 “illa.
502 5875 694 5925 omnes,
717 5860 959 5927 Quidquid
982 5871 1096 5924 ergo
1129 5864 1468 5922 pressurarum
1485 5849 1639 5905 sancti
1660 5850 1851 5917 patiun-

287 5942 361 6026 αξ
384 5987 636 6051 Particulo,
658 6001 768 6050 non,
793 5989 932 6038 abest
953 5999 980 6036 a
1005 5994 1109 6036 Mss.

539 6073 759 6138 SANPT.
801 6075 1077 6134 Auscsr.
1112 6067 1211 6132 IV.

1324 441 1718 508 ENARRATIO
1755 439 1821 498 IN
1862 437 2185 497 PSALMUM
2221 439 2334 495 LV.

3363 432 3470 491 650

1893 555 2036 621 vult,
2071 553 2148 608 Ab
2184 550 2453 608 altitudine
2490 547 2626 605 diei?
2660 547 2822 605 Forte
2857 549 3023 606 altum
3049 555 3134 606 est
3159 546 3229 604 ad
3254 547 3473 605 intelle-

1889 657 2053 704 ctum.
2087 646 2199 704 Nec
2229 646 2452 712 mirum,
2483 644 2605 716 quia
2629 642 2852 699 altitudo
2875 643 2981 699 diei
3008 652 3111 700 est.
3143 642 3303 698 Forte
3330 642 3472 697 enim

1889 737 1966 793 illi
2010 747 2291 810 propterea
2335 737 2492 808 longe
2532 733 2656 790 facti
2699 743 2824 791 sunt
2861 749 2895 790 a
2932 733 3159 801 sanctis,
3199 734 3322 804 quia
3365 746 3474 786 non

1890 839 2176 902 potuerunt
2211 839 2491 903 penetrare
2523 827 2855 884 altitudinem
2882 825 3019 895 diei,
3047 826 3198 896 cujus
3231 823 3476 896 Apostoli

1891 921 2173 978 duodecim
2213 914 2359 977 hora:
2387 919 2669 992 fulgentes.
2709 917 2854 990 Ergo
2883 917 2974 989 qui
3007 924 3256 986 tanquam
3297 915 3476 970 homi-

1892 1028 2017 1070 nem
2054 1013 2458 1082 cruciilxerunt,
2494 1013 2548 1068 in
2585 1013 2673 1069 die
2699 1012 3043 1068 erraverunt.
3083 1009 3261 1079 Quare
3297 1017 3475 1062 autem

1893 1106 2142 1162 tenebras
2179 1105 2320 1176 passi
2357 1113 2508 1173 sunt,
2538 1113 2597 1160 ut
2623 1104 2779 1174 longe
2808 1104 3002 1160 tierent
3026 1117 3056 1156 a
3084 1099 3318 1157 sanctis?
3344 1098 3478 1167 Quia

1828 1208 1831 1212 ‘
1893 1195 1948 1253 in
1977 1197 2086 1252 alto
2119 1197 2329 1253 lucebat
2348 1196 2367 1230 ί
2393 1195 2538 1264 dies,
2569 1195 2624 1252 in
2656 1196 2765 1252 alto
2800 1195 3051 1251 latentem
3083 1210 3188 1249 non
3217 1205 3483 1259 cognove-

1893 1298 2019 1344 runt
2047 1307 2063 1344 :
2095 1287 2140 1344 si
2168 1288 2309 1345 enim
2336 1289 2730 1361 cognovissent,
2761 1303 3029 1360 nunquam
3057 1286 3338 1342 Dominum
3367 1284 3484 1356 glo-

1895 1379 1989 1434 riae
2029 1378 2416 1436 cruciﬁxissent
2445 1378 2503 1454 (ι
2536 1379 2653 1435 Cor.
2697 1395 2756 1447 ιι,
2786 1378 2878 1451 8).
2910 1378 3021 1435 Hac
3046 1393 3174 1449 ergo
3207 1374 3485 1431 altitudine

1896 1469 2003 1526 diei
2030 1470 2350 1542 repercussi,
2376 1479 2432 1528 et
2456 1470 2614 1543 longe
2637 1469 2761 1526 facti
2786 1485 2818 1525 a
2844 1469 3064 1536 sanctis,
3091 1467 3217 1524 facti
3241 1474 3364 1522 sunt
3385 1465 3488 1520 ini-

1896 1563 2021 1620 mici
2057 1564 2150 1636 qui
2191 1564 2443 1622 tribulent
2478 1573 2536 1622 et
2580 1564 2894 1622 conculcent
2937 1571 3186 1636 tanquam
3228 1577 3383 1617 uvam
3431 1563 3486 1630 in

1898 1658 2170 1715 torculari.
2215 1659 2312 1716 Est
2351 1667 2408 1717 et
2444 1659 2579 1717 alius
2619 1659 2918 1716 intellectus
2947 1676 2964 1714 :
2991 1657 3067 1714 Att
3094 1657 3361 1712 altitudine
3388 1654 3489 1709 diei

1899 1751 2319 1807 conculcaverunt
2354 1769 2435 1808 me
2469 1753 2662 1808 inimici
2696 1754 2793 1827 mei
2817 1761 2921 1808 tota
2947 1753 3062 1818 die,
3092 1751 3198 1807 hoc
3228 1760 3345 1818 est,
3377 1757 3490 1805 toto

1900 1853 2141 1916 tempore
2173 1864 2187 1901 :
2217 1846 2294 1901 Ab
2321 1847 2588 1904 altitudine
2615 1847 2737 1915 diei,
2767 1847 2870 1903 hoc
2893 1855 2995 1915 est,
3023 1861 3056 1902 a
3079 1845 3327 1919 superbia
3357 1852 3492 1899 tem-

1902 1937 2093 2026 porali.
2123 1938 2344 2006 Quando
2379 1941 2524 1996 enim
2559 1939 2904 2009 conculcant,
2942 1939 3033 1994 alti
3069 1947 3236 1994 sunt:
3263 1937 3492 1994 humiles

1904 2039 2030 2086 sunt
2054 2030 2145 2101 qui
2174 2032 2584 2100 conculcantur,
2611 2032 2704 2089 alti
2743 2040 2868 2089 sunt
2899 2031 2990 2102 qui
3025 2030 3355 2088 conculcant.
3387 2027 3496 2085 Sed

1905 2122 2016 2178 noli
2043 2123 2230 2178 timere
2257 2122 2591 2182 altitudinem
2629 2123 3089 2189 conculcantium;
3125 2121 3233 2178 diei
3271 2119 3496 2178 altitudo

1907 2223 2010 2281 est,
2038 2216 2348 2285 temporalis
2371 2222 2473 2282 est,
2501 2230 2608 2272 non
2633 2223 2853 2273 aeterna.
3269 2275 3273 2280 ,

1981 2306 2035 2362 ϐ.
2070 2305 2322 2372 Quoniam
2345 2308 2490 2362 multi
2517 2308 2604 2378 qui
2625 2306 2875 2364 debellant
2903 2323 3002 2375 me,
3034 2306 3292 2361 timebunt.
3321 2306 3502 2374 Quan-

1909 2396 1980 2454 do
2008 2397 2310 2453 timeb’unt?
2333 2398 2464 2454 Cum
2490 2399 2761 2456 transierit
2784 2399 2900 2455 dies
2931 2414 3036 2470 qua
3056 2400 3077 2430 ¹
3102 2398 3194 2454 alti
3229 2407 3374 2453 sunt.
3406 2398 3502 2453 Et-

1911 2490 2056 2546 enim
2089 2488 2155 2544 ad
2187 2498 2395 2560 tempus
2422 2490 2517 2546 alti
2554 2498 2711 2561 sunt,
2745 2490 2894 2546 linito
2932 2499 3173 2562 tempore
3209 2490 3505 2546 altitudinis

1911 2595 2026 2639 suae
2063 2582 2342 2638 timebunt.
2385 2581 2498 2654 Ego
2533 2600 2647 2638 vero
2683 2584 2737 2637 in
2769 2592 2818 2638 te
2843 2584 3054 2654 sperabo
3075 2625 3090 2649 ,
3120 2583 3358 2639 Domine.
3386 2583 3506 2640 Non

1913 2673 2007 2758 ait,
2035 2673 2150 2745 Ego
2171 2689 2298 2730 vero
2322 2687 2429 2730 non
2455 2673 2686 2740 timebo;
2709 2673 2826 2741 sed,
2852 2673 3005 2728 Multi
3023 2676 3110 2743 qui
3134 2675 3384 2732 debellant
3405 2691 3502 2743 me,

1917 2765 2175 2821 timebunt.
2203 2765 2339 2822 Cum
2362 2765 2570 2821 venerit
2594 2765 2683 2821 ille
2710 2765 2828 2821 dies
2851 2765 3065 2835 judicii,
3094 2775 3222 2822 tunc
3246 2767 3509 2822 lamenta-

1915 2857 2113 2914 buntur
2134 2873 2194 2915 se
2218 2872 2406 2915 omnes
2440 2857 2609 2914 tribus
2643 2867 2800 2914 terrae
2825 2858 3037 2929 (Matth.
3069 2875 3194 2926 xxv,
3225 2861 3336 2930 3i).
3370 2857 3509 2915 Cum

1914 2954 2222 3025 apparuerit
2249 2954 2458 3026 signum
2487 2953 2609 3010 Filii
2635 2952 2866 3009 hominis
2895 2953 2949 3008 in
2975 2953 3113 3010 ctelo
3131 2993 3148 3021 ,
3180 2961 3308 3010 tunc
3333 2935 3510 3011 securi

1915 3056 2074 3103 erunt
2093 3062 2280 3104 omnes
2305 3047 2493 3103 sancti.
2518 3046 2655 3102 Illud
2674 3047 2817 3102 enim
2839 3048 3016 3102 veniet
3035 3046 3177 3118 quod
3197 3047 3505 3119 sperabant,

1915 3140 2059 3212 quod
2086 3141 2480 3209 desiderabant,
2506 3141 2651 3212 quod
2677 3149 2736 3196 ut
2759 3141 2967 3197 veniret
2989 3143 3254 3198 orabant:
3286 3142 3390 3198 illis
3416 3157 3512 3198 au-

1834 3249 1837 3252 ·
1917 3239 2024 3289 tem
2059 3233 2350 3304 paenitendi
2381 3233 2528 3289 locus
2557 3234 2732 3288 nullus
2761 3233 3094 3299 remanebit,
3125 3234 3249 3306 quia
3275 3249 3340 3291 eo
3370 3244 3510 3290 tem-

1918 3343 2050 3398 pore
2075 3345 2180 3400 quo
2204 3328 2472 3384 fructuosa
2506 3336 2687 3398 posset
2711 3343 2831 3384 esse
2857 3329 3188 3398 poenitentia,
3216 3345 3313 3385 cor
3337 3329 3510 3385 obdu-

1918 3430 2168 3476 raverunt
2195 3421 2452 3478 adversus
2489 3428 2795 3477 monentem
2821 3421 3128 3476 Dominum.
3163 3421 3428 3492 Numquid
3458 3431 3515 3476 et

1918 3526 2130 3568 murum
2156 3513 2361 3583 erigent
2389 3512 2643 3567 adversus
2664 3511 2990 3582 iudicantem
3020 3513 3226 3568 Deum?
3251 3511 3512 3568 Pietatem

1921 3620 2050 3661 sane
2075 3605 2233 3676 hujus
2259 3621 2510 3677 agnosce,
2538 3614 2612 3674 et,
2644 3606 2691 3661 si
2718 3606 2772 3661 in
2796 3620 2862 3662 eo
2885 3621 3111 3677 corpore
3134 3621 3193 3662 es
3209 3606 3251 3672 ³,
3281 3606 3510 3663 imitare.

1921 3697 2054 3754 Cum
2079 3698 2334 3764 dixisset,
2367 3697 2523 3752 Multi
2553 3715 2639 3770 qui
2672 3699 2923 3754 debellant
2951 3715 3065 3767 me,
3101 3699 3378 3764 timebunt;
3405 3715 3516 3756 non

1922 3787 2154 3855 addidit,
2182 3789 2297 3860 Ego
2321 3805 2449 3846 vero
2485 3805 2590 3845 non
2619 3790 2854 3858 timebo;
2887 3806 2956 3848 ne
2994 3793 3105 3847 suis
3139 3791 3342 3848 viribus
3377 3793 3516 3848 assi-

1922 3881 2132 3954 gnando
2161 3882 2304 3953 quod
2336 3897 2444 3938 non
2472 3882 2652 3951 timet,
2681 3891 2827 3940 esset
2854 3892 2908 3938 et
2936 3883 3052 3954 ipse
3077 3885 3130 3939 in
3161 3884 3284 3940 altis
3312 3893 3518 3956 tempoo

1923 3976 2144 4044 ralibus,
2171 3985 2225 4032 et
2250 3991 2347 4047 per
2371 3977 2676 4047 superbiam
2705 3977 3053 4048 temporalem
3080 3993 3188 4034 non
3217 3987 3519 4035 mereretur

1925 4068 2109 4124 venire
2131 4067 2200 4122 ad
2228 4069 2464 4138 requiem
2490 4069 2868 4140 sempiternam
2896 4085 2912 4124 :
2937 4068 3112 4140 potius
3137 4077 3191 4126 te
3217 4069 3340 4126 fecit
3363 4070 3520 4126 intel-

1926 4159 2091 4231 ligere
2115 4159 2258 4216 unde
2295 4175 2401 4215 non
2434 4161 2672 4226 timebit;
2702 4160 2812 4232 Ego
2841 4176 2987 4227 vero,
3017 4145 3214 4230 inquit,
3244 4163 3298 4215 in
3327 4171 3373 4217 te
3399 4179 3519 4233 spe-

1924 4254 2080 4318 rabo,
2110 4253 2328 4308 Domine
2349 4269 2369 4307 :
2393 4268 2500 4308 non
2529 4253 2666 4308 dixit
2702 4252 3171 4322 praesumptionem
3209 4268 3357 4307 suam
3379 4293 3394 4320 ,
3422 4254 3521 4310 sed

1929 4359 2143 4402 causam
2167 4343 2598 4416 praesumptionis
2617 4358 2749 4399 suae.
2771 4343 2826 4399 Si
2852 4343 2993 4398 enim
3014 4358 3123 4398 non
3151 4343 3369 4416 timebo,
3397 4360 3520 4414 pos-

1927 4455 2048 4498 sum
2071 4447 2127 4495 et
2152 4437 2346 4493 duritia
2383 4435 2561 4492 cordis
2599 4450 2706 4492 non
2744 4435 2962 4502 timere;
2993 4435 3142 4490 multi
3179 4436 3320 4491 cnim
3355 4436 3519 4491 nimia

1929 4492 2178 4605 superbia
2201 4492 2332 4586 nihil
2357 4530 2565 4586 timent.
2591 4527 2848 4604 Attendat
2867 4492 3106 4584 Charitas
3128 4529 3315 4585 Vestra
3341 4547 3356 4585 :
3378 4531 3521 4587 aliud

1932 4635 2015 4682 est
2039 4617 2242 4680 sanitas
2265 4613 2708 4694 corpOris,ialiud
2737 4629 2922 4692 stupor
2946 4614 3218 4692 corporis,
3246 4623 3388 4679 aliud
3418 4624 3522 4680 im-
3552 4619 3559 4624 ’

1932 4719 2227 4776 mortalitas
2247 4716 2508 4787 corporis.
2541 4714 2754 4771 Sanitas
2776 4714 2991 4786 quidem
3016 4713 3272 4784 perfecta,
3303 4715 3526 4772 immor‘
3561 4699 3564 4703 ’

1935 4814 2114 4870 talitas
2155 4820 2276 4879 est;
2322 4809 2418 4866 sed
2464 4808 2658 4865 dicitur
2700 4809 2860 4864 etiam
2886 4807 3197 4864 secundum
3237 4809 3524 4880 quemdam
3558 4791 3572 4868 ἶ

1935 4902 2423 4970 ιιιοᾶιιιιισετιιιίιθε,
2453 4901 2613 4973 quam
2654 4899 2910 4955 habemus
2939 4898 2993 4954 in
3021 4897 3122 4954 hac
3147 4899 3274 4954 vita.
3302 4900 3538 4969 Quando,

1937 4985 2402 5064 non'iniirmatur,
2420 4993 2786 5065 unusquisque
2825 5006 2987 5047 sanus
3023 4975 3280 5059 vocatur;
3321 5002 3526 5049 etcum

1937 5093 2232 5165 inspexerit
2257 5091 2532 5158 medicus,
2560 5103 2750 5145 sanum
2787 5089 3090 5156 renuntiat;
3125 5095 3180 5145 et
3212 5103 3337 5145 cum
3361 5103 3534 5158 aegro-

1941 5197 2056 5244 tare
2098 5187 2325 5259 quisque
2366 5183 2628 5256 cmperit,‘
2661 5184 2775 5254 ipsa
2821 5179 3020 5240 sanitas
3065 5183 3437 5255 perturbatur;
3482 5191 3540 5238 et

1904 5279 2154 5372 _quando
2192 5285 2444 5346 curatur,
2486 5276 2554 5332 ad
2592 5276 2760 5348 ipsam
2805 5269 3086 5332 sanitatem
3129 5275 3354 5331 reditur.
3399 5273 3538 5330 Tres

1945 5389 2072 5446 ergo
2098 5365 2406 5450 adeetiones
2431 5369 2688 5442 quasdam
2713 5370 2957 5440 corporis
2979 5369 3251 5425 advertite
3271 5376 3327 5424 et
3363 5367 3538 5438 inspi-

1947 5467 2052 5533 cite
2083 5483 2097 5521 :
2131 5465 2410 5522 sanitatem
2431 5504 2447 5530 ,
2477 5470 2784 5533 stuporem,
2815 5455 3290 5517 immortalitatem.
3323 5459 3540 5516 Sanitas

1951 5557 2316 5631 aegritudinem
2349 5570 2456 5611 non
2497 5554 2687 5620 habet;
2719 5552 2814 5610 sed
2841 5561 3017 5608 tamen
3054 5550 3268 5622 quando
3308 5550 3545 5621 tangitur

1953 5662 2008 5710 et
2035 5650 2366 5716 molestatur,
2397 5647 2560 5704 dolet.
2587 5647 2785 5718 Stupor
2811 5653 2988 5702 autem
3027 5658 3132 5699 non
3158 5641 3336 5710 dolet;
3364 5644 3546 5699 amisit

2023 5791 2038 5824 ³
2077 5790 2254 5853 Regius
2277 5794 2378 5848 ως»,
2403 5783 2593 5836 latebat.
2618 5783 2751 5833 Alius
2773 5793 2804 5832 e
2825 5787 3008 5843 contra,
3031 5777 3157 5844 loco,
3196 5779 3437 5838 latentem,
3462 5778 3551 5830 ha-

1957 5855 2064 5913 bet,
2085 5853 2338 5903 lucentem.

2026 5919 2048 5948 ι
2080 5917 2151 5964 Sic
2174 5914 2357 5976 aliquot
2380 5919 2486 5976 Ms_s_.
2513 5916 2569 5976 At
2584 5907 2718 5976 Edd,
2742 5903 3018 5956 transierint
3039 5903 3143 5957 dies
3164 5904 3248 5971 qui
3267 5903 3357 5958 alti
3377 5915 3505 5959 sunt.

2033 5980 2052 6012 ³
2083 5981 2154 6029 Sic
2178 5967 2280 6029 Mss".
2305 5982 2362 6026 At
2385 5972 2520 6037 add,
2541 5970 2594 6030 in
2613 5967 2718 6034 ejus
2737 5979 2937 6033 corpore
2958 5980 3028 6021 es.

2796 6055 2833 6139 (
2846 6055 3261 6134 Vingt-une.)
