4042 6494
315 440 411 503 653

311 557 396 629 qui
425 557 582 626 longe
605 555 728 612 facti
758 564 882 611 sunt
903 571 932 610 a
955 554 1172 622 sanctis,
1201 555 1498 612 subintrant
1516 557 1728 628 quidam
1751 559 1876 623 ﬁcti,

312 659 363 706 et
393 650 605 719 pejores
635 648 1002 704 tribulationes
1030 647 1227 703 faciunt
1269 651 1478 718 corpori
1521 648 1737 715 Christi,
1764 649 1886 720 quia

310 760 412 798 non
445 753 694 811 tanquam
729 742 937 810 penitus
961 742 1117 796 alieni
1139 741 1461 799 devitantur.
1484 743 1566 797 Ab
1591 744 1718 813 ipsis
1748 744 1886 813 peri-

311 837 424 892 cula
448 837 694 907 graviora
720 849 1147 890 commemorans
1171 835 1473 905 Apostolus,
1514 850 1634 889 cum
1663 850 1885 890 enume-

308 937 449 984 raret
477 927 670 982 multas
701 928 974 997 passiones
995 941 1140 994 suas,
1163 936 1219 982 et
1243 926 1465 991 diceret,
1506 926 1758 982 Periculi:
1782 929 1885 1001 ﬁu-

303 1021 516 1084 minum,
542 1020 774 1088 periculis
799 1019 1071 1084 latronum,
1099 1020 1336 1091 periculis
1355 1035 1629 1092 etvgenerc,
1653 1022 1887 1090 periculis

304 1128 368 1166 ea:
389 1112 638 1183 gentibus,
662 1112 900 1180 periculis
916 1112 968 1165 in
982 1112 1197 1175 civitate,
1219 1113 1454 1182 periculis
1477 1114 1530 1166 in
1559 1113 1773 1178 deserto,
1797 1130 1884 1183 pe-

303 1204 480 1258 riculis
517 1204 572 1257 in
605 1201 1066 1270 mari:Periculis,
1113 1205 1302 1274 inquit,
1329 1205 1409 1258 ‘in
1454 1204 1598 1275 falsis
1647 1203 1886 1274 fratribus

307 1296 370 1368 (ll
404 1296 521 1352 Cor.
546 1313 624 1362 χι,
653 1297 767 1368 26).
811 1297 872 1352 Hi
917 1298 1075 1352 nimis
1119 1298 1404 1368 periculosi
1431 1308 1573 1364 sunt,
1603 1299 1670 1354 de
1697 1300 1884 1370 quibus

300 1389 497 1444 dicitur
535 1391 590 1445 in
626 1389 732 1444 alio
777 1391 1014 1459 psalmo:
1044 1389 1112 1444 Et
1151 1391 1560 1461 ingrediebantur
1586 1403 1640 1446 ut
1665 1393 1885 1446 viderent

301 1483 475 1553 (Psal.
500 1499 586 1544 η,
616 1484 692 1554 7).
724 1482 1160 1554 ingrediebantur
1180 1493 1237 1539 ut
1259 1485 1519 1551 viderent,
1548 1495 1602 1541 et
1629 1501 1785 1541 nemo
1807 1487 1886 1541 di-

301 1575 408 1629 cit:
440 1574 556 1629 Non
590 1575 793 1630 intres‘
823 1585 879 1630 ut
923 1575 1122 1630 videas.
1171 1575 1337 1631 Intrat
1383 1578 1580 1632 etenim
1632 1586 1882 1648 tanquam

301 1675 440 1734 tuus,
470 1682 574 1721 non
601 1676 818 1722 cavetur
838 1675 895 1721 ut
920 1668 1145 1722 alienus.
1166 1667 1252 1722 Isti
1283 1683 1412 1738 ergo
1433 1670 1669 1736 incolent,
1698 1679 1746 1722 et
1770 1670 1886 1724 abs-

299 1760 535 1812 condent.
563 1757 698 1825 Quia
723 1758 801 1812 sic
820 1756 1021 1812 intrant
1047 1759 1098 1813 in
1129 1758 1344 1812 domum
1374 1775 1639 1829 magnam,
1671 1776 1776 1815 non
1810 1762 1881 1815 ibi

299 1851 722 1919 perseveraturi;
759 1849 877 1905 ideo
904 1849 1144 1906 incolant.
1191 1851 1346 1906 Tales
1386 1853 1526 1906 enim
1573 1862 1882 1922 peccatores

297 1957 483 1998 servos
512 1944 696 1999 volens
737 1943 958 2014 intelligi
989 1945 1264 2008 Dominus,
1296 1946 1588 2000 secundum
1621 1946 1766 2000 illum
1797 1947 1881 2000 in-

297 2035 568 2090 tellectum
612 2036 998 2106 evangelicum,
1028 2052 1135 2108 quo
1163 2039 1327 2092 omnis
1365 2039 1450 2107 qui
1475 2039 1596 2106 facit
1621 2050 1882 2110 peccatum

295 2143 465 2182 servus
495 2139 568 2182 est
593 2129 805 2199 peccati,
853 2129 926 2183 ait
961 2147 976 2184 :
1007 2127 1199 2184 Servus
1239 2145 1339 2183 non
1377 2140 1541 2184 manet
1571 2132 1623 2185 in
1650 2131 1801 2185 domo
1829 2132 1884 2186 in

295 2229 561 2286 wternum,
581 2223 719 2290 ﬁlius
744 2232 910 2276 autem
937 2232 1102 2276 manet
1117 2224 1169 2276 in
1185 2232 1424 2276 aeternum
1442 2223 1623 2295 (Joan.
1653 2241 1761 2292 vui,
1789 2226 1878 2291 54,

295 2312 407 2385 55).
435 2313 536 2380 Qui
561 2315 722 2368 intrat
742 2323 798 2368 ut
819 2315 977 2381 ﬁlius,
1002 2329 1108 2369 non
1132 2315 1348 2381 incolet,
1375 2316 1491 2384 quia
1521 2318 1884 2385 perseverabit

295 2419 464 2475 usque
481 2405 532 2458 in
554 2405 710 2459 linem
737 2403 946 2476 (Matth.
974 2421 1031 2471 κ,
1052 2405 1142 2470 22,
1165 2417 1211 2458 et
1227 2422 1370 2470 xstv,
1395 2407 1482 2478 l5)
1509 2425 1520 2460 :
1545 2407 1633 2477 qui
1653 2409 1814 2463 intrat
1829 2417 1885 2464 ut

293 2511 500 2563 servus,
515 2496 789 2563 subdolus,
807 2505 1077 2568 peccator,
1091 2499 1155 2553 ad
1181 2501 1388 2554 oculum
1417 2501 1725 2566 attendens;
1746 2518 1884 2571 qure-

294 2602 418 2643 rens
438 2588 566 2658 quid
591 2589 779 2658 rapiat,
806 2604 1050 2659 quairens
1066 2590 1191 2660 quid
1209 2601 1422 2645 accuset
1435 2593 1659 2662 autquid
1680 2595 1885 2662 vitupe-

293 2691 394 2748 ret,
415 2682 843 2750 incolereintrat,
868 2699 972 2738 non
1000 2683 1294 2738 inhabitare
1314 2695 1366 2738 et
1391 2700 1749 2754 perseverare.
1773 2687 1884 2743 Nec

293 2777 425 2833 istos
451 2785 630 2832 tamen
651 2778 952 2842 timeamus,
980 2776 1206 2832 fratres:
1234 2775 1296 2830 In
1320 2775 1428 2831 Deo
1451 2780 1664 2849 speravi,
1695 2797 1795 2834 non
1817 2783 1883 2833 ti-

293 2871 434 2924 ntebo
447 2870 572 2942 quid
583 2872 738 2942 faciat
748 2871 873 2924 mihi
883 2869 1145 2924 caro.Etsi
1167 2868 1416 2932 incolunt,
1433 2871 1528 2924 etsi
1551 2871 1766 2938 intrant,
1783 2872 1881 2926 etsi

292 2961 514 3032 ﬁngunt,
533 2963 634 3017 etsi
651 2961 998 3026 abscondunt,
1018 2975 1143 3015 caro
1159 2968 1309 3016 sunt:
1331 2969 1385 3014 tu
1399 2961 1448 3013 in
1467 2961 1688 3015 Domino
1704 2976 1879 3031 spera,

294 3057 425 3112 nihil
453 3057 545 3110 tibi
579 3054 737 3110 faciet
765 3069 910 3109 caro.
946 3053 1052 3110 Sed
1081 3053 1239 3108 infert
1277 3054 1693 3117 tribulationem,
1726 3055 1884 3110 infert

292 3148 772 3205 conculcationem.
805 3145 1024 3201 Accedit
1049 3145 1262 3211 vinum,
1311 3147 1431 3215 quia
1462 3162 1558 3201 uva
1603 3148 1879 3217 premitur.

291 3239 586 3297 Tribulatio
608 3248 696 3295 tua
717 3237 1042 3295 infructuosa
1069 3253 1172 3294 non
1200 3239 1333 3293 erit:
1356 3241 1490 3294 alter
1509 3239 1648 3294 videt
1672 3251 1740 3300 te.
1765 3242 1884 3295 imi-

291 3341 520 3397 taturte;
549 3333 670 3402 quia
691 3339 812 3385 ettn
835 3341 890 3384 ut
913 3331 1146 3385 disceres
1171 3331 1328 3386 talem
1351 3331 1508 3387 ferre.
1543 3340 1702 3401 caput
1737 3343 1882 3387 tuum

291 3424 680 3494 contemplatus
700 3438 779 3488 es,
803 3423 1012 3478 botrum
1036 3423 1180 3477 illum
1201 3422 1530 3494 primum,ad
1549 3439 1703 3492 quem
1724 3424 1886 3478 intra-

291 3517 363 3572 vit
383 3517 546 3571 homo
563 3523 621 3570 ut
635 3513 1114 3579 videret,incoluit,
1151 3522 1204 3568 et
1235 3514 1514 3569 abscondit
1543 3515 1766 3568 traditor
1787 3515 1882 3568 Ju-

291 3607 403 3664 das.
434 3607 638 3663 Omnes
656 3621 783 3676 ergo
808 3605 934 3661 ﬁcto
961 3605 1139 3660 animo
1168 3605 1450 3671 intrantes,
1497 3605 1790 3665 incolentes
1831 3616 1887 3662 et

292 3696 683 3754 abscondentes
706 3696 813 3751 noli
841 3695 1049 3750 timere.
1099 3694 1258 3750 Pater
1308 3695 1541 3764 ipsorum
1573 3695 1738 3750 Judas
1760 3710 1884 3750 cum

292 3789 518 3846 Domino
547 3797 640 3842 tuo
668 3788 784 3854 fuit,
817 3796 875 3842 et
897 3787 986 3842 ille
1025 3785 1240 3856 quidem
1286 3795 1508 3840 noverat
1530 3801 1652 3841 eum
1675 3803 1689 3840 :
1710 3801 1885 3856 quan-

291 3896 444 3952 quam
457 3878 862 3936 Judastraditor
876 3877 1205 3932 incolebatet
1217 3877 1778 3943 abscondebat,tamen
1792 3893 1888 3933 cor

269 3973 459 4045 ipsius
486 3973 712 4028 Domino
735 3986 912 4028 rerum
935 3970 1178 4039 patebat;
1201 3970 1380 4026 sciens
1401 3970 1490 4025 ille
1509 3971 1670 4041 elegit
1697 3987 1880 4036 unum,

291 4066 432 4121 unde
458 4065 554 4120 tibi
581 4063 830 4119 solatium
863 4061 1062 4117 faceret
1082 4062 1352 4117 nescituro
1380 4077 1514 4132 quos
1542 4063 1764 4118 devites.
1789 4064 1884 4118 l’o-

294 4167 426 4213 terat
451 4158 596 4212 enim
639 4156 726 4210 ille
758 4140 876 4209 'non
905 4154 1102 4224 eligere
1129 4153 1482 4224 Judam,quia
1525 4163 1746 4210 noverat
1783 4154 1882 4210 Ju-

291 4251 440 4315 dam;
481 4250 556 4304 ait
599 4249 793 4318 quippe
833 4247 1142 4316 discipulis:
1168 4244 1356 4300 Nonne
1382 4262 1474 4316 ego
1499 4262 1584 4300 vos
1617 4247 1883 4301 duodecim

292 4343 434 4414 elegi,
466 4351 511 4395 et
542 4357 673 4394 unus
702 4355 765 4393 ea:
787 4338 924 4392 vobis
943 4336 1173 4392 diabolus
1199 4346 1272 4391 est
1300 4337 1476 4409 (Joan.
1508 4354 1574 4402 v1,
1600 4338 1724 4408 7i)?
1743 4339 1882 4408 Ergo

293 4443 344 4490 et
367 4434 613 4489 diabolus
639 4433 840 4489 electus
863 4430 981 4486 est?
1007 4432 1114 4484 Aut
1152 4430 1197 4482 si
1225 4429 1428 4484 electus
1468 4445 1572 4484 non
1617 4441 1719 4492 est,
1749 4447 1882 4500 quo-

291 4526 449 4581 modo
465 4523 744 4580 duodecim
770 4523 944 4592 elegit,
970 4531 1024 4575 et
1044 4535 1148 4575 non
1171 4519 1344 4589 potius
1365 4519 1643 4574 undecim?
1669 4521 1883 4577 Electus

292 4629 344 4676 et
372 4621 460 4674 ille
487 4627 591 4684 est,
624 4615 718 4670 sed
746 4614 814 4669 ad
837 4614 1002 4668 aliud.
1031 4613 1204 4668 Electi
1232 4612 1474 4668 undecim
1503 4612 1569 4667 ad
1593 4628 1728 4683 opus
1756 4629 1881 4683 pro-

291 4709 542 4775 bationis,
571 4709 772 4763 electus
801 4722 939 4760 unus
968 4704 1035 4759 ad
1060 4719 1196 4774 opus
1224 4704 1549 4760 tcutationis.
1580 4704 1732 4760 Unde
1759 4721 1882 4775 pos-

291 4806 354 4858 sit
381 4804 472 4859 tibi
504 4801 804 4870 exemplum
836 4799 968 4853 dare
1005 4799 1274 4852 nescituro
1299 4812 1434 4867 quos
1458 4797 1661 4853 devites
1687 4799 1876 4863 malos,

292 4911 422 4963 quos
445 4907 638 4949 caveas
667 4891 827 4946 falsos
849 4901 901 4945 et
941 4889 1114 4955 ﬁctos,
1144 4889 1438 4944 incolentes
1463 4897 1516 4944 et
1540 4889 1878 4945 absconden-

296 4998 394 5054 tcs,
423 4987 526 5042 nisi
554 4993 618 5042 ut
643 4985 784 5038 dicat
813 4983 942 5037 tibi:
967 4983 1105 5036 Ecce
1134 4996 1233 5051 ego
1271 4995 1482 5036 mecum
1511 4979 1673 5036 habui
1714 4998 1878 5038 unum

293 5080 563 5150 ipsorum?
588 5076 863 5148 praecessit
887 5075 1212 5146 exemplum,
1246 5074 1488 5139 toleravi,
1515 5075 1750 5144 perferre
1780 5091 1876 5131 vo-

293 5170 363 5225 lui
385 5167 805 5242 quodnsciebam,
827 5175 884 5220 ut
903 5166 994 5222 tibi
1014 5166 1269 5220 nescienti
1290 5166 1583 5235 praeberem
1603 5166 1872 5223 solatium.

291 5262 439 5330 Quod
471 5261 602 5317 mihi
631 5260 776 5324 feeit,
801 5273 902 5315 noc
923 5259 1080 5314 faciet
1112 5267 1166 5313 et
1193 5259 1319 5314 tibi:
1351 5267 1408 5314 ut
1435 5260 1658 5314 multum
1686 5262 1873 5330 possit,

290 5365 348 5411 ut
369 5355 594 5410 multum
617 5353 821 5416 saeviat,
848 5359 1192 5405 accusaturus
1216 5357 1317 5414 est,
1365 5350 1495 5406 falsa
1533 5351 1756 5406 crimina
1790 5351 1875 5406 di-

291 5457 472 5503 cturus
497 5456 599 5502 est.
645 5444 714 5502 Ut
740 5442 1068 5515 praevaleant
1093 5441 1352 5496 falsitates
1369 5443 1411 5506 ³,
1444 5442 1701 5511 numquid
1741 5442 1794 5496 in
1824 5452 1876 5497 te

292 5540 674 5612 praevalebunt,
700 5548 755 5593 et
779 5539 830 5592 in
855 5551 942 5592 me
969 5551 1072 5590 non
1095 5534 1523 5605 praevaluerunt‘l
1545 5535 1600 5590 ln
1627 5549 1712 5590 me
1729 5545 1876 5590 certe

293 5633 703 5704 pravaluerunt,
734 5630 825 5685 sed
848 5629 1041 5686 caelum
1063 5627 1194 5683 mihi
1220 5643 1324 5682 non
1355 5627 1707 5682 abstulerunt.
1738 5627 1876 5682 Caro

293 5725 456 5797 ipsius
478 5725 591 5796 jam
616 5723 845 5794 sepulta,
893 5721 1056 5777 falsos
1077 5728 1242 5777 testes
1283 5719 1538 5790 pertulit:
1569 5734 1751 5789 parum
1778 5718 1876 5774 fuit

356 5881 372 5915 ι
410 5880 596 5946 Aliquot
615 5885 742 5937 Mss,
767 5877 933 5946 ituras.

355 5946 373 5975 '
408 5937 628 6007 Plerique
648 5948 776 6003 uss,
798 5937 908 6002 falsi
929 5944 1084 5989 leues.

1441 444 1830 502 ENARRATIO
1868 431 1934 502 1N
1972 442 2296 502 PSALMUM
2334 444 2442 502 LV.

3468 454 3571 511 656

1994 572 2086 612 eos
2115 559 2317 628 perpeti
2345 558 2396 612 in
2421 557 2640 627 judicio,
2675 572 2957 628 perpessus
2982 570 3062 618 est
3093 564 3144 618 in
3174 567 3439 634 sepulcro.
3478 572 3572 626 Ac-

1989 660 2245 719 ceperunt
2291 649 2568 721 pecuniam
2611 658 2667 703 ut
2710 652 3078 720 mentirentur,
3110 655 3358 712 dixerunt
3393 678 3406 714 :
3443 659 3569 714 Cum

1989 740 2344 808 dormiremus,
2375 752 2610 796 venerunt
2639 742 2876 810 discipuli
2903 745 3030 812 ejus,
3058 757 3104 798 et
3132 748 3438 804 abstulerunt
3457 765 3568 805 eum

1991 833 2207 904 (Matth.
2239 851 2419 902 xxvm,
2451 833 2561 906 l5).
2589 835 2746 890 Tales
2770 844 2951 891 autem
2973 839 3099 892 caeci
3129 851 3280 896 erant
3298 841 3488 908 Judaei,
3513 858 3570 900 ut

1989 927 2269 982 crederent
2291 929 2434 982 dicto
2459 928 2677 982 omnino
2706 929 3033 984 incredibili:
3057 931 3395 988 crediderunt
3424 938 3571 990 testi-

1993 1018 2095 1074 bus
2114 1019 2530 1076 dormientibus!
2561 1021 2663 1075 Aut
2689 1021 2877 1076 falsum
2905 1030 3024 1078 erat
3051 1023 3190 1094 quod
3216 1025 3567 1093 dormierunt,

1991 1120 2042 1166 et
2060 1112 2400 1167 mendacibus
2418 1113 2638 1168 credere
2659 1129 2763 1168 non
2786 1114 3083 1170 debuerunt
3102 1133 3118 1171 :
3138 1125 3229 1170 aut
3246 1133 3429 1173 verum
3457 1131 3573 1176 erat

1990 1206 2130 1274 qunti
2158 1206 2509 1270 dormierunt,
2531 1207 2747 1278 etquod
2780 1208 2972 1263 factum
3002 1217 3085 1265 est
3122 1213 3445 1268 nescierunt.
3473 1214 3569 1268 ln-

1989 1295 2171 1360 colent,
2217 1305 2266 1350 et
2300 1297 2621 1351 abscondent.
2664 1297 2917 1364 incolant,
2967 1308 3022 1354 et
3062 1301 3570 1374 abscondantzquid

1989 1383 2218 1441 facturi?
2246 1385 2314 1442 In
2353 1385 2466 1442 Deo
2505 1389 2721 1459 speravi,
2767 1406 2868 1444 non
2894 1391 3074 1445 timebo
3097 1393 3220 1460 quid
3259 1395 3416 1466 faciat
3449 1397 3573 1450 mihi

1989 1495 2128 1532 οανο.

2061 1570 2146 1624 10.
2187 1571 2297 1640 Ipsi
2318 1571 2608 1625 calcaneum
2623 1587 2787 1625 meum
2803 1573 3145 1628 observabant.
3170 1576 3376 1632 Etenim
3395 1580 3472 1634 sic
3493 1580 3543 1633 in
3556 1609 3572 1618 -

1989 1663 2166 1717 colent
2184 1662 2599 1727 etabscondent,
2631 1671 2690 1717 ut
2713 1665 2996 1720 observent
3041 1669 3128 1723 ubi
3176 1669 3336 1725 homo
3360 1671 3568 1726 labitur.

1992 1754 2183 1808 Intenti
2207 1763 2332 1809 sunt
2361 1754 2424 1807 ad
2453 1755 2783 1820 calcaneum,
2804 1759 3016 1828 quando
3043 1759 3133 1813 fiat
3163 1761 3360 1830 lapsus,
3391 1772 3448 1817 ut
3477 1779 3571 1833 pe-

1989 1845 2111 1899 dem
2139 1853 2356 1900 teneant
2382 1845 2448 1899 ad
2481 1847 2706 1910 ruinam,
2732 1858 2822 1901 aut
2852 1849 3041 1919 pedem
3067 1864 3370 1921 supponant
3395 1855 3463 1908 ad
3488 1857 3571 1909 ol-

1989 1935 2308 2003 fensionem,
2338 1946 2484 1992 certe
2510 1948 2566 1991 ut
2592 1939 2862 1993 inveniant
2889 1942 3029 2009 quod
3069 1953 3340 1997 accusent.
3369 1944 3436 1999 Et
3457 1947 3576 2014 quis

1989 2029 2062 2083 ita
2089 2029 2324 2084 ambulet
2348 2039 2408 2085 ut
2433 2045 2692 2100 nusquam
2726 2031 2972 2086 labatur?
2999 2032 3157 2088 Certe
3199 2037 3341 2106 quod
3381 2038 3486 2091 cito
3518 2038 3576 2092 lit

1989 2120 2073 2175 vel
2097 2121 2149 2175 in
2176 2122 2374 2192 lingua.
2401 2122 2614 2176 Etenim
2644 2123 2900 2193 scriptum
2929 2135 3042 2178 est:
3073 2124 3132 2180 Si
3161 2128 3272 2195 quis
3311 2128 3363 2180 in
3397 2129 3576 2198 lingua

1989 2227 2090 2266 non
2111 2212 2340 2279 offendit,
2373 2215 2454 2268 hic
2497 2215 2744 2284 perfectus
2772 2225 2844 2268 est
2886 2217 2964 2269 vir
2995 2216 3195 2285 (Jacobi
3233 2233 3308 2282 ut,
3335 2218 3417 2287 2).
3447 2221 3577 2288 Quis

1992 2307 2205 2362 tandem
2231 2323 2290 2363 se
2319 2308 2509 2362 audeat
2532 2309 2710 2363 dicere
2737 2317 2828 2362 aut
2857 2319 3042 2378 putare
3078 2310 3406 2379 perfectum?
3437 2313 3578 2384 Ergo

1989 2411 2212 2453 necesse
2237 2409 2319 2454 est
2351 2408 2408 2454 ut
2432 2399 2625 2470 aliquis
2650 2400 2858 2455 labatur
2882 2403 2932 2455 in
2963 2402 3160 2472 lingua.
3187 2401 3264 2456 llli
3291 2412 3471 2459 autem
3485 2405 3576 2475 qui

1990 2488 2226 2544 incolant
2247 2499 2300 2544 et
2321 2490 2670 2554 abscondent,
2691 2503 3021 2562 aucupantur
3037 2493 3194 2546 verba
3213 2494 3412 2560 omnia,
3432 2511 3577 2565 qum-

1990 2588 2170 2634 rentes
2199 2581 2394 2635 alicubi
2429 2584 2644 2650 laqueos
2673 2591 2726 2635 et
2757 2583 2984 2636 nodosas
3027 2581 3206 2638 facere
3257 2586 3572 2652 calumnias,

1990 2670 2182 2739 quibus
2219 2671 2366 2738 prius
2395 2671 2491 2738 ipsi
2540 2671 2881 2738 implicantur
2924 2688 3082 2741 quam
3125 2688 3259 2742 quos
3301 2675 3576 2745 implicare

1989 2761 2346 2824 contendunt;
2379 2770 2444 2815 ut
2469 2761 2614 2830 prius
2635 2762 2734 2830 ipsi
2761 2763 3040 2831 capiantur
3064 2772 3119 2818 et
3144 2775 3385 2833 pereant,
3409 2781 3566 2835 quam

1990 2851 2122 2905 alios
2147 2853 2357 2920 capiant
2385 2861 2444 2906 ut
2473 2852 2716 2922 perdant.
2743 2853 2948 2907 Etenim
2977 2855 3202 2908 recurrit
3229 2854 3391 2909 homo
3412 2856 3465 2910 in
3479 2871 3576 2910 cor

1991 2958 2165 3009 suum,
2188 2953 2244 2996 et
2264 2943 2388 2999 inde
2416 2944 2647 2998 recurrit
2667 2945 2734 2997 ad
2758 2944 2944 3008 Deum,
2990 2954 3048 3000 et
3083 2946 3230 3000 novit
3267 2945 3479 3001 dicere:
3504 2945 3572 3001 In

1989 3033 2102 3087 Deo
2143 3035 2363 3088 laudabo
2406 3051 2660 3090 sermones
2699 3051 2854 3089 meos.
2895 3034 3159 3105 Quidquid
3198 3036 3400 3094 bonum
3440 3036 3572 3104 dixi,

1991 3125 2244 3195 quidquid
2279 3142 2467 3181 verum
2494 3127 2623 3190 dixi,
2654 3127 2745 3182 Dei
2771 3127 2880 3183 dixi
2898 3129 2935 3194 ¹,
2961 3139 3014 3182 et
3035 3127 3103 3183 de
3129 3127 3238 3184 Deo
3265 3128 3373 3186 dixi
3397 3148 3407 3182 :
3433 3130 3577 3200 quid-

1991 3217 2116 3287 quid
2149 3218 2282 3272 forte
2310 3218 2450 3272 aliud
2491 3218 2600 3272 dixi
2631 3219 2772 3287 quod
2815 3219 2994 3274 dicere
3042 3234 3146 3274 non
3193 3220 3373 3286 debui,
3417 3221 3578 3277 homo

1991 3311 2121 3377 dixi,
2152 3311 2245 3366 sed
2286 3312 2384 3364 sub
2415 3313 2523 3366 Deo
2568 3313 2700 3366 dixi.
2731 3312 2832 3378 Qui
2859 3313 3143 3367 conﬁrmat
3190 3313 3574 3380 ambulantem,

1993 3404 2224 3457 minatur
2243 3405 2459 3470 erranti,
2491 3405 2714 3474 ignoscit
2741 3407 3072 3474 agnoscenti,
3093 3416 3306 3462 revocat
3320 3408 3575 3478 linguam,

1992 3503 2208 3550 revocat
2231 3495 2458 3563 lapsum.
2483 3495 2664 3552 Justus
2685 3496 2827 3550 enim
2849 3497 3044 3564 septies
3062 3495 3216 3552 cadet
3237 3505 3294 3553 et
3312 3509 3574 3568 resurget,

1993 3587 2141 3655 impii
2191 3601 2318 3641 vero
2369 3587 2776 3641 inﬁrmabuntur
2814 3586 2866 3640 in
2895 3587 3049 3642 malis
3080 3587 3260 3657 (Prov.
3291 3606 3433 3655 xxiv,
3467 3591 3574 3661 l6).

1991 3680 2110 3736 Non
2139 3696 2267 3752 ergo
2295 3682 2477 3736 timeat
2505 3680 2868 3750 unusquisque
2909 3689 3154 3740 nostrum
3181 3683 3403 3740 callidos
3430 3684 3574 3740 inse-

1993 3781 2246 3840 ctatores,
2277 3787 2512 3842 aucupes
2539 3772 2844 3836 verborum,
2871 3772 3300 3832 dinumeratores
3321 3791 3456 3845 pene
3471 3780 3580 3850 syl-

1992 3865 2254 3930 labarum,
2285 3873 2342 3919 et
2369 3863 2804 3935 prmvaricatores
2842 3875 3250 3934 praeceptorum.
3279 3866 3414 3934 Quid
3447 3869 3497 3923 in
3528 3879 3579 3926 te

1991 3967 2198 4026 arguat,
2225 3957 2483 4022 attendit;
2512 3965 2571 4011 ut
2594 3955 2780 4013 credat
2802 3971 2897 4025 per
2929 3965 2980 4011 te
3007 3955 3243 4025 Christo,
3272 3973 3376 4014 non
3399 3967 3576 4016 atten-

1991 4050 2088 4107 dit.
2120 4049 2352 4106 Attende
2375 4050 2426 4104 in
2453 4064 2730 4105 sermones
2771 4049 2888 4120 ejus
2925 4066 3081 4119 quem
3107 4051 3480 4120 reprehendis,
3515 4069 3580 4110 ne

1993 4142 2129 4197 forte
2159 4152 2210 4196 te
2237 4141 2435 4210 aliquid
2459 4141 2745 4196 salubriter
2764 4141 2970 4196 doceat.
3000 4143 3067 4195 Et
3094 4142 3222 4211 quid
3249 4159 3353 4206 me,
3381 4143 3571 4214 inquit,

1993 4234 2281 4290 salubriter
2312 4235 2512 4301 poterit.
2530 4232 2745 4296 docere,
2775 4234 2864 4301 qui
2893 4232 2970 4285 sic
2995 4232 3174 4302 lapsus
3203 4244 3286 4288 est
3317 4235 3366 4290 in
3391 4235 3578 4290 verbo?

1993 4328 2104 4382 lloc
2121 4327 2295 4397 ipsum
2318 4334 2370 4380 te
2393 4325 2530 4380 forte
2556 4324 2838 4378 salubriter
2858 4324 3036 4389 docet,
3062 4340 3128 4380 ne
3153 4325 3226 4380 sis
3247 4341 3446 4394 auceps
3467 4342 3576 4384 ver-

1989 4422 2197 4481 borum,
2231 4418 2326 4474 sed
2373 4417 2630 4474 collector
2676 4426 3083 4487 praeceptorum.
3127 4415 3241 4486 Ipsi
3281 4417 3578 4474 calcaneum

1989 4528 2155 4567 meum
2183 4509 2533 4565 observabant.

2063 4604 2147 4658 ll.
2179 4602 2322 4657 Sicut
2343 4601 2577 4655 sustinuit
2606 4599 2775 4654 anima
2794 4615 2926 4653 mea.
2957 4598 3069 4654 Hoc
3093 4599 3214 4653 dico
3239 4600 3380 4670 quod
3411 4603 3574 4658 susti-

1989 4697 2101 4751 nui.
2123 4693 2463 4764 Loqnebatur
2485 4701 2740 4763 expertus
2765 4707 2780 4743 :
2817 4689 2961 4746 Sicut
2987 4692 3221 4746 sustinuit
3245 4693 3416 4750 anima
3441 4710 3572 4748 mea.

1989 4786 2221 4842 Incolent
2259 4794 2303 4840 et
2346 4783 2670 4838 abscondent.
2698 4782 2899 4838 Omnes
2927 4786 3187 4838 sustineat
3211 4785 3390 4840 anima
3417 4801 3572 4852 mea;
3601 4799 3605 4801 ·
3705 4812 3709 4814 ·

1988 4880 2119 4934 foris
2147 4879 2399 4932 latrantes
2421 4878 2462 4942 ²,
2489 4877 2628 4930 intus
2656 4874 2983 4930 occultantes
3021 4876 3299 4931 sustineat.
3324 4876 3572 4933 Forinse-

1987 4989 2080 5028 cus
2109 4973 2329 5028 veniens
2345 4970 2388 5034 ³,
2419 4970 2570 5040 quasi
2620 4968 2808 5022 ﬂuvius
2854 4968 2999 5022 venit
3040 4971 3258 5026 tentatio
3291 4989 3304 5024 :
3339 4972 3390 5026 in
3424 4982 3570 5041 petra

1988 5077 2040 5123 te
2071 5065 2324 5130 inveniat,
2343 5063 2618 5132 impingat,
2639 5076 2744 5114 non
2771 5059 3017 5130 dejiciat;
3049 5061 3262 5118 fundata
3280 5072 3361 5118 est
3382 5065 3572 5122 domus

1987 5173 2144 5227 supra
2189 5165 2392 5227 petram
2427 5152 2641 5226 (Matth.
2672 5167 2763 5218 vn,
2795 5151 2911 5220 25).
2954 5152 3100 5208 Intus
3137 5165 3234 5217 est,
3289 5155 3483 5210 incnlet
3517 5165 3572 5211 et

1986 5249 2275 5305 abscondet
2296 5263 2316 5300 :
2339 5255 2397 5300 ut
2417 5246 2565 5315 palea
2594 5245 2685 5300 tibi
2704 5247 2986 5312 vicinetur,
3006 5246 3170 5300 intret
3187 5246 3368 5300 tritura
3385 5247 3566 5314 boum,

1986 5342 2146 5397 intret
2176 5338 2367 5393 tribnla
2408 5337 2791 5403 tentationum;
2828 5344 2882 5390 tu
2927 5337 3191 5408 purgaris,
3218 5335 3304 5389 illa
3343 5341 3566 5394 commi-

1985 5440 2194 5596 "nigri
2207 5537 2334 5577 vers.
2367 5520 2401 5577 8
2496 5519 2641 5575 Sicut
2663 5519 2904 5574 sustinuit
2925 5535 3054 5585 mea,
3085 5535 3177 5590 pro
3202 5517 3361 5573 nihilo
3399 5519 3566 5574 salvos

2048 5686 2062 5716 ι
2100 5680 2235 5739 Edd.,
2257 5687 2356 5728 Deo
2373 5675 2496 5726 dixi.
2521 5682 2726 5739 At_lilss.,
2755 5670 3010 5739 minimi:
3033 5683 3126 5735 qua
3149 5669 3377 5739 loquendi
3417 5673 3568 5739 ratio:

1984 5760 2048 5797 ne
2070 5733 2288 5806 supra'in
2311 5746 2470 5806 Enarr.
2496 5736 2616 5806 Psal:
2638 5733 2723 5795 49,
2742 5751 2792 5784 ιι.
2812 5735 2891 5796 23,
2911 5733 3093 5784 habent
3116 5733 3331 5784 nonnulli
3356 5743 3485 5796 Mss.,
3521 5733 3569 5787 Si

1982 5809 2104 5860 bona
2125 5797 2323 5861 auditis,
2355 5801 2438 5850 1)ρὶ
2460 5797 2655 5850 auditis.

2044 5871 2066 5902 ι
2100 5876 2200 5926 Am,
2229 5869 2280 5914 et
2299 5857 2486 5931 aliquot
2503 5870 2624 5931 uss,
2914 5918 2922 5927 ,
3151 5871 3153 5873 ί

2049 5933 2070 5964 ⁸
2220 5936 2320 5976 MSS.
2352 5920 2405 5974 Αἰ
2427 5923 2560 5981 ιω,
2584 5920 2810 5971 sustineat
2831 5920 3090 5983 forinsecus
3142 5927 3388 5971 venientes.

3345 6097 3388 6104 ,Α
