4042 6494
414 403 517 462 655

415 519 570 590 facies
589 530 692 577 eos.
727 508 916 568 Docuit
941 515 996 565 et
1021 521 1119 580 pro
1164 501 1294 578 ipsis
1316 520 1490 563 orare.
1532 505 1735 579 Nempe
1767 509 1986 565 incolent

408 623 455 666 et
481 606 801 672 abscondent,
822 617 1014 674 nempe
1041 601 1232 668 dolosi,
1255 615 1449 671 nempe
1465 600 1802 657 simulatores
1827 609 1986 672 atque

406 703 746 759 insidiatores
805 704 930 754 sunt
966 715 980 752 :
1014 703 1070 751 tu
1112 709 1207 751 ora
1252 708 1351 766 pro
1391 693 1490 762 eis,
1525 702 1580 750 et
1631 694 1741 750 noli
1785 695 1983 763 dicere,

407 792 668 866 Numquid
685 799 740 849 et
758 790 917 846 talem
936 787 1209 844 hominem
1236 786 1377 843 Deus
1393 793 1728 843 correcturus
1753 797 1854 852 est,
1878 795 1986 842 tam

405 886 624 950 malum,
654 893 760 939 tam
796 877 1146 954 perversum?
1169 876 1289 934 Noli
1335 876 1623 950 desperare
1652 895 1667 932 :
1696 894 1852 950 quem
1898 894 1986 934 ro-

400 994 495 1049 ges
523 975 760 1042 attende,
778 989 898 1038 non
925 987 1026 1046 pro
1053 986 1161 1044 quo
1181 985 1361 1042 roges.
1382 969 1794 1042 Magnitudinem
1811 970 1984 1026 morbi

400 1067 903 1140 vides,.potentiam
941 1063 1134 1120 medici
1177 1078 1282 1118 non
1310 1060 1496 1118 vides?
1529 1060 1761 1116 lncolent
1796 1070 1842 1116 et
1868 1061 1984 1116 abs-

402 1164 616 1218 condent
637 1177 656 1217 :
679 1162 808 1216 sicut
833 1158 1067 1215 sustinuit
1103 1155 1276 1210 anima
1308 1170 1440 1210 mea.
1479 1153 1694 1210 Sustine
1719 1192 1734 1219 ,
1764 1166 1856 1208 ora
1882 1169 1895 1206 :
1927 1161 1984 1208 et

399 1255 527 1325 quid
558 1255 657 1309 ﬁt?
683 1252 788 1308 Pro
813 1250 972 1306 nihilo
999 1249 1164 1304 salvos
1189 1247 1345 1319 facies
1373 1262 1476 1302 eos.
1519 1245 1609 1302 Sic
1647 1245 1765 1301 illos
1805 1245 1981 1302 salvos

397 1347 561 1403 facies
585 1387 601 1414 ,
632 1354 688 1401 ut
718 1343 849 1400 nihil
873 1342 969 1398 tibi
998 1341 1105 1409 sit,
1132 1339 1187 1395 id
1215 1347 1332 1408 est,
1375 1346 1434 1395 ut
1476 1337 1652 1394 nullus
1691 1337 1842 1393 labor
1887 1337 1981 1394 tibi

315 1482 317 1484 η
398 1441 489 1495 sit.
522 1435 835 1492 Hominibus
859 1431 1129 1504 desperati
1153 1439 1315 1500 sunt,
1344 1429 1439 1486 sed
1479 1439 1535 1485 tu
1571 1429 1736 1486 verbo
1777 1442 1932 1485 curas
1961 1446 1976 1485 :

398 1548 505 1589 non
540 1529 804 1587 laborabis
842 1527 896 1582 in
943 1523 1180 1582 curando
1201 1565 1218 1591 ,
1260 1515 1502 1594 quamvis
1538 1536 1636 1578 nos
1671 1530 1978 1592 stupeamus

394 1622 746 1696 inspiciendo.
777 1621 874 1676 Est
895 1619 1032 1674 alius
1058 1631 1246 1673 sensus
1270 1617 1326 1672 in
1348 1614 1450 1671 hoc
1475 1629 1634 1671 versu
1657 1657 1672 1684 ,
1703 1613 1812 1670 Pro
1839 1614 1977 1669 nihi-

393 1719 443 1772 lo
469 1716 633 1772 salvos
661 1715 816 1785 facies
843 1728 927 1768 eos
949 1727 969 1767 :
995 1711 1157 1767 nullis
1183 1724 1369 1766 eorum
1397 1708 1604 1764 meritis
1629 1707 1978 1778 praecedenti-

394 1811 493 1867 bus
521 1810 694 1866 salvos
717 1807 879 1863 facies
903 1821 1021 1862 eos.
1067 1805 1167 1871 Qui
1205 1805 1345 1876 prius
1384 1803 1459 1875 fui
1505 1802 1858 1873 blasphemus,
1892 1802 1974 1856 in-

391 1905 543 1975 quit,
572 1912 617 1957 et
642 1909 930 1974 persecutor
954 1908 999 1954 et
1023 1897 1301 1970 injuriosus
1322 1895 1341 1966 (
1361 1894 1383 1950 Ι
1405 1892 1536 1948 Tim.
1564 1909 1584 1950 ι
1605 1934 1620 1962 ,
1654 1894 1724 1950 15
1747 1894 1788 1964 ).
1817 1893 1975 1949 Acci-

391 1997 568 2066 picbat
592 1995 797 2050 litteras
821 2009 852 2048 a
875 1989 1242 2047 sacerdotibus
1257 2029 1274 2057 ,
1297 1995 1356 2043 ut
1373 1988 1694 2061 ubicumque
1714 1987 1979 2044 inveniret

388 2088 723 2144 Christianos
746 2127 762 2153 ,
785 2084 1026 2155 alligaret
1043 2089 1100 2139 et
1117 2079 1407 2137 adduceret
1429 2079 1582 2153 (Act.
1609 2093 1666 2134 ix
1687 2119 1704 2144 ,
1731 2078 1768 2132 2
1783 2075 1828 2150 ).
1861 2077 1976 2134 Uti-

387 2197 491 2253 que
516 2189 579 2235 ut
618 2179 858 2249 alligaret
902 2184 956 2232 et
996 2173 1324 2240 adduceret,
1369 2171 1542 2241 primo
1587 2167 1888 2235 incolebat,
1918 2175 1977 2226 et

385 2269 764 2328 abscondebat.
795 2266 949 2323 Nulla
979 2280 1105 2337 ergo
1127 2264 1285 2334 hujus
1301 2263 1443 2319 bona
1470 2261 1660 2318 merita
1683 2275 1977 2332 praecesse-

383 2372 505 2419 rant
530 2405 545 2430 ,
573 2361 680 2416 imo
713 2359 834 2415 talia
862 2363 1250 2428 praecesserant
1276 2352 1346 2409 de
1373 2351 1565 2424 quibus
1591 2352 1970 2420 damnaretur;

382 2455 516 2511 nihil
545 2454 672 2511 boni
699 2451 908 2518 attulit,
939 2457 995 2506 et
1021 2447 1200 2504 salvus
1226 2446 1397 2502 factus
1415 2453 1517 2501 est.
1551 2443 1658 2499 Pro
1684 2443 1843 2500 nihilo
1868 2445 1974 2499 sal-

381 2563 468 2604 vos
493 2547 648 2618 facies
673 2559 776 2600 eos.
819 2540 938 2598 Non
982 2539 1050 2596 ad
1097 2547 1151 2595 te
1196 2537 1419 2594 allerent
1463 2536 1640 2594 hircos
1663 2578 1678 2606 ,
1728 2537 1924 2592 arietes
1950 2577 1967 2607 ,

382 2651 562 2696 tauros
585 2679 602 2706 ,
629 2653 736 2693 non
762 2635 901 2692 dona
921 2641 975 2690 et
998 2638 1238 2689 aromata
1265 2632 1283 2664 ι
1305 2629 1528 2686 aﬂ’erent
1552 2630 1605 2684 in
1632 2631 1832 2700 templo
1855 2638 1968 2696 tuo,

379 2749 489 2812 non
516 2714 717 2802 aliquid
742 2729 811 2785 de
837 2725 1160 2784 conscientia
1202 2725 1344 2780 bona
1379 2721 1648 2778 libaminis
1688 2720 1971 2792 superfun-

379 2811 549 2894 dunt;
580 2833 748 2880 totum
778 2823 834 2878 in
863 2821 968 2876 illis
993 2833 1243 2891 asperum
1269 2857 1285 2885 ,
1321 2824 1493 2873 totum
1524 2823 1722 2872 tetrum
1745 2857 1762 2884 ,
1793 2822 1967 2871 totum

377 2911 748 2975 detestandum
776 2932 789 2969 :
821 2921 1025 2969 etcum
1064 2911 1141 2965 illi
1183 2909 1252 2965 ad
1289 2916 1342 2964 te
1382 2908 1517 2964 nihil
1561 2907 1787 2963 ail‘erant
1826 2907 1968 2964 unde

377 2998 648 3067 salvantur
667 3051 682 3077 ,
719 3007 826 3064 Pro
856 3006 1014 3060 nihilo
1038 3002 1203 3059 salvos
1229 3002 1385 3074 [acies
1413 3017 1499 3056 eos
1523 3041 1539 3070 ,
1581 3000 1635 3057 id
1670 3007 1754 3057 est
1797 3000 1966 3072 gratis

377 3093 504 3158 data
525 3100 696 3173 gratia
724 3107 834 3154 tua.
870 3096 1011 3165 Quid
1039 3096 1127 3150 ille
1155 3095 1292 3150 latro
1320 3093 1572 3149 attulerat
1607 3091 1676 3148 ad
1699 3106 1913 3149 crucem
1940 3093 1966 3149 τ

374 3197 678 3254 Delauce'|
722 3194 776 3248 in
817 3190 1113 3263 judicium,
1163 3188 1232 3245 de
1277 3186 1477 3258 judicio
1514 3186 1570 3242 in
1615 3186 1856 3258 lignum,
1897 3186 1965 3244 de

373 3292 518 3362 ligno
544 3289 599 3344 in
627 3285 931 3359 paradisum
962 3282 1134 3356 (Luc.
1162 3295 1292 3336 χχιιι
1312 3321 1328 3348 ,
1362 3280 1433 3337 45
1460 3278 1502 3351 ).
1529 3277 1806 3347 Credidit,
1834 3291 1963 3349 pro-

374 3374 494 3455 pter
521 3381 665 3454 quod
694 3380 904 3437 loeutus
930 3384 1014 3434 est
1037 3375 1058 3450 (
1085 3375 1232 3430 Psal.
1264 3388 1388 3443 cxv,
1412 3371 1481 3428 10
1506 3370 1548 3445 ).
1575 3371 1681 3429 Sed
1708 3381 1762 3428 et
1789 3371 1960 3443 ipsam

374 3476 532 3532 ﬁdem
555 3472 682 3546 quis
699 3472 917 3528 donavit
938 3513 954 3540 ,
989 3469 1092 3526 nisi
1121 3467 1209 3540 qui
1230 3466 1386 3539 juxta
1416 3464 1716 3538 pependit?
1743 3464 1851 3520 Pro
1875 3465 1962 3519 ni-

373 3557 488 3623 hilo
506 3566 672 3622 salvos
699 3565 854 3637 [acies
883 3579 989 3618 eos.
1037 3593 1042 3602 -

352 3687 354 3689 >
439 3660 529 3716 15.
571 3657 639 3713 In
673 3658 752 3712 ira
779 3655 996 3728 populos
1030 3651 1266 3708 deduces.
1309 3648 1565 3706 Irasceris
1605 3655 1661 3706 et
1696 3647 1917 3705 deducis
1940 3688 1957 3717 ,

368 3754 525 3812 saevis
551 3761 605 3809 et
632 3751 808 3809 salvas
831 3789 845 3816 ,
874 3757 1046 3805 terres
1069 3755 1126 3804 et
1158 3759 1351 3802 vocas.
1379 3742 1516 3812 Quid
1560 3750 1644 3798 est
1680 3742 1821 3798 enim
1846 3783 1862 3812 ,
1890 3741 1960 3796 In

368 3849 448 3903 ira
470 3837 686 3918 populos
706 3840 965 3898 deducas?
987 3838 1184 3910 lmples
1209 3833 1639 3892 tribulationibus
1659 3834 1838 3889 omnia
1861 3875 1876 3903 ,
1902 3843 1961 3891 ut

366 3941 424 3995 in
453 3924 879 3994 tribulationibus
907 3930 1068 4002 positi
1097 3929 1340 3985 homines
1370 3935 1648 3984 recurrant
1674 3927 1743 3982 ad
1767 3935 1820 3983 te
1844 3967 1860 3994 ,
1889 3942 1958 3984 ne

367 4018 577 4089 deliciis
619 4036 674 4084 et
715 4025 1003 4083 securitate
1043 4035 1293 4094 perversa
1327 4018 1666 4076 seducantur.
1699 4019 1745 4074 Α
1784 4015 1844 4075 te
1876 4017 1957 4074 ira

365 4105 578 4184 videtur
599 4162 616 4192 ,
648 4120 744 4178 sed
763 4125 1007 4191 paterna.
1033 4113 1284 4170 Irascitur
1302 4120 1452 4184 pater
1473 4111 1582 4166 lilio
1601 4109 1956 4181 contemptori

363 4205 754 4292 praeceptorum
805 4223 1069 4266 suorum:
1124 4207 1292 4262 iratus
1338 4197 1405 4260 ei
1442 4217 1566 4260 eum
1615 4201 1950 4274 colaphizat,

364 4308 561 4378 caedit,
588 4319 774 4363 aurem
798 4302 985 4367 vellit,
1018 4313 1180 4356 manu
1205 4295 1368 4352 trahit
1389 4335 1406 4363 ,
1427 4294 1496 4351 ad
1524 4294 1762 4351 scholam
1785 4293 1950 4351 ducit.

365 4403 433 4460 In
455 4387 772 4472 ira‘populos
811 4394 1048 4451 deducas.
1091 4391 1262 4460 Quam
1311 4387 1466 4444 multi
1510 4386 1739 4459 ingressi
1785 4394 1950 4456 sunt,

363 4510 527 4569 quam
556 4491 711 4549 multi
734 4488 1092 4558 impleverunt
1118 4482 1335 4538 domum
1362 4479 1615 4547 Domini,
1647 4479 1699 4534 in
1732 4477 1810 4533 ira
1837 4477 1954 4548 ejus

321 4620 333 4654 ι
366 4585 583 4647 deducti
608 4626 626 4654 ,
652 4583 706 4640 id
726 4589 810 4639 est
826 4573 1257 4636 tribulationibus
1276 4572 1448 4630 territi
1471 4613 1486 4640 ,
1515 4579 1570 4628 et
1594 4570 1696 4627 [ide
1717 4570 1950 4642 impleti!

325 4666 334 4742 Ῐ
365 4677 452 4739 Ad
491 4679 596 4736 hoc
637 4675 782 4733 enim
824 4671 1058 4744 exagitat
1109 4666 1414 4735 tribulatio,
1444 4673 1511 4721 ut
1547 4666 1816 4722 exinaniat
1859 4680 1954 4721 vas

363 4765 764 4850 quod'plenum
802 4766 893 4825 est
923 4763 1161 4836 nequitia
1184 4803 1199 4830 ,
1237 4768 1297 4818 ut
1334 4759 1619 4832 impleatur
1657 4757 1847 4831 gratia.
1884 4755 1954 4813 In

363 4869 444 4924 ira
470 4864 684 4940 populos
705 4862 939 4918 deducas.

395 4971 400 4978 '
435 4939 526 5016 id.
567 4953 736 5030 (vers.
766 4949 865 5025 9.]
905 4950 1042 5005 Deus
1065 4990 1080 5018 ,
1102 4947 1257 5003 vitam
1278 4959 1441 5000 meam
1467 4941 1720 4998 enuntiavi
1749 4940 1856 4995 tibi.
1883 4939 1954 4998 Ut

364 5053 541 5111 vivam
567 5038 711 5104 enim
737 5054 795 5101 tu
819 5041 989 5098 fecisti
1014 5084 1030 5111 ,
1052 5048 1106 5096 et
1131 5039 1198 5095 ad
1221 5039 1323 5093 hoc
1347 5035 1566 5092 enuntio
1589 5035 1749 5088 vitam
1776 5047 1951 5089 meam

366 5146 480 5204 tibi.
514 5143 662 5199 Itane
683 5153 813 5196 vero
837 5137 980 5192 Deus
1014 5132 1291 5205 ignorabat
1333 5127 1477 5200 quod
1516 5125 1773 5181 dederat?
1814 5124 1952 5193 Quid

289 5235 298 5248 ’
365 5247 487 5305 est,
515 5233 658 5309 quod
707 5231 786 5288 illi
820 5226 1109 5286 enuntias?
1155 5225 1361 5280 Docere
1405 5221 1486 5276 vis
1524 5217 1738 5274 Deum?
1778 5217 1948 5273 Absit.

336 5332 511 5404 ,Ergo
539 5327 668 5401 quid
711 5326 821 5393 ait,
873 5319 1148 5377 Enuntiavi
1174 5315 1305 5371 tibi?
1340 5315 1423 5370 An
1469 5312 1637 5378 forte,
1678 5310 1812 5378 Quia
1855 5309 1952 5365 tibi

363 5403 590 5498 prodest
613 5417 757 5491 quod
781 5413 1050 5473 enuntiavi
1069 5412 1233 5468 vitam
1254 5407 1470 5463 meam?
1497 5405 1563 5460 Et
1587 5403 1712 5475 quid
1736 5403 1954 5474 prodest

365 5519 479 5578 Deo
497 5518 522 5575 2
537 5515 724 5572 Lucris
744 5511 838 5568 Dei
859 5509 1094 5582 prodest.
1116 5502 1401 5561 Enuntiavi
1424 5501 1537 5555 Deo
1556 5499 1718 5554 vitam
1741 5512 1917 5554 meam
1931 5538 1949 5566 ,

363 5613 490 5690 quia
511 5611 692 5669 vivere
717 5621 804 5663 me
828 5603 954 5662 fecit
981 5603 1143 5659 Deus.
1169 5595 1449 5666 Quomodo
1466 5589 1766 5650 enuntiavit
1784 5589 1952 5647 vitam

427 5778 447 5811 ί
483 5771 708 5838 Plerique
729 5777 856 5838 Mss,
879 5771 1174 5838 ornqmentu.

426 5840 450 5872 '
723 5811 856 5892 6352:
882 5811 1118 5891 iié'iai‘ée’.’
1133 5821 1226 5892 _Sed
1247 5821 1414 5892 verius
1427 5816 1527 5892 alii,
1550 5823 1620 5866 De
1645 5813 1781 5892 [nuce
1796 5811 1958 5892 ἐ
2060 5816 2107 5855 m

360 5881 666 5951 scilicet—lilii
670 5881 926 5945 latrocinia
949 5881 1331 5951 exercelJatisic
1349 5883 1399 5930 in
1433 5887 1610 5951 Evang.
1640 5881 1953 5951 luam-Trach

365 5938 1108 6026 ifi'i'aﬁaii'o'dﬁ'procedu
1129 5946 1195 5999 ad
1220 5947 1406 6013 faucem
1424 5938 1644 5994 occidcrc
1667 5938 1919 5990 hominem.

1615 391 1671 451 S.
1710 389 2075 452 AUGUSTINI
2113 390 2414 452 EPISCOPI

2097 523 2248 565 suam
2270 510 2467 567 Paulus
2485 509 2760 582 apostolus
2780 548 2798 576 ,
2821 501 3006 567 dicens
3023 548 3039 578 ,
3062 508 3165 578 Qui
3184 508 3326 582 prius
3345 511 3423 584 fui
3443 511 3690 584 blasphe-

2093 617 2206 657 mus
2229 612 2275 656 et
2306 613 2589 671 persecutor
2613 613 2658 660 et
2683 604 3000 678 injurtosus!
3025 605 3279 661 Enuntiet
3298 606 3460 660 vitam
3480 621 3633 662 suam
3660 623 3680 662 :

2095 693 2204 749 Sed
2240 696 2638 754 misericordiam
2670 709 2964 756 consecutus
2990 716 3102 756 sum
3139 698 3203 773 (l
3253 697 3391 754 Tim.
3437 715 3492 768 ι,
3542 701 3613 756 l5
3633 699 3680 772 ).

2093 785 2405 845 Enuntiavit
2428 791 2591 848 vitam
2631 807 2782 848 suam
2806 833 2821 859 ,
2860 809 2970 849 non
3007 793 3148 861 sibi,
3180 791 3274 848 sed
3297 791 3376 847 illi
3404 808 3418 847 :
3445 792 3572 863 quia
3599 792 3686 849 sic

2091 881 2390 938 enuntiavit
2413 890 2470 938 ut
2499 883 2576 940 illi
2603 883 2947 954 crederetur;
2977 899 3086 941 non
3123 882 3192 939 ad
3219 882 3367 939 lucra
3405 897 3500 939 sua
3523 923 3539 950 ,
3580 881 3684 939 sed

2090 973 2158 1028 ad
2180 973 2328 1030 lucra
2355 974 2516 1032 illius.
2544 975 2683 1046 Quid
2709 977 2851 1033 enim
2876 976 2952 1033 ait
2976 976 3091 1048 ipse
3115 975 3357 1032 Paulus?
3376 973 3503 1030 Ideo
3522 973 3683 1031 Chri-

2090 1077 2196 1123 stus
2221 1079 2450 1126 mortuus
2474 1080 2550 1126 est
2571 1080 2622 1127 et
2641 1072 2950 1138 resurrexit,
2980 1078 3038 1126 ut
3063 1073 3148 1144 qui
3173 1071 3289 1126 sivit
3303 1071 3419 1143 jam
3446 1086 3547 1125 non
3580 1069 3688 1124 sibi

2088 1160 2220 1215 vivat
2233 1201 2249 1228 ,
2278 1161 2366 1216 sed
2387 1162 2433 1216 ei
2451 1163 2536 1232 qui
2551 1179 2643 1234 pro
2663 1164 2891 1218 onmibus
2911 1163 3229 1218 mortuus'est
3253 1161 3319 1234 (ll
3339 1159 3456 1218 Cor.
3478 1177 3530 1228 v,
3563 1161 3678 1230 l5).

2089 1249 2147 1307 Si
2176 1266 2304 1324 ergo
2328 1253 2462 1309 vivis
2481 1293 2496 1321 ,
2526 1263 2581 1310 et
2609 1269 2716 1311 non
2741 1271 2771 1310 a
2799 1265 2852 1311 te
2878 1254 3012 1310 vivis
3036 1295 3054 1324 ,
3101 1255 3225 1326 quia
3256 1263 3316 1308 ut
3346 1254 3555 1310 viveres
3583 1252 3684 1308 ille

2089 1343 2368 1413 praestitit,
2400 1346 2618 1420 enuntia
2660 1347 2822 1402 vitam
2868 1355 3010 1402 tuam
3035 1386 3051 1414 ,
3096 1361 3204 1402 non
3247 1345 3381 1415 tibi,
3421 1345 3518 1402 sed
3555 1345 3680 1413 illi;

2086 1449 2192 1490 non
2223 1444 2310 1490 tua
2335 1450 2581 1506 quaerens
2603 1477 2619 1504 ,
2645 1452 2752 1493 non
2798 1437 2892 1494 tibi
2933 1436 3119 1493 vivens
3145 1477 3161 1503 ,
3206 1435 3302 1493 sed
3337 1436 3387 1492 ei
3423 1436 3515 1507 qui
3563 1451 3671 1506 pro

2085 1526 2336 1582 omnibus
2363 1536 2603 1584 mortuus
2627 1536 2730 1585 est.
2759 1529 2969 1586 Etenim
2997 1527 3064 1584 de
3083 1527 3399 1600 quibusdam
3426 1527 3684 1598 reprohis

2084 1620 2212 1692 quid
2234 1620 2309 1676 ait
2334 1620 2474 1678 idem
2524 1621 2854 1692 Apostolus?
2897 1620 3084 1677 Omnes
3123 1621 3257 1675 enim
3287 1636 3380 1675 sua
3417 1628 3678 1691 quierunt,

2083 1730 2186 1770 non
2205 1729 2317 1785 qua:
2337 1712 2464 1771 Iesu
2482 1713 2669 1771 Christi
2704 1713 2725 1788 (
2747 1713 2982 1788 Philipp.
3012 1731 3085 1783 ιι,
3115 1714 3181 1770 21
3210 1713 3252 1786 ).
3278 1713 3336 1770 Si
3381 1721 3676 1784 propterea

2085 1808 2333 1864 enuntias
2361 1809 2525 1865 vitam
2553 1817 2700 1864 tuam
2729 1818 2786 1865 ut
2812 1809 2905 1866 tibi
2931 1808 3131 1879 prosit,
3163 1816 3218 1883 et
3257 1806 3375 1862 aliis
3400 1821 3505 1862 non
3539 1821 3675 1876 pro-

2085 1899 2154 1954 sit
2178 1940 2195 1968 ,
2226 1899 2321 1955 tibi
2345 1899 2492 1955 illam
2507 1900 2752 1956 enuntias
2769 1941 2786 1968 ,
2809 1915 2915 1955 non
2939 1900 3050 1955 Deo
3076 1915 3090 1953 :
3118 1898 3164 1954 si
3189 1906 3366 1953 autem
3393 1897 3471 1952 sic
3493 1912 3676 1951 enun-

2081 1991 2185 2048 tias
2208 1992 2371 2048 vitam
2403 2001 2547 2048 tuam
2575 2034 2590 2061 ,
2621 2000 2681 2048 ut
2704 1993 2838 2050 alios
2863 1993 3026 2048 etiam
3069 1991 3262 2048 invites
3296 1990 3365 2047 ad
3402 1991 3677 2062 accipien-

2081 2082 2206 2138 dam
2241 2085 2407 2140 vitam
2451 2099 2609 2155 quam
2647 2093 2702 2140 et
2757 2092 2812 2140 tu
2861 2083 3158 2155 accepisti,
3209 2083 3456 2139 enuntias
3505 2082 3676 2136 vitam

2083 2185 2227 2232 tuam
2257 2176 2333 2232 illi
2361 2191 2392 2232 a
2422 2191 2529 2248 quo
2553 2176 2806 2248 accepisti
2833 2217 2850 2246 ,
2877 2185 2933 2232 et
2957 2175 3181 2232 habebis
3214 2174 3517 2232 mercedem
3547 2188 3674 2229 am-

2079 2270 2307 2342 pliorem
2333 2312 2348 2339 ,
2375 2271 2499 2341 quia
2530 2278 2586 2327 et
2609 2285 2675 2327 ex
2700 2284 2766 2326 eo
2807 2268 2952 2340 quod
2986 2267 3242 2339 accepisti
3280 2283 3385 2323 non
3428 2267 3674 2338 ingratus

2079 2364 2350 2420 exstitisti.
2396 2363 2534 2419 Deus
2555 2365 2744 2432 ,vitam
2781 2379 2944 2418 meam
2985 2362 3240 2419 enuntiavi
3275 2360 3382 2416 tibi.
3435 2359 3673 2416 Posuisti

2079 2456 2332 2527 lacrymas
2351 2471 2489 2511 meas
2516 2455 2571 2510 in
2599 2463 2869 2527 conspectu
2905 2462 3013 2510 tuo.
3045 2453 3322 2509 Exaudisti
3348 2466 3434 2507 me
3473 2450 3674 2522 depre-

2077 2557 2287 2604 cantem
2316 2555 2386 2604 te.
2420 2545 2569 2603 Sicut
2591 2555 2637 2602 et
2655 2547 2707 2601 in
2732 2545 3117 2619 repromissione
3141 2553 3246 2599 tua.
3266 2542 3400 2610 Quia
3431 2542 3509 2599 sic
3542 2556 3672 2612 pro-

2077 2640 2301 2696 miseras
2326 2680 2344 2709 ,
2370 2639 2474 2696 hoc
2495 2638 2672 2712 egisti.
2705 2637 2894 2695 Dixisti
2923 2645 2974 2694 te
2998 2635 3373 2694 exauditurum
3399 2634 3620 2690 llentem
3647 2650 3666 2688 :

2075 2733 2316 2801 credidi,
2343 2731 2506 2801 ﬂevi,
2540 2731 2824 2789 exauditus
2847 2745 3006 2797 sum;
3038 2728 3218 2787 inveni
3263 2736 3314 2784 te
3355 2726 3670 2784 misericor-

2075 2825 2200 2882 dem
2227 2826 2283 2881 in
2313 2823 2739 2897 repromittendo
2761 2865 2778 2894 ,
2803 2837 3050 2880 veracem
3084 2822 3142 2878 in
3174 2819 3467 2878 reddendo.
3515 2817 3670 2874 Sicut

2072 2928 2120 2976 et
2138 2918 2195 2974 in
2213 2918 2602 2992 repromissione
2631 2926 2741 2972 tua.

2144 3013 2234 3072 18.
2273 3008 2300 3088 [
2322 3026 2452 3066 vers.
2481 3009 2608 3083 l0.]
2630 3009 2994 3066 Convertuntur
3016 3005 3208 3062 inimici
3232 3005 3331 3061 mei
3359 3013 3663 3059 retrorsum.

2071 3106 2186 3162 Hoc
2213 3104 2344 3177 ipsis
2368 3101 2610 3174 prodest,
2637 3116 2746 3157 non
2775 3101 2912 3157 male
2936 3098 3043 3156 illis
3068 3105 3218 3170 optat
3247 3115 3263 3154 :
3294 3094 3493 3153 etenim
3523 3109 3665 3165 prae.

2069 3197 2262 3254 cedere
2289 3196 2477 3251 volunt
2502 3235 2518 3262 ,
2545 3192 2667 3249 ideo
2687 3192 2883 3264 corrigi
2911 3191 3118 3247 nolunt.
3146 3187 3344 3261 Mones
3382 3185 3660 3243 inimicum

2070 3299 2219 3346 tuum
2254 3296 2312 3344 ut
2340 3287 2479 3343 bene
2504 3285 2686 3354 vivat,
2714 3293 2772 3340 ut
2797 3299 2857 3341 se
2881 3283 3146 3354 corrigat:
3194 3281 3285 3338 ille
3325 3278 3656 3346 contemnit,

2071 3383 2164 3440 ille
2188 3381 2395 3454 respuit
2418 3379 2638 3437 verbum
2665 3388 2814 3436 tuum
2843 3395 2858 3433 :
2881 3378 3020 3435 Ecce
3040 3377 3128 3449 qui
3158 3392 3247 3433 me
3270 3383 3455 3432 monet
3479 3416 3496 3442 ,
3522 3389 3657 3430 ecce

2067 3491 2099 3531 a
2121 3491 2226 3546 quo
2251 3473 2532 3530 auditurus
2555 3486 2672 3528 sum
2699 3479 2966 3541 praecepta
2992 3468 3186 3539 quibus
3204 3467 3382 3523 vivam
3406 3467 3420 3522 ι
3449 3465 3658 3522 Praece-

2068 3566 2196 3622 dere
2222 3575 2276 3621 te
2299 3565 2450 3633 vult,
2479 3571 2534 3621 et
2555 3561 2910 3635 przecedendo
2935 3576 3044 3616 non
3074 3559 3381 3631 corrigitur.
3428 3557 3545 3613 Non
3569 3567 3652 3612 at-

2070 3657 2243 3715 tendit
2267 3657 2394 3729 quia
2417 3656 2583 3712 verba
2611 3663 2702 3711 tua
2724 3668 2831 3710 non
2853 3660 2978 3709 sunt
3002 3661 3124 3718 tua;
3154 3665 3261 3706 non
3281 3647 3506 3705 attendit
3528 3648 3658 3718 quia

2065 3750 2228 3806 vitam
2259 3757 2409 3804 tuam
2436 3747 2550 3804 Deo
2571 3746 2816 3802 enuntias
2841 3787 2857 3815 ,
2879 3760 2988 3800 non
3002 3744 3117 3799 tibi.
3136 3740 3501 3798 Praecedendo
3525 3755 3658 3811 ergo

2064 3858 2174 3900 non
2199 3841 2525 3913 corrigitur:
2551 3841 2753 3895 bonum
2779 3846 2863 3894 est
2891 3837 2971 3893 illi
2999 3844 3056 3891 ut
3083 3842 3428 3892 convertatur
3453 3844 3656 3888 retror—

2064 3952 2184 3994 sum
2207 3977 2222 4005 ,
2255 3944 2309 3992 et
2327 3950 2485 4006 quem
2508 3933 2814 4004 praecedere
2837 3931 3051 3987 volebat
3089 3939 3363 4001 sequatur.
3393 3928 3656 3984 Dominus

2062 4028 2130 4085 de
2155 4026 2404 4099 passione
2430 4039 2525 4081 sua
2547 4024 2719 4079 futura
2748 4021 3027 4092 discipulis
3056 4020 3375 4091 loquebatur
3396 4059 3413 4087 ,
3441 4017 3645 4073 exhor-

2061 4123 2169 4180 ruit
2193 4123 2381 4178 Petrus
2406 4161 2421 4187 ,
2447 4128 2502 4175 et
2529 4119 2640 4185 ait,
2683 4115 2863 4184 Absit,
2909 4114 3121 4169 Domine
3144 4155 3162 4182 ,
3204 4130 3306 4167 non
3347 4113 3431 4182 ﬁet
3471 4111 3610 4165 istud
3633 4127 3652 4165 :

2061 4215 2151 4286 qui
2177 4213 2334 4285 paulo
2357 4219 2480 4268 ante
2505 4210 2750 4275 dixerat,
2778 4206 2860 4263 Tu
2885 4223 2938 4261 es
2960 4205 3186 4260 Christus
3213 4202 3382 4257 Filius
3407 4201 3498 4256 Dei
3517 4202 3615 4255 vivi
3632 4241 3651 4269 ,

2059 4305 2337 4364 confessus
2365 4304 2534 4362 Deum
2558 4344 2574 4372 ,
2601 4301 2778 4358 timuit
2814 4314 2937 4355 eum
2978 4295 3117 4353 mori
3155 4295 3308 4366 quasi
3354 4293 3650 4348 hominem.

2058 4399 2317 4455 Dominus
2344 4404 2524 4452 autem
2553 4393 2644 4465 qui
2674 4393 2752 4448 sic
2776 4397 3000 4447 venerat
3027 4397 3088 4445 ιιι
3115 4395 3389 4458 pateretur
3407 4397 3427 4454 ,‘
3473 4399 3654 4455 neque

2059 4494 2202 4551 enim
2227 4492 2380 4548 aliter
2402 4488 2538 4546 salvi
2565 4501 2686 4544 esse
2725 4497 3006 4558 possemus
3030 4523 3046 4552 ,
3090 4480 3193 4537 nisi
3236 4480 3352 4551 ejus
3391 4477 3652 4548 sanguine

2059 4588 2451 4646 redimeremur
2469 4625 2484 4652 ,
2513 4581 2671 4654 paulo
2686 4589 2811 4636 ante
2834 4575 3226 4634 confessionem
3251 4571 3394 4628 Petri
3424 4571 3441 4602 ί
3467 4569 3654 4624 lauda-

2058 4690 2210 4739 verat
2234 4723 2251 4750 ,
2280 4691 2335 4738 et
2357 4679 2566 4736 dixerat
2589 4693 2604 4732 :
2637 4674 2770 4744 Quia
2789 4688 2889 4727 non
2911 4671 2999 4725 tibi
3017 4685 3136 4724 caro
3158 4675 3208 4723 et
3226 4664 3433 4736 sanguis
3451 4662 3649 4717 revela-

2058 4775 2125 4830 vit
2145 4775 2260 4843 hoc,
2282 4771 2371 4828 sed
2393 4769 2550 4826 Pater
2566 4782 2706 4822 meus
2725 4763 2888 4836 quiin
2910 4761 3048 4817 caelis
3066 4767 3160 4815 est.
3197 4757 3479 4827 Propterea
3505 4762 3560 4807 tu
3597 4770 3654 4809 es

2058 4867 2245 4924 Petrus
2267 4906 2283 4936 ,
2338 4873 2385 4921 et
2427 4877 2579 4934 super
2616 4863 2766 4915 istam
2814 4866 3008 4930 petram
3055 4850 3318 4923 cedlﬁcubo
3359 4848 3652 4904 Ecclesium

2059 4975 2222 5015 nteant
2244 4999 2262 5027 ,
2289 4965 2336 5013 et
2349 4963 2515 5028 portae
2535 4953 2819 5024 inferorum
2862 4964 2963 5003 non
2986 4948 3182 5001 vincent
3200 4959 3315 4999 cum
3334 4956 3356 5008 ,°
3375 4950 3424 4996 et
3443 4940 3532 4996 tibi
3551 4940 3652 4995 da-

2060 5054 2120 5109 bo
2145 5053 2307 5107 claoes
2329 5047 2471 5120 regni
2495 5044 2755 5100 calorum.
2784 5039 2975 5096 Videte
2997 5032 3447 5109 quemadmodum
3469 5046 3653 5103 prose.

2059 5157 2212 5206 cutus
2238 5154 2320 5202 est
2343 5141 2735 5199 confessionem
2777 5149 2998 5200 veram,
3035 5131 3208 5203 piam,
3249 5127 3462 5200 plenam
3505 5123 3652 5180 ﬁdu-

2058 5243 2155 5298 ciae
2175 5283 2191 5308 ,
2213 5237 2336 5310 quia
2359 5235 2525 5301 dixit,
2555 5230 2633 5287 Tu
2685 5247 2736 5286 es
2767 5227 2994 5284 Christus
3021 5223 3187 5280 Filius
3227 5221 3326 5278 Dei
3357 5221 3474 5276 uici.
3499 5218 3651 5274 Con-

2060 5334 2206 5388 tinuo
2228 5337 2404 5385 autem
2421 5325 2509 5381 ubi
2530 5323 2697 5393 coepit
2719 5320 2864 5391 loqui
2893 5317 3149 5374 Dominus
3168 5313 3234 5371 de
3252 5312 3502 5385 passione
3523 5325 3649 5380 sua,

2059 5426 2232 5483 timuit
2259 5424 2345 5478 ille
2374 5435 2442 5491 ne
2470 5417 2666 5490 periret
2693 5411 2990 5480 moriendo,
3020 5425 3143 5467 cum
3171 5406 3274 5480 ipsi
3300 5421 3400 5462 nos
3436 5404 3651 5476 perire-

2059 5533 2178 5576 mus
2205 5517 2305 5573 nisi
2332 5515 2420 5570 ille
2462 5520 2796 5574 moreretur;
2847 5515 2901 5563 et
2939 5505 3031 5573 ait,
3067 5503 3231 5570 Absit,
3267 5499 3501 5566 Domine,
3541 5512 3650 5554 non

2060 5615 2144 5683 [iet
2184 5609 2338 5667 istud.
2389 5605 2459 5663 Et
2499 5602 2756 5661 Dominus
2800 5601 2896 5668 illi,
2941 5598 3026 5654 cui
3063 5595 3222 5669 paulo
3261 5603 3386 5650 ante
3413 5592 3646 5660 dixerat,

2057 5705 2247 5761 Beatus
2281 5719 2352 5771 es,
2389 5708 2436 5756 et
2473 5715 2626 5770 super
2653 5697 2784 5752 hanc
2821 5701 3018 5766 petram
3057 5688 3320 5761 tediﬁcabo
3361 5685 3650 5743 Ecclesium

2112 5813 2242 5863 eant,
2273 5794 2422 5862 Redi,
2455 5791 2647 5863 inquit,
2672 5797 2803 5845 retro
2822 5795 3052 5858 caunas,
3079 5782 3381 5843 scandalum
3403 5777 3530 5838 mihi
3553 5795 3648 5839 es:

2127 5935 2145 5966 ι
2179 5932 2253 5983 sic
2274 5937 2378 5982 Mss.
2399 5933 2454 5979 Αι
2473 5925 2607 5988 Edd.,
2637 5928 2840 5976 Petrum.
