4042 6476
301 531 474 600 Quare
500 534 632 596 ergo
666 525 900 588 satanas,
931 514 1023 588 qui
1055 509 1213 587 paulo
1248 514 1374 567 ante
1395 505 1583 565 beatus
1606 513 1662 562 et
1682 500 1890 600 petra?

303 593 425 682 l—Von
443 593 588 675 enini
597 614 734 686 sapis
758 626 872 683 quae
897 608 994 664 mei
1012 615 1150 672 sunt,
1167 603 1262 672 ait,
1292 600 1382 659 sed
1404 614 1518 672 qua!
1536 606 1652 654 sunt
1671 593 1888 650 hominis

301 713 515 789 (Matth.
544 725 656 777 ιη,
687 702 888 777 16-23).
911 699 1076 759 Paulo
1099 705 1367 789 ante‘quze
1398 692 1493 748 Dei
1510 690 1656 789 :quia
1676 703 1780 789 uon
1799 701 1884 789 re.

301 777 484 863 uelauit
498 801 587 858 tibi
611 813 732 855 caro
767 804 811 852 et
821 792 1049 866 sanguis,
1084 788 1172 846 sed
1201 785 1363 841 Pater
1391 799 1532 840 meus
1558 781 1644 852 qui
1668 779 1724 835 in
1748 777 1887 834 caelis

299 907 391 958 est.
415 894 640 968 Quando
661 893 716 949 in
737 891 848 948 Deo
871 884 1122 944 laudabat
1147 893 1472 946 sermonem,
1511 891 1622 933 non
1647 883 1883 968 satanas,

298 991 392 1050 sed
421 966 612 1047 Detrus
631 1001 662 1042 a
680 993 831 1057 petra
853 998 869 1037 :
891 975 1104 1051 quando
1122 981 1300 1031 autem
1319 987 1352 1028 a
1375 985 1455 1038 se,
1482 978 1537 1026 et
1563 982 1630 1025 ex
1653 966 1886 1023 humana

298 1082 628 1147 inﬁrmitate,
646 1089 830 1132 amore
849 1068 1082 1128 hominis
1093 1064 1324 1132 carnali,
1341 1060 1483 1135 quod
1504 1057 1886 1130 impedimento

297 1267 514 1338 Quare?
565 1238 700 1333 Quia
743 1256 1047 1332 praecedere
1091 1249 1374 1308 Dominum
1400 1245 1634 1310 volebat,
1677 1248 1733 1298 et
1754 1238 1886 1296 Duci

296 1335 500 1420 caelesti
522 1367 795 1414 terrenum
832 1351 960 1407 dare
987 1345 1290 1404 consilium.
1318 1339 1481 1407 Absit,
1516 1335 1752 1403 Domine,
1784 1349 1886 1390 non

300 1447 382 1525 ﬁet
407 1451 566 1507 istud.
609 1447 775 1514 Dicis,
828 1442 1003 1507 Absit;
1046 1447 1103 1496 et
1139 1437 1293 1504 dicis,
1325 1432 1588 1489 Domine:
1625 1427 1810 1498 utique
1838 1424 1885 1525 si

297 1516 552 1602 Dominus
581 1547 684 1605 est,
725 1541 992 1609 poteState
1030 1529 1196 1596 facit;
1235 1528 1279 1582 si
1307 1524 1560 1596 magister
1586 1528 1690 1588 est,
1737 1516 1887 1575 novit

296 1637 418 1711 quid
451 1635 630 1702 faciat,
677 1633 824 1687 novit
848 1625 977 1699 quid
1002 1624 1212 1680 doceat.
1255 1619 1339 1676 Tu
1362 1625 1540 1673 autem
1569 1615 1650 1671 vis
1688 1613 1885 1670 ducere

295 1702 506 1796 ducem,
531 1783 540 1790 ,
561 1725 758 1781 docere
788 1719 1121 1789 magistrum,
1153 1711 1344 1784 jubere
1370 1707 1620 1775 Domino,
1661 1702 1883 1777 optare‘

294 1823 404 1878 Deo
437 1839 451 1876 :
483 1817 708 1874 multum
732 1809 1011 1885 praecedis,
1039 1807 1149 1863 redi
1186 1814 1342 1860 retro.
1385 1798 1651 1872 Numquid
1687 1812 1794 1854 non
1829 1804 1885 1853 et

295 1915 408 1972 istis
441 1891 674 1968 inimicis
709 1907 812 1976 hoc
832 1899 1122 1976 proderat?
1165 1897 1532 1956 Convertuntur
1563 1891 1760 1947 inimici
1782 1888 1884 1944 mei

291 2019 564 2064 retrorsum
596 2018 616 2060 :
641 1983 736 2058 sed
764 2014 871 2056 non
902 2000 1224 2066 remaneant
1248 1998 1566 2047 retrorsum.
1609 1984 1734 2041 ideo
1753 1998 1884 2040 con-

292 2107 572 2159 vertantur
594 2103 909 2157 retrorsum,
957 2103 1026 2146 ne
1061 2080 1540 2159 pmcedanthsed
1566 2087 1625 2136 ut
1649 2091 1883 2148 sequan-g

291 2206 400 2262 tur,
432 2207 544 2249 non
571 2196 632 2246 ut
660 2189 993 2246 remaneant.
1031 2178 1399 2238 Convertuntur
1430 2172 1626 2230 inimici
1666 2169 1766 2226 mei
1801 2183 1884 2224 re-

289 2298 530 2345 trorsum.

362 2381 454 2439 l6.
495 2377 565 2436 In
594 2388 907 2449 quacumque
927 2369 1012 2426 die
1031 2368 1326 2424 invocarem
1360 2370 1428 2431 te,
1466 2375 1580 2416 ecce
1607 2357 1728 2414 sciui
1747 2370 1879 2449 quos

291 2479 430 2535 niam
458 2448 613 2530 Deus?
635 2486 776 2526 meus
801 2483 853 2523 es
878 2475 951 2521 tu.
979 2463 1166 2534 Magna
1187 2456 1439 2516 scientia!
1470 2452 1586 2509 Non
1613 2451 1707 2517 ait,
1739 2448 1883 2506 Scivi

291 2571 414 2643 quia
452 2568 598 2623 Deus
626 2579 726 2630 es;
768 2559 885 2626 sed,
932 2555 1053 2629 quia
1077 2553 1216 2610 Deus
1243 2565 1385 2606 meus
1422 2562 1473 2602 es
1500 2553 1573 2599 tu.
1614 2543 1763 2599 Tuus
1799 2549 1885 2598 est

290 2633 454 2730 enim,
500 2673 623 2715 cum
667 2655 762 2712 tibi
816 2648 1102 2714 subvenit;
1140 2652 1265 2701 tuus
1293 2649 1401 2708 est,
1441 2653 1563 2694 cum
1590 2644 1650 2692 tu
1684 2635 1752 2690 ab
1789 2633 1883 2690 illo

291 2727 498 2812 alienus
523 2765 633 2808 non
657 2753 767 2806 es.’
792 2743 948 2803 Unde
980 2740 1174 2798 dicitur
1201 2755 1214 2791 :
1250 2734 1438 2790 Beatus
1463 2727 1706 2802 populus,
1736 2728 1885 2799 cujus

291 2861 361 2907 est
384 2847 634 2904 Dominus
655 2841 794 2898 Deus
819 2839 1005 2912 ipsius.
1029 2834 1227 2904 Quare,
1251 2829 1398 2900 cujus
1420 2824 1529 2882 est?
1561 2821 1715 2892 cujus
1739 2819 1883 2876 enim

291 2958 399 3002 non
422 2939 542 2997 est?
567 2934 818 2994 Omnium
845 2919 1060 3003 quidem
1091 2926 1233 2981 Deus
1251 2929 1334 2977 est
1362 2937 1377 2976 :
1408 2916 1504 2974 sed
1531 2929 1720 2973 eorum
1743 2913 1884 2969 Deus

292 3034 506 3110 proprie
533 3030 750 3094 dicitur,
804 3024 894 3098 qui
936 3037 1058 3080 eum
1102 3017 1348 3088 diligunt,
1397 3011 1491 3084 qui
1526 3024 1648 3067 eum
1677 3014 1881 3110 tenent,

293 3099 567 3203 qui-illum
611 3117 920 3195 possident,
966 3113 1056 3186 qui
1082 3112 1232 3169 illum
1257 3107 1475 3173 colunt;
1515 3112 1770 3203 tanquam
1816 3099 1886 3157 de

295 3193 454 3280 domo
517 3193 706 3291 ipsius,
761 3223 953 3282 magna
1001 3213 1126 3262 sunt
1177 3200 1376 3258 familia
1426 3198 1564 3269 ejus,
1623 3193 1887 3264 redempti

296 3329 488 3390 magno
538 3287 796 3382 sanguine
846 3301 989 3360 unici
1027 3299 1173 3356 Filii.
1230 3296 1501 3364 Quantum
1542 3289 1692 3348 dedit
1733 3287 1888 3344 nobis

297 3386 456 3481 Deus,
507 3416 568 3464 ut
595 3404 762 3478 ipsius
790 3410 1031 3457 essemus
1056 3403 1112 3451 et
1145 3394 1259 3464 ipse
1291 3392 1360 3447 sit
1393 3387 1613 3444 noster!
1662 3386 1732 3440 At
1757 3396 1888 3440 vero

298 3474 790 3573 alienigente'longe
815 3489 940 3546 facti
965 3503 997 3543 a
1023 3484 1242 3552 sanctis,
1293 3480 1387 3536 lilii
1413 3478 1573 3534 alieni
1610 3484 1757 3534 sunt.
1785 3474 1883 3530 Vi-

299 3595 419 3653 dete
444 3565 578 3664 quid
613 3587 680 3644 de
710 3585 816 3641 illis
843 3581 1051 3637 dicatur
1095 3576 1150 3632 in
1195 3572 1302 3628 alio
1349 3569 1554 3641 psalmo
1587 3584 1600 3622 :
1646 3565 1886 3634 Domine,

301 3691 458 3746 libera
485 3700 586 3750 me,
615 3681 708 3746 ait,
737 3677 801 3732 de
820 3689 976 3730 manu
1004 3669 1229 3740 ﬁliorum
1256 3664 1557 3727 alienorum,
1584 3674 1798 3728 quorum
1832 3673 1890 3713 os

303 3783 526 3838 locutum
549 3784 622 3830 est
642 3771 934 3832 vanitatem,
963 3771 1009 3818 et
1033 3761 1241 3816 dextera
1270 3771 1443 3812 eorum
1475 3753 1682 3807 dextera
1704 3750 1893 3821 iniqui-

303 3877 436 3930 tatis.
483 3870 556 3926 Et
598 3865 720 3922 vide
751 3856 1084 3919 altitudinem
1125 3853 1384 3924 ipsorum,
1429 3845 1526 3904 sed
1555 3841 1891 3900 altitudinem

304 3966 436 4032 diei,
485 3960 541 4017 id
590 3966 674 4015 est
721 3951 1026 4025 superbiam
1079 3941 1450 4032 temporalem.
1525 3938 1756 4032 Quorum
1796 3934 1893 4005 ﬁlii

306 4029 497 4119 eorum,
529 4048 722 4122 inquit,
769 4045 896 4100 sicut
928 4037 1140 4096 nouella:
1177 4031 1528 4096 conslabilitte,
1560 4029 1684 4099 ﬁlia:
1717 4041 1894 4082 eorum

306 4158 496 4208 ornata
514 4155 570 4202 ut
589 4121 866 4201 similitudo
891 4134 1086 4206 temmi.
1113 4129 1442 4186 Felicitatem
1472 4121 1724 4180 describit
1747 4134 1891 4191 prie-

307 4243 472 4302 sentis
500 4235 704 4304 saeculi,
750 4234 806 4288 in
839 4244 943 4302 qua
990 4233 1231 4284 errantes
1280 4219 1526 4277 homines
1566 4225 1622 4273 et
1648 4229 1766 4271 eam
1796 4227 1895 4285 pro

261 4371 267 4378 -
308 4349 502 4409 magno
529 4330 812 4393 habentes,
843 4321 1150 4380 felicitatem
1187 4330 1368 4372 veram
1410 4311 1896 4382 sempiternamque

310 4399 423 4487 non
440 4431 709 4500 quierunt.
737 4417 866 4475 Inde
894 4430 1023 4487 ergo
1049 4412 1137 4468 isti
1166 4409 1260 4466 lilii
1287 4405 1469 4472 alieni,
1500 4417 1608 4459 non
1637 4401 1729 4456 lilii
1759 4399 1892 4457 Dei:

313 4492 539 4590 Quorum
571 4515 666 4587 filii
694 4526 888 4576 eorum,
916 4506 1107 4578 inquit,
1135 4503 1264 4559 sicut
1293 4498 1504 4555 novella
1541 4492 1894 4560 constabililw,

313 4586 432 4684 ﬁlia:
471 4586 648 4666 eorum
691 4611 885 4662 ornatas
937 4601 1066 4655 sicut
1102 4591 1382 4652 similitudo
1427 4589 1646 4660 templi:
1692 4586 1902 4642 cellaria

316 4679 486 4762 eorum
528 4702 701 4772 plena,
746 4691 1030 4752 eructantia
1059 4704 1122 4745 ea:
1151 4687 1246 4741 hoc
1279 4685 1334 4739 in
1371 4682 1465 4737 hoc
1495 4696 1513 4736 :
1559 4679 1702 4735 boves
1728 4693 1902 4734 eorum

314 4799 492 4867 crassi,
529 4770 649 4852 oues
673 4805 848 4849 eorum
879 4782 1130 4858 fecundat,
1175 4773 1569 4848 multiplicantes
1595 4773 1651 4827 in
1686 4770 1904 4827 exitibus

315 4895 416 4950 suis
449 4866 485 4948 :7
517 4905 624 4945 non
656 4894 729 4941 est
766 4882 916 4938 ruina
948 4873 1181 4932 maceria:
1232 4884 1396 4940 neque
1436 4866 1701 4933 transitus,
1747 4878 1907 4934 neque

317 4989 510 5044 clamor
547 4983 604 5038 in
638 4977 818 5052 plateis
861 4987 1056 5029 eorum.
1106 4965 1175 5022 Et
1210 4961 1339 5036 quid
1366 4957 1650 5052 sequitur?
1690 4953 1906 5052 Begtum

320 5082 555 5136 dixerunt
581 5046 829 5146 populum
852 5064 937 5120 cui
966 5062 1073 5116 hinc
1092 5065 1230 5114 sunt.
1260 5053 1369 5112 Sed
1393 5051 1484 5124 qui
1503 5047 1785 5106 dixerunt?
1812 5046 1905 5103 Fi-

321 5177 375 5232 lii
395 5141 591 5234 alieni,
607 5141 833 5238 quorum
861 5176 917 5215 os
949 5157 1174 5212 loculum
1215 5147 1616 5225 est’vanitalem.
1656 5142 1738 5199 Tu
1781 5141 1909 5213 quid

321 5268 486 5325 dicis?
523 5264 710 5320 Beatus
738 5258 978 5331 populus,
1021 5254 1169 5325 cujus
1194 5255 1269 5306 est
1297 5245 1547 5302 Dominus
1582 5240 1725 5297 Deus
1750 5238 1911 5311 ipsius

324 5361 491 5433 (Psal.
519 5373 701 5424 cum,
743 5350 936 5421 11-15)
957 5389 970 5404 .
1016 5346 1162 5404 Tulit
1190 5341 1371 5399 omnia
1404 5339 1474 5396 de
1509 5337 1688 5421 medio
1717 5343 1910 5392 czetera

325 5428 442 5526 quas
464 5454 560 5509 dat
590 5452 753 5515 Deus,
795 5454 850 5504 et
872 5442 1020 5501 dedit
1048 5441 1222 5511 ipsum
1247 5437 1463 5526 Deum:
1486 5429 1689 5526 Omnia
1717 5428 1914 5526 qu-ippe

328 5519 436 5616 illa,
483 5545 696 5610 fratres,
747 5553 864 5612 quas
901 5535 1387 5592 commemorarunt
1413 5524 1507 5582 lilii
1531 5521 1729 5588 alieni,
1773 5519 1914 5574 Deus

329 5609 450 5705 dat;
501 5633 599 5693 sed
652 5609 707 5688 et
751 5609 941 5687 alienis
978 5625 1090 5690 dat,
1143 5620 1240 5678 sed
1286 5628 1341 5675 et
1386 5616 1541 5674 malis
1591 5615 1702 5681 dat,
1734 5609 1829 5666 sed
1863 5618 1916 5666 et

329 5702 656 5804 blasphemis
677 5724 788 5790 dat,
818 5721 909 5793 qui
935 5719 1100 5775 solem
1127 5728 1285 5771 suum
1315 5710 1444 5767 oriri
1487 5708 1610 5764 facit
1634 5708 1793 5804 super
1817 5702 1917 5804 bo-

334 5841 436 5886 nos
449 5794 513 5883 et
537 5821 727 5886 malos,
759 5824 813 5873 et
840 5814 972 5886 pluit
997 5825 1160 5880 super
1178 5807 1352 5880 justos
1373 5814 1427 5860 et
1455 5801 1680 5875 injustos
1704 5794 1915 5871 (Matth.

407 5950 429 5998 δ
459 5963 531 6014 sic
548 5966 655 6011 uss.
680 5961 734 6005 At
753 5950 884 6015 Edd,
910 5956 1163 6011 nuperare.

1433 384 1831 447 ENARRATIO
1857 383 1924 443 IN
1962 383 2284 443 PSALMUM
2309 384 2419 443 LV.

3481 387 3589 447 658

1988 515 2043 569 ν,
2068 501 2184 572 45).
2218 498 2518 571 Aliquando
2537 498 2638 556 ista
2666 499 2820 557 bonis
2848 501 2959 569 dat,
2988 501 3275 575 aliquando
3303 517 3411 560 non
3449 503 3542 561 dat
3569 521 3586 571 ;

1992 600 2047 649 et
2069 592 2222 648 malis
2253 591 2538 664 aliquando
2566 590 2676 659 dat,
2717 592 3000 667 aliquando
3025 609 3132 651 non
3152 595 3281 652 dat:
3330 596 3484 654 bonis
3507 606 3587 653 la-

1992 705 2116 747 men
2139 698 2315 747 servat
2330 690 2584 763 seipsum,
2607 691 2761 747 malis
2779 699 2954 768 autem
2976 694 3152 765 ignem
3171 697 3580 768 sempiternum.

1993 784 2089 842 Est
2130 799 2258 856 ergo
2284 785 2484 841 malum
2525 784 2668 857 quod
2696 799 2803 842 non
2829 784 2923 842 dat
2954 786 3129 856 bonis,
3179 798 3236 846 et
3274 799 3357 847 est
3379 790 3584 850 bonum

1993 877 2133 950 quod
2161 892 2268 934 non
2297 876 2389 934 dat
2407 877 2568 949 malis.
2594 895 2608 933 :
2632 885 2758 935 sunt
2784 877 3028 950 quaedam
3057 879 3255 950 media,
3287 890 3343 939 et
3368 881 3508 942 bona
3527 892 3586 944 et

1991 971 2154 1040 mala,
2183 987 2302 1042 quae
2329 971 2422 1028 dat
2444 979 2498 1028 et
2518 971 2675 1028 bonis
2704 979 2760 1029 et
2788 973 2964 1031 malis.
3023 987 3028 993 ·
3115 1018 3118 1022 .
3335 1020 3366 1026 ..

2067 1064 2153 1121 l7.
2173 1062 2282 1119 Nos
2305 1078 2434 1136 ergo
2452 1064 2621 1121 Deum
2639 1079 2900 1134 amemus,
2925 1066 3117 1124 fratres
3133 1109 3150 1137 ,
3181 1082 3312 1140 pure
3339 1078 3396 1129 et
3412 1081 3582 1132 caste.

1869 1187 1883 1203 ο
1990 1154 2107 1213 Non
2128 1163 2211 1212 est
2233 1164 2439 1212 castum
2461 1171 2578 1224 cor,
2604 1157 2652 1214 si
2671 1159 2839 1214 Deum
2858 1157 2926 1215 ad
2947 1160 3252 1218 mercedem
3277 1164 3424 1221 colit.
3444 1165 3584 1234 Quid

1991 1250 2156 1322 ergo?
2185 1249 2488 1307 mercedem
2515 1251 2585 1308 de
2605 1250 2701 1308 Dei
2723 1253 2870 1309 cultu
2894 1270 3002 1311 non
3029 1254 3383 1316 habebimus?
3409 1259 3586 1318 liabe-

1990 1341 2167 1399 bimus
2195 1343 2372 1414 plane,
2419 1341 2513 1398 sed
2557 1342 2730 1415 ipsum
2772 1344 2938 1402 Deum
2987 1362 3144 1418 quem
3188 1349 3436 1411 colimus.
3463 1351 3586 1424 Ipse

1989 1436 2144 1493 nobis
2194 1451 2403 1494 merces
2450 1436 2572 1505 erit,
2624 1437 2748 1510 quia
2788 1438 3085 1496 videbimus
3127 1455 3251 1497 eum
3300 1443 3458 1500 sicuti
3499 1452 3586 1502 est

1992 1530 2036 1606 (l
2063 1531 2220 1586 Joan.
2243 1547 2321 1600 ιιι,
2343 1531 2421 1603 2).
2448 1530 2678 1588 Attende
2697 1531 2820 1603 quia
2845 1533 2864 1566 ί
2885 1533 3189 1597 mercedem
3213 1523 3582 1606 consequeris.

1990 1624 2333 1680 Amatoribus
2362 1624 2474 1681 suis
2503 1624 2758 1680 Dominus
2794 1634 2978 1682 noster
3000 1626 3156 1684 Jesus
3179 1629 3424 1686 Christus
3451 1631 3582 1703 quid

1989 1715 2152 1772 dicit?
2180 1715 2282 1782 Qui
2308 1716 2476 1788 diligit
2503 1733 2601 1786 me,
2632 1717 2876 1773 mandata
2901 1735 3015 1774 mea
3041 1721 3293 1789 custodit;
3317 1733 3366 1777 et
3389 1723 3478 1794 qui
3501 1725 3584 1779 di-

1991 1807 2100 1880 ligit
2141 1826 2240 1874 me,
2279 1808 2518 1880 diligetur
2549 1825 2584 1865 a
2607 1807 2768 1865 Patre
2806 1827 2938 1878 meo,
2979 1819 3027 1866 et
3066 1829 3156 1884 ego
3199 1815 3408 1886 diligam
3444 1832 3580 1873 eum.

1988 1903 2126 1975 Quid
2151 1903 2227 1958 illi
2249 1918 2378 1975 ergo
2403 1902 2594 1959 dabis?
2613 1900 2682 1958 Et
2710 1903 2973 1960 ostendam
2999 1907 3244 1978 meipsum
3271 1906 3347 1962 illi
3380 1907 3580 1978 (Joan.

1990 2015 2104 2068 xrv,
2125 1999 2239 2072 25).
2262 1998 2320 2055 Si
2353 2013 2460 2055 non
2490 2013 2658 2065 amas,
2691 2013 2877 2069 parum
2907 2008 2991 2056 est
3014 2017 3028 2054 :
3053 2000 3099 2056 si
3127 2015 3297 2067 amas,
3324 2002 3371 2057 si
3401 2004 3584 2074 suspi-

1988 2108 2097 2161 ras,
2135 2095 2182 2150 si
2217 2094 2380 2165 gratis
2408 2093 2545 2150 colis
2581 2107 2706 2150 eum
2735 2108 2765 2148 a
2791 2107 2896 2165 quo
2919 2093 3088 2165 gratis
3124 2102 3336 2165 emptus
3362 2109 3442 2164 es,
3475 2110 3584 2150 non

1987 2187 2132 2244 enim
2155 2202 2278 2244 eum
2306 2199 2682 2258 promerueras
2708 2194 2768 2242 ut
2792 2195 2845 2242 te
2869 2185 3176 2254 redimeret,
3206 2186 3251 2242 si
3276 2187 3586 2244 considera-

1878 2306 1881 2314 ε
1989 2281 2057 2337 tis
2084 2281 2137 2336 in
2170 2288 2221 2336 te
2245 2278 2522 2336 beneﬁciis
2545 2278 2662 2349 ejus
2691 2277 2950 2349 suspiras,
2987 2285 3042 2334 et
3080 2278 3381 2349 inquietum
3417 2277 3584 2335 babes

1988 2390 2084 2432 cor
2101 2373 2374 2431 desiderio
2399 2373 2551 2444 ejus;
2579 2373 2687 2428 noli
2712 2380 2863 2428 extra
2888 2388 3012 2428 eum
3039 2371 3240 2444 aliquid
3264 2372 3332 2428 ab
3355 2387 3420 2428 eo
3439 2387 3586 2444 qua:-

1988 2483 2130 2535 rere,
2161 2467 2275 2537 ipse
2301 2465 2396 2521 tibi
2434 2463 2650 2520 sufﬁcit.
2679 2463 3078 2534 Quantumlibet
3115 2464 3192 2519 sis
3229 2478 3442 2534 avarus,
3473 2462 3587 2520 suf-

1989 2564 2101 2620 ficit
2124 2563 2217 2620 tibi
2239 2563 2398 2619 Deus.
2423 2561 2639 2618 Etenim
2661 2560 2883 2615 avaritia
2904 2568 3105 2616 terram
3130 2559 3404 2630 quaerebat
3422 2559 3587 2630 possi-

1988 2656 2117 2712 dere
2145 2663 2332 2722 totam,
2361 2652 2497 2710 adde
2527 2663 2582 2709 et
2609 2653 2807 2708 omium
2829 2669 2842 2706 :
2863 2652 2982 2723 plus
3011 2652 3208 2722 estqui
3241 2651 3368 2706 fecit
3387 2651 3586 2706 oculum

1989 2755 2043 2804 et
2069 2757 2284 2804 terram.
2309 2746 2515 2814 Dicam,
2545 2735 2737 2800 fratres
2763 2762 2776 2798 :
2809 2744 2861 2799 in
2894 2744 3009 2798 istis
3042 2743 3291 2798 humanis
3318 2742 3586 2813 conjugiis

1989 2839 2329 2896 considerate
2357 2852 2452 2894 cor
2479 2845 2684 2893 castum
2715 2835 2872 2906 quale
2902 2836 2972 2889 sit
2999 2833 3068 2889 ad
3095 2834 3283 2888 Deum.
3305 2831 3467 2888 Certe
3488 2834 3587 2889 hu-

1988 2947 2145 2990 mana
2191 2929 2439 3002 conjugia
2486 2936 2778 2985 suntznon
2806 2926 2979 2997 diligit
3015 2939 3238 2981 uxorem
3290 2939 3464 2990 suam,
3493 2924 3585 2995 qui

1989 3035 2208 3098 propter
2233 3023 2413 3080 dotem
2444 3021 2590 3077 illam
2616 3020 2821 3091 diligit;
2852 3033 2959 3074 non
2996 3017 3248 3073 maritum
3284 3026 3430 3072 caste
3459 3015 3585 3071 dili-
3611 3049 3614 3052 ρ

1988 3119 2085 3190 git,
2116 3131 2237 3189 qua:
2277 3121 2561 3186 propterea
2599 3111 2791 3183 diligit,
2821 3110 2946 3182 quia
2983 3108 3188 3181 aliquid
3221 3108 3457 3176 donavit,
3495 3115 3590 3162 aut

1990 3213 2114 3286 quia
2140 3211 2368 3268 multum
2395 3208 2632 3266 donavit.
2655 3207 2727 3264 Et
2751 3205 2901 3263 dives
2927 3206 3173 3274 maritus,
3201 3212 3257 3260 et
3277 3217 3483 3276 pauper
3505 3202 3587 3257 fa-

1991 3320 2110 3366 etus
2160 3307 2385 3362 maritus
2423 3307 2566 3362 eSt'.
2591 3304 2762 3372 Quam
2803 3301 2957 3356 multi
3003 3292 3382 3371 proscripti,'a
3425 3296 3589 3352 castis

1993 3401 2246 3456 uxoribus
2292 3399 2521 3469 amplius
2566 3397 2746 3452 dilecti
2791 3389 3214 3451 ’suntiProbata
3255 3399 3380 3448 sunt
3419 3390 3588 3446 multa

1992 3503 2138 3552 casta
2186 3493 2431 3565 conjugia
2478 3489 2870 3548 calamitatibus
2919 3489 3234 3544 maritorum
3273 3504 3287 3542 :
3325 3501 3394 3542 ne
3441 3485 3588 3541 aliud

1993 3602 2175 3644 amare
2199 3601 2358 3658 quam
2384 3585 2634 3641 maritum
2657 3591 2990 3656 putarentur,
3020 3595 3128 3638 non
3153 3580 3328 3636 solum
3359 3593 3467 3635 non
3494 3580 3589 3635 de-

1995 3686 2298 3744 seruerunt,
2326 3676 2422 3734 sed
2460 3676 2687 3746 amplius
2714 3675 2984 3730 obsecuta:
3013 3681 3156 3728 sunt.
3183 3670 3240 3727 Si
3264 3686 3392 3742 ergo
3421 3671 3588 3726 maii-

1998 3781 2081 3828 tus
2104 3769 2334 3827 carnalis
2363 3769 2527 3840 gratis
2547 3766 2804 3838 diligitur,
2827 3766 2874 3821 si
2893 3774 3040 3822 caste
3065 3763 3342 3836 diligitur;
3370 3771 3425 3820 et
3452 3778 3591 3820 uxor

1997 3863 2228 3919 carnalis
2254 3861 2421 3932 gratis
2451 3859 2707 3931 diligitur,
2737 3859 2783 3914 si
2806 3866 2955 3914 caste
2977 3857 3252 3930 diligitur:
3284 3856 3429 3912 Deus
3452 3870 3592 3926 quo-

1996 3957 2159 4015 modo
2178 3955 2478 4028 diligendus
2500 3963 2604 4021 cst,
2626 3967 2786 4010 verus
2805 3962 2860 4008 et
2877 3967 3039 4008 verax
3059 3951 3254 4006 animai
3281 3949 3506 4006 maritus
3523 3949 3594 4006 ad

1997 4053 2205 4128 prolem
2251 4051 2592 4122 sempiternas
2637 4048 2761 4104 vitae
2809 4045 3125 4113 fecundans,
3153 4052 3209 4101 et
3235 4043 3448 4101 steriles
3490 4056 3592 4098 nos

1998 4164 2106 4206 non
2151 4161 2272 4204 csse
2317 4144 2667 4216 permittens?
2700 4142 2854 4198 Illum
2900 4155 3030 4212 ergo
3076 4139 3155 4194 sic
3197 4137 3502 4209 diligamus,
3538 4144 3597 4192 ut

1999 4239 2143 4296 aliud
2165 4245 2360 4309 praeter
2388 4237 2560 4306 ipsum
2587 4248 2694 4289 non
2716 4233 2965 4302 diligatur
2988 4248 3002 4298 ;
3024 4238 3081 4288 et
3100 4229 3162 4284 fit
3189 4229 3246 4284 in
3269 4229 3424 4285 nobis
3449 4228 3596 4300 quod

2000 4333 2254 4398 diximus,
2278 4328 2423 4400 quod
2441 4326 2798 4392 cantavimus,
2822 4324 2945 4394 quia
2967 4330 3022 4379 et
3042 4321 3130 4378 hic
3149 4335 3253 4377 vox
3278 4331 3460 4376 nostra
3481 4327 3596 4376 est:

2002 4426 2073 4482 In
2113 4437 2426 4497 quacumque
2465 4421 2548 4475 die
2596 4419 2889 4473 invocavero
2934 4423 3006 4481 te,
3045 4429 3157 4469 ecce
3194 4412 3315 4468 scivi
3355 4412 3599 4484 quoniam
3643 4481 3650 4490 ‘

2003 4521 2144 4579 Deus
2171 4535 2310 4574 meus
2337 4533 2388 4573 es
2417 4525 2492 4571 tu.
2519 4513 2632 4570 Hoc
2655 4519 2740 4569 est
2767 4512 3018 4567 invocare
3042 4508 3229 4575 Deum,
3253 4505 3419 4579 gratis
3448 4506 3600 4562 invo-

2003 4632 2149 4674 care.
2176 4611 2407 4670 Proinde
2445 4609 2512 4666 de
2539 4605 2858 4680 quibusdam
2885 4603 3014 4677 quid
3039 4601 3240 4658 dictum
3271 4601 3392 4658 est?
3414 4598 3598 4655 Domi-

2006 4725 2128 4764 num
2157 4723 2259 4762 non
2296 4705 2670 4760 invocaverunt.
2702 4698 2868 4768 Quasi
2895 4696 3180 4754 Dominum
3211 4693 3314 4750 sibi
3351 4694 3602 4750 invocare

2007 4792 2356 4865 videbantur;
2401 4806 2456 4854 et
2499 4793 2754 4867 petebant
2799 4805 2924 4848 eum
2957 4778 3033 4845 de
3083 4785 3506 4850 luereditatibus,
3533 4782 3603 4840 de

2009 4895 2312 4971 amplianda
2337 4863 2580 4964 pecunia,
2602 4889 2672 4945 de
2692 4882 3056 4971 prolonganda
3076 4881 3185 4938 vita
3205 4881 3328 4948 ista,
3351 4879 3420 4936 de
3437 4884 3602 4933 caete-
3631 4863 3634 4866 ’

2010 4992 2087 5049 ris
2101 4967 2491 5061 temporalibus
2518 4982 2680 5039 rebus
2711 4997 2725 5035 :
2758 4986 2815 5036 et
2857 4970 2996 5049 quid
3027 4974 3098 5032 de
3143 4974 3251 5031 illis
3291 4967 3606 5061 Scriptura?

2012 5058 2288 5141 Dominum
2327 5096 2429 5136 non
2463 5078 2837 5132 invocaverunt.
2881 5069 3008 5127 ideo
3043 5067 3172 5140 quid
3213 5058 3484 5135 sequitur?
3521 5058 3606 5114 Ibi

2016 5183 2286 5236 timuerunt
2337 5174 2529 5236 timore,
2574 5167 2658 5223 ubi
2709 5183 2812 5222 non
2854 5173 2964 5220 erat
3012 5163 3160 5218 timor
3189 5149 3602 5231 (Psal.xm,5).

2015 5270 2154 5340 Quid
2182 5275 2283 5333 est,
2307 5264 2391 5320 ubi
2420 5278 2521 5317 non
2547 5269 2656 5316 erat
2685 5259 2876 5313 timor?
2926 5253 3005 5311 Ne
3060 5252 3163 5307 illis
3193 5243 3604 5334 subtraheretur

2016 5363 2260 5438 pecunia,
2297 5375 2365 5416 ne
2389 5353 2586 5428 aliquid
2602 5354 2655 5409 in
2670 5352 2831 5408 domo
2860 5361 3044 5406 eorum
3079 5345 3256 5399 minus
3283 5332 3475 5402 ﬁeret;
3504 5348 3607 5406 po-

2019 5468 2220 5516 stremo
2243 5468 2310 5510 ne
2330 5451 2506 5509 minus
2529 5459 2790 5503 annorum
2811 5441 3073 5498 haberent
3093 5435 3146 5491 in
3174 5434 3273 5488 hac
3297 5430 3426 5496 vita,
3446 5441 3608 5498 quam

2020 5555 2122 5612 sibi
2171 5531 2499 5624 sperabant:
2528 5532 2715 5609 verum
2758 5539 2826 5594 ibi
2875 5533 3250 5605 trapidauerunt
3297 5525 3492 5586 timore,
3522 5519 3610 5576 ubi

1990 5611 2125 5712 gi...
2154 5611 2259 5702 erat
2290 5643 2456 5698 timor.
2479 5637 2676 5708 Quales
2703 5634 2914 5690 fuerunt
2937 5626 3011 5683 illi
3037 5621 3206 5681 Judaei
3233 5637 3246 5676 :
3271 5618 3332 5676 Si
3362 5611 3611 5671 dimiseri-

2089 5802 2107 5834 ι
2141 5795 2360 5849 Nonnulli
2380 5801 2705 5856 Mss.,quam.
2748 5847 2792 5856 __
2951 5843 2982 5856 __
3054 5855 3059 5856 ί
3345 5787 3517 5856 “NL”.

2089 5832 2111 5895 ί
2143 5832 2838 5911 ἷῖιῖίῖοῆζῶἐέῖᾟῖὶῑόὰη
2863 5843 3064 5898 multum
3082 5837 3306 5911 donauit.
3335 5832 3536 5888 Donauit
3563 5832 3613 5884 et

2029 5903 2402 5981 disdiiﬁiitis;
2422 5903 2473 5970 et
2494 5903 2679 5981 pauper
2702 5903 2856 5976 factus
2876 5915 2946 5963 est
2968 5903 3189 5964 maritus,
3215 5909 3309 5954 etc.
