4042 6480
428 423 536 482 659

433 556 546 601 mus
567 557 679 599 eum
706 540 889 604 vivere,
918 536 1112 590 venient
1136 520 1382 595 Romani,
1412 545 1456 583 et
1488 528 1712 599 auferent
1741 542 1771 577 a
1802 521 1941 575 nobis
1969 529 2015 574 et

432 640 599 695 locum
645 645 691 690 et
731 642 925 706 gentem
953 627 1144 702 (Joan.
1173 642 1245 690 χι,
1270 625 1340 681 48
1359 622 1400 699 ).
1434 622 1512 677 lbi
1543 623 1812 676 timuerunt
1840 616 2017 669 timore

433 728 518 786 ubi
538 745 639 783 non
658 736 766 783 erat
795 727 962 779 timor.
990 719 1118 775 Ecce
1137 719 1278 784 scivi,
1301 716 1535 789 quoniam
1560 712 1695 767 Deus
1715 726 1851 764 meus
1872 724 1923 761 es
1938 715 2012 760 tu.

434 818 640 893 Magnae
664 817 865 874 divitia:
890 813 1088 877 cordis,
1116 824 1365 881 magnum
1397 808 1573 861 lumen
1612 803 1752 859 oculi
1796 800 2016 855 interio-

432 891 543 981 ris,
574 914 772 981 magna
825 904 1017 962 ﬁducia
1073 899 1405 960 securitatis!
1437 897 1569 952 Ecce
1613 895 1733 950 scivi
1781 891 2017 965 quoniam

436 1005 578 1061 Deus
604 1019 745 1059 meus
767 1018 822 1057 es
852 1010 923 1055 tu.

510 1099 600 1157 18.
640 1097 794 1173 [νοτε.
821 1090 933 1167 Η.]
958 1090 1024 1147 In
1054 1089 1161 1146 Deo
1195 1085 1415 1145 laudabo
1452 1084 1675 1149 uerbum,
1712 1082 1765 1151 in
1805 1077 2019 1134 Domino

439 1170 661 1249 laudabo
696 1203 971 1246 sermonem
993 1203 1013 1240 :
1036 1184 1091 1238 in
1119 1182 1227 1238 Deo
1256 1182 1453 1251 speravi
1484 1179 1524 1245 ί,
1553 1193 1651 1231 non
1689 1171 1865 1228 timebo
1901 1170 2021 1242 quid

442 1286 599 1358 faciat
628 1283 753 1338 mihi
776 1283 945 1335 homo.
973 1277 1089 1334 Jam
1112 1276 1230 1347 ipse
1254 1283 1335 1329 est
1355 1286 1544 1328 sensus
1568 1270 1657 1342 qui
1678 1268 1921 1339 superius
1939 1274 2023 1320 est

438 1375 718 1447 repetitus.

512 1464 605 1521 19.
643 1461 796 1535 [νινε.
823 1456 938 1532 12.]
965 1456 1031 1512 In
1056 1464 1135 1510 nte
1160 1464 1296 1522 sunt,
1322 1453 1478 1517 Deus,
1506 1461 1621 1506 vata
1645 1459 1752 1516 tua,
1782 1464 1894 1519 quia
1911 1448 2023 1501 red—

441 1558 560 1612 dam
594 1555 761 1611 laudis
785 1553 892 1609 tibi.
917 1551 1137 1613 Vovete,
1162 1559 1215 1604 et
1242 1547 1445 1603 reddite
1466 1545 1690 1599 Domino
1717 1543 1829 1598 Deo
1850 1550 2025 1595 vestro

442 1647 619 1721 (Ptol.
656 1662 815 1714 Lxxv,
846 1643 957 1717 l2).
996 1641 1134 1710 Quid
1177 1638 1430 1703 voveatis,
1474 1634 1600 1707 quid
1643 1630 1913 1688 reddatis?
1943 1632 2023 1685 An

441 1740 580 1796 forte
603 1737 851 1795 animalia
878 1736 966 1792 illa
989 1750 1109 1807 qum
1123 1730 1480 1788 offerebantur
1493 1726 1558 1782 ad
1576 1740 1695 1781 aras
1720 1721 2028 1795 aliquando?

322 1812 335 1877 ἶ
388 1830 397 1851 ‘
441 1831 583 1888 Nihil
612 1830 718 1885 tale
736 1827 931 1884 oderas
954 1844 969 1882 :
993 1827 1046 1883 in
1076 1833 1128 1880 te
1150 1833 1233 1880 est
1254 1819 1394 1893 quod
1416 1832 1614 1874 voveas
1642 1825 1698 1873 et
1720 1815 1929 1872 reddas.
1954 1814 2061 1870 De“

446 1924 626 1982 cordis
652 1937 774 1980 arca
804 1920 982 1992 profer
1007 1918 1178 1974 laudis
1215 1918 1513 1979 incensum,
1541 1911 1609 1966 de
1633 1908 1847 1965 cellario
1876 1908 2029 1962 boum

444 2016 788 2074 conscientiae
808 2013 987 2084 profer
1005 2009 1324 2066 sacrificium
1348 2005 1490 2060 ﬁdei.
1512 2000 1774 2072 Quidquid
1803 1999 2025 2070 profers,

445 2108 680 2165 accende
705 2106 983 2162 charitate.
1004 2102 1062 2159 In
1094 2112 1146 2157 te
1174 2102 1281 2156 sint
1304 2108 1424 2153 vota
1445 2139 1461 2162 ,
1493 2112 1613 2167 quae
1640 2093 1829 2149 reddas
1860 2091 2031 2146 laudis

448 2201 580 2255 Deo.
604 2197 766 2269 Cujus
789 2195 998 2251 laudis?
1015 2192 1151 2261 Quid
1178 2190 1319 2245 enim
1354 2188 1444 2243 tibi
1466 2184 1750 2257 praestitit?
1779 2182 2031 2250 Quoniam

444 2290 618 2345 eruisti
643 2288 864 2342 animam
891 2300 1054 2339 meam
1080 2282 1145 2336 de
1168 2279 1477 2348 morte.lpsa
1508 2284 1591 2331 est
1619 2275 1707 2329 illa
1737 2274 1844 2327 vita
1872 2286 2027 2340 quam

443 2381 689 2437 enuntiat
727 2377 802 2432 illi
826 2394 840 2429 :
864 2375 1022 2439 Deus,
1065 2374 1218 2427 vitam
1259 2386 1423 2425 meam
1462 2366 1714 2422 enuntiaoi
1762 2364 1869 2418 tibi.
1890 2360 2029 2429 Quid

445 2471 591 2526 enim
635 2466 816 2524 eram?
841 2465 1099 2521 Mortuus.
1128 2463 1231 2519 Per
1271 2460 1530 2529 meipsum
1569 2470 1717 2512 eram
1746 2463 1985 2510 mortuus
2013 2470 2027 2507 :

444 2579 542 2636 per
571 2571 630 2618 te
650 2560 778 2632 quid
817 2558 975 2615 sum?
998 2555 1182 2613 Vivus.
1211 2552 1336 2609 [deo
1362 2552 1416 2606 in
1451 2567 1531 2605 me
1556 2557 1697 2615 sunt,
1729 2546 1887 2611 Deus,
1919 2554 2033 2600 vota

446 2664 558 2722 tua,
598 2667 717 2723 quas
760 2649 972 2705 reddam
1015 2646 1185 2702 laudis
1223 2644 1332 2699 tibi.
1363 2643 1438 2698 En
1468 2655 1590 2697 amo
1617 2641 1781 2695 Deum
1816 2653 2030 2704 meum;

444 2760 607 2802 nemo
630 2744 772 2799 hunc
798 2741 928 2798 mihi
950 2738 1109 2809 eripit
1132 2755 1148 2792 :
1172 2736 1315 2807 quod
1345 2735 1419 2791 illi
1443 2734 1565 2791 dem
1594 2746 1751 2787 nemo
1779 2730 1907 2786 mihi
1928 2729 2035 2785 eri-

445 2839 554 2909 pit,
584 2837 704 2907 quia
738 2835 790 2889 in
821 2831 984 2888 corde
1013 2831 1273 2885 inclusum
1303 2836 1406 2882 est.
1432 2825 1620 2881 Merito
1645 2822 1838 2879 dicitur
1862 2822 1913 2875 in
1945 2820 2033 2875 illa

446 2930 726 3000 superiore
776 2924 990 2989 fiducia,
1044 2920 1180 2986 Quid
1236 2919 1390 2991 faciat
1441 2916 1563 2970 mihi
1611 2914 1797 2969 homo?
1840 2911 2036 2968 Saeviat
2078 2939 2087 2949 -

447 3020 633 3085 homo,
676 3016 1015 3090 permittatur
1053 3011 1262 3077 saevire,
1287 3008 1624 3081 permittatur
1653 3004 1864 3060 efﬁcere
1891 3000 2034 3073 quod

449 3119 709 3169 conatur:
737 3107 864 3177 quid
909 3113 994 3161 est
1033 3099 1343 3159 ablaturus?
1368 3102 1589 3164 Aurum,
1614 3104 1911 3166 argentum,
1945 3108 2035 3165 pe-

448 3219 598 3268 cora,
621 3214 822 3260 servos,
847 3199 1090 3263 ancillas,
1114 3195 1324 3259 fundos,
1344 3193 1568 3255 domos;
1593 3188 1796 3247 auferat
1819 3188 2033 3244 omnia:

448 3292 706 3364 nunquid
736 3289 910 3347 aufert
938 3296 1058 3342 vota
1089 3302 1208 3357 quae
1248 3285 1301 3339 in
1343 3298 1430 3337 me
1468 3290 1619 3346 sunt,
1656 3294 1773 3350 quae
1817 3278 2035 3333 reddam

336 3406 345 3413 λ
448 3387 623 3448 laudis
653 3385 800 3443 Deo?
824 3382 1125 3439 Permissus
1166 3385 1247 3432 est
1289 3384 1494 3431 tentare
1533 3380 1765 3427 tentator
1792 3378 2035 3437 sanctum

446 3486 619 3539 virum
641 3480 743 3541 Job
765 3495 778 3532 :
803 3490 910 3533 uno
930 3482 1126 3546 puncto
1148 3469 1401 3541 temporis
1420 3467 1638 3522 abstulit
1658 3464 1856 3526 omnia,
1878 3462 2036 3534 quid-

450 3576 577 3648 quid
606 3574 922 3631 facultatum
938 3568 1210 3648 _habuerat
1234 3562 1467 3635 ademit,
1508 3560 1724 3618 abstulit
1750 3558 2036 3615 haeredita-

456 3641 581 3734 tem,
631 3664 900 3723 interiecit
938 3641 1227 3723 hmredes;
1259 3670 1434 3725 neque
1483 3653 1582 3706 hoc
1626 3651 1900 3723 paulatim,
1942 3648 2036 3705 sed

450 3757 785 3821 catervatim,
828 3767 938 3809 uno
983 3751 1113 3813 ictu,
1146 3762 1250 3803 uno
1292 3745 1515 3815 impetu,
1543 3750 1602 3797 ut
1639 3742 1815 3795 omnia
1860 3739 2037 3795 subito

452 3849 846 3907 nuntiarentur.
878 3841 1084 3898 Ablatis
1127 3837 1375 3895 omnibus
1420 3834 1567 3889 solus
1612 3831 1867 3887 remansit
1897 3830 2034 3897 Job;

455 3943 550 4001 sed
575 3941 629 3998 in
658 3940 749 3994 illo
777 3943 937 3994 erant
956 3941 1078 3989 vota
1104 3930 1274 3986 laudis
1300 3942 1418 3999 quae
1449 3924 1696 3982 redderet
1717 3923 1846 3989 Deo,
1873 3922 1923 3975 in
1949 3922 2039 3977 illo

452 4035 615 4109 plane
638 4038 829 4089 erant:
857 4041 1039 4084 arcam
1079 4022 1246 4080 sancti
1285 4018 1515 4093 pectoris
1558 4015 1640 4073 sui
1679 4015 1762 4071 fur
1797 4015 2040 4071 diabolus

454 4107 565 4185 non
593 4128 877 4186 invaserat,
904 4121 1093 4191 plenus
1112 4123 1230 4172 erat
1244 4112 1385 4169 unde
1405 4109 1749 4167 sacrificaret.
1769 4107 1903 4163 Audi
1922 4123 2039 4177 qua:

454 4218 703 4284 habebat,
731 4215 852 4271 audi
881 4227 1003 4284 quae
1035 4206 1291 4281 protulit:
1317 4202 1565 4260 Dominus
1590 4199 1756 4266 dedit,
1792 4198 2041 4253 Dominus

455 4310 695 4374 abstulit;
719 4309 847 4362 sicut
873 4302 1093 4359 Domino
1122 4298 1334 4373 placuit,
1362 4299 1436 4350 ita
1474 4298 1664 4368 factum
1700 4300 1771 4348 est
1801 4308 1820 4347 :
1848 4292 1911 4347 sit
1944 4308 2041 4347 no-

456 4417 571 4458 men
602 4397 806 4455 Domini
833 4393 1147 4450 benedictum
1175 4388 1195 4463 (
1220 4388 1319 4449 Job
1342 4404 1381 4453 1,
1415 4384 1622 4457 12-21).
1648 4383 1692 4440 Ο
1722 4383 1918 4438 divitia:
1957 4382 2041 4436 in-

458 4494 703 4559 teriores,
730 4504 836 4563 quo
852 4487 936 4542 fur
960 4501 1065 4543 non
1095 4482 1333 4539 accedit!
1356 4480 1467 4549 Ipse
1492 4477 1709 4533 dederat
1737 4476 1877 4530 Deus
1902 4474 2044 4529 unde

456 4584 780 4656 accipiebat;
834 4581 951 4651 ipse
976 4578 1275 4641 ditaverat,
1307 4570 1448 4627 unde
1492 4569 1567 4623 illi
1611 4566 1868 4622 oli'erebat
1902 4564 2044 4636 quod

458 4677 693 4747 amabat.
734 4670 969 4729 Laudem
1017 4683 1047 4733 a
1096 4677 1151 4741 te
1204 4663 1397 4737 quaerit
1441 4661 1602 4735 Deus,
1652 4656 2043 4713 confessionem

456 4783 608 4835 tuam
628 4745 817 4839 quaerit
839 4763 997 4819 Deus.
1015 4757 1121 4817 Sed
1143 4756 1209 4812 de
1235 4769 1361 4825 agro
1380 4760 1472 4807 tuo
1491 4748 1687 4820 aliquid
1709 4746 1930 4803 daturus
1949 4745 2044 4800 es?

460 4864 582 4934 Ipse
630 4837 761 4932 pluit
806 4864 866 4913 ut
912 4854 1155 4909 haberes.
1185 4849 1259 4904 De
1298 4860 1420 4900 arca
1464 4843 1681 4897 daturus
1723 4855 1782 4894 es
1810 4837 2045 4909 aliquid?

463 4958 581 5027 Ipse
608 4951 835 5010 instituit
865 4946 1007 5020 quod
1041 4945 1249 5002 datura.
1288 4954 1365 4997 es.
1391 4936 1526 5008 Quid
1564 4936 1785 4991 daturus
1821 4949 1879 4989 es
1903 4933 2045 5002 quod

458 5025 528 5106 ab
556 5047 652 5104 illo
675 5058 782 5101 non
811 5037 1070 5109 accepisti
1084 5040 1106 5088 ’ί
1129 5034 1266 5104 Quid
1291 5032 1431 5089 enim
1465 5027 1629 5085 habes
1653 5025 1793 5098 quod
1826 5040 1929 5080 non
1957 5038 2047 5080 ac-

460 5138 651 5214 cepisti
688 5135 753 5209 (l
779 5130 901 5189 Cor.
922 5145 997 5197 tv,
1025 5128 1057 5183 7
1078 5126 1140 5199 )7
1159 5127 1238 5182 De
1266 5122 1425 5180 corde
1453 5119 1641 5176 dabis?
1667 5119 1785 5190 Ipse
1813 5116 1961 5171 dedit
1988 5114 2048 5169 ﬁ-

461 5207 610 5300 dem,
640 5207 791 5300 spem
819 5232 875 5282 et
895 5220 1245 5294 charitatem:
1276 5215 1377 5271 hoc
1407 5214 1732 5285 prolaturus,
1757 5209 1860 5265 hoc
1884 5207 2049 5263 sacri-

464 5299 721 5379 ficaturus
743 5332 821 5373 es.
850 5313 956 5373 Sed
982 5312 1137 5383 plane
1170 5305 1346 5362 omnia
1387 5305 1475 5359 illa
1513 5313 1703 5357 caetera
1741 5308 1918 5370 potest
1954 5299 2047 5354 tibi

470 5413 678 5471 mferre
724 5409 972 5465 inimicus
1017 5402 1203 5467 invito,
1236 5398 1339 5453 hoc
1373 5394 1582 5451 auferre
1609 5409 1714 5448 non
1742 5398 1915 5463 potest
1947 5389 2048 5445 nisi

472 5503 687 5561 volenti.
739 5502 835 5558 llla
887 5496 1074 5571 perdet
1119 5501 1174 5549 et
1229 5491 1468 5554 invitus;
1517 5495 1573 5543 et
1621 5486 1806 5541 volens
1852 5484 2051 5540 habere

470 5610 694 5661 aurum,
724 5591 912 5665 perdet
962 5602 1185 5652 aurum,
1230 5593 1283 5640 et
1323 5583 1511 5638 volens
1559 5577 1755 5633 habere
1796 5577 2050 5645 domum,

475 5689 661 5761 perdet
704 5686 966 5743 domum:
998 5681 1156 5736 fidem
1196 5693 1354 5735 nemo
1396 5672 1586 5747 perdet
1620 5672 1720 5727 nisi
1764 5670 1854 5741 qui
1898 5685 2054 5742 spre-

472 5780 631 5836 verit.

548 5904 1172 6009 Humanitatem;

1645 408 1700 459 S.
1743 399 2102 459 AUGUS'I’lNl
2136 401 2431 458 EPISCOPI

3588 406 3695 478 ϐω

2192 520 2284 573 20.
2326 520 2474 594 [υετε.
2496 520 2613 597 15.]
2641 521 2708 577 In
2735 536 2815 578 me
2835 524 2973 596 sunt,
2996 525 3153 597 Deus,
3180 526 3294 585 vota
3321 540 3426 601 tua,
3446 551 3561 605 quia
3580 539 3700 593 red-

2123 611 2241 666 dam
2271 613 2437 669 laudis
2470 612 2558 671 tibi
2580 619 2737 687 :quia
2771 621 2946 675 eruisti
2977 624 3196 678 animam
3232 643 3395 682 meam
3427 630 3491 684 de
3513 642 3698 703 morte,

2123 705 2295 758 oculos
2336 722 2471 761 meos
2516 724 2549 761 a
2590 708 2847 781 locrymis,
2877 721 2923 767 et
2947 714 3100 781 pedes
3138 733 3272 772 meos
3316 722 3379 773 de
3423 721 3611 793 lapsu;
3646 734 3707 779 ut

2125 798 2348 869 placeam
2391 815 2562 855 coram
2601 800 2711 858 Deo
2758 804 2811 858 in
2843 802 3029 861 lumine
3070 809 3351 865 viventium.
3384 814 3567 871 Merito
3594 834 3705 875 non

2128 889 2297 959 placet
2340 890 2462 946 ﬁliis
2506 894 2693 949 alienis
2744 896 2899 968 longe
2946 896 3099 954 factis
3134 916 3163 954 a
3198 906 3416 971 sanctis,
3443 907 3565 976 quia
3594 925 3711 968 non

2127 983 2325 1040 habent
2374 984 2552 1041 lumen
2605 989 2914 1055 viventium,
2960 992 3101 1049 unde
3147 995 3361 1051 videant
3406 1000 3550 1069 quod
3593 1002 3714 1056 Deo

2125 1078 2315 1149 placet.
2357 1079 2564 1136 Lumen
2608 1083 2897 1138 viventium
2938 1092 3022 1140 est
3073 1086 3251 1143 lumen
3302 1089 3708 1161 immortalium,

2127 1172 2307 1227 lumen
2336 1182 2664 1245 sanctorum.
2695 1175 2793 1244 Qui
2823 1192 2926 1232 non
2957 1187 3039 1233 est
3081 1179 3131 1235 in
3165 1182 3417 1251 tenebris,
3450 1184 3626 1253 placet
3658 1187 3711 1241 in

2128 1262 2325 1319 lumine
2349 1264 2658 1320 viventium.
2684 1267 2990 1322 Attenditur
3014 1268 3176 1325 homo
3203 1281 3258 1327 et
3293 1288 3357 1328 ea
3395 1290 3514 1344 quae
3542 1275 3716 1344 ipsius

2127 1363 2271 1421 sunt,
2299 1370 2459 1410 nemo
2483 1358 2584 1411 scit
2611 1358 2781 1428 qualis
2810 1364 2891 1413 eet
2915 1375 2931 1414 :
2952 1359 3094 1416 Deus
3115 1361 3257 1418 videt
3275 1364 3445 1434 qualis
3474 1375 3574 1420 est.
3600 1368 3717 1421 Ali-

2128 1445 2340 1516 quando
2368 1454 2423 1501 et
2450 1447 2623 1517 ipsum
2649 1448 2916 1504 diabolum
2944 1450 3110 1518 latet;
3143 1452 3244 1507 nisi
3270 1460 3460 1519 tentet,
3491 1470 3595 1510 non
3631 1456 3716 1510 in-

2128 1538 2275 1592 venit
2302 1538 2441 1593 sicut
2478 1539 2548 1595 de
2591 1539 2693 1595 isto
2729 1541 2845 1596 viro
2880 1559 3037 1614 quem
3074 1544 3233 1599 modo
3270 1551 3713 1605 commemoravi.

2129 1630 2361 1689 Noverat
2401 1649 2520 1689 eum
2564 1635 2726 1699 Deus,
2758 1644 2813 1690 et
2855 1637 2903 1692 ei
2950 1638 3309 1693 testimonium
3358 1641 3713 1709 perhibebat:

2129 1726 2372 1782 diabolus
2399 1741 2518 1781 eum
2546 1743 2650 1781 non
2683 1736 2920 1794 noverat,
2949 1736 3003 1783 et
3030 1729 3151 1784 ideo
3176 1729 3415 1793 dixerat,
3447 1730 3717 1802 Numquid

2129 1817 2229 1874 Iob
2256 1819 2412 1891 gratis
2441 1818 2558 1873 colit
2583 1817 2749 1873 Deum
2774 1819 2897 1890 (Job
2942 1836 2980 1886 t,
3004 1819 3098 1892 9)?
3126 1821 3308 1877 Videte
3332 1837 3438 1891 quo
3462 1832 3719 1892 provocat

2134 1912 2377 1968 inimicus
2404 1931 2417 1967 :
2432 1912 2503 1967 ibi
2522 1914 2775 1983 perfectio
2788 1921 2887 1968 est.
2911 1913 3220 1983 Videtequid
3237 1915 3418 1984 objicit
3443 1915 3714 1971 inimicus.

2135 2003 2357 2059 Videbat
2385 2003 2655 2060 hominem
2688 2005 2795 2061 Deo
2822 2007 3161 2072 servientem,
3192 2007 3246 2061 in
3281 2008 3524 2064 omnibus
3555 2010 3721 2066 obse-

2133 2105 2405 2165 queotem,
2438 2096 2613 2151 omnia
2644 2098 2778 2152 bene
2816 2107 3123 2166 operantem
3149 2115 3164 2164 ;
3191 2108 3245 2153 et
3269 2100 3391 2169 quia
3421 2100 3570 2156 dives
3598 2111 3720 2157 erat

2134 2194 2189 2240 et
2211 2184 2514 2240 felicissima
2535 2188 2745 2252 domus,
2773 2187 2872 2241 hoc
2892 2187 3075 2257 objicit
3093 2189 3215 2258 quia
3243 2189 3359 2243 ideo
3379 2190 3714 2257 colitDeum,

2133 2276 2381 2345 quoniam
2426 2276 2572 2331 dedit
2608 2278 2681 2331 illi
2726 2277 2838 2332 haec
2876 2280 3052 2333 omnia
3079 2297 3091 2333 :
3118 2279 3381 2350 Numquid
3417 2281 3518 2337 Job
3557 2285 3723 2354 gratis

2134 2369 2255 2425 colit
2274 2370 2611 2454 Deumllloc
2634 2372 2779 2426 enim
2804 2380 2920 2426 erat
2944 2387 3126 2427 verum
3164 2374 3365 2442 lumen,
3399 2374 3501 2433 hoc
3537 2376 3719 2432 lumen

2135 2463 2445 2529 viventium,
2489 2471 2545 2517 ut
2586 2463 2752 2534 gratis
2796 2464 2997 2519 coleret
3032 2464 3225 2519 Deum.
3248 2466 3389 2522 Deus
3414 2467 3626 2523 videbat
3664 2469 3721 2524 in

2135 2554 2297 2610 corde
2348 2556 2485 2609 servi
2535 2554 2618 2610 sui
2669 2554 2871 2609 cultum
2928 2571 3081 2610 suum
3129 2558 3437 2627 gratuitum.
3470 2559 3724 2616 Placebat

2136 2647 2276 2701 enim
2304 2645 2431 2701 illud
2458 2661 2552 2701 cor
2576 2646 2627 2700 in
2649 2654 2937 2716 conspectu
2968 2647 3197 2714 Domini,
3222 2649 3275 2702 in
3304 2648 3503 2704 lumine
3530 2652 3722 2704 viven-

2136 2740 2266 2793 tium
2291 2756 2303 2792 :
2328 2737 2596 2792 diabolum
2628 2734 2843 2803 latebat,
2865 2737 2986 2807 quia
3018 2737 3069 2792 in
3101 2738 3338 2794 tenebris
3362 2747 3495 2794 erat.
3525 2740 3724 2795 Admi-

2136 2832 2205 2885 sit
2226 2832 2363 2885 Deus
2392 2839 2731 2893 tentatorem,
2754 2845 2861 2884 non
2886 2839 2946 2885 ut
2973 2829 3089 2900 ipse
3112 2841 3294 2887 nosset
3312 2831 3453 2902 quod
3474 2843 3723 2898 noverat,

2136 2923 2229 2979 sed
2245 2931 2305 2977 ut
2328 2923 2479 2976 nobis
2492 2921 2812 2977 noscendum
2832 2930 2887 2975 et
2910 2922 3222 2979 imitandum
3246 2922 3530 2993 prteberet.
3552 2923 3727 2981 Num-

2138 3015 2266 3086 quid
2317 3016 2459 3070 enim
2507 3015 2551 3068 si
2596 3022 2829 3068 tentatur
2864 3030 2969 3069 non
3007 3015 3396 3085 admitteretur,
3417 3018 3727 3076 videremus

2138 3121 2236 3162 nos
2264 3108 2362 3176 ipsi
2394 3108 2447 3162 iu
2472 3106 2574 3163 Job
2604 3106 2745 3177 quod
2774 3107 3089 3164 deberemus
3113 3121 3168 3164 et
3195 3111 3451 3167 vellemus
3483 3112 3727 3169 imitari?

2138 3198 2419 3254 Admissus
2459 3206 2541 3253 est
2582 3206 2831 3261 tentatur,
2860 3200 3077 3255 abstulit
3103 3203 3300 3268 omnia,
3341 3205 3594 3259 remansit
3632 3204 3731 3261 ille

2139 3287 2285 3344 solus
2310 3303 2338 3341 a
2368 3286 2721 3349 facultatibus,
2746 3288 2890 3344 solus
2918 3304 2946 3342 a
2974 3288 3193 3355 familia,
3212 3292 3357 3347 solus
3378 3308 3408 3347 a
3435 3293 3579 3361 ﬁliis,
3600 3294 3729 3364 ple-

2140 3397 2239 3437 nus
2270 3381 2400 3436 Deo.
2422 3379 2570 3436 Uxor
2598 3395 2726 3435 sane
2750 3381 2933 3436 relicta
2961 3392 3095 3439 erat.
3142 3383 3534 3443 Misericordem
3566 3395 3729 3456 puta-

2142 3475 2207 3529 tis
2250 3473 2538 3537 diabolum,
2584 3472 2675 3543 qui
2718 3473 2767 3527 ei
2817 3474 3028 3544 reliquit
3074 3475 3330 3533 uxorem?
3356 3474 3585 3543 Noverat
3624 3494 3729 3548 per

2138 3582 2297 3638 quam
2337 3566 2622 3635 deceperat
2645 3565 2835 3621 Adam.
2864 3567 3023 3622 Suam
3064 3568 3350 3636 reliquerat
3384 3567 3726 3640 adiutricem,

2140 3673 2248 3713 non
2290 3656 2465 3710 mariti
2517 3656 2946 3711 consolatricem.
2976 3654 3068 3712 llle
3112 3672 3240 3726 ergo
3282 3657 3469 3726 plenus
3504 3659 3640 3726 Deo,
3670 3663 3726 3716 iu

2139 3764 2247 3820 quo
2289 3757 2411 3803 vota
2452 3758 2605 3803 erant
2652 3764 2773 3818 quae
2818 3747 3069 3805 redderet
3115 3747 3303 3815 laudis,
3332 3758 3390 3805 ut
3414 3751 3730 3811 ostenderet

2141 3841 2260 3910 quia
2282 3841 2443 3910 gratis
2465 3840 2629 3894 Deum
2657 3837 2885 3904 colebat,
2907 3853 3013 3895 non
3040 3837 3162 3894 ideo
3184 3837 3305 3908 quia
3328 3848 3469 3911 tanta
3496 3855 3728 3910 δίκερε-

2142 3943 2256 3998 rat;
2282 3941 2336 3989 et
2356 3932 2568 3988 amissis
2596 3931 2842 3987 omnibus
2871 3930 2989 3986 talis
3011 3939 3116 3998 est,
3134 3931 3257 4002 quia
3277 3932 3426 3987 illum
3450 3933 3538 4002 qui
3558 3935 3731 3992 dede-

2141 4036 2226 4083 rat
2249 4027 2425 4081 omnia
2446 4042 2551 4080 non
2576 4023 2783 4078 amisit:
2804 4023 3051 4077 Dominus
3071 4024 3231 4091 dedit,
3258 4025 3449 4095 inquit,
3471 4024 3730 4084 Dominus

2143 4122 2348 4177 abstulit
2368 4136 2385 4183 ;
2404 4120 2531 4174 sicut
2542 4116 2765 4173 Domino
2786 4116 2990 4188 placuit,
3016 4116 3088 4171 ita
3110 4119 3300 4186 factum
3323 4126 3398 4173 est
3418 4133 3436 4172 .'
3456 4118 3520 4173 sit
3539 4136 3731 4175 nomen

2142 4212 2352 4269 Domini
2378 4210 2709 4265 benedictum.
2740 4208 2967 4262 Vulnere
2994 4207 3152 4263 etiam
3184 4222 3462 4277 percussus
3490 4224 3519 4263 a
3548 4211 3731 4280 capite

2145 4321 2314 4375 usque
2337 4303 2404 4358 ad
2432 4301 2613 4371 pedes,
2636 4301 2839 4369 integer
2864 4308 3040 4353 tamen
3063 4299 3226 4365 intus,
3253 4300 3526 4371 respondit
3553 4310 3733 4361 tenta-

2146 4396 2286 4463 trici,
2328 4394 2395 4449 de
2443 4392 2645 4448 lumine
2684 4390 2995 4455 viventium,
3039 4388 3105 4445 de
3150 4389 3350 4447 lumine
3387 4392 3564 4451 cordis
3593 4393 3729 4450 sui:

2146 4486 2338 4542 Locuta
2366 4503 2418 4541 es
2442 4494 2680 4553 tanquam
2709 4499 2811 4536 una
2839 4498 2902 4537 est;
2924 4480 3272 4553 insipientibus
3300 4484 3588 4538 mulieribus
3610 4483 3663 4557 (1
3669 4487 3728 4542 d.

2143 4594 2207 4644 tt,
2237 4578 2349 4647 l0),
2378 4575 2429 4629 id
2458 4586 2559 4640 est,
2592 4581 2841 4647 tanquam
2871 4587 2933 4628 ea
2964 4588 3083 4642 qum
3113 4586 3218 4627 non
3249 4571 3408 4628 habet
3435 4573 3612 4629 lumen
3647 4577 3731 4630 vi-

2145 4668 2404 4724 ventium.
2442 4666 2646 4722 Lumen
2676 4664 2818 4720 enim
2851 4663 3137 4719 viventium
3180 4663 3459 4734 sapientia,
3490 4676 3541 4719 et
3574 4673 3733 4721 tene-

2146 4760 2259 4817 brat
2288 4758 2646 4826 insipientium
2679 4754 2901 4811 stultitia
2931 4762 3031 4809 est.
3062 4752 3253 4807 Locuta
3279 4771 3330 4811 es
3359 4764 3595 4829 tanquam
3626 4773 3736 4811 una

2147 4868 2212 4921 es
2238 4848 2587 4920 insipientibus
2625 4846 2921 4907 mulieribus
2948 4860 2968 4900 :
2991 4861 3205 4900 carnem
3234 4860 3406 4901 meam
3434 4846 3611 4912 vides,
3644 4848 3734 4902 lu—

2150 4957 2273 4999 men
2307 4940 2483 4996 cordis
2510 4940 2613 4995 mei
2644 4953 2751 4997 non
2779 4936 2945 4992 vides.
2972 4936 3188 4992 Poterat
3215 4937 3354 4991 enim
3387 4938 3474 4992 illa
3504 4948 3626 4991 tunc
3657 4912 3765 4993 vi;

2150 5052 2271 5097 rum
2314 5034 2540 5104 amplius
2580 5047 2782 5098 amare,
2827 5030 2873 5087 si
2924 5029 3367 5100 pulchritudinem
3421 5030 3736 5085 interiorem

2150 5134 2365 5189 nosset,
2414 5134 2468 5178 et
2519 5122 2845 5192 inspiceret‘
2870 5120 2962 5176 ubi
3004 5119 3095 5174 ille
3136 5119 3357 5189 pulcher
3394 5129 3509 5173 erat
3549 5136 3731 5176 coram

2150 5221 2321 5280 oculis
2343 5218 2435 5273 Dei
2458 5233 2473 5270 ε
2496 5215 2617 5286 quia
2640 5215 2697 5283 in
2725 5214 2816 5268 illo
2845 5222 2999 5268 erant
3026 5222 3169 5281 vota,
3197 5228 3317 5285 quae
3344 5212 3592 5268 redderet
3619 5213 3728 5269 lau-

2151 5313 2391 5372 dis‘Deo.
2420 5306 2697 5378 Quomodo
2738 5304 2866 5362 illud
2898 5303 3273 5376 patrimonium
3316 5320 3418 5359 non
3469 5304 3741 5361 invaserat

2154 5404 2435 5465 inimicus!
2466 5402 2635 5471 Quam
2682 5400 2945 5471 integrum
2984 5406 3101 5452 erat
3141 5397 3279 5467 quod
3325 5396 3647 5469 possidebat,
3684 5407 3743 5453 et

2158 5510 2374 5574 propter
2399 5496 2536 5569 quod
2566 5492 2790 5569 amplius
2815 5489 3189 5561 possidendum
3221 5490 3467 5559 sperabat
3509 5491 3680 5543 iturus
3708 5507 3740 5545 a

2157 5592 2440 5653 virtutibus
2486 5588 2536 5642 in
2581 5584 2862 5641 virtutem!
2892 5583 3054 5654 Ergo,
3086 5580 3297 5648 fratres,
3338 5580 3402 5635 ad
3443 5579 3543 5636 hoc
3582 5583 3743 5639 nobis

2223 5763 2242 5797 ι
2277 5766 2373 5819 Er.,
2394 5755 2596 5820 suﬁerre
2617 5759 2663 5805 et
2968 5755 3102 5812 Lov.,
3123 5749 3260 5820 sumet
3272 5755 3343 5800 ret
3364 5745 3620 5820 mspicere.
3635 5748 3746 5820 sit-

2161 5831 2279 5891 quot
2298 5811 2426 5880 uss,
2449 5811 2600 5868 nosset
2620 5811 2962 5880 rms'piceret.
2983 5811 3091 5864 sm.
3108 5819 3163 5864 et
3180 5811 3262 5863 alii
3286 5811 3579 5874 plasmasse:
3599 5816 3647 5865 et
3668 5811 3748 5866 its-

2162 5888 2359 5955 spicere.
