4042 6494
272 516 484 573 valeam
524 515 648 575 hac
689 516 893 584 ontulit,
931 522 992 573 ut
1026 515 1196 573 Deum
1237 516 1401 587 gratis
1440 514 1753 586 diligamus,
1804 515 1858 571 in

275 611 364 668 illo
401 612 685 681 speremus
724 622 961 681 semper,
999 623 1101 665 nec
1143 598 1437 675 hominem,
1465 622 1563 663 nec
1589 606 1858 662 diabolum

275 707 577 761 timeamus.
596 702 711 759 80c
733 702 842 768 ille,
867 716 972 759 nec
999 701 1100 757 iste
1128 700 1254 756 facit
1276 700 1495 772 aliquid,
1522 700 1623 755 nisi
1648 697 1861 770 quando

278 795 903 868 permittitdrzpermitti
945 794 1012 850 ad
1058 793 1280 850 nihilum
1331 798 1525 864 potest,
1572 792 1670 848 nisi
1718 790 1861 862 quod

277 890 426 945 nobis
452 888 693 958 prodest.
715 887 1031 944 Teleremus
1070 888 1259 952 malos,
1289 886 1457 941 simus
1480 885 1626 953 boni,
1658 884 1781 955 quia
1808 891 1864 940 et

280 996 373 1035 nos
398 979 595 1035 fuimus
614 980 762 1035 mali.
786 980 894 1034 Pro
920 978 1087 1034 nihilo
1116 978 1297 1033 salvos
1317 975 1471 1032 faciet
1494 977 1632 1031 Deus
1650 989 1859 1042 omnes,

279 1076 342 1129 de
364 1075 560 1145 quibus
586 1074 873 1145 desperare
900 1072 1157 1128 audemus
1180 1072 1220 1124 ι.
1245 1070 1384 1140 Ergo
1421 1069 1490 1125 de
1525 1067 1738 1124 nemine
1764 1066 1862 1123 de-

282 1181 577 1238 speremus,
611 1181 706 1235 pro
735 1164 981 1219 omnibus
1006 1179 1140 1234 quos
1164 1163 1394 1233 patimur
1418 1174 1662 1224 oremus,
1692 1173 1724 1214 a
1752 1154 1864 1213 Deo

1389 376 1787 438 ENARRATIO
1810 372 1888 435 ἸΝ
1927 378 2248 441 ΡεΑωιυΜ
2284 386 2417 446 LVI.

1969 512 2120 604 suam
2142 503 2439 604 posuit‘pro
2468 510 2624 569 nobis
2652 529 2668 569 :
2699 516 2936 587 psalmus
2954 522 3097 589 enim
3121 531 3221 591 iste
3244 539 3551 604 passionem

1969 588 2136 703 ipsius
2155 602 2355 703 cantat:
2383 597 2454 703 -Et
2479 606 2733 672 quoniam
2759 618 2904 670 totus
2928 588 3556 703 Christus

1967 690 2352 800 gpuziouod
2381 692 2519 752 bene
2546 713 2643 755 vos
2679 716 2838 760 nosse
2864 724 2970 765 non
3015 714 3198 777 dubito
3227 741 3241 778 :
3268 690 3557 800 'capm'

1968 776 2110 902 2f:
2128 778 2374 902 δξξξξηοτ
2403 796 2602 858 "oeten
2637 810 2825 865 passus
2862 804 2963 860 sub
2991 776 3187 870 Pontio
3217 776 3433 893 ῥίῖξῖιῖξ

2151 885 2335 981 postea
2375 896 2535 981 quam
2592 893 2889 950 resurrexit
2920 912 2951 954 a
2997 868 3442 977 mortuis,
3462 868 3556 981 ‘a‘;

1969 960 2244 1071 dexteram
2275 970 2445 1071 Patris
2478 993 2491 1030 :
2523 991 2718 1050 corpus
2763 994 2942 1045 autem
2991 960 3239 1066 ejusest

1971 1066 2596 1179 183:3:Dllllld,.8t?ti
2632 1083 2743 1134 toto
2762 1082 2913 1179 orbe
2957 1086 3186 1161 dili‘usa;
3220 1113 3319 1157 nec
3346 1119 3409 1160 ea
3436 1057 3558 1179 qua;

1971 1161 2228 1272 2:120:81
2260 1154 2315 1211 in
2355 1158 2659 1264 hominibus
2684 1172 2775 1239 qui
2807 1190 3123 1244 praesentem
3162 1154 3322 1249 vitam
3350 1154 3532 1272 vii—gn:

283 1273 547 1327 nunquam
577 1258 911 1312 recedamus.
942 1255 1323 1311 Patrimonium
1356 1260 1594 1308 nostrum
1626 1252 1739 1321 ipse
1772 1250 1861 1316 sit,

281 1365 400 1417 spes
444 1357 629 1404 nostra
678 1349 793 1420 ipse
835 1349 923 1414 sit,
963 1348 1107 1402 salus
1147 1355 1324 1401 nostra
1370 1346 1484 1415 ipse
1521 1344 1607 1399 sit.
1634 1344 1751 1415 ipse
1780 1341 1865 1398 hic

281 1442 602 1507 coiisolator,
632 1440 704 1495 ibi
745 1448 1073 1503 munerator,
1108 1439 1309 1508 ubique
1340 1435 1637 1491 viviﬁcator
1662 1442 1718 1491 et
1742 1432 1866 1488 vitae

282 1534 450 1597 datur;
479 1548 586 1587 non
612 1533 829 1587 alterius
855 1534 996 1592 vitae.
1019 1531 1115 1587 sed
1147 1530 1287 1586 illius
1307 1528 1377 1585 de
1400 1544 1501 1599 qua
1532 1528 1730 1583 dictum
1759 1532 1862 1593 est,

284 1624 391 1696 Ego
416 1641 531 1679 smn
558 1625 640 1679 via
667 1634 713 1678 et
741 1625 923 1679 ver-itas
951 1634 997 1677 et
1022 1624 1124 1677 vita
1147 1622 1326 1693 (locis.
1351 1634 1466 1679 xiv.
1492 1619 1548 1690 6)
1572 1637 1585 1672 :
1610 1626 1671 1673 ut
1697 1627 1751 1672 et
1779 1615 1867 1672 hic

1973 1240 2070 1354 sed
2087 1242 2290 1354 adeam
2319 1250 2703 1354 pertinentibus
2731 1240 2889 1322 etiam
2916 1264 3008 1327 ’his
3054 1279 3141 1348 qui
3173 1240 3561 1354 rogauit;

1974 1345 2095 1445 nos,
2117 1343 2177 1445 et
2205 1336 2301 1445 llis.
2326 1344 2414 1412 qui
2437 1344 2618 1445 .futurl
2646 1365 2771 1409 sunt
2801 1370 2917 1427 post
2962 1336 3560 1445 nos-usque
3594 1355 3612 1405 δ

1972 1426 2187 1537 siculi.
2207 1428 2350 1537 Tota
2362 1448 2504 1537 enim
2529 1439 2765 1501 Ecclesnt
2790 1460 3043 1514 constans
3068 1476 3134 1518 ex
3153 1464 3401 1530 omnibus
3423 1475 3562 1535 ﬁde-
3593 1470 3606 1537 ἦ

1974 1513 2135 1631 libus,
2167 1523 2288 1592 quia
2316 1526 2501 1587 fideles
2526 1548 2715 1594 omnes
2741 1546 2980 1606 membra
3009 1513 3134 1610 sunt

285 1718 334 1772 in
372 1717 580 1772 lumine
629 1716 774 1783 ﬁdei,
812 1723 869 1771 et
908 1716 979 1770 ibi
1029 1715 1081 1769 in
1129 1715 1327 1769 lumine
1369 1712 1586 1782 speciei,
1614 1719 1866 1781 tanquam

285 1812 334 1867 iu
376 1811 581 1867 lumine
623 1810 932 1875 viventium,
977 1809 1030 1864 in
1060 1818 1349 1879 conspectu
1396 1804 1604 1861 Domini
1650 1803 1865 1875 placea-

293 2027 1846 2054 _—_____—____________————-—

731 2134 815 2197 IN
852 2124 1237 2196 'PSALMUM
1278 2114 1417 2194 L'VI

870 2274 1294 2332 ENARRATIO.

810 2424 979 2467 εειωο
1018 2425 1085 2464 Δί)
1116 2423 1341 2463 ΡιεΒΕΙ.

348 2547 400 2604 l.
439 2545 759 2620 Audivimus
798 2545 852 2600 in
884 2542 1176 2613 Evangelia
1205 2541 1387 2608 modo,
1432 2540 1663 2606 fratres,
1693 2553 1867 2611 quan-

284 2646 386 2695 tum
434 2652 534 2693 nos
581 2636 766 2707 diligat
820 2634 1071 2691 Dominus
1109 2642 1165 2690 et
1200 2632 1446 2690 Salvator
1493 2641 1676 2686 noster
1711 2630 1868 2687 Iesus

283 2731 542 2798 Christus,
588 2729 732 2787 Deus
774 2727 915 2799 apud
956 2728 1190 2792 Patrem,
1248 2726 1411 2782 homo
1452 2725 1589 2795 apud
1641 2739 1760 2792 nos,
1798 2739 1868 2779 ex

281 2825 427 2879 nobis
454 2821 609 2894 ipsis,
635 2823 744 2892 jam
769 2820 912 2877 circa
939 2820 1211 2876 dexteram
1240 2819 1432 2886 Patris,
1459 2818 1685 2874 audistis
1701 2831 1868 2888 quan-

282 2926 384 2972 tum
428 2931 533 2972 nos
572 2915 777 2986 diligat.
809 2913 940 2970 Nam
990 2928 1103 2968 sua:
1142 2912 1418 2969 eliaritatis
1457 2925 1783 2977 mensuram,
1812 2918 1869 2967 et

281 3009 389 3080 ipse
414 3008 571 3074 dixit,
602 3017 658 3064 et
686 3006 841 3062 nobis
892 3005 1102 3071 indixit,
1149 3004 1454 3061 inlaudatum
1500 3020 1654 3059 suum
1679 3003 1867 3059 dicens

277 3114 388 3155 esse
415 3107 479 3156 ut
505 3113 606 3155 nos
630 3098 856 3153 invicem
881 3096 1161 3167 diligamus
1187 3093 1364 3167 (Joan.
1395 3111 1510 3160 xtu,
1542 3095 1611 3152 54
1630 3095 1670 3166 ).
1696 3095 1765 3151 Et
1794 3110 1862 3150 ne

277 3205 639 3263 quaereremus
686 3189 991 3245 dubitantes
1037 3196 1092 3244 et
1131 3194 1421 3242 manantes
1463 3194 1717 3256 quantum
1763 3201 1865 3241 nos

279 3285 564 3341 debeamus
594 3283 820 3338 invicem
863 3280 1114 3351 diligere,
1153 3287 1459 3349 quantaque
1509 3278 1597 3333 illa
1642 3277 1711 3332 sit
1745 3292 1866 3347 quae

279 3378 379 3433 Deo
403 3377 580 3450 placet
604 3374 884 3433 charitatis
915 3372 1150 3444 perfecta
1170 3386 1443 3438 mensura,
1472 3385 1537 3425 ea
1565 3370 1707 3426 enim
1738 3385 1864 3440 per-

276 3469 403 3524 fecta
428 3477 533 3534 est,
566 3482 671 3540 qua
704 3466 874 3538 major
898 3480 1017 3521 esse
1047 3480 1155 3520 non
1183 3471 1396 3535 potest,
1428 3463 1691 3532 expressit
1718 3464 1861 3530 ipse,

276 3561 469 3627 docuit,
517 3569 573 3616 et
609 3558 686 3614 ait
715 3576 732 3614 :
761 3556 1018 3629 Majorem
1060 3556 1155 3611 hac
1180 3555 1476 3613 charitatem
1517 3571 1660 3609 nemo
1693 3554 1861 3623 habet,

275 3670 418 3723 quam
443 3661 503 3709 ut
526 3652 752 3707 animum
778 3668 924 3707 suam
950 3650 1063 3721 quis
1082 3659 1240 3720 ponat
1275 3664 1368 3720 pro
1392 3648 1567 3702 criticis
1590 3649 1695 3704 suis
1720 3647 1742 3721 (
1772 3646 1860 3707 Id.

276 3762 359 3813 xv,
390 3746 507 3819 1'2).
536 3744 687 3801 Fecit
730 3746 845 3815 ipse
891 3744 1034 3816 quod
1082 3742 1296 3808 docuit,
1326 3741 1570 3798 fecerunt
1617 3743 1862 3811 Apostoli

276 3838 411 3910 quod
440 3836 624 3893 abillo
653 3835 974 3902 didicerunt,
1011 3842 1067 3891 et
1092 3834 1245 3889 nobis
1282 3832 1576 3889 faciendum
1603 3833 1861 3903 praedica-

276 3938 481 3986 verunt.
528 3928 812 3985 Faciamus
840 3935 895 3981 et
923 3941 1050 3993 nos;
1080 3926 1205 3997 quia
1231 3926 1334 3981 etsi
1364 3940 1472 3980 non
1503 3939 1695 3989 sumus
1720 3924 1862 3997 quod

276 4025 357 4079 ille
384 4022 679 4080 secundum
714 4020 769 4077 id
800 4019 941 4092 quod
978 4020 1181 4077 creavit
1219 4033 1354 4085 nos,
1397 4018 1539 4090 quod
1568 4018 1657 4073 ille
1685 4026 1861 4075 tamen

276 4130 454 4172 sumus
491 4112 789 4171 secundum
819 4111 873 4168 id
901 4111 1043 4184 quod
1072 4110 1243 4166 factus
1283 4117 1367 4165 est
1396 4102 1617 4187 propter
1649 4124 1766 4165 nos.
1796 4110 1863 4165 Et

277 4210 319 4264 si
342 4211 487 4265 solus
509 4208 745 4270 iecisset,
775 4205 916 4263 forte
943 4219 1103 4260 nemo
1127 4212 1371 4259 nostrum
1420 4201 1640 4258 deberet
1664 4201 1862 4258 audere

277 4302 495 4367 imitari;
526 4300 596 4355 ita
618 4300 761 4355 enim
788 4297 880 4353 ille
901 4296 1062 4351 homo
1084 4302 1220 4364 erat,
1248 4304 1304 4349 ut
1324 4300 1378 4349 et
1402 4293 1541 4348 Dens
1561 4302 1739 4349 esset:
1765 4294 1861 4351 sed

278 4392 325 4452 in
345 4408 407 4449 eo
430 4390 575 4464 quod
602 4390 762 4445 homo
786 4396 921 4452 erat,
955 4386 1144 4441 imitati
1166 4393 1291 4441 sunt
1315 4384 1455 4439 servi
1482 4383 1784 4448 Dominum,
1806 4394 1861 4440 et

276 4484 514 4558 discipuli
538 4483 872 4554 Magistrum,
900 4487 954 4535 et
980 4478 1221 4555 fecerunt
1240 4476 1331 4548 qui
1352 4491 1448 4531 nos
1471 4484 1861 4547 praecesserunt

277 4578 326 4631 in
353 4576 550 4631 familia
591 4574 793 4643 ipsius,
824 4579 1001 4642 patres
1046 4569 1261 4639 quidem
1302 4567 1492 4633 nostri,
1538 4567 1631 4623 sed
1681 4575 1858 4625 tamen

275 4668 515 4724 conservi
543 4666 739 4729 nostri;
766 4678 941 4733 neque
966 4664 1258 4735 imperaret
1287 4660 1388 4717 hoc
1416 4661 1556 4729 Deus
1585 4659 1862 4717 utfacerec

274 4775 406 4825 mus,
434 4759 481 4814 si
508 4755 838 4828 impossibile
856 4753 1118 4826 judicare!
1148 4760 1204 4806 ut
1224 4751 1326 4806 hoc
1345 4752 1413 4806 ab
1433 4749 1651 4806 homine
1684 4750 1857 4807 ﬁeret.

274 4852 371 4909 Sed
399 4850 752 4909 considerans
776 4848 1139 4903 inﬁrmitatem
1168 4854 1334 4908 tuam,
1375 4843 1557 4898 deﬁcis
1583 4843 1683 4898 sub
1721 4860 1858 4914 prte-

272 4945 456 5019 cepto?
482 4940 800 4998 Confortare
840 4942 893 4995 in
941 4937 1204 5007 exemplo.
1236 4934 1343 4991 Sed
1369 4935 1529 4990 etiam
1557 4936 1860 5005 exemplum

272 5035 331 5089 ad
364 5046 412 5093 te
442 5030 669 5090 multum
698 5030 825 5089 est?
852 5031 1018 5087 Adest
1040 5031 1129 5086 ille
1155 5029 1243 5102 qui
1269 5025 1497 5103 praebuit
1518 5029 1854 5101 exemplum,

271 5127 573 5200 utprrebeat
595 5134 650 5181 et
666 5124 943 5181 auxilium.
964 5121 1255 5177 Audiamus
1280 5135 1408 5193 ergo
1422 5119 1473 5173 in
1489 5120 1590 5174 isto
1613 5121 1856 5190 psalmo:

270 5229 560 5291 opportune
584 5232 816 5288 namque
843 5215 1055 5282 accidit,
1085 5223 1138 5270 et
1181 5213 1273 5267 illo
1317 5220 1659 5283 procurante,
1709 5222 1768 5268 ut
1808 5213 1858 5270 ei

271 5318 585 5366 consonaret
612 5308 987 5381 Evangelium,
1010 5304 1393 5362 commendans
1424 5305 1577 5359 nobis
1607 5305 1856 5361 dilectio-

271 5416 385 5459 nem
416 5401 634 5468 Christi,
667 5401 757 5472 qui
789 5400 1021 5454 animam
1054 5412 1206 5453 suam
1252 5397 1431 5469 posuit
1472 5411 1568 5467 pro
1599 5397 1773 5463 nobis,
1800 5405 1858 5453 ut

269 5503 320 5548 et
346 5510 442 5549 nos
460 5494 692 5549 animam
712 5501 947 5550 nostram
968 5506 1063 5563 pro
1088 5488 1339 5544 fratribus
1352 5503 1610 5561 ponamus
1630 5489 1671 5560 (Ι
1695 5488 1854 5545 Joan.

176 5609 185 5613 -
271 5601 342 5651 nt,
373 5588 479 5658 l6).
536 5584 893 5642 Concordavit
936 5591 990 5637 et
1028 5579 1311 5637 consonuit
1356 5578 1480 5635 huic
1526 5579 1754 5651 psalmo,
1800 5589 1858 5636 ut

271 5679 540 5735 rideamus
590 5676 859 5749 quomodo
908 5676 1022 5746 ipse
1070 5674 1326 5730 Dominus
1380 5682 1566 5727 noster
1613 5673 1847 5729 animam

263 5836 509 5958 ww
552 5834 814 5899 desperare
837 5845 935 5883 non
955 5831 1213 5883 debemus.
1240 5837 1296 5881 Αι
1328 5837 1455 5893 Mss,
1486 5829 1748 5894 desperare
1769 5842 1857 5881 au-

2361 1625 2590 1692 positum
2618 1631 2671 1686 in
2698 1639 2852 1694 ctelis
2878 1645 3021 1712 quod
3065 1609 3564 1736 guuéiii'iichgg
3597 1609 3605 1681 ἓ

1971 1719 2159 1817 suum;
2182 1714 2289 1817 etsi
2315 1730 2616 1788 separatum
2642 1738 2725 1785 est
2746 1733 2969 1803 visione,
2997 1714 3092 1798 sed
3113 1714 3562 1817 annectitur

1971 1802 2147 1921 ritate.
2179 1802 2311 1873 Quia
2340 1824 2470 1883 ergo
2485 1822 2637 1921 .totus
2679 1819 2921 1885 Christus
2951 1845 3110 1903 caput

1973 1909 2125 2003 eius;
2160 1912 2440 2003 propterea
2484 1908 2537 1964 in
2582 1915 2832 1975 omnibus
2876 1920 3107 1984 Psalmis
3154 1932 3232 1989 sic
3282 1908 3562 2003 audiamus

1973 1993 2364 2103 voces'capitis,
2412 2011 2471 2056 ut
2512 2004 2794 2068 audiamus
2823 2022 2877 2070 et
2902 2032 3063 2077 voces
3091 1993 3566 2099 corporis—linit;

1975 2828 1986 2840 .
2028 2736 2096 2840 Δ2.
2145 2735 2320 2840 [vers
2346 2744 2396 2798 1.
2483 2747 2614 2840 Quia
2654 2766 2782 2823 ergo
2813 2759 3111 2825 passionem
3144 2766 3353 2826 Domini
3383 2735 3566 2835 cantat

1974 2833 2090 2934 iste.
2121 2833 2377 2934 psalmus.
2408 2836 2531 2894 vide
2568 2857 2724 2910 quem
2769 2846 2979 2904 titulum
3005 2853 3218 2913 babeat
3245 2878 3263 2916 :
3290 2860 3358 2917 In
3386 2833 3561 2934 linem.

1972 2918 2121 3027 ginis
2142 2922 2383 3027 Christus
2407 2937 2488 2983 est
2520 2930 2695 3027 (Rom.
2728 2953 2782 3004 x,
2807 2941 2882 3011 4).
2914 2943 3092 3012 Quare
3107 2948 3280 3009 dictus

1971 3009 2088 3109 Non
2116 3015 2203 3084 qui
2248 3030 2547 3109 consumat,
2580 3025 2672 3079 sed
2714 3030 2803 3097 qui
2843 3009 3202 3096 consummet.
3233 3009 3564 3109 Conso-mere

1972 3106 2133 3201 enim.
2168 3108 2391 3178 perdere
2421 3122 2504 3168 est
2531 3134 2545 3171 :
2571 3132 2966 3193 consummare,
2998 3130 3275 3201 perﬁcere.
3327 3106 3563 3200 Finitimi

1971 3199 2113 3300 enim
2132 3200 2388 3300 quidquid
2415 3204 2665 3277 dicimus,
2695 3227 2727 3267 a
2754 3214 2856 3269 line
2884 3199 3133 3279 dicimus.
3165 3225 3270 3283 Sed
3296 3230 3455 3289 aliter
3477 3199 3564 3291 die

1971 3290 2164 3382 cimus,
2196 3290 2404 3382 Finitus
2436 3306 2519 3352 est
2568 3302 2756 3368 panis;
2788 3305 2946 3363 aliter
2982 3309 3230 3382 dicimus,
3280 3318 3453 3377 Finita
3482 3334 3564 3381 est

1972 3381 2149 3477 tunica
2174 3400 2186 3436 :
2216 3381 2397 3439 ﬁnitus
2426 3398 2509 3442 est
2530 3392 2683 3458 panis
2703 3396 2791 3464 qui
2829 3399 3270 3477 manducabatur,
3305 3409 3450 3470 ﬁnita
3479 3425 3563 3473 est

1972 3474 2148 3531 tunica
2174 3494 2293 3547 qum
2314 3481 2591 3538 texebatur
2622 3504 2634 3539 :
2664 3490 2815 3556 panis
2840 3508 2971 3569 ergo
3002 3495 3181 3555 ﬁnitus
3206 3474 3290 3559 est
3335 3514 3392 3563 ut
3427 3484 3562 3565 con-

1969 3580 2291 3675 sumeretur,
2316 3575 2509 3675 tunica-
2522 3577 2668 3635 tiuita
2692 3593 2772 3637 est
2789 3586 3229 3657 utperﬁceretur.
3259 3596 3404 3656 Finis
3430 3616 3563 3675 ergo

1971 3663 2225 3730 propositi
2259 3667 2424 3721 nostri
2452 3667 2698 3727 Christus
2736 3684 2856 3740 est;
2896 3679 3018 3753 quia
3049 3689 3438 3753 quantumlibet
3464 3663 3561 3749 «:3.

1969 3767 2177 3851 nemur,
2210 3755 2261 3810 in
2292 3756 2385 3851 illo
2431 3760 2759 3831 perﬁcimur,
2798 3776 2853 3822 et
2901 3768 2968 3824 ab
3001 3770 3092 3827 illo
3120 3777 3460 3851 perficimur;
3506 3795 3562 3843 et

1966 3845 2085 3901 hzrc
2111 3859 2197 3903 est
2245 3849 2505 3920 perfectio
2544 3865 2724 3911 nostra
2753 3900 2768 3929 ,
2812 3859 2878 3914 ad
2916 3860 3065 3920 illttm
3108 3840 3391 3938 pet-venire
3422 3840 3561 3935 {sed

1968 3957 2088 3997 eum
2117 3944 2182 3998 ad
2206 3944 2353 4001 illum
2387 3952 2712 4021 perveneris,
2744 3954 2879 4011 ultra
2910 3974 3016 4014 non
3039 3964 3261 4035 quaeris;
3290 3965 3412 4025 ﬁnis
3439 3977 3561 4029 tuus

1968 4045 2069 4091 est.
2100 4035 2381 4104 Quomodo
2405 4043 2549 4099 enim
2569 4044 2690 4101 ﬁnis
2716 4049 2814 4104 viae
2839 4052 3114 4112 “13310008
3141 4066 3228 4113 est
3240 4032 3558 4137 qunteiidis;

1968 4144 2073 4199 quo
2107 4145 2230 4186 cum
2276 4137 2603 4201 perveneris,
2644 4137 2756 4207 jam
2801 4143 3044 4199 manebis
3075 4163 3087 4199 :
3117 4147 3195 4202 sic
3235 4123 3357 4206 ﬁnis
3396 4123 3557 4211 studii

1968 4221 2063 4288 tui,
2093 4224 2363 4315 prepositi
2400 4227 2495 4292 tui,
2546 4239 2769 4315 conatus
2800 4234 2897 4311 tui,
2949 4236 3259 4295 intentionis
3299 4253 3422 4311 tuae,
3469 4248 3555 4303 ille

1966 4318 2050 4364 est
2070 4310 2319 4403 adquem
2358 4310 2577 4384 tendis;
2605 4310 2670 4373 ad
2703 4310 2861 4390 quem
2906 4339 3026 4380 cum
3062 4334 3394 4403 perveneris,
3410 4310 3557 4394 ultra

1966 4416 2072 4457 non
2120 4401 2485 4472 desiderabis,
2537 4409 2659 4477 quia
2709 4413 2900 4468 melius
2953 4416 3084 4472 nihil
3137 4401 3385 4480 habebis.»
3439 4426 3559 4499 Ipse

1966 4511 2094 4566 ergo
2122 4504 2178 4552 et
2223 4499 2528 4583 exemplum
2581 4503 2737 4558 nobis
2775 4506 2987 4564 vivendi
3036 4515 3313 4584 proposuit
3352 4515 3407 4574 in
3456 4517 3559 4579 hac

1965 4589 2094 4652 vita,
2126 4598 2180 4644 et
2201 4589 2479 4660 praemium
2504 4593 2715 4652 vivendi
2737 4592 2887 4655 dabit
2915 4600 2967 4656 in
2999 4601 3179 4661 futura.
3194 4607 3320 4664 vita.

2036 4679 2089 4735 3.
2133 4677 2197 4735 In
2232 4681 2404 4751 ﬁnem,
2436 4700 2499 4737 ne
2544 4702 2839 4759 corrumpas
2882 4692 2983 4764 ipsi
3024 4694 3191 4752 David
3223 4698 3277 4755 in
3316 4676 3452 4759 tituli
3473 4706 3559 4762 in-

1965 4770 2310 4862 scriptionem,
2353 4788 2467 4827 cum
2498 4777 2694 4851 fugeret
2731 4796 2761 4832 a
2806 4783 2937 4852 facie
2980 4783 3112 4841 Sat'il
3154 4788 3209 4858 in
3239 4792 3555 4862 speluncam.

1964 4860 2282 4919 Referentes
2310 4878 2408 4921 nos
2452 4864 2518 4921 ad
2568 4879 2806 4925 sanctam
2857 4871 3211 4950 Scripturam,
3258 4860 3562 4949 invenimus

1965 4954 2179 5048 quidem
2226 4964 2469 5012 sanetum
2508 4957 2672 5015 David
2723 4961 2869 5017 illum
2915 4980 3094 5038 regem
3122 4968 3319 5040 Israel,
3360 4990 3425 5030 ex
3452 4991 3558 5048 quo

1965 5047 2124 5102 etiam
2156 5063 2355 5104 nomen
2384 5051 2585 5122 accepit
2637 5051 2952 5112 Psalterium
3003 5058 3330 5133 Davidicum,
3368 5081 3557 5138 perse-

1964 5150 2203 5197 cutorem
2234 5155 2445 5212 passum
2485 5144 2647 5201 fuisse
2698 5144 2914 5206 Saﬁlem
2964 5168 3141 5225 regem
3185 5156 3351 5227 ipsius
3374 5161 3556 5231 populi

1969 5233 2191 5306 (lReg.
2221 5250 2366 5300 xxiv,
2407 5236 2501 5292 1-4
2527 5234 2580 5309 ),
2609 5238 2747 5297 sicut
2787 5244 2940 5300 multi
2989 5258 3221 5302 vestrum
3270 5263 3552 5327 noverunt,

1963 5328 2055 5399 qui
2085 5328 2389 5398 Scripturas
2431 5330 2517 5384 vel
2568 5334 2858 5404 attigerunt
2901 5337 2981 5392 vel
3017 5338 3318 5395 audierunt.
3359 5341 3557 5402 Habuit

1964 5433 2092 5488 ergo
2140 5427 2534 5487 persecutorem
2572 5421 2787 5479 Saulem
2819 5442 2911 5481 rex
2939 5427 3103 5482 David
3136 5445 3149 5482 :
3177 5441 3232 5485 et
3258 5446 3379 5486 cum
3410 5445 3557 5493 esset

1963 5512 2053 5567 ille
2081 5511 2413 5580 mitissimus,
2438 5498 2535 5570 ille
2561 5516 2960 5585 ferocissimus;
2985 5519 3075 5575 ille
3102 5522 3258 5595 lenis,
3289 5523 3381 5581 ille
3411 5526 3555 5584 invi-

1961 5603 2092 5668 dus;
2128 5602 2216 5657 ille
2255 5603 2484 5673 patiens,
2528 5607 2619 5662 ille
2660 5608 2933 5674 crudelis;
2980 5610 3069 5667 ille
3112 5611 3417 5683 beneﬁcus,
3466 5619 3557 5678 ille

1963 5698 2234 5767 ingratus;
2261 5699 2477 5767 pertulit
2501 5715 2621 5754 eum
2652 5710 2792 5755 tanta
2825 5700 3062 5770 lenitate,
3094 5715 3153 5760 ut
3178 5722 3297 5764 cum
3316 5725 3437 5766 eum
3460 5727 3555 5769 ac-

1963 5789 2193 5857 cirpisset
2221 5789 2272 5843 in
2306 5804 2513 5857 manus,
2548 5808 2654 5846 non
2678 5791 2827 5846 illum
2856 5794 3133 5865 attigisset,
3168 5814 3272 5854 non
3303 5802 3550 5862 lzesisset.

1966 5881 2186 5954 Accepit
2207 5882 2350 5940 enim
2379 5898 2408 5939 a
2437 5882 2662 5940 Domino
2700 5884 2809 5941 Deo
2834 5894 3171 5960 potestatem,
3196 5901 3257 5948 ut
3297 5892 3345 5950 si
3368 5894 3550 5967 vellet,
