4042 6494
445 325 552 383 663

445 461 714 520 occideret
739 460 954 518 Saﬁlem
981 460 1097 532 ipse
1121 459 1325 538 David;
1354 467 1408 518 et
1425 459 1596 532 elegit
1619 474 1840 531 parcere
1866 474 2027 532 quam

445 553 710 608 occidere.
740 552 834 608 llle
859 563 1038 609 autem
1063 567 1166 610 nec
1195 554 1286 609 tali
1333 552 1592 609 beneficio
1617 553 1790 608 victus
1830 561 1934 621 est,
1971 560 2029 608 ut

444 646 716 702 desineret
760 648 1032 718 persequi.
1082 646 1385 704 invenimus
1421 661 1564 718 ergo
1611 646 1702 702 illo
1754 655 2024 718 tempore,

443 739 654 810 quando
680 739 805 796 Saul
832 740 995 796 David
1030 741 1465 812 persequebatur,
1510 754 1688 810 regem
1712 739 1947 795 futurum
1972 748 2027 796 et

441 830 878 900 praedestinatum
919 847 1014 887 rex
1059 831 1169 903 jam
1220 831 1552 903 reprobatus,
1582 830 1722 902 quod
1753 831 1954 906 fugerit
1993 845 2025 888 a

442 921 577 978 facie
603 921 728 978 Saﬁl
757 924 809 978 in
835 923 1141 994 speluncam
1167 912 1281 995 ipse
1304 923 1491 980 David.
1517 922 1654 992 Quid
1681 939 1808 996 ergo
1837 925 1936 980 hoc
1955 923 2022 980 ad

441 1014 754 1070 Christum?
783 1015 839 1072 Si
857 1011 1042 1072 ‘omnia
1059 1031 1179 1087 qua;
1206 1025 1330 1092 tunc
1341 1015 1651 1088 agebantur,
1670 1016 1849 1088 figurae
1868 1024 2022 1074 erant

438 1105 758 1179 futurorum,
782 1111 1079 1167 invenimus
1105 1110 1178 1166 ibi
1197 1110 1486 1177 Christum,
1512 1119 1568 1167 et
1589 1112 1755 1166 multo
1771 1111 2019 1168 maxime.

437 1199 571 1255 Nam
598 1201 746 1268 illud,
788 1201 872 1256 Ne
917 1218 1210 1273 corrumpas
1237 1203 1291 1256 in
1321 1203 1455 1257 tituli
1486 1203 1884 1274 inscriptionem,
1913 1218 2020 1261 non

436 1294 591 1350 video
615 1295 881 1365 quomodo
906 1295 1167 1365 pertineat
1213 1295 1280 1350 ad
1325 1295 1476 1350 illum
1522 1296 1707 1351 David.
1735 1296 1849 1353 Non
1876 1299 2018 1356 enim

435 1387 628 1459 aliquis
658 1373 838 1443 titulus
866 1389 1150 1458 inscriptus
1177 1397 1292 1445 erat
1320 1388 1421 1458 ipsi
1448 1389 1634 1457 David,
1658 1405 1815 1460 quem
1853 1391 2020 1447 voluit

433 1493 774 1550 corrumpere
800 1479 945 1535 Saﬁl.
978 1479 1229 1536 Videmus
1249 1488 1426 1535 autem
1456 1481 1509 1535 in
1533 1482 1781 1553 passione
1806 1482 2016 1540 Domini

404 1565 407 1568 ’
436 1574 689 1644 scriptum
715 1573 879 1630 fuisse
909 1575 1116 1630 titulum
1138 1617 1154 1642 ,
1183 1574 1294 1630 Rex
1321 1574 1619 1631 Iudaeorum
1649 1586 1746 1643 ;ut
1764 1578 1854 1634 ille
1890 1579 2017 1634 titu-

431 1666 515 1721 lus
558 1667 904 1738 exprobraret
932 1667 1163 1724 frontem
1201 1668 1475 1740 ipsorum,
1503 1671 1644 1741 quod
1689 1685 1720 1726 a
1767 1686 1893 1743 rege
1919 1688 2018 1729 suo

429 1773 620 1813 manus
664 1773 772 1813 non
816 1758 1206 1815 abstinuerunt.
1251 1759 1310 1815 ln
1350 1761 1457 1816 illis
1482 1763 1622 1817 enim
1650 1762 1776 1818 Saul
1801 1773 1935 1831 erat,
1961 1764 2015 1822 in

429 1848 644 1904 Christo
673 1850 837 1905 David
866 1860 999 1907 erat.
1021 1850 1264 1909 Christus
1291 1853 1452 1918 enim,
1479 1855 1612 1909 sicut
1641 1854 1770 1910 dicit
1794 1865 2015 1927 aposto-

429 1941 589 2004 licum
618 1942 989 2014 Evangelium,
1021 1953 1122 2012 est,
1151 1933 1290 2015 quod
1318 1945 1582 2014 novimus,
1609 1945 1751 2017 quod
1789 1949 2014 2006 conﬁte-

428 2050 568 2102 mur,
601 2051 663 2089 ea:
681 2036 866 2090 semine
886 2035 1054 2091 David
1081 2037 1358 2092 secundum
1378 2055 1580 2094 carnem
1612 2040 1790 2112 (Rom.
1823 2057 1861 2110 1,
1893 2042 1947 2108 5,
1967 2052 2014 2098 et

429 2126 615 2181 Matth.
645 2143 683 2196 1,
713 2127 769 2199 1)
804 2147 816 2183 :
847 2144 967 2183 nam
994 2129 1284 2185 secundum
1304 2130 1633 2188 divinitatem
1655 2148 1812 2203 supra
1826 2134 2010 2205 David,

425 2232 586 2287 supra
611 2233 797 2274 omnes
827 2210 1491 2291 homines,supracmlum
1513 2232 1567 2279 et
1602 2234 1820 2294 terram,
1851 2241 2013 2298 supra

425 2309 681 2379 Angelos,
737 2301 1381 2390 suprag‘omnia‘visibilia
1435 2324 1490 2371 et
1535 2317 1846 2385 invisibilia;
1889 2322 2012 2390 quia

355 2437 362 2444 ο
427 2402 604 2455 omnia
630 2417 727 2472 per
764 2387 938 2472 ipsum
968 2387 1275 2472 facta'sunt,
1304 2414 1354 2461 et
1401 2407 1516 2463 sine
1563 2409 1680 2478 ipso
1709 2409 1904 2466 factum
1929 2421 2014 2469 est

426 2480 558 2545 nihil
589 2490 769 2562 (Joan.
794 2508 831 2558 1,
863 2489 920 2561 5)
948 2509 961 2547 :
989 2492 1235 2564 dignatus
1265 2503 1440 2552 tamen
1469 2497 1636 2576 homo.
1674 2499 1790 2556 ﬁeri
1826 2517 1891 2557 ex
1920 2519 2009 2559 se-

423 2581 570 2637 mine
590 2583 755 2637 David
784 2583 850 2637 ad
881 2599 976 2639 nos
1004 2585 1183 2654 venit;
1213 2587 1333 2656 quia
1363 2587 1431 2643 de
1475 2590 1614 2645 tribu
1654 2591 1818 2648 David
1847 2603 2007 2653 natus

422 2685 525 2742 cst,
550 2676 689 2732 unde
727 2678 878 2749 virgo
902 2678 1064 2734 Maria
1089 2695 1207 2750 quas
1232 2682 1438 2750 peperit
1465 2680 1734 2739 Christum
1763 2686 1783 2756 (
1808 2686 1935 2742 Luc.
1967 2704 2005 2755 1,

421 2767 513 2838 27,
540 2777 588 2829 et
629 2784 686 2841 ιι,
733 2768 828 2844 Δ).
858 2769 1148 2842 lnscriptus
1190 2772 1366 2843 itaque
1402 2773 1584 2830 titulus
1619 2776 1709 2833 ille
1749 2786 1864 2845 est,
1897 2779 2010 2836 Rex

419 2865 740 2922 Judawrum.
791 2866 957 2934 Saul,
1013 2873 1070 2921 ut
1126 2864 1376 2932 diximus,
1433 2868 1659 2949 populus
1701 2869 2007 2930 Judmorum

393 2953 395 2956 ⁴
419 2967 564 3025 erat;
598 2958 764 3013 David
788 2959 1032 3014 Christus
1061 2966 1176 3014 erat
1201 2975 1214 3014 :
1237 2947 2000 3027 titulusibi,iRe.rJudworum.

419 3053 680 3124 lndignati
710 3061 833 3109 sunt
851 3036 1041 3118 Judaei,
1067 3053 1186 3122 quia
1214 3051 1501 3130 inscriptus
1517 3062 1632 3110 erat
1658 3055 1866 3125 titulus,
1893 3058 2007 3114 Rea:

417 3146 721 3200 Judworum
747 3164 766 3200 :
791 3145 980 3215 puduit
1025 3145 1143 3200 illos
1172 3144 1372 3201 habere
1400 3161 1578 3218 regem
1605 3162 1764 3220 quem
1792 3150 2004 3207 crucifi-

394 3242 545 3309 ‘gere
573 3244 876 3308 potuerunt.
908 3235 1022 3292 Non
1046 3237 1188 3292 enim
1216 3236 1465 3293 viderunt
1484 3239 1607 3309 quia
1634 3241 1748 3309 ipsa
1773 3255 1925 3311 crux,
1949 3243 2004 3300 in

394 3317 522 3399 qua
552 3344 672 3384 eum
711 3328 976 3395 fixerunt,
1017 3326 1194 3383 futura
1227 3337 1345 3384 erat
1387 3328 1442 3384 in
1489 3328 1752 3387 frontibus
1793 3349 2000 3406 regum.

397 3407 546 3477 Cum
569 3437 696 3490 ergo
725 3407 1124 3488 indignarentur
1150 3436 1219 3477 ex
1252 3420 1347 3477 illo
1378 3420 1552 3488 titulo,
1588 3422 1831 3480 adierunt
1857 3425 2000 3483 Pila-

416 3523 527 3570 tum
551 3513 808 3584 judicem,
838 3512 922 3568 cui
951 3512 1255 3569 obtulerant
1301 3511 1652 3570 occidendum
1689 3513 1960 3574 Christum
1981 3561 1997 3588 ,

414 3614 470 3662 et
494 3592 743 3660 dixerunt
767 3603 833 3658 ad
863 3619 1020 3659 eum:
1050 3601 1177 3658 Noli
1204 3603 1420 3661 scribere
1435 3605 1528 3673 sic,
1552 3603 1665 3662 Rea:
1677 3607 2000 3678 Judteorum;

411 3698 501 3752 sed
528 3696 685 3752 scribe
705 3697 824 3767 quia
850 3685 960 3766 ipse
983 3695 1110 3749 dixit
1138 3713 1192 3751 se
1230 3712 1397 3768 regem
1434 3713 1543 3752 esse
1576 3697 1894 3756 Judworum.
1930 3703 2001 3759 Et

415 3792 535 3863 quia
560 3791 668 3862 jam
699 3799 969 3846 cantatum
998 3797 1114 3845 erat
1141 3803 1237 3860 per
1265 3788 1519 3860 Spiritum
1543 3799 1807 3861 sanctum,
1837 3793 1907 3849 In
1933 3796 2001 3866 [i-
2059 3809 2062 3813 ·

413 3900 569 3949 nem;
611 3901 672 3939 ne
716 3900 1011 3954 corrumpas
1036 3884 1091 3937 in
1120 3883 1254 3937 tituli
1279 3883 1690 3953 inscriptionem,
1720 3889 2000 3958 respondit

413 3979 492 4035 eis
521 3959 740 4044 Pilatus,
777 3975 925 4044 Quod
945 3976 1126 4046 scripsi
1155 3975 1335 4046 scripsi
1361 3975 1381 4048 (
1407 3975 1564 4031 Joan.
1595 3992 1708 4045 ιιι,
1737 3979 1948 4054 19.22)
1977 3999 1993 4038 ε

397 4055 549 4148 quid
569 4057 698 4126 mihi
725 4067 1006 4141 suggeritis
1051 4067 1378 4124 falsitatem?
1417 4069 1530 4142 Ego
1573 4085 1682 4127 non
1708 4087 1995 4148 corrumpe

411 4147 706 4219 veritatem.

480 4257 538 4312 4.
577 4255 887 4311 Audivimus
908 4268 1034 4326 ergo
1059 4253 1186 4325 quid
1215 4253 1318 4311 sibi
1341 4253 1490 4322 velit,
1520 4254 1605 4313 Ne
1625 4273 1922 4330 corrumpas
1939 4263 1994 4316 in

411 4349 545 4404 tituli
562 4348 957 4418 inscriptionem.
989 4345 1124 4414 Quid
1153 4361 1280 4418 ergo
1305 4355 1408 4415 est,
1435 4345 1561 4404 Cum
1587 4353 1781 4421 fugeret
1803 4368 1836 4406 a
1863 4353 1995 4423 facie

393 4429 542 4498 sinu
570 4443 621 4497 in
637 4439 970 4511 speluncam?
993 4439 1148 4508 Quod
1175 4439 1389 4511 quidem
1415 4450 1469 4497 et
1506 4442 1673 4498 David
1711 4443 1802 4501 ille
1827 4445 1950 4503 fecit
1972 4465 1986 4503 ε

367 4533 370 4537 ’
407 4534 503 4589 sed
531 4534 651 4604 quia
677 4533 731 4588 in
762 4533 851 4587 illo
879 4547 985 4587 non
1026 4532 1327 4588 invenimus
1370 4533 1506 4588 tituli
1551 4533 1986 4608 inscriptionem,

363 4691 369 4698 _
406 4624 462 4678 in
509 4623 610 4679 hoc
638 4624 968 4678 inveniamus
999 4621 1175 4692 fugam
1227 4623 1278 4677 in
1326 4623 1655 4692 speluncam.
1683 4625 1993 4704 .Figurabat

407 4721 549 4776 enim
570 4718 765 4790 aliquid
794 4720 880 4774 iila
906 4719 1178 4790 spelunca,
1210 4733 1311 4789 qua
1339 4733 1397 4774 se
1424 4720 1554 4775 texit
1594 4720 1780 4777 David.
1812 4723 1990 4790 Quare

407 4819 588 4868 autem
614 4825 672 4866 se
701 4810 872 4865 texit?
898 4809 968 4867 Ut
990 4811 1367 4874 occultaretur,
1403 4818 1459 4865 et
1503 4826 1611 4866 non
1641 4811 1986 4872 inveniretur.

409 4903 548 4973 Quid
580 4910 662 4958 est
689 4903 897 4972 contegi
929 4901 1222 4973 spelunca?
1249 4901 1470 4972 Contegi
1510 4913 1671 4959 terra.
1717 4904 1818 4972 Qui
1846 4907 1988 4963 enim

405 4996 540 5067 fugit
593 4994 645 5049 in
698 4993 1028 5064 speluncam,
1067 5002 1209 5049 terra
1259 4994 1576 5065 contegitur,
1611 5010 1680 5051 ne
1724 4995 1986 5056 videatur.

406 5089 659 5146 Portabat
681 5094 858 5142 autem
880 5095 1072 5141 terram
1096 5084 1270 5152 Jesus,
1301 5101 1515 5143 carnem
1537 5103 1693 5159 quam
1711 5099 1990 5160 acceperat

406 5184 475 5240 de
505 5191 683 5248 terra;
715 5189 770 5236 et
791 5181 844 5234 in
873 5195 933 5234 ea
960 5193 1019 5234 se
1044 5178 1358 5244 occultabat,
1403 5195 1471 5236 ne
1495 5194 1522 5233 a
1550 5180 1749 5237 Judaeis
1779 5183 1986 5239 inveni-

405 5285 554 5333 retur
577 5276 738 5331 Deus.
766 5273 822 5329 Si
848 5273 990 5328 enim
1010 5273 1400 5343 cognovissent,
1420 5289 1687 5344 nunquam
1704 5275 1985 5332 Dominum

404 5370 588 5441 gloriae
612 5365 1001 5422 cruciﬁxissent
1036 5363 1078 5438 (l
1107 5363 1223 5420 Cor.
1249 5381 1307 5432 ιι,
1338 5364 1415 5437 8).
1445 5366 1618 5433 Quare
1648 5382 1776 5437 ergo
1803 5367 1986 5424 Domi-

404 5477 530 5517 num
547 5459 734 5531 glorim
759 5474 866 5515 non
892 5457 1243 5514 invenerunt?
1262 5458 1395 5526 Quia
1414 5459 1662 5530 spelunca
1682 5475 1741 5517 se
1763 5470 1983 5530 texerat,

404 5554 458 5609 id
475 5561 575 5619 est,
589 5551 765 5608 carnis
778 5550 1140 5607 infirmitatem
1155 5553 1324 5608 oculis
1336 5551 1636 5622 objiciebat,
1655 5553 1988 5624 majestatem

407 5655 582 5700 autem
608 5644 897 5698 divinitatis
927 5643 981 5698 in
1007 5644 1248 5715 corporis
1277 5645 1528 5715 tegmine,
1559 5653 1807 5715 tanquam
1831 5655 1986 5701 term

405 5736 587 5791 abdito
611 5737 939 5807 contegebat.
969 5735 1050 5791 llli
1077 5751 1203 5807 ergo
1231 5751 1334 5790 non
1371 5747 1754 5807 cognoscentes
1785 5737 1983 5806 Deum,

406 5825 786 5888 cruciﬁxcrunt
813 5826 1102 5886 hominem.
1136 5828 1245 5887 Nec
1269 5828 1405 5887 mori
1451 5827 1624 5898 potuit
1656 5829 1754 5886 nisi
1792 5830 1846 5885 in
1887 5829 1985 5887 ho-

1529 327 1540 334 κ
1645 296 1703 382 s.
1731 322 2097 383 AUGUSTINI
2135 325 2437 388 EPlSCOPl

3607 344 3716 408 ϐϐι

2133 464 2297 534 mine,
2329 482 2428 526 nec
2472 473 2707 546 crucifigi
2730 479 2903 549 potuit
2939 480 3045 542 nisi
3068 484 3135 555 in
3179 486 3433 563 homine;
3462 498 3590 570 quia
3613 518 3714 562 nec

2134 562 2302 665 teneri
2329 574 2510 633 posset
2536 567 2637 624 nisi
2661 571 2716 627 in
2740 571 2976 647 homine.
3002 578 3265 654 Opposuit
3299 562 3442 648 male
3461 562 3713 665 quaeren-

2131 651 2272 709 tibus
2302 662 2518 761 terram,
2548 663 2780 721 servavit
2799 665 2950 745 bene,
2962 651 3324 742 quarentibus
3340 651 3523 741 vitam.

2129 757 2256 815 ergo
2279 749 2570 806 secundum
2598 767 2814 813 carnem
2851 759 2906 816 in
2950 764 3258 834 speluncam
3299 785 3332 828 a
3375 772 3513 832 facie
3559 749 3708 838 Sail].

2126 833 2279 940 Quod
2304 837 2349 892 si
2374 848 2427 895 et
2449 841 2552 940 hoc
2576 846 2715 940 velis
2733 833 2999 924 accipere,
3032 855 3103 912 ita
3131 857 3416 922 Dominum
3439 833 3710 940 fugissein

2126 926 2434 1028 speluncam
2464 947 2494 988 a
2519 932 2656 1028 facie
2682 937 2832 1006 Saﬁl,
2861 944 2983 1014 quia
3023 961 3212 1017 passus
3233 962 3346 1022 est;
3375 926 3546 1028 usque
3571 926 3711 1020 adeo

2124 1021 2494 1116 se_occultavit
2516 1026 2744 1099 iudicis,
2777 1041 2835 1089 ut
2867 1044 2922 1091 et
2946 1052 3267 1102 moreretur.
3305 1021 3713 1116 Quantumlibet
3773 1114 3776 1115 ν

2124 1110 2266 1166 enim
2294 1116 2542 1174 saevirent
2560 1120 2612 1176 in
2634 1137 2754 1179 eum
2775 1124 2966 1197 Judaei,
2994 1130 3167 1191 donec
3188 1110 3508 1212 moreretur,
3531 1110 3712 1209 adhuc

2124 1203 2381 1309 putabant
2411 1225 2531 1266 eum
2563 1229 2721 1284 posse
2747 1217 2986 1290 liberari,
3013 1233 3066 1280 et
3089 1230 3377 1289 ostendere
3399 1203 3710 1309 aliquo

2121 1297 2306 1392 raeulo
2330 1301 2471 1370 quod
2498 1302 2664 1362 Filius
2695 1307 2790 1365 Dei
2816 1322 2978 1369 esset.
3009 1316 3124 1376 Hoc
3150 1324 3462 1391 praedictum
3488 1297 3615 1388 .erat
3651 1297 3710 1392 in

2121 1385 2257 1492 libro
2272 1392 2336 1447 Sa
2343 1393 2555 1463 pientite
2569 1415 2593 1466 _:
2624 1399 2791 1458 Morte
2815 1408 3105 1478 turpissima
3127 1385 3710 1495 ebndemnemusvillum:

2095 1483 2215 1559 erit
2254 1488 2384 1542 enim
2411 1503 2683 1562 respectus
2707 1496 2788 1552 illi
2820 1516 2883 1554 ea:
2921 1507 3231 1564 sermonibus
3273 1512 3436 1570 illius.
3482 1517 3545 1574 Si
3569 1483 3710 1577 enini

2119 1591 2232 1630 vere
2259 1579 2396 1647 ﬁlius
2421 1582 2519 1638 Dei
2543 1596 2634 1656 est,
2659 1593 2896 1664 suscipiet
2925 1596 3088 1666 illum,
3117 1609 3166 1656 et
3197 1603 3424 1662 liberabit
3462 1611 3609 1667 illum
3643 1615 3712 1670 de

2095 1671 2350 1735 ,manibus
2391 1682 2760 1739 contrariorum
2796 1686 2816 1760 (
2843 1688 2974 1760 Sap.
3003 1709 3059 1760 ιι,
3098 1694 3190 1765 20,
3213 1698 3282 1754 18
3398 1703 3532 1772 Quia
3573 1722 3708 1779 ergo

2119 1769 2546 1840 cruciligebatur,
2577 1783 2633 1831 et
2661 1793 2768 1834 non
2795 1780 3122 1843 liberabatur
3138 1831 3153 1858 ,
3177 1769 3707 1859 crediderunt‘illu'm

2119 1875 2224 1962 non
2247 1877 2366 1919 esse
2398 1865 2589 1922 Filium
2621 1871 2735 1927 Dei.
2773 1873 3060 1948 Propterea
3091 1882 3406 1946 insultantes
3445 1893 3708 1962 pendenti

2118 1951 2172 2055 ιιι
2203 1953 2379 2055 ligno,
2414 1966 2469 2012 et
2508 1971 2667 2055 caput
2710 1965 2994 2039 agitantes,
3041 1973 3292 2034 dicebant
3318 1980 3396 2036 illi
3424 1951 3532 2040 {Si
3563 1951 3710 2055 ﬁlius

2115 2043 2215 2149 Dei
2229 2065 2301 2118 es,
2331 2049 2577 2109 descende
2616 2056 2681 2111 de
2715 2074 2876 2122 cruce.
2910 2062 3053 2120 Alios
3078 2068 3244 2124 salvos
3275 2073 3394 2144 fecit
3414 2115 3429 2140 ,
3479 2043 3710 2149 «ipsum

2117 2141 2312 2198 salvare
2335 2161 2436 2201 non
2458 2158 2619 2218 potest
2649 2150 2861 2222 (Matth.
2897 2173 3076 2225 xxvn,
3103 2156 3210 2232 40,
3235 2141 3346 2237 Ε).
3379 2167 3483 2224 Ista
3515 2141 3710 2229 dicen-

2118 2240 2219 2302 tes,
2241 2234 2382 2290 sicut
2407 2248 2489 2294 est
2515 2240 2566 2294 in
2584 2241 2701 2312 ipso
2731 2244 2865 2303 libro
2891 2247 3200 2321 Sapientiae,
3229 2234 3337 2312 hac
3361 2264 3710 2334 cogitaverunt

2116 2336 2160 2381 et
2181 2342 2504 2398 erraverunt;
2533 2339 2797 2392 excaecauit
2812 2342 2944 2396 enim
2969 2343 3085 2400 illos
3110 2349 3306 2404 malitia
3338 2369 3514 2410 eorum
3542 2355 3706 2430 (Sap.

2113 2437 2172 2489 ιι,
2195 2420 2310 2494 21).
2326 2423 2462 2492 Quid
2475 2427 2616 2483 enim
2648 2445 2897 2502 magnum
2927 2447 3044 2492 erat
3069 2438 3135 2495 de
3155 2455 3314 2500 cruce
3339 2420 3706 2520 descendere,

2112 2517 2199 2571 cui
2253 2516 2408 2573 facile
2432 2519 2530 2574 fuit
2575 2521 2645 2578 de
2685 2525 2932 2595 sepulcro
2976 2531 3452 2604 resurgere?'Sed
3491 2516 3704 2613 quarei

2113 2625 2283 2683 usque
2326 2612 2393 2668 ad
2427 2625 2652 2672 mortem
2698 2620 2866 2676 voluit
2901 2637 3021 2679 esse
3063 2628 3308 2696 patiens?
3336 2631 3406 2688 Ut
3431 2612 3641 2706 fugeret
3669 2654 3704 2694 a

2112 2702 2248 2761 facie
2285 2705 2412 2762 Saitl
2438 2708 2492 2763 in
2521 2710 2853 2780 speluncam.
2902 2714 3116 2772 Etenim
3159 2721 3435 2791 spelunca,
3477 2702 3707 2786 inferior

2111 2812 2236 2869 pars
2265 2809 2420 2856 terra:
2449 2811 2625 2872 potest
2661 2806 2851 2877 accipi.
2894 2808 2961 2863 Et
2989 2819 3136 2868 certe
3167 2814 3313 2884 quod
3353 2819 3703 2881 manifestum

2108 2902 2212 2963 est,
2243 2904 2299 2952 et
2322 2904 2526 2953 certum
2560 2900 2829 2970 omnibus,
2853 2917 3074 2976 corpus
3113 2907 3229 2979 ejus
3269 2910 3322 2966 in
3353 2927 3706 2974 monumento

2108 2987 2341 3058 positum
2367 2998 2470 3058 est,
2510 2991 2651 3062 quod
2680 3002 2796 3048 erat
2836 2997 3076 3054 excisum
3117 3000 3172 3054 in
3201 3010 3374 3071 petra.
3418 3005 3532 3062 Hoc
3568 3023 3705 3081 ergo

2107 3089 2517 3138 monumentum
2545 3084 2796 3154 Spelunca
2825 3097 2941 3143 erat
2970 3107 2984 3144 :
3015 3090 3141 3147 illuc
3165 3091 3298 3165 fugit
3323 3111 3354 3150 a
3385 3095 3522 3154 facie
3541 3099 3698 3158 Saill.

2107 3174 2333 3233 Tamdiu
2363 3178 2506 3232 enim
2534 3180 2796 3249 persecuti
2813 3191 2938 3237 sunt
2961 3183 3108 3240 illum
3130 3184 3321 3257 Judaei,
3348 3193 3702 3265 quoadusque

2105 3279 2397 3341 poneretur
2422 3272 2476 3326 in
2506 3272 2781 3350 spelunca.
2813 3275 2965 3333 Unde
2989 3280 3283 3348 probamus
3307 3285 3450 3354 quod
3493 3289 3704 3348 tamdiu

2105 3363 2255 3420 illum
2283 3366 2550 3435 persecuti
2577 3375 2718 3434 sunt,
2751 3383 3032 3442 quousque
3057 3372 3128 3429 ibi
3167 3380 3496 3445 poneretur?
3519 3381 3702 3441 Etiam

2106 3465 2377 3513 mortuum
2409 3457 2462 3513 in
2494 3474 2652 3515 cruce
2688 3461 3010 3530 pendentem
3057 3466 3243 3525 lancea
3279 3471 3704 3536 vulneraverunt

2104 3547 2287 3620 (Joan.
2306 3566 2424 3618 xIx,
2450 3550 2568 3622 54).
2598 3553 2667 3608 At
2695 3553 2785 3609 ubi
2810 3553 3081 3615 involutus
3104 3569 3293 3619 curato
3335 3564 3523 3641 funere
3547 3571 3704 3641 posi-

2105 3653 2188 3700 tus
2219 3654 2301 3701 est
2328 3645 2380 3701 in
2412 3647 2687 3717 spelunca,
2711 3647 2822 3717 jam
2862 3650 2996 3706 nihil
3037 3639 3340 3712 habuerunt
3374 3661 3517 3731 quod
3540 3639 3699 3723 carni

2102 3735 2363 3792 facerent.
2396 3737 2707 3793 Resurrexit
2731 3754 2860 3811 ergo
2890 3741 3150 3800 Dominus
3189 3762 3254 3802 ex
3303 3748 3412 3805 illa"
3436 3752 3697 3823 spelunca

2101 3830 2323 3900 illtesus,
2351 3827 2710 3902 ineorruptus,
2742 3849 2849 3905 quo
2877 3834 3086 3908 fugerat
3110 3853 3139 3894 a
3169 3839 3305 3898 facie
3323 3843 3483 3913 Sani;
3511 3850 3700 3905 occul-

2101 3933 2219 3980 tans
2236 3939 2295 3982 se
2323 3925 2521 3995 impiis,
2550 3940 2686 3996 quos
2713 3927 3085 4001 praefigurabat
3124 3931 3272 4002 Saill,
3315 3939 3604 3998 ostendens
3627 3960 3698 4002 se

2098 4028 2276 4076 autem
2327 4019 2585 4076 membris
2630 4015 2780 4077 suis.
2814 4022 2950 4080 Nam
2999 4032 3328 4100 resurgentis
3363 4016 3604 4094 membra
3654 4055 3696 4098 ει

2096 4114 2354 4171 membris
2383 4114 2498 4186 ejus
2522 4116 2732 4187 palpata
2754 4126 2881 4174 sunt
2913 4136 2926 4173 :
2956 4111 3196 4178 membra
3223 4127 3365 4182 enim
3393 4129 3509 4200 ejus
3538 4133 3696 4204 Apo-

2095 4210 2232 4269 stol'L
2263 4209 2555 4281 tetigerunt
2603 4220 2996 4282 resurgentem,
3039 4225 3096 4271 et
3122 4203 3466 4277 crediderunt
3505 4221 3527 4296 (
3548 4203 3686 4284 Luc.

2097 4303 2410 4376 xxtv,59);
2457 4313 2512 4360 et
2553 4319 2680 4361 ecce
2727 4305 2862 4361 nihil
2906 4307 3105 4378 profuit
3145 4316 3445 4382 persecutio
3479 4318 3688 4378 Saulis.

2094 4399 2387 4456 Audiamus
2429 4413 2559 4469 ergo
2601 4397 2711 4468 jam
2744 4398 3048 4470 Psalmum,
3084 4403 3207 4474 quia
3251 4405 3318 4461 de
3369 4408 3521 4465 titulo
3564 4412 3694 4481 ejus

2093 4492 2224 4548 satis
2270 4489 2434 4548 locuti
2458 4505 2664 4559 sumus,
2694 4499 2950 4561 quantum
2981 4492 3242 4552 Dominus
3275 4496 3476 4557 donare
3502 4500 3695 4573 digna-

2092 4593 2180 4643 tus
2204 4592 2310 4644 est.
2893 4584 2897 4590 ’

2163 4680 2218 4735 5.
2247 4677 2398 4752 [vers.
2419 4676 2501 4751 2.]
2528 4677 2770 4735 Miserere
2791 4679 2908 4746 mei,
2940 4680 3099 4750 Deus,
3128 4685 3363 4742 miserere
3386 4689 3516 4757 mei,
3545 4705 3690 4759 quo-

2093 4771 2232 4826 niam
2253 4771 2308 4826 in
2334 4779 2381 4826 te
2399 4769 2612 4840 conﬁdit
2630 4771 2801 4825 anima
2825 4787 2956 4826 mea.
2983 4771 3226 4831 Christus
3249 4775 3301 4831 in
3328 4779 3574 4847 passione
3591 4782 3688 4837 di-

2092 4864 2187 4932 cit,
2220 4863 2461 4920 Miserere
2483 4863 2602 4930 mei,
2633 4861 2792 4918 Deus.
2822 4863 2935 4920 Deo
2957 4864 3098 4922 Deus
3123 4866 3270 4936 dicit,
3304 4869 3540 4950 Miserere
3557 4875 3686 4932 mei.

2093 4956 2197 5026 Qui
2226 4971 2346 5012 cum
2372 4956 2528 5011 Patre
2558 4955 2841 5012 miseretur
2866 4957 2973 5023 tui,
3005 4959 3059 5014 in
3091 4967 3142 5016 te
3175 4949 3410 5029 clamat,
3440 4963 3693 5024 Miserere

2092 5049 2211 5104 mei.
2241 5048 2452 5104 Etenim
2474 5048 2616 5119 quod
2642 5047 2710 5104 de
2739 5049 2833 5104 illo
2861 5049 3073 5118 clamat,
3109 5051 3354 5110 Miserere
3379 5057 3495 5123 mei,
3527 5065 3689 5116 tuum

2093 5152 2213 5197 est:
2241 5155 2271 5194 a
2303 5148 2355 5196 te
2383 5138 2487 5195 hoc
2525 5141 2766 5211 accepit,
2814 5151 3035 5212 pr0pter
3079 5153 3130 5200 te
3158 5145 3490 5206 liberandum
3517 5166 3694 5210 carne

2093 5231 2307 5287 indutus
2331 5239 2433 5286 est.
2464 5230 2601 5286 Caro
2631 5231 2743 5301 ipsa
2771 5231 3001 5301 clamat,
3049 5234 3291 5292 Miserere
3330 5241 3426 5294 mei
3450 5283 3464 5307 ,
3496 5241 3638 5298 Deus
3663 5287 3686 5310 ,

2092 5324 2327 5379 miserere
2350 5322 2448 5376 mei
2465 5337 2483 5375 :
2500 5321 2661 5378 homo
2687 5323 2820 5393 ipse,
2847 5325 3021 5381 anima
3042 5335 3098 5382 et
3118 5330 3138 5359 ²
3158 5343 3301 5385 caro.
3320 5329 3511 5387 Totum
3532 5335 3688 5395 enim

2093 5414 2365 5469 hominem
2394 5415 2632 5486 suscepit
2657 5413 2914 5482 Verbum,
2938 5427 2991 5472 et
3019 5427 3160 5475 totus
3197 5419 3358 5477 homo
3397 5424 3567 5481 factus
3598 5440 3690 5485 est

2095 5507 2348 5563 Verbum.
2380 5505 2460 5562 Ne
2485 5505 2605 5562 ideo
2631 5515 2845 5578 putetur
2869 5524 2977 5565 non
3001 5510 3074 5566 ibi
3096 5512 3256 5568 fuisse
3283 5515 3534 5586 animam,
3555 5521 3685 5590 quia

2093 5599 2418 5669 evangelista
2449 5599 2520 5653 ita
2544 5598 2674 5690 dicit
2700 5617 2730 5683 εἰ
2749 5598 2964 5686 Verbum
2983 5619 3100 5657 caro
3124 5604 3318 5674 factum
3344 5620 3435 5676 est,
3467 5621 3514 5664 et
3536 5611 3685 5667 habt"

2155 5713 2175 5782 ξ
2210 5712 2340 5782 edd,
2366 5711 2547 5782 quare?
2565 5711 2691 5780 .Quia
2709 5693 2878 5782 usque,
2903 5721 2994 5764 etc.
3025 5716 3186 5777 Abest,
3213 5721 3344 5782 quia,
3368 5733 3395 5770 a
3417 5729 3524 5774 Mss.

2155 5775 2176 5805 ³
2210 5775 2344 5848 ιλιι,
2370 5775 2470 5835 ipse
2492 5775 2743 5848 animaest
2776 5781 2821 5848 et
2855 5789 2986 5848 caro.
3023 5775 3278 5847 Expung'e,
3302 5775 3392 5847 est,
3405 5785 3548 5848 juxta
3569 5794 3688 5840 Mss.

2095 5837 2299 5901 ejusque
2322 5834 2428 5886 loco
2450 5836 2674 5900 subaudi,
2693 5834 2886 5889 clamat.

3665 5927 3693 5939 ιο
