4042 6494
245 514 362 571 tavit
386 514 441 569 in
464 510 613 569 nobis
633 509 814 586 (Joan.
839 509 1013 584 1,14).
1037 509 1249 567 Etenim
1273 509 1470 566 dicitur
1492 523 1619 565 caro
1640 509 1823 575 homo,

243 609 379 664 sicut
416 607 526 663 alio
572 607 692 663 loco
735 606 866 662 dicit
906 605 1201 677 Scriptum,
1229 603 1298 660 Et
1318 605 1501 661 videbit
1522 604 1684 659 omnis
1708 619 1828 658 caro

243 699 464 755 salutare
490 681 599 753 Dei
621 694 772 770 (lsai.
813 712 900 766 xc,
931 697 1003 762 5;
1034 695 1162 750 Luc.
1187 711 1280 762 ιιι,
1311 696 1390 768 6).
1411 693 1674 767 Numquid
1703 708 1829 750 caro

243 791 355 847 sola
381 790 602 858 videbit,
639 799 694 846 et
721 789 898 846 anima
927 789 1000 846 ibi
1031 804 1138 846 non
1163 789 1305 846 erit?
1332 788 1528 845 lterum
1556 787 1682 844 dicit
1712 788 1828 857 ipse

246 884 502 940 Dominus
547 884 614 940 de
655 883 1002 941 hominibus:
1032 883 1179 940 Sicut
1217 883 1400 938 dedisti
1441 883 1489 938 ei
1533 890 1828 955 potestatem

245 979 406 1033 omnis
443 978 615 1034 carnis
642 976 842 1053 (Joan.
864 994 995 1044 xvu,
1026 975 1119 1050 2).
1149 976 1414 1048 Numquid
1432 977 1490 1042 in
1517 976 1682 1032 solam
1707 991 1828 1031 car-

244 1086 366 1125 nem
393 1079 677 1141 acceperat
703 1078 1039 1141 potestatem,
1061 1077 1116 1124 et
1143 1084 1248 1125 non
1272 1069 1504 1124 maxime
1525 1068 1577 1123 in
1599 1068 1824 1136 animas,

245 1178 375 1226 quas
406 1164 654 1235 primitus
681 1164 976 1220 liberabat?
996 1165 1136 1235 Ergo
1162 1163 1232 1219 ibi
1255 1174 1369 1219 erat
1392 1162 1589 1229 anima,
1620 1161 1692 1216 ibi
1712 1169 1829 1216 erat

245 1273 368 1312 caro
389 1299 406 1325 ,
440 1257 512 1313 ibi
541 1266 684 1314 totus
708 1257 898 1325 homo;
930 1269 983 1315 et
1008 1268 1150 1314 totus
1191 1258 1353 1314 homo
1381 1272 1501 1312 cum
1531 1256 1708 1312 Verbo
1729 1298 1744 1322 ,
1773 1263 1828 1311 et

248 1348 475 1404 Verbum
499 1365 620 1405 cum
640 1349 876 1418 homine,
895 1363 948 1406 et
969 1351 1128 1406 homo
1148 1359 1203 1406 et
1221 1349 1455 1406 Verbum
1479 1364 1616 1404 unus
1639 1347 1822 1415 homo,

228 1453 296 1519 “et
323 1443 562 1499 Verbum
591 1453 645 1499 et
675 1443 838 1500 homo
866 1459 1004 1512 unus
1035 1444 1198 1500 Deus.
1232 1443 1382 1498 Dicat
1409 1458 1556 1520 ergo,
1585 1440 1828 1496 Miserere

247 1537 358 1600 mei,
385 1535 546 1611 Deus,
575 1538 809 1592 miserere
835 1537 952 1592 mei.
974 1537 1090 1593 Non
1116 1551 1535 1609 expavescamus
1560 1550 1719 1591 voces
1735 1550 1828 1605 pe-

248 1627 402 1683 tentis
445 1628 868 1684 misericordiam
898 1637 955 1685 et
983 1629 1305 1704 exhibeutis.
1338 1628 1462 1684 Ideo
1488 1629 1629 1684 enim
1662 1627 1824 1697 petit,

247 1719 360 1788 quia
393 1719 612 1775 exhibet
641 1737 655 1776 :
684 1721 752 1776 ad
783 1720 884 1777 hoc
911 1722 1052 1777 enim
1097 1721 1257 1777 homo
1276 1765 1290 1788 ,
1333 1721 1455 1793 quia
1486 1721 1822 1789 misericors;

248 1826 344 1866 non
372 1821 430 1866 ut
457 1813 782 1870 conditionis
811 1815 1131 1872 necessitate
1158 1825 1486 1880 nasceretur,
1517 1815 1611 1871 sed
1638 1822 1696 1871 ut
1728 1830 1826 1870 nos

249 1902 308 1956 de
349 1903 658 1961 conditione
710 1907 1044 1988 necessitatis
1088 1907 1356 1963 liberaret.
1411 1907 1648 1964 Miserere
1695 1909 1824 1977 mei,

250 1994 398 2062 Deus,
433 1997 667 2053 miserere
690 1999 786 2054 mei
803 2041 819 2066 ,
857 1985 1095 2070 quoniam
1118 2001 1170 2054 in
1195 2009 1243 2066 te
1265 2001 1475 2068 conﬁdit
1495 2001 1664 2054 anima
1691 2017 1823 2055 mea.

251 2088 408 2144 Audis
432 2091 745 2161 magistrum
773 2101 1014 2149 orantem
1035 2134 1050 2157 ,
1073 2091 1218 2148 disce
1245 2108 1419 2148 orare.
1448 2093 1529 2149 Ad
1557 2093 1658 2150 hoc
1683 2093 1825 2148 enim

252 2184 451 2256 oravit,
475 2183 786 2264 _ut_doceret
811 2193 1006 2242 Orare:
1030 2186 1153 2258 quia
1184 2186 1250 2242 ad
1283 2186 1385 2243 hoc
1410 2201 1597 2257 passus
1621 2195 1704 2242 est
1724 2226 1738 2254 ,
1768 2195 1827 2243 ut

251 2277 459 2334 doceret
490 2280 596 2349 pati
621 2297 636 2346 ;
665 2281 733 2336 ad
763 2279 866 2338 hoc
908 2282 1240 2350 resurrexit,
1272 2289 1332 2337 ut
1363 2281 1581 2337 doceret
1606 2295 1826 2353 sperare

252 2373 712 2429 resurrectionem.

311 2463 361 2518 6.
393 2462 462 2517 Et
491 2466 544 2518 in
568 2464 747 2519 umbra
767 2467 964 2521 alarum
985 2475 1184 2521 tuarum
1208 2465 1450 2539 sperabo,
1475 2466 1632 2521 donec
1655 2475 1825 2520 trans-

251 2568 319 2610 eat
343 2559 602 2626 iniquitas.
632 2559 745 2614 Hoc
775 2559 929 2628 plane
958 2559 1068 2630 jam
1098 2570 1240 2614 totus
1267 2559 1513 2614 Christus
1538 2558 1670 2612 dixit
1695 2573 1710 2612 :
1739 2557 1827 2614 hic

251 2658 325 2704 est
348 2659 400 2704 et
425 2666 527 2705 vox
558 2658 764 2706 nostra.
799 2651 916 2707 Non
957 2652 1098 2707 enim
1140 2652 1247 2721 jam
1287 2651 1496 2707 transiit
1538 2649 1821 2720 iniquitas,

249 2741 412 2796 adhuc
440 2741 612 2796 fervet
638 2741 911 2813 iniquitas.
947 2743 1013 2798 Et
1043 2743 1095 2798 in
1129 2743 1231 2799 ﬁne
1268 2742 1400 2798 dixit
1429 2742 1542 2812 ipse
1573 2741 1826 2797 Dominus

249 2835 616 2890 abundantiam
640 2835 870 2892 futuram
896 2835 1227 2908 iniquitatis:
1251 2835 1319 2890 Et
1339 2836 1573 2907 quoniam
1598 2834 1828 2889 abunda-

248 2927 308 2979 bit
342 2928 585 2999 iniquitas
603 2970 617 2994 ,
645 2929 930 3002 refrigescet
957 2929 1178 2984 charitas
1217 2929 1518 2995 multorum;
1547 2921 1630 3000 qui
1659 2938 1826 2983 autem

247 3022 620 3090 perseveraverit
663 3038 824 3094 usque
861 3023 915 3076 in
959 3022 1132 3092 ﬁnem,
1175 3023 1256 3076 hic
1292 3013 1466 3077 salvus
1487 3023 1580 3076 erit
1611 3021 1823 3094 (Matth.

246 3127 381 3176 xxiv,
426 3113 498 3168 12
518 3113 558 3185 ).
599 3114 731 3182 Quis
759 3122 936 3171 autem
962 3115 1320 3186 perseverabit
1345 3108 1539 3186 'usque'
1559 3116 1611 3170 in
1641 3115 1820 3182 ﬁnem,

245 3205 582 3277 quoadusque
609 3217 846 3264 transeat
876 3208 1167 3280 iniquitas?
1192 3203 1494 3276 Qui'fuerit
1535 3209 1589 3264 in
1627 3209 1825 3264 Christi

245 3313 484 3367 corpore,
512 3299 605 3370 qui
632 3299 792 3355 fuerit
814 3300 866 3356 in
892 3301 1146 3356 membris
1168 3301 1389 3366 Christi,
1415 3294 1472 3356 et
1493 3316 1521 3355 a
1543 3303 1716 3372 capite
1739 3301 1825 3356 di-

245 3390 426 3447 dicerit
470 3392 782 3462 patientiam
824 3393 1468 3464 perseverandiTransis
1499 3401 1574 3458 tu,
1609 3403 1663 3448 et
1700 3408 1827 3450 ecce

247 3484 568 3540 transierunt
607 3485 926 3542 tentstiones
953 3495 1088 3553 tute;
1132 3496 1186 3541 et
1223 3487 1269 3540 is
1297 3487 1348 3540 in
1379 3486 1535 3540 aliam
1564 3485 1725 3540 vitam
1769 3485 1826 3540 in

246 3591 393 3646 quam
422 3576 601 3631 ierunt
625 3576 819 3643 sancti,
849 3577 894 3631 si
925 3585 1144 3632 sanctus
1171 3575 1355 3632 fueris.
1385 3575 1440 3630 In
1461 3575 1618 3631 aliam
1650 3575 1827 3632 ierunt

248 3676 504 3738 martyres
529 3683 545 3722 :
571 3666 616 3721 si
642 3677 846 3739 martyr
872 3665 1057 3733 fueris,
1097 3666 1239 3722 is'et
1269 3675 1324 3722 tu
1364 3666 1418 3721 in
1455 3666 1614 3720 aliam
1641 3665 1824 3722 vitam.

247 3759 507 3831 Numquid
531 3760 653 3831 quia
675 3771 732 3815 tu
754 3761 991 3816 transisti
1015 3755 1166 3827 hinc,
1187 3769 1464 3831 propterea
1484 3759 1596 3830 jam
1618 3759 1829 3816 transiit

247 3854 532 3926 iniquitas?
565 3852 869 3910 Nascuntur
894 3855 984 3910 alii
1013 3853 1214 3926 iniqui,
1241 3854 1380 3910 sicut
1410 3855 1712 3911 moriuntur
1735 3854 1827 3911 alii

249 3947 426 4017 iniqui.
459 3946 743 4014 Quomodo
786 3963 915 4016 ergo
938 3948 1044 4003 ‘alii
1084 3949 1250 4020 iniqui
1295 3949 1616 4018 moriuntur,
1645 3958 1699 4006 et
1737 3949 1828 4007 alii

250 4049 570 4106 nascuntur;
595 4040 673 4096 sic
695 4040 784 4096 alii
801 4041 930 4110 justi
953 4049 1100 4108 eunt,
1124 4049 1179 4096 et
1198 4041 1288 4095 alii
1315 4050 1624 4097 nascuntur.
1652 4040 1828 4112 Usque

250 4132 299 4188 in
329 4133 488 4189 ﬁnem
519 4132 701 4188 szeculi
732 4147 837 4189 nec
881 4133 1130 4203 iniquitas
1178 4132 1351 4189 deerit
1399 4149 1645 4204 premens
1669 4175 1685 4201 ,
1729 4148 1830 4192 nec

244 4223 440 4294 iustitia
467 4224 697 4296 patiens.
723 4224 789 4278 Et
815 4225 868 4279 in
897 4224 1074 4279 umbra
1099 4225 1301 4279 alarum
1335 4237 1538 4279 tuarum
1579 4225 1790 4296 sperabo
1808 4267 1826 4295 ,

254 4319 398 4374 donec
426 4328 651 4374 transeat
671 4317 907 4388 iniquitas
931 4334 950 4372 :
975 4317 1027 4372 id
1052 4326 1156 4385 est,
1189 4326 1243 4372 tu
1268 4325 1518 4388 proteges
1544 4333 1631 4373 me
1649 4359 1665 4384 ,
1691 4326 1746 4374 et
1770 4327 1830 4374 ut

256 4410 316 4463 ab
339 4419 468 4466 testu
490 4409 784 4482 iniquitatis
809 4424 914 4466 non
939 4423 1200 4478 arescant,
1222 4416 1279 4465 tu
1301 4408 1664 4465 umbraculum
1687 4423 1828 4481 pm-

257 4502 394 4558 bebis
421 4497 577 4558 mihi.
1336 4529 1339 4532 ·
1517 4519 1521 4530 ’
1804 4508 1811 4514 ’

224 4633 231 4652 .
321 4595 368 4650 7.
392 4593 543 4668 [vers.
568 4591 647 4668 3.]
671 4593 911 4650 Ctamabo
929 4592 998 4648 ad
1020 4591 1186 4648 Deum
1205 4592 1526 4648 altissimum.
1553 4591 1609 4648 Si
1637 4590 1832 4647 altissi-

259 4701 364 4742 mus
387 4697 489 4755 est,
508 4686 778 4758 quomodo
798 4686 946 4742 audit
969 4694 1020 4742 te
1044 4685 1397 4742 clamantem?
1416 4685 1544 4741 Nata
1567 4693 1648 4742 est
1663 4700 1828 4756 expe-

259 4779 475 4837 rimento
500 4778 727 4834 ﬁducia:
755 4777 922 4833 Deum
940 4821 956 4846 ,
988 4778 1190 4850 inquit,
1219 4779 1304 4848 qui
1323 4777 1565 4850 benefecit
1601 4777 1744 4831 milii.
1770 4775 1828 4833 Si

259 4880 530 4942 antequam
566 4886 687 4927 cum
713 4885 1009 4942 quairerem
1037 4869 1302 4926 benefecit
1325 4870 1452 4925 mihi
1473 4911 1487 4934 .
1511 4870 1827 4926 clamantem

259 4978 336 5018 me
375 4979 478 5019 non
518 4962 798 5019 exaudiet?
837 4963 980 5018 Bene
1021 4964 1162 5018 enim
1210 4961 1363 5017 nobis
1407 4961 1530 5017 fecit
1574 4962 1830 5018 Dominus

260 5055 388 5113 Deus
409 5055 672 5113 mittendo
692 5055 844 5112 nobis
865 5055 1196 5111 Salvatorcm
1217 5065 1456 5110 nostrum
1478 5053 1659 5110 Jesum
1677 5053 1830 5110 Citri-

259 5159 386 5206 stum
403 5193 418 5215 ,
443 5160 503 5207 ut
540 5158 841 5206 moreretur
868 5156 1082 5220 propter
1105 5147 1298 5203 delicta
1327 5157 1508 5203 nostra
1525 5187 1539 5212 ,
1567 5155 1621 5202 et
1645 5163 1828 5203 resur-

258 5251 396 5308 geret
423 5249 642 5313 propter
661 5241 1094 5312 justiﬁeationem
1123 5233 1362 5294 nostram
1391 5239 1576 5310 (Rom.
1610 5255 1680 5305 tv,
1708 5237 1827 5311 25).

260 5331 356 5390 Pro
378 5335 622 5406 qualibus
663 5333 798 5388 mori
837 5332 1003 5388 voluit
1035 5319 1228 5388 Filium
1269 5331 1459 5387 suum?
1484 5331 1588 5386 Pro
1633 5331 1829 5402 impiis.

259 5423 400 5496 lmpii
426 5435 600 5482 autem
631 5440 740 5481 non
767 5422 1078 5496 quaerebant
1103 5423 1300 5491 Deum,
1330 5431 1384 5478 et
1415 5421 1624 5493 quaesiti
1649 5429 1774 5477 sunt
1799 5437 1832 5478 a

260 5517 380 5574 Deo.
408 5518 496 5575 Sic
535 5525 619 5574 est
659 5532 788 5588 ergo
829 5517 918 5573 ille
957 5513 1275 5579 altissimus,
1307 5523 1366 5570 ut
1395 5530 1498 5569 non
1537 5515 1608 5569 sit
1643 5513 1711 5569 ab
1739 5513 1833 5570 illo

260 5607 405 5681 longe
441 5610 659 5667 miseria
697 5618 875 5664 nostra
903 5616 956 5663 et
981 5607 1207 5678 gemitus
1246 5615 1460 5673 noster;
1501 5606 1622 5676 quia
1667 5621 1833 5676 prope

258 5711 336 5758 est
358 5704 612 5760 Dominus
635 5697 827 5773 bisqui
849 5702 1180 5758 obtriverunt
1200 5693 1292 5756 cor
1307 5699 1482 5773 (Psat.
1508 5716 1697 5766 χχχιιι,
1717 5699 1828 5771 i9).

263 5797 492 5853 Ctamabo
509 5798 587 5851 “ad
596 5795 760 5851 Deum
779 5795 1101 5862 altissimum,
1130 5793 1292 5848 Deum
1310 5794 1397 5863 qui
1422 5780 1662 5864 benefecit
1684 5794 1827 5848 milii.

327 5890 379 5947 8'.
409 5889 560 5964 [vers.
581 5891 638 5963 ὁ,
663 5889 743 5961 5.]
767 5887 909 5946 Misit
929 5869 1156 5960 demto,
1178 5895 1224 5945 et
1243 5887 1436 5944 salvum
1458 5886 1574 5958 fecit
1593 5903 1688 5945 me.
1711 5886 1829 5946 Jam
1877 5952 1892 5956 __

1339 378 1732 444 ENARRATIO
1769 375 1834 435 IN
1869 374 2196 441 PSALMUM
2235 385 2366 445 LVI.

3405 419 3511 478 668

1937 504 2097 562 homo
2126 510 2258 580 ipse,
2287 513 2396 583 jam
2427 528 2553 573 caro
2583 519 2693 591 ipsa
2715 564 2731 591 ,
2757 523 2865 596 jam
2891 527 3056 587 Filius
3077 531 3191 602 Dei,
3216 540 3508 599 secundum

1935 607 2175 657 nostram
2203 604 2664 678 participationem
2693 617 3027 678 manifestum
3045 634 3146 693 est,
3177 629 3299 699 quia
3327 633 3506 689 salva-

1936 701 2022 791 tus
2039 703 2141 763 est,
2163 707 2218 756 et
2238 699 2382 757 misit
2405 701 2474 759 de
2491 706 2628 761 caelo
2650 707 2825 780 Pater,
2854 721 2909 768 et
2928 708 3156 774 'salvavit
3181 736 3338 791 eum;
3367 727 3514 785 misit

1933 789 2003 848 de
2026 793 2164 850 caelo
2192 802 2247 851 et
2267 799 2604 856 resuscitavit
2645 818 2806 860 eum:
2839 808 2932 863 sed
2976 821 3034 865 ut
3084 789 3338 873 noveritis
3389 822 3512 891 quia

1935 891 1990 940 et
2033 885 2146 980 ipse
2170 887 2429 980 Dominus
2469 907 2528 948 se
2566 897 2929 967 resuscitavit;
2957 910 3238 977 utrumque
3279 885 3510 980 positum

1933 986 2017 1032 est
2066 979 2127 1075 in
2169 979 2462 1054 Scriptura,
2488 988 2608 1057 quia
2658 999 2712 1044 et
2747 991 2904 1049 Pater
2946 996 3093 1052 illum
3144 1005 3511 1075 resuscitavit,

2041 1073 2163 1142 quia
2225 1075 2337 1146 ipse
2391 1093 2450 1136 se
2503 1085 2858 1142 resuscitavit.
2913 1089 3107 1147 Audite
3147 1078 3288 1165 quia
3357 1073 3518 1168 Pater

1934 1162 2082 1219 illum
2131 1170 2820 1244 resuscitavitzApostolus
2869 1179 3025 1246 dicit,
3070 1162 3262 1245 Factus
3305 1198 3403 1251 est,
3437 1162 3516 1244 in-

1933 1255 2066 1326 quit,
2112 1259 2346 1316 obediens
2386 1280 2543 1336 usque
2585 1267 2654 1320 ad
2696 1280 2922 1338 mortem,
2953 1284 3163 1332 mortem
3199 1287 3365 1332 autent
3395 1298 3512 1334 cru-

1933 1347 2004 1402 cis
2026 1364 2046 1402 :
2072 1361 2276 1422 propter
2301 1351 2434 1425 quod
2462 1367 2508 1410 et
2536 1357 2675 1414 Deus
2714 1378 2829 1416 eum
2869 1366 3127 1432 exultavit,
3146 1380 3194 1423 et
3232 1371 3436 1426 donavit
3471 1376 3516 1429 ei

1933 1454 2112 1495 nomen
2140 1443 2274 1512 quod
2297 1455 2370 1500 est
2408 1463 2560 1518 super
2587 1467 2734 1506 omne
2770 1469 2948 1510 nomen
2978 1455 3232 1531 (Philipp.
3257 1463 3316 1526 tt,
3340 1462 3392 1528 8,
3419 1463 3450 1517 9
3473 1463 3510 1530 ).

1934 1531 2173 1622 Audistis
2197 1535 2404 1593 Patrem
2430 1543 2834 1600 resuscitautem
2860 1555 2915 1602 et
2943 1549 3263 1606 exaltantem
3284 1554 3473 1609 Filium
3498 1574 3512 1622 ;

1934 1621 2114 1679 audite
2143 1626 2264 1696 quia
2296 1637 2349 1684 et
2380 1631 2492 1700 ipse
2518 1647 2734 1690 carnem
2763 1651 2913 1693 suam
2944 1642 3322 1700 resuscitavit:
3360 1647 3411 1700 in
3448 1647 3513 1700 ﬁ-

1931 1730 2061 1786 gura
2092 1719 2272 1789 templi
2296 1720 2424 1777 dicit
2453 1723 2520 1778 ad
2545 1724 2780 1795 Judznos,
2811 1717 3004 1785 Solvite
3023 1734 3262 1804 templum
3300 1735 3425 1802 hoc,
3469 1746 3516 1792 et

1931 1807 1984 1862 in
2025 1809 2192 1864 triduo
2230 1813 2483 1870 suscitabo
2519 1817 2667 1872 illud.
2696 1810 3238 1892 Evangelistaautem
3269 1829 3517 1896 exposuit

1909 1900 2086 1956 nobis
2109 1901 2233 1973 quid
2259 1904 2460 1962 diceret
2487 1925 2500 1961 :
2535 1907 2648 1964 Hoc
2667 1921 2855 1980 autem,
2879 1913 3070 1985 inquit,
3094 1917 3288 1971 dicebat
3309 1921 3371 1973 de
3391 1929 3516 1973 tent-

1906 1991 2017 2062 -plo
2042 1996 2270 2064 corporis
2294 1998 2374 2090 sui
2399 1997 2578 2068 (Joan.
2611 2017 2668 2069 ιι,
2694 2001 2782 2067 i9,
2807 2002 2922 2077 2i).
2945 2005 3100 2062 Modo
3138 1993 3265 2079 ergo
3299 2025 3361 2090 ex
3389 2025 3514 2080 per-

1931 2096 2061 2139 sona
2091 2089 2378 2156 precantis,
2411 2105 2476 2146 ex
2504 2107 2736 2162 persona
2774 2095 3026 2166 hominis,
3055 2115 3119 2154 ex
3144 2089 3368 2170 persona
3393 2117 3514 2158 car-

1931 2177 2014 2232 nis
2041 2178 2189 2247 dicit,
2225 2179 2367 2236 Misit
2396 2183 2458 2238 de
2479 2184 2625 2254 caelo,
2654 2195 2699 2240 et
2722 2188 2918 2243 salvum
2949 2194 3068 2262 fecit
3092 2208 3192 2247 me.
3247 2217 3250 2220 ’

1911 2298 1918 2306 -
1949 2313 1951 2316 ‹
2003 2269 2055 2326 9.
2088 2269 2241 2327 Dedit
2282 2273 2335 2328 in
2367 2275 2692 2346 opprobrium
2721 2280 3072 2338 conculcantes
3108 2301 3208 2340 me.
3231 2285 3332 2354 Qui
3367 2287 3516 2344 illum

1905 2362 2409 2433 sconculcaverunt,
2443 2368 2532 2438 qui
2573 2380 2788 2427 mortuo
2823 2373 3244 2445 insultaverunt,
3275 2379 3365 2450 qui
3396 2390 3515 2436 tan-

1910 2471 2090 2524 :quam
2119 2455 2389 2516 hominem
2419 2461 2836 2550 cruciﬁxcrunt,
2866 2470 2987 2539 quia
3031 2471 3198 2527 Deum
3229 2488 3337 2528 non
3363 2473 3518 2530 intel-

1931 2547 2197 2617 lexerunt,
2227 2551 2376 2608 dedit
2401 2568 2497 2610 eos
2528 2555 2580 2610 in
2607 2547 2975 2628 opprobrium.
3007 2561 3197 2620 Videte
3225 2565 3269 2620 si
3299 2581 3406 2622 non
3435 2575 3517 2622 est

1930 2640 2126 2698 factum
2153 2663 2166 2698 :
2191 2660 2298 2700 non
2320 2647 2550 2703 futurum
2571 2650 2862 2719 credimus,
2887 2652 2986 2729 sed,
3002 2656 3326 2728 completum
3352 2674 3519 2729 agno-

1931 2737 2148 2792 scimus.
2177 2735 2482 2796 Saivierunt
2505 2741 2677 2798 Judaei
2717 2745 2771 2798 in
2799 2727 3072 2803 Christum
3091 2790 3104 2814 ,
3130 2727 3519 2822 rsuperhierunt

1931 2829 1984 2884 in
2011 2823 2321 2888 Christum:
2353 2833 2484 2888 ubi?
2514 2834 2572 2890 lu
2615 2837 2832 2894 civitate
2872 2835 3188 2898 Jerusalem.
3231 2844 3328 2899 Ubi
3373 2848 3515 2903 enim

1932 2923 2249 2992 regnabant,
2280 2924 2348 2980 ibi
2379 2920 2681 2997 tumebant,
2704 2930 2774 2985 ibi
2797 2923 3035 3006 cervices
3059 2946 3364 2993 erexerunt.
3388 2938 3517 2996 Post

1931 3015 2234 3085 passionem
2258 3017 2468 3073 Domini
2490 3019 2743 3076 eradicati
2764 3021 2887 3079 inde
2907 3035 3067 3092 sunt;
3089 3035 3144 3082 et
3170 3018 3518 3098 perdiderunt

1931 3123 2176 3180 regnum,
2199 3110 2250 3166 in
2272 3127 2378 3182 quo
2399 3128 2578 3184 regem
2600 3114 2870 3171 Christum
2893 3132 3185 3189 agnoscere
3207 3124 3514 3185 uoluerunt.

1931 3202 2392 3270 Quemadmodum
2419 3206 2529 3263 dati
2559 3217 2683 3265 sunt
2708 3209 2761 3265 in
2784 3212 3151 3282 opprobrium,
3181 3215 3358 3272 videte
3388 3235 3400 3292 ς
3432 3218 3518 3274 di-

1931 3297 2102 3366 spersi
2151 3305 2276 3353 sunt
2324 3314 2421 3369 per
2462 3315 2652 3358 omnes
2696 3312 2914 3374 gentes,
2957 3294 3520 3379 nusquam'habentcs

1930 3387 2276 3446 stabilitatem
2301 3431 2316 3458 ,
2346 3405 2609 3463 nusquam
2639 3404 2842 3451 certam
2873 3397 3079 3455 sedem.
3102 3399 3390 3471 Propterea
3416 3419 3517 3460 au.

1930 3488 2038 3536 tem
2067 3480 2241 3537 adhuc
2265 3481 2434 3538 Judaei
2463 3493 2608 3552 sunt,
2636 3494 2698 3541 ut
2724 3485 2917 3543 Libros
2959 3499 3173 3546 nostros
3211 3502 3425 3562 portent
3449 3495 3518 3551 ad

1929 3572 2303 3629 confusionem
2331 3589 2504 3630 suam.
2535 3575 2761 3644 Quando
2786 3579 2930 3636 enim
2957 3581 3205 3638 volumus
3233 3583 3519 3643 ostendere

1929 3664 2308 3736 prophetatum
2335 3665 2628 3735 Christum,
2654 3670 2979 3750 proferimus
3006 3673 3232 3746 Paganis
3254 3677 3382 3733 istas
3402 3677 3518 3734 Lit-

1865 3839 1870 3842 _
1931 3767 2094 3815 teras.
2123 3759 2192 3814 Et
2216 3775 2282 3816 ne
2311 3760 2450 3817 forte
2476 3761 2656 3818 dicant
2680 3763 2798 3820 duri
2833 3764 2900 3820 ad
2931 3766 3088 3842 ﬁdem
3101 3772 3237 3850 quia
3268 3787 3364 3827 nos
3401 3773 3520 3829 illas

1931 3850 2220 3910 Christiani
2246 3855 2665 3926 composuimus,
2690 3866 2747 3912 ut
2770 3873 2890 3914 cum
2916 3858 3205 3938 Evangelia
3225 3864 3365 3934 quod
3393 3881 3517 3935 prae.

1933 3945 2173 4002 dicamus
2199 3945 2514 4026 ﬁnxerimus
2539 3948 2834 4021 Prophetas
2856 3993 2871 4019 ,
2908 3967 3007 4023 per
3045 3968 3180 4024 quos
3208 3955 3522 4026 praedictum

1931 4036 2206 4095 videretur
2231 4025 2388 4110 'quod
2434 4040 2814 4111 praedicamus;
2859 4043 2986 4101 hinc
3026 4059 3118 4101 eos
3156 4025 3522 4107 convincimus

1934 4131 2056 4202 quia
2087 4145 2274 4187 omnes
2302 4135 2432 4202 ipsa;
2453 4131 2671 4190 Litterae
2693 4135 2883 4204 quibus
2907 4135 3154 4192 Christus
3176 4123 3523 4209 prophetatus

1923 4219 2036 4290 est,
2064 4214 2203 4293 apud
2230 4221 2445 4278 Judzeos
2472 4233 2615 4289 sunt,
2644 4226 3015 4296 omnes'ipsas
3052 4227 3280 4283 Litteras
3322 4216 3522 4287 habent

1933 4313 2122 4370 Judaei.
2155 4312 2486 4369 Proferimus
2513 4314 2736 4371 Codices
2761 4315 2829 4371 ab
2854 4317 3103 4400 inimicis,
3133 4327 3192 4372 ut
3227 4308 3521 4400 confunda-

1927 4404 2054 4462 ‘mus
2098 4407 2230 4461 alios
2277 4406 2542 4462 inimicos.
2588 4406 2647 4463 ln
2691 4408 2839 4478 'quali
2886 4395 3014 4480 ergo
3049 4411 3352 4488 lopprohrio
3397 4395 3523 4472 sunt

1933 4497 2143 4554 Judmi?
2164 4498 2414 4554 Codicem
2441 4507 2618 4570 portat
2637 4499 2872 4567 Judaeus,
2897 4500 3038 4556 unde
3065 4501 3245 4558 credat
3265 4501 3523 4562 Christia-

1934 4604 2056 4648 nus.
2083 4590 2313 4646 Librarii
2343 4591 2511 4647 nostri
2539 4592 2663 4648 facti
2687 4601 2847 4662 sunt,
2876 4594 3147 4664 quomodo
3174 4596 3349 4654 solent
3377 4602 3522 4658 servi

1933 4691 2056 4755 post
2083 4683 2331 4740 dominos
2353 4683 2567 4741 codices
2591 4673 2763 4766 ferre,
2785 4695 2842 4742 ut
2869 4686 2943 4742 illi
2968 4689 3227 4766 portando
3251 4690 3520 4764 deﬁciant,

1935 4778 2011 4832 illi
2044 4776 2271 4849 legendo
2296 4763 2599 4850 proﬁciant.
2631 4763 2705 4835 in?
2733 4780 2836 4836 tale
2875 4763 3218 4850 opprobrium
3261 4783 3376 4840 dati
3401 4795 3524 4845 sunt

1934 4867 2141 4935 Judmi;
2175 4877 2230 4925 et
2258 4869 2535 4941 impletum
2561 4880 2645 4926 est
2671 4870 2813 4941 quod
2855 4879 3004 4927 tanto
3043 4882 3168 4930 ante
3209 4876 3522 4946 prmdictunt

1934 4969 2018 5016 est
2039 4978 2054 5016 :
2076 4959 2226 5015 Dedit
2247 4961 2302 5016 in
2321 4961 2648 5033 approbriunt
2665 4964 3017 5021 conculcantes
3034 4982 3131 5022 me.
3156 4967 3322 5038 Quale
3345 4979 3525 5028 autem

1935 5054 2282 5126 opprobrium
2307 5063 2389 5110 est
2409 5095 2425 5122 ,
2454 5055 2643 5110 fratres
2663 5096 2677 5122 ,
2711 5065 2769 5111 ut
2797 5055 2940 5114 hunc
2970 5074 3183 5116 versum
3224 5063 3431 5134 legant,
3468 5074 3526 5122 et
3557 5111 3576 5120 -

1937 5146 2036 5217 ipsi
2063 5146 2190 5202 caici
2219 5147 2498 5202 attendant
2523 5145 2589 5200 ad
2617 5149 2895 5217 speculum
2921 5154 3116 5208 suum?
3138 5153 3226 5209 Sic
3255 5156 3395 5210 enim
3426 5172 3523 5228 ap-

1939 5247 2127 5308 parent
2153 5236 2321 5292 Judtei
2349 5237 2415 5293 de
2435 5236 2706 5310 Scriptura
2734 5253 2914 5298 sancta
2942 5260 3100 5315 quam
3128 5256 3362 5317 portant,
3391 5264 3518 5320 quo-

1938 5331 2099 5387 modo
2109 5339 2328 5402 apparet
2343 5331 2504 5388 facies
2516 5334 2642 5390 caeci
2654 5334 2721 5390 de
2737 5339 2953 5407 speculo
2973 5339 3068 5394 :ab
3080 5339 3198 5412 aliis
3211 5340 3440 5406 videtur,
3455 5345 3525 5400 ab

1938 5424 2056 5494 ipso
2089 5439 2194 5478 non
2214 5423 2441 5480 videtur.
2459 5423 2613 5479 Dedit
2639 5426 2692 5481 in
2713 5431 3038 5500 opprobrium
3053 5433 3402 5488 conculcantes
3423 5451 3521 5490 me.

1932 5566 1942 5576 .
2009 5515 2097 5572 10.
2129 5516 2417 5585 Quaerebas
2443 5517 2580 5575 forte
2603 5533 2725 5574 cum
2754 5520 3004 5589 diceret,
3034 5521 3178 5577 Misit
3205 5524 3268 5577 de
3293 5525 3438 5594 εωιο,
3480 5535 3527 5582 et

1930 5609 2132 5684 salvum
2167 5625 2247 5664 me
2271 5610 2388 5680 feeit
2408 5627 2427 5666 :
2448 5611 2584 5680 Quid
2611 5612 2754 5692 misit
2791 5614 2858 5670 de
2882 5613 3072 5682 caelo?
3095 5631 3259 5686 quem
3286 5618 3430 5673 misit
3459 5619 3527 5675 de

1940 5700 2110 5757 caelo?
2134 5701 2394 5774 Angelum
2423 5703 2584 5769 misit,
2617 5713 2672 5760 ut
2702 5705 2904 5786 salvum
2931 5706 3131 5763 faceret
3152 5709 3438 5778 Christum,
3471 5721 3526 5768 et

1939 5811 2037 5867 per
2059 5809 2272 5850 servum
2301 5796 2479 5852 salvus
2509 5797 2568 5852 ﬁt
2599 5798 2899 5855 Dominus?
2925 5798 3126 5858 Omnes
3160 5803 3300 5858 enim
3334 5805 3528 5876 Angeli

1943 5897 2190 5950 creatura
2231 5890 2473 5950 serviens
2513 5890 2731 5951 Christo
2773 5903 2876 5953 est.
2918 5895 2999 5954 Ad
3038 5896 3351 5969 obsequium
3389 5899 3528 5956 mitti
