4042 6528
486 542 775 611 potucmnt
799 533 1010 606 Angeli,
1039 531 1110 588 ad
1136 530 1414 590 servitium
1441 527 1582 585 mitti
1606 532 1922 599 potuerunt,
1953 536 2061 577 non

487 632 558 687 ad
584 628 905 700 adiutorium
935 644 950 682 :
980 625 1118 682 sicut
1144 623 1403 693 scriptum
1440 629 1555 687 est,
1584 616 1725 689 quod
1750 613 1939 686 Angeli
1966 612 2068 667 mi-

485 720 783 778 nistrabant
804 718 853 773 ei
875 715 1087 787 (Matth.
1116 730 1191 782 tv,
1218 712 1332 784 11).
1356 727 1463 767 non
1491 719 1741 778 tanquam
1763 703 2068 790 misericor-

487 814 584 870 des
631 809 923 881 indigenti,
979 808 1075 864 sed
1122 816 1371 877 tanquam
1423 803 1647 872 subjecti
1694 798 2065 869 omnipotenti.

488 904 625 972 Quid
651 918 780 974 ergo
808 902 942 955 misit
969 900 1032 956 de
1058 900 1202 965 caelo,
1232 910 1277 952 et
1303 898 1498 952 saluum
1524 897 1640 967 fecit
1664 894 1784 949 me?
1802 892 1957 947 Modo
1977 907 2071 945 au-

487 997 667 1052 dimus
691 996 707 1028 ¹
739 997 791 1049 in
819 994 923 1049 alio
949 1008 1107 1047 versu
1135 991 1260 1061 quid
1287 990 1354 1044 de
1390 988 1530 1043 caelo
1570 986 1776 1041 miserit
1800 1002 1815 1039 :
1840 983 1983 1038 Misit
2008 984 2072 1036 de

488 1092 615 1144 aulo
640 1087 1036 1142 misericordiam
1066 1101 1215 1139 suam
1237 1092 1283 1138 et
1316 1083 1575 1138 veritatem
1608 1096 1771 1134 suam.
1806 1077 1885 1131 Ad
1912 1090 2068 1145 quam

490 1180 648 1236 rem?
674 1179 740 1233 Et
765 1180 896 1234 eruit
920 1179 1143 1231 animam
1164 1190 1327 1229 meant
1366 1174 1430 1228 de
1468 1171 1630 1226 medio
1650 1170 1933 1224 catulorum
1962 1168 2071 1221 leo-

492 1289 633 1326 num.
666 1269 831 1337 Misit,
857 1269 1047 1339 inquit,
1075 1266 1139 1321 de
1163 1266 1287 1320 calo
1313 1263 1715 1320 misericordiam
1744 1277 1889 1315 suam
1914 1268 1961 1313 et
1989 1274 2071 1311 tte-

490 1367 692 1421 ritatem
728 1377 910 1418 suam:
947 1372 1002 1415 et
1031 1361 1144 1430 ipse
1178 1358 1425 1415 Christus
1452 1359 1555 1419 ait,
1586 1355 1696 1427 Ego
1737 1371 1849 1409 sum
1893 1352 2075 1407 veritas

499 1454 697 1529 (Joan.
733 1470 842 1520 xiv,
868 1450 1112 1522 6).Missa
1134 1458 1218 1506 est
1241 1464 1370 1521 ergo
1397 1449 1618 1511 veritas,
1646 1456 1705 1501 ut
1727 1453 1942 1501 erueret
1960 1442 2077 1496 ani-

494 1564 635 1603 mam
659 1562 830 1601 meam
857 1545 982 1600 hinc
1004 1544 1072 1600 de
1100 1543 1277 1598 medio
1301 1542 1599 1597 catulorum
1627 1538 1880 1601 leonum;
1913 1535 2075 1589 missa

492 1648 576 1694 est
602 1636 984 1693 misericordia.
1016 1635 1192 1706 ipsum
1221 1632 1492 1689 Christum
1520 1630 1819 1687 invenimus
1838 1635 1892 1681 et
1915 1626 2077 1680 mise-

495 1729 780 1785 ricordiam
809 1740 864 1784 et
890 1729 1195 1791 veritatem;
1231 1724 1650 1780 misericordiam
1680 1718 1834 1775 nobis
1856 1731 2079 1787 compa—

496 1819 738 1883 tientem,
766 1827 821 1875 et
844 1819 1119 1873 veritatem
1163 1816 1319 1871 nobis
1364 1814 1747 1870 retribuentem
1765 1813 1809 1865 '.
1846 1809 1961 1865 Hoc
1998 1815 2082 1864 est

495 1926 624 1982 ergo
653 1910 795 1979 quod
821 1910 979 1980 paulo
1007 1917 1130 1963 ante
1156 1908 1303 1973 dixi,
1328 1907 1449 1976 quia
1474 1914 1527 1960 et
1554 1905 1669 1973 ipse
1705 1917 1765 1958 se
1794 1900 2080 1956 resuscita-

496 2005 591 2060 vit.
620 2003 675 2061 Si
707 2004 848 2058 enim
872 2003 1069 2057 veritas
1092 2000 1425 2055 resuscitavit
1447 1998 1757 2063 Christum,
1790 2004 1845 2051 et
1872 1994 1916 2049 si
1945 1994 2084 2048 veri-

495 2106 578 2153 tas
604 2098 836 2152 animam
856 2095 1053 2151 Christi
1072 2094 1211 2149 eruit
1231 2093 1299 2147 de
1322 2091 1497 2146 medio
1522 2089 1818 2145 catulorum
1843 2087 2080 2151 leonum;

496 2197 557 2244 ut
597 2188 902 2244 misericors
937 2186 1035 2240 fuit
1065 2185 1202 2239 mori
1231 2200 1326 2254 pro
1355 2184 1512 2238 nobis
1535 2223 1550 2245 ,
1582 2183 1652 2236 ita
1682 2195 1841 2235 verax
1882 2178 1978 2233 fuit
2001 2194 2085 2233 re-

500 2293 721 2349 surgere
749 2278 813 2331 ad
842 2277 1207 2347 justilicandos
1246 2290 1365 2329 nos.
1405 2274 1621 2327 Dixerat
1648 2271 1790 2327 enim
1819 2285 1878 2325 se
1907 2284 2085 2325 resur-

496 2380 787 2435 recturum,
819 2379 874 2425 et
902 2368 1096 2425 veritas
1122 2367 1332 2421 mentiri
1362 2382 1466 2420 non
1491 2364 1695 2434 potuit;
1723 2373 1777 2418 et
1802 2363 1925 2433 quia
1948 2362 2087 2417 veri-

499 2472 580 2518 tas
603 2473 655 2518 et
683 2479 864 2530 verax,
895 2472 1176 2533 propterea
1202 2460 1478 2515 cicatrices
1504 2472 1658 2512 veras
1684 2457 1936 2521 ostendit,
1963 2456 2085 2525 quia

496 2569 623 2609 vera
650 2554 873 2609 vulnera
912 2552 1144 2623 pertulit.
1172 2551 1277 2606 llas
1303 2552 1582 2605 cicatrices
1612 2558 1897 2605 tenuerunt
1919 2548 2085 2603 disci-

492 2645 604 2716 puli
625 2686 639 2709 ,
672 2645 1051 2715 palpaverunt,
1083 2641 1562 2699 manifestaverunt
1601 2641 1703 2697 sibi
1731 2658 1745 2700 ;
1773 2639 2087 2695 exclamavit

495 2737 585 2807 qui
612 2738 756 2793 misit
781 2738 976 2807 digitos
1000 2737 1056 2791 in
1083 2743 1461 2806 compunctum
1489 2734 1659 2799 latus,
1693 2740 1746 2787 et
1770 2732 1863 2798 ait,
1903 2730 2085 2785 Domi-

494 2846 591 2883 nus
613 2846 751 2884 meus
776 2839 822 2883 et
846 2828 984 2883 Deus
1009 2845 1150 2884 meus
1177 2827 1284 2897 (Id.
1318 2842 1388 2881 xx
1411 2868 1426 2890 ,
1456 2822 1572 2898 28).
1600 2824 1961 2880 Misericordia
1992 2840 2088 2894 pro

494 2919 588 2974 illo
618 2930 857 2974 mortuus
884 2929 1031 2985 erat,
1060 2927 1115 2973 et
1138 2917 1361 2974 veritate
1388 2916 1453 2971 ad
1496 2916 1642 2970 illum
1691 2924 2083 2970 resurrexerat.

496 3008 637 3063 Misit
665 3011 729 3066 tle
753 3011 877 3065 coelo
901 3010 1297 3066 misericordiam
1321 3024 1466 3063 suam
1486 3017 1535 3062 et
1558 3008 1817 3061 ueritatem
1836 3024 1980 3062 suam
2002 3026 2020 3061 :
2040 3016 2088 3061 et

495 3103 623 3156 eruit
651 3104 874 3156 animant
912 3119 1072 3157 meam
1116 3101 1179 3155 de
1218 3099 1382 3156 medio
1412 3099 1698 3153 catulorum
1735 3097 1956 3153 leonum.
1987 3098 2087 3165 Qui

496 3203 621 3248 sunt
650 3195 808 3249 catuli
841 3193 1093 3249 leonum?
1118 3193 1351 3264 Populus
1391 3192 1476 3246 ille
1517 3191 1755 3246 minutus
1778 3230 1794 3256 ,
1821 3191 1962 3245 male
1990 3189 2089 3245 de-

496 3296 685 3356 ceptus
705 3329 721 3353 ,
747 3287 886 3342 male
915 3287 1166 3342 seductus
1192 3302 1221 3340 a
1256 3284 1580 3356 prlncipibus
1604 3284 1624 3314 ³
1653 3283 1959 3339 Iudaeorum
1990 3300 2003 3336 :
2033 3291 2091 3338 ut

498 3380 575 3434 illi
606 3381 824 3446 leones,
874 3380 949 3434 illi
993 3379 1153 3435 catuli
1203 3379 1439 3435 leonum.
1482 3374 1680 3433 Omnes
1732 3374 2086 3443 fremuerunt,

498 3487 687 3527 onmes
730 3471 1063 3527 occiderunt.
1092 3470 1336 3525 Audituri
1383 3468 1526 3523 enim
1558 3482 1744 3523 sumus
1777 3467 1863 3522 hic
1887 3477 1940 3521 et
1978 3482 2088 3523 cae-

497 3564 618 3618 dem
649 3566 906 3634 ipsorum,
932 3562 1091 3618 modo
1118 3563 1172 3617 in
1201 3560 1652 3631 consequentibus
1677 3558 1921 3614 versibus
1950 3558 2093 3629 psal-

499 3656 567 3708 mi
594 3654 769 3723 hujus.

572 3746 659 3799 il.
693 3744 757 3797 ιςι
785 3745 947 3809 eruit,
971 3743 1171 3814 inquit,
1203 3742 1427 3796 animam
1468 3756 1630 3794 meam
1669 3740 1733 3794 de
1758 3741 1920 3793 medio
1941 3750 2089 3794 catu-

501 3837 665 3890 lorum
709 3837 927 3889 leonum.
978 3835 1153 3903 Quare
1181 3834 1315 3891 dicis
1337 3875 1353 3899 ,
1382 3833 1451 3888 Et
1486 3834 1615 3886 eruit
1638 3833 1861 3886 animant
1890 3834 2092 3889 meam?

502 3926 638 3991 Quid
656 3927 796 3979 enim
825 3939 1011 3994 passus
1032 3924 1053 3957 ⁸
1070 3941 1207 3991 cras,
1239 3935 1296 3980 ut
1319 3934 1600 3981 emeretur
1619 3926 1796 3978 'anima
1818 3924 1928 3978 tua?
1953 3923 2091 3978 Dor-

500 4015 618 4067 mivi
648 4015 992 4068 conturbatus.
1033 4015 1311 4085 Expressit
1354 4013 1596 4071 Christus
1646 4024 1870 4069 mortem
1914 4030 2087 4070 suam.

500 4104 661 4161 Certe
687 4105 752 4161 de
806 4106 897 4159 illo
925 4106 1086 4161 David
1119 4107 1342 4176 legimus
1370 4105 1514 4177 quod
1541 4105 1738 4177 fugerit
1776 4106 1828 4160 in
1874 4106 2091 4177 Spelun-

500 4215 653 4264 cam,
700 4215 803 4255 nou
854 4184 1031 4255 iaineu
1061 4199 1180 4270 quia
1211 4199 1461 4255 dormivit
1507 4199 1561 4254 in
1608 4200 1886 4268 spelunca.
1941 4200 2092 4257 Alius

502 4291 666 4346 David
692 4302 774 4347 est
795 4294 845 4346 in
874 4293 1155 4361 spelunca,
1187 4292 1322 4346 alius
1351 4291 1514 4347 David
1547 4302 1626 4347 est
1652 4293 1742 4362 qui
1766 4292 1931 4361 dicit,
1958 4292 2095 4348 Dor-

500 4383 617 4437 mivi
664 4385 1009 4438 conturbatus.
1067 4383 1323 4439 Videmus
1374 4383 1833 4457 perturbationem
1886 4385 2089 4456 ipsius;

503 4489 607 4527 non
638 4474 729 4528 illo
758 4474 967 4528 turbato
990 4516 1004 4538 ,
1038 4474 1129 4529 sed
1156 4475 1258 4529 illis
1303 4464 1661 4530 turbantibus.
1716 4475 2006 4532 Turbatum
2034 4494 2093 4534 se

502 4569 642 4621 enim
671 4567 844 4637 dixit,
895 4567 1188 4623 secundum
1228 4568 1535 4638 opinionem
1578 4568 1957 4636 frementium,
1986 4585 2090 4625 non

502 4659 791 4713 secundtun
837 4660 1074 4715 cedentis
1114 4660 1517 4716 conscientiam.
1566 4661 1891 4717 Putaverunt
1916 4676 1973 4717 se
2018 4661 2093 4716 illi

504 4752 747 4807 turbasse
770 4793 785 4817 ,
820 4760 1136 4823 putaverunt
1190 4753 1385 4808 vicisse
1417 4769 1430 4806 :
1466 4754 1555 4811 ille
1606 4763 1784 4809 autem
1838 4753 2094 4809 dormivit

502 4843 865 4897 conturbatus.
913 4844 1042 4898 'l‘am
1109 4844 1346 4914 placatus
1394 4852 1510 4899 erat
1553 4844 1652 4899 iste
1718 4845 1992 4909 turbatus,
2036 4854 2096 4901 ut

503 4933 717 5004 quando
768 4935 964 5009 vellet,
1009 4935 1287 4990 dormiret.
1332 4935 1502 4991 Nemo
1555 4935 1754 4991 dormit
1804 4936 2091 4993 turbatus:

500 5041 694 5080 omnes
742 5024 834 5095 qui
866 5028 1276 5095 perturbantur,
1308 5037 1400 5082 aut
1438 5041 1468 5081 a
1517 5040 1708 5081 somno
1756 5026 2092 5097 excitantur,

502 5128 597 5171 aut
625 5116 678 5170 in
724 5130 968 5170 somnum
1000 5116 1145 5185 vergi
1174 5132 1277 5170 non
1332 5117 1731 5187 permittuntur.
1780 5115 1872 5171 Ille
1916 5128 2092 5191 autem

504 5210 747 5263 turbatus
773 5217 876 5273 est,
904 5216 958 5261 et
982 5208 1248 5260 dormivit.
1276 5207 1458 5277 Magna
1486 5208 1757 5262 humilitas
1781 5209 2091 5278 perturbati,

506 5315 693 5370 magna
727 5307 961 5369 potestas
1008 5296 1339 5351 dormientis.
1376 5299 1451 5354 De
1485 5314 1588 5369 qua
1620 5306 1883 5367 potestate
1912 5300 2095 5355 venie-

504 5393 589 5446 bat
644 5392 783 5463 quod
832 5388 1122 5445 dormivit?
1152 5389 1227 5443 De
1267 5405 1370 5460 qua
1412 5390 1527 5462 ipse
1570 5391 1699 5445 dicit
1732 5408 1746 5445 :
1786 5388 2095 5447 Potestatem

569 5526 754 5636 big-£3;
777 5524 1045 5577 audemus.
1070 5530 1127 5574 At
1149 5530 1254 5574 H88.
1280 5522 1466 5588 plures,
1495 5522 1785 5576 audivimus.
1811 5531 1865 5575 Et
1880 5524 2092 5589 quidam.

504 5603 756 5712 “filiifilii,
783 5647 1104 5699 tribuentem:
1130 5646 1271 5712 cujus
1309 5647 1417 5699 loco
1464 5650 1745 5712 repentinus
1778 5661 1843 5698 ex
1869 5656 1994 5710 Mss.,
2019 5663 2097 5701 re-

502 5710 798 5764 tribuentem.

570 5775 589 5805 ι
623 5781 693 5821 Er.
723 5782 775 5822 et
796 5780 925 5832 lov.,
942 5784 973 5821 a
995 5769 1291 5835 principibus
1307 5771 1626 5824 sacerdotum.
1640 5774 2094 5837 vox,sacerdotwn,

504 5835 650 5891 abest
670 5837 731 5883 ab
754 5844 851 5884 Am.
882 5838 1053 5886 ctMss.

482 5896 1479 5984 μδκωηρωασιιιιιικηρααι

1642 409 1701 469 S.
1740 400 2104 466 AUGUSTINI
2136 401 2443 463 EPISCOPI

2176 521 2332 577 habeo
2353 523 2572 593 ponendi
2611 523 2833 579 animum
2853 538 3019 581 meam
3039 564 3056 592 ,
3083 532 3132 580 et
3151 532 3442 596 potestatem
3478 525 3636 583 habeo
3662 545 3762 583 su-

2172 615 2341 669 mendi
2360 633 2467 670 eam
2493 633 2671 672 :nemo
2696 618 2826 672 tollit
2850 634 2960 672 eam
2987 635 3021 672 α
3036 634 3150 684 me;
3167 619 3257 673 sed
3281 635 3373 693 ego
3399 636 3511 675 eam
3533 638 3689 692 pono,
3705 634 3764 678 et

2173 709 2352 764 iterum
2377 727 2520 765 sumo
2550 727 2659 764 eam
2689 710 2865 784 (Joan.
2898 727 2954 776 x,
2984 711 3093 783 18).
3124 710 3496 770 Turbaverunt
3537 714 3613 770 illi
3638 758 3652 779 ,
3700 726 3763 773 et

2175 798 2426 855 dormivit
2469 800 2599 872 ipse.
2631 802 2794 873 Cujus
2839 812 3019 873 typum
3063 803 3282 874 gerebat
3321 806 3511 870 Adam,
3543 807 3764 878 quando

2178 892 2400 948 immisit
2428 895 2477 948 ei
2505 895 2642 949 Deus
2685 909 2933 963 saporem
2958 936 2973 959 ,
3005 903 3061 949 ut
3088 893 3157 950 de
3181 894 3347 952 latere
3374 897 3448 951 illi
3473 897 3762 969 coniugem

2177 984 2378 1040 faceret
2398 985 2549 1057 (Gen.
2578 1003 2612 1041 ιι
2635 1028 2648 1049 ,
2668 986 2733 1042 21
2759 985 2800 1056 ).
2830 987 2964 1042 Νυηι
3006 988 3146 1043 enim
3172 1004 3275 1043 non
3305 1000 3509 1059 poterat
3528 1008 3759 1048 uxorem

2178 1076 2356 1132 facere
2401 1079 2570 1147 primo
2601 1079 2802 1133 homini
2849 1080 3008 1133 etiam
3035 1079 3103 1134 de
3138 1080 3306 1136 latere
3341 1081 3641 1153 vigilantis?
3669 1095 3768 1139 aut

2182 1178 2463 1237 propterea
2490 1169 2657 1223 voluit
2706 1185 2825 1223 eum
2851 1169 3088 1226 dormire
3107 1214 3121 1237 ,
3163 1187 3228 1227 ne
3258 1174 3481 1228 sentiret
3505 1190 3625 1229 cum
3659 1176 3763 1230 sibi

2180 1268 2324 1314 costa
2344 1260 2738 1315 detraheretur?
2751 1261 3046 1326 Postremo,
3086 1262 3205 1332 quis
3233 1264 3302 1317 ita
3323 1263 3541 1329 dormit,
3563 1275 3619 1319 ut
3640 1280 3770 1320 osse

2181 1350 2279 1405 sibi
2301 1353 2556 1406 convulso
2593 1367 2698 1407 non
2743 1355 3167 1424 expergiscatur?
3191 1356 3290 1422 Qui
3330 1358 3497 1426 potuit
3525 1358 3640 1412 sine
3669 1358 3771 1413 do-

2183 1444 2295 1499 lore
2315 1445 2522 1500 auferre
2543 1459 2744 1500 cosmm
2770 1446 3075 1515 dormienti,
3102 1449 3270 1517 potuit
3297 1458 3351 1502 et
3379 1450 3630 1519 vigilanti.
3658 1451 3771 1506 Sed

2182 1551 2347 1605 quare
2375 1537 2539 1590 voluit
2577 1536 2863 1591 dormienti
2894 1538 3108 1592 facere?
3135 1539 3265 1606 Quia
3293 1539 3576 1594 dormienti
3603 1540 3768 1595 Chri-

2184 1637 2267 1683 sto
2293 1629 2346 1683 in
2367 1644 2523 1683 cruce
2549 1628 2684 1684 facta
2713 1639 2796 1684 est
2816 1630 3010 1700 coniux
3037 1630 3105 1684 de
3131 1630 3315 1686 latere.
3338 1633 3655 1687 Percussum
3687 1643 3775 1688 est

2185 1721 2325 1775 enim
2377 1722 2514 1775 latus
2545 1720 2824 1790 pendentis
2864 1721 2934 1778 de
2975 1722 3157 1777 lancea
3205 1721 3382 1790 (Joan.
3414 1739 3530 1788 xix,
3559 1725 3648 1793 56)
3675 1767 3689 1787 ,
3717 1736 3776 1782 et

2185 1813 2553 1883 proﬂuxerunt
2583 1814 2834 1869 Ecclesia
2860 1815 3226 1869 Sacramenta.
3255 1813 3488 1870 Dormivi
3505 1859 3519 1879 ,
3563 1817 3773 1888 inquit,

2186 1902 2529 1958 conturbatus.
2564 1906 2630 1959 Et
2668 1905 2719 1958 in
2771 1906 2877 1960 alio
2907 1906 3114 1974 psalmo
3157 1907 3464 1962 manifestat
3512 1908 3645 1974 hoc,
3681 1910 3776 1965 ubi

2187 1998 2262 2053 ait
2290 2016 2302 2051 :
2332 1997 2445 2067 Ego
2471 1999 2683 2053 dormivi
2710 2040 2725 2064 ,
2754 2007 2800 2052 et
2842 2004 3076 2054 somnum
3114 2002 3246 2067 cepi.
3282 2000 3355 2056 lbi
3384 2004 3645 2070 expressit
3672 2018 3775 2071 po-

2188 2098 2434 2145 testatem
2461 2105 2632 2144 suam.
2665 2090 2879 2145 Poterat
2900 2097 2958 2146 et
2996 2091 3107 2148 illic
3130 2091 3331 2156 dicere,
3356 2090 3609 2158 Dormivi,
3633 2093 3780 2149 sicut

2189 2180 2322 2236 dixit
2348 2182 2451 2237 hic.
2478 2182 2615 2249 Quid
2645 2190 2728 2238 est
2764 2193 2942 2239 autem
2965 2225 2981 2250 ,
3001 2182 3118 2256 Ego
3143 2184 3358 2239 dormivi
3376 2185 3402 2239 7
3423 2184 3480 2241 Id
3500 2197 3583 2242 est
3600 2228 3616 2254 ,
3647 2189 3778 2257 quia

2190 2273 2368 2339 volui,
2418 2273 2666 2328 dormivi.
2696 2273 2811 2330 Non
2861 2275 2935 2329 illi
2978 2290 3066 2330 me
3110 2276 3164 2330 in
3211 2291 3457 2330 somnum
3499 2278 3778 2334 nolentem

2190 2366 2583 2435 compulerunt;
2609 2366 2701 2421 sed
2725 2382 2841 2421 mea
2872 2368 3145 2423 voluntate
3168 2382 3269 2438 ego
3290 2368 3517 2423 dormivi
3545 2410 3559 2433 ,
3582 2385 3783 2425 secun-

2190 2457 2316 2514 dum
2347 2458 2476 2514 illud
2508 2476 2521 2514 :
2557 2457 2863 2514 Potestatem
2887 2459 3047 2514 habeo
3086 2461 3308 2526 ponendi
3334 2462 3558 2515 annnam
3584 2478 3795 2530 meum,

2187 2558 2238 2604 et
2278 2559 2571 2620 potestatem
2614 2550 2771 2606 habeo
2813 2553 2997 2606 iterum
3044 2552 3274 2607 sumendi
3314 2569 3446 2606 eam.
3486 2552 3783 2623 Propterea
3854 2534 3863 2540 θ

2192 2639 2282 2694 ibi‘
2301 2641 2540 2709 sequitur
2564 2650 2617 2696 et
2643 2641 2771 2695 dicit
2799 2659 2815 2697 :
2837 2641 2945 2712 Ego
2966 2641 3198 2703 dormivi,
3223 2652 3269 2695 et
3295 2659 3526 2697 somnum
3548 2645 3661 2716 cepi
3677 2662 3701 2710 ;
3732 2654 3783 2700 et

2190 2732 2450 2786 exsurrexi
2468 2771 2485 2798 ,
2509 2732 2759 2801 quoniam.
2776 2729 3027 2785 Dominus
3046 2733 3284 2803 suscipiet
3304 2749 3383 2786 me
3402 2731 3573 2801 (Prol.
3590 2748 3669 2803 nl,
3698 2734 3781 2805 6).

2265 2824 2353 2885 12.
2396 2822 2627 2879 Dormivi
2665 2825 3009 2881 conturbatus.
3061 2824 3212 2882 Unde
3260 2826 3536 2882 turbatus?
3584 2828 3786 2899 quibus

2194 2916 2565 2973 turbantibus?
2592 2916 2878 2973 Videamus
2904 2916 3175 2988 quomodo
3201 2917 3380 2973 inurat
3400 2919 3418 2950 ³
3438 2918 3632 2975 malam
3656 2935 3788 2976 con-

2192 3010 2471 3065 scientiam
2516 3008 2744 3075 Judzeis,
2768 3009 3071 3065 volentibus
3104 3024 3362 3065 excusare
3404 3025 3465 3065 se
3489 3011 3559 3065 ab
3607 3012 3785 3068 inter-

2182 3086 2421 3157 lectione
2452 3102 2680 3157 Domini.
2720 3101 2852 3156 Nam
2891 3111 3171 3171 propterea
3207 3117 3353 3166 eum,
3384 3104 3525 3158 sicut
3544 3102 3787 3173 loquitur

2193 3194 2560 3264 Evangelium,
2578 3193 2746 3264 iudici
2772 3194 3126 3261 tradiderunt,
3156 3209 3223 3251 ne
3246 3195 3346 3264 ipsi
3373 3210 3498 3250 eum
3518 3194 3789 3253 occidisse

2197 3286 2526 3341 viderentur.
2549 3286 2682 3342 Cum
2703 3286 2845 3342 enim
2872 3286 3102 3342 dixisset
3126 3287 3207 3342 eis
3230 3286 3393 3357 iudex
3410 3296 3536 3343 tunc
3559 3286 3785 3353 Pilatus,

2193 3375 2419 3447 Accipite
2452 3393 2568 3432 eum
2594 3394 2682 3433 vos
2702 3420 2716 3442 ,
2743 3388 2792 3433 et
2815 3380 3089 3434 secundum
3125 3379 3288 3451 legem
3309 3389 3522 3435 uestram
3550 3380 3791 3451 judicare

2193 3486 2341 3537 eum;
2367 3471 2779 3540 responderunt,
2808 3472 2971 3528 Nobis
3000 3489 3103 3527 non
3146 3474 3262 3527 licet
3306 3475 3591 3542 interﬁcere
3611 3491 3789 3545 quem-

2192 3578 2347 3631 quam
2396 3561 2574 3633 (Joan.
2627 3579 2783 3630 xvtu,
2816 3565 2929 3628 51).
2988 3564 3294 3620 interﬁcere
3344 3579 3455 3620 non
3493 3564 3640 3632 licet,
3670 3575 3788 3619 tra-

2195 3653 2326 3711 dere
2368 3654 2794 3711 interﬁciendum
2836 3656 3005 3710 licet?
3030 3655 3163 3724 Quis
3208 3664 3386 3710 autem
3414 3654 3785 3725 occiditiQui

2196 3745 2380 3800 audito
2428 3747 2665 3802 clamore
2712 3748 2914 3811 cessit,
2944 3763 3011 3802 an
3041 3749 3131 3818 qui
3172 3747 3460 3803 clamando
3484 3757 3541 3801 ut
3568 3748 3789 3802 occide-

2195 3845 2345 3891 retur
2390 3837 2649 3892 extorsit?
2697 3838 2813 3909 ipse
2868 3838 3123 3895 Dominus
3163 3837 3306 3893 dicat
3350 3837 3714 3895 testimonium
3758 3853 3791 3892 a

2196 3930 2388 3999 quibus
2416 3930 2627 3985 occisus
2678 3939 2800 3998 est,
2834 3939 3007 3985 utrum
3050 3930 3120 3985 ab
3148 3929 3238 3984 illo
3282 3929 3453 3984 Pilato
3476 3930 3566 3999 qui
3597 3930 3792 3985 nolens

2196 4036 2318 4078 eum
2358 4020 2555 4090 occidit
2586 4039 2598 4075 :
2631 4022 2772 4077 unde
2813 4022 2973 4076 etiam
3024 4036 3145 4075 eum
3196 4020 3515 4090 ﬂagellavit,
3555 4027 3613 4079 et
3637 4030 3793 4076 veste

2197 4112 2548 4184 ignominiosa
2589 4111 2794 4177 induit,
2826 4120 2880 4165 et
2906 4109 3227 4182 ﬂagellatam
3273 4109 3342 4164 ad
3384 4125 3571 4166 eorum
3600 4110 3792 4165 oculos

2198 4206 2466 4278 produxit,
2496 4215 2554 4261 ut
2598 4205 2787 4262 saltem
2836 4221 2991 4276 pinna
3036 4204 3371 4269 ﬂagellorum
3415 4205 3529 4276 ejus
3569 4205 3790 4270 satiati,

2194 4315 2317 4355 eum
2337 4299 2622 4355 occidinon
2651 4308 2837 4367 extorq
2846 4308 3052 4353 uerent.
3073 4298 3362 4366 Propterea
3378 4297 3538 4351 etiam
3559 4311 3684 4352 cum
3710 4297 3795 4351 vi-

2198 4390 2349 4447 deret
2392 4405 2486 4447 cos
2527 4405 2907 4460 perseverare,
2938 4390 3075 4445 sicut
3126 4389 3388 4460 legimus,
3419 4388 3551 4444 lavit
3598 4403 3793 4444 tnanus

2198 4498 2343 4549 suas,
2369 4492 2422 4536 et
2446 4482 2581 4536 dixit
2613 4499 2626 4535 :
2662 4480 2913 4536 lnnocens
2956 4499 3045 4554 ego
3071 4499 3183 4536 sunt
3204 4499 3237 4536 a
3259 4482 3508 4552 sanguine
3532 4482 3661 4549 iusti
3692 4482 3793 4536 htt-

2188 4576 2281 4647 jus
2331 4572 2548 4645 (Matth.
2580 4590 2724 4628 xxvu
2743 4615 2758 4638 ,
2783 4574 2899 4642 24).
2930 4574 3136 4629 Videris
3168 4581 3342 4629 utrum
3371 4572 3463 4629 ille
3488 4573 3755 4629 innocens
3776 4613 3789 4637 ,

2198 4667 2287 4737 qui
2318 4666 2400 4720 vel
2428 4666 2592 4721 cessit
2636 4666 3033 4721 clamantibus:
3062 4667 3229 4722 multo
3277 4665 3448 4736 magis
3492 4673 3675 4720 tamen
3718 4665 3795 4721 illi

2198 4769 2472 4825 nocentes,
2498 4759 2589 4829 qui
2612 4759 2896 4814 clamando
2919 4774 3042 4815 eum
3077 4759 3320 4815 occidere
3351 4759 3656 4814 voluerunt.
3687 4757 3795 4812 Sed

2200 4868 2299 4907 nos
2325 4853 2714 4923 interrogemus
2740 4862 2793 4906 et
2832 4852 3109 4907 audiamus
3137 4852 3448 4916 Dominum,
3473 4850 3672 4921 quibus
3700 4849 3798 4905 tri-

2198 4945 2327 5000 buat
2345 4955 2573 5000 mortem
2601 4960 2755 4999 suam
2779 4984 2793 5009 ,
2818 4944 2939 5014 quia
2966 4944 3133 5009 dixit,
3160 4941 3389 4997 Dormioi
3421 4943 3671 4997 turbatus.
3704 4943 3794 4996 ln-

2202 5046 2534 5106 terrogemus
2582 5051 2744 5104 eum,
2787 5044 2842 5090 et
2891 5035 3131 5090 dicamus
3177 5033 3485 5102 :Quoniam
3542 5033 3797 5089 dormistt

2201 5129 2442 5183 turbatus
2466 5168 2481 5194 ,
2525 5128 2617 5198 qui
2643 5136 2693 5182 te
2718 5127 2982 5196 persecuti
3022 5124 3183 5180 sunt?
3221 5126 3308 5195 qui
3341 5134 3392 5180 te
3436 5124 3795 5179 occiderunt?

2199 5219 2467 5291 Numquid
2514 5218 2652 5276 forte
2694 5217 2922 5281 Pilatus,
2951 5217 3039 5286 qui
3087 5216 3343 5272 militibus
3371 5215 3517 5272 dedit
3566 5217 3620 5273 in
3651 5216 3797 5287 ligno

2200 5312 2629 5387 suspendendum
2649 5352 2666 5379 ,
2704 5311 2870 5369 clavis
2919 5310 3337 5381 traustigendum
3359 5310 3382 5363 ?
3408 5309 3603 5366 Audite
3653 5311 3746 5381 qui
3776 5329 3793 5366 ε

2201 5407 2327 5463 Filii
2356 5406 2637 5461 hominum.
2677 5404 2801 5459 Illos
2835 5404 3017 5474 utique
3041 5404 3210 5472 dicit,
3241 5419 3378 5475 quos
3421 5417 3796 5475 persecutores

2202 5515 2389 5571 passus
2410 5506 2508 5554 est.
2535 5497 2640 5554 Sed
2667 5496 2932 5568 quomodo
2960 5497 3062 5567 ipsi
3090 5498 3440 5567 occiderunt,
3469 5499 3559 5568 qui
3589 5497 3795 5554 ferrum

2202 5607 2309 5646 non
2336 5589 2619 5645 ferebant?
2656 5590 2756 5658 Qui
2786 5590 3017 5660 gladium
3050 5606 3164 5669 non
3193 5591 3547 5656 strinxerunt,
3570 5591 3662 5660 qui
3690 5591 3796 5649 imi-

2203 5693 2380 5755 petum
2415 5684 2468 5738 iu
2489 5698 2612 5738 eum
2641 5698 2744 5737 non
2772 5682 3016 5739 fecerunt
3042 5665 3110 5739 ad
3144 5683 3519 5750 occidendum,
3541 5683 3797 5740 undeoc-

2201 5775 2481 5833 cideruut?
2504 5773 2694 5832 Dentes
2731 5792 2903 5832 eorum
2925 5792 3069 5831 arma
3101 5784 3148 5830 et
3176 5778 3404 5848 sagitta,
3434 5787 3481 5833 et
3501 5776 3679 5849 (iligna
3704 5793 3800 5835 eo-

2264 5896 2287 5931 ⁸
2318 5893 3497 5965 διοωριθωιιιιιωιιηὺιόιιωεωωύωο.
