  <div class='ocr_page' id='page_1' title='image "/cluster/home/n/w/nwhite01/storage/ocr_20150623/36/hvd.32044015471469/340.png"; bbox 0 0 4042 6496; ppageno 0'>
   <div class='ocr_carea' id='block_1_1' title="bbox 174 392 2266 492">
    <p class='ocr_par' dir='ltr' id='par_1_1' title="bbox 174 392 2266 492">
     <span class='ocr_line' id='line_1_1' title="bbox 174 392 2266 492; baseline -0.002 -19"><span class='ocrx_word' id='word_1_1' title='bbox 174 430 264 492; x_wconf 60' lang='grc' dir='ltr'><strong>ως</strong></span> <span class='ocrx_word' id='word_1_2' title='bbox 1250 392 1644 470; x_wconf 67' lang='lat' dir='ltr'><strong>maritimo</strong></span> <span class='ocrx_word' id='word_1_3' title='bbox 1682 408 1746 465; x_wconf 86' lang='lat' dir='ltr'><strong>IN</strong></span> <span class='ocrx_word' id='word_1_4' title='bbox 1770 407 2093 468; x_wconf 75' lang='lat' dir='ltr'><strong>PSALMUM</strong></span> <span class='ocrx_word' id='word_1_5' title='bbox 2130 408 2266 469; x_wconf 76' lang='lat' dir='ltr'><strong>LVI.</strong></span> 
     </span>
    </p>
   </div>
   <div class='ocr_carea' id='block_1_2' title="bbox 177 522 1736 617">
    <p class='ocr_par' dir='ltr' id='par_1_2' title="bbox 177 522 1736 617">
     <span class='ocr_line' id='line_1_2' title="bbox 177 522 1736 617; baseline -0.019 -11"><span class='ocrx_word' id='word_1_6' title='bbox 177 565 271 606; x_wconf 77' lang='lat' dir='ltr'><strong>runt</strong></span> <span class='ocrx_word' id='word_1_7' title='bbox 289 541 490 617; x_wconf 76' lang='lat' dir='ltr'><strong>gladius</strong></span> <span class='ocrx_word' id='word_1_8' title='bbox 504 546 700 594; x_wconf 82' lang='lat' dir='ltr'><strong>acutus.</strong></span> <span class='ocrx_word' id='word_1_9' title='bbox 714 535 831 592; x_wconf 83' lang='lat' dir='ltr'><strong>Noli</strong></span> <span class='ocrx_word' id='word_1_10' title='bbox 855 531 1130 589; x_wconf 84' lang='lat' dir='ltr'><strong>attendere</strong></span> <span class='ocrx_word' id='word_1_11' title='bbox 1154 529 1388 585; x_wconf 81' lang='lat' dir='ltr'><strong>inermes</strong></span> <span class='ocrx_word' id='word_1_12' title='bbox 1409 539 1623 617; x_wconf 85' lang='lat' dir='ltr'><strong>manus,</strong></span> 
     </span>
    </p>
   </div>
   <div class='ocr_carea' id='block_1_3' title="bbox 176 613 1740 700">
    <p class='ocr_par' dir='ltr' id='par_1_3' title="bbox 176 613 1740 700">
     <span class='ocr_line' id='line_1_3' title="bbox 176 613 1740 700; baseline -0.019 -4"><span class='ocrx_word' id='word_1_13' title='bbox 176 613 493 699; x_wconf 74' lang='lat' dir='ltr'><strong>osarmatum</strong></span> <span class='ocrx_word' id='word_1_14' title='bbox 525 628 681 688; x_wconf 86' lang='lat' dir='ltr'><strong>:inde</strong></span> <span class='ocrx_word' id='word_1_15' title='bbox 700 628 904 700; x_wconf 76' lang='lat' dir='ltr'><strong>gladius</strong></span> <span class='ocrx_word' id='word_1_16' title='bbox 930 620 1184 694; x_wconf 76' lang='lat' dir='ltr'><strong>processit</strong></span> <span class='ocrx_word' id='word_1_17' title='bbox 1203 632 1310 690; x_wconf 87' lang='lat' dir='ltr'><strong>quo</strong></span> <span class='ocrx_word' id='word_1_18' title='bbox 1325 616 1570 673; x_wconf 80' lang='lat' dir='ltr'><strong>Christus</strong></span> <span class='ocrx_word' id='word_1_19' title='bbox 1597 613 1740 669; x_wconf 84' lang='lat' dir='ltr'><strong>occi-</strong></span> 
     </span>
    </p>
   </div>
   <div class='ocr_carea' id='block_1_4' title="bbox 177 703 1744 797">
    <p class='ocr_par' dir='ltr' id='par_1_4' title="bbox 177 703 1744 797">
     <span class='ocr_line' id='line_1_4' title="bbox 177 703 1744 797; baseline -0.018 -10"><span class='ocrx_word' id='word_1_20' title='bbox 177 734 399 791; x_wconf 77' lang='lat' dir='ltr'><strong>deretur;</strong></span> <span class='ocrx_word' id='word_1_21' title='bbox 427 722 698 797; x_wconf 88' lang='lat' dir='ltr'><strong>quomodo</strong></span> <span class='ocrx_word' id='word_1_22' title='bbox 741 727 794 775; x_wconf 91' lang='lat' dir='ltr'><strong>et</strong></span> <span class='ocrx_word' id='word_1_23' title='bbox 829 718 898 773; x_wconf 89' lang='lat' dir='ltr'><strong>de</strong></span> <span class='ocrx_word' id='word_1_24' title='bbox 925 732 1019 772; x_wconf 91' lang='lat' dir='ltr'><strong>ore</strong></span> <span class='ocrx_word' id='word_1_25' title='bbox 1055 711 1294 776; x_wconf 89' lang='lat' dir='ltr'><strong>Christi,</strong></span> <span class='ocrx_word' id='word_1_26' title='bbox 1327 709 1468 765; x_wconf 90' lang='lat' dir='ltr'><strong>unde</strong></span> <span class='ocrx_word' id='word_1_27' title='bbox 1495 717 1550 763; x_wconf 87' lang='lat' dir='ltr'><strong>et</strong></span> <span class='ocrx_word' id='word_1_28' title='bbox 1572 703 1744 797; x_wconf 62' lang='lat' dir='ltr'><strong>Judaei</strong></span> 
     </span>
    </p>
   </div>
   <div class='ocr_carea' id='block_1_5' title="bbox 179 794 1743 879">
    <p class='ocr_par' dir='ltr' id='par_1_5' title="bbox 179 794 1743 879">
     <span class='ocr_line' id='line_1_5' title="bbox 179 794 1743 879; baseline -0.019 -1"><span class='ocrx_word' id='word_1_29' title='bbox 179 794 555 879; x_wconf 74' lang='lat' dir='ltr'><strong>occiderentur.</strong></span> <span class='ocrx_word' id='word_1_30' title='bbox 597 813 764 869; x_wconf 82' lang='lat' dir='ltr'><strong>Habet</strong></span> <span class='ocrx_word' id='word_1_31' title='bbox 814 808 955 865; x_wconf 91' lang='lat' dir='ltr'><strong>enim</strong></span> <span class='ocrx_word' id='word_1_32' title='bbox 984 806 1074 861; x_wconf 90' lang='lat' dir='ltr'><strong>ille</strong></span> <span class='ocrx_word' id='word_1_33' title='bbox 1096 802 1327 875; x_wconf 76' lang='lat' dir='ltr'><strong>gladium</strong></span> <span class='ocrx_word' id='word_1_34' title='bbox 1356 799 1445 855; x_wconf 87' lang='lat' dir='ltr'><strong>&#39;bis</strong></span> <span class='ocrx_word' id='word_1_35' title='bbox 1480 805 1697 852; x_wconf 84' lang='lat' dir='ltr'><strong>acutum</strong></span> <span class='ocrx_word' id='word_1_36' title='bbox 1723 794 1743 828; x_wconf 73' lang='grc' dir='ltr'>ί</span> 
     </span>
    </p>
   </div>
   <div class='ocr_carea' id='block_1_6' title="bbox 138 886 1748 989">
    <p class='ocr_par' dir='ltr' id='par_1_6' title="bbox 138 886 1748 989">
     <span class='ocr_line' id='line_1_6' title="bbox 138 886 1748 989; baseline -0.019 -18"><span class='ocrx_word' id='word_1_37' title='bbox 138 953 142 957; x_wconf 92' lang='grc'><strong>-</strong></span> <span class='ocrx_word' id='word_1_38' title='bbox 180 916 350 989; x_wconf 78' lang='lat' dir='ltr'><strong>(Apoc.</strong></span> <span class='ocrx_word' id='word_1_39' title='bbox 386 926 405 965; x_wconf 92' lang='grc' dir='ltr'>ι</span> <span class='ocrx_word' id='word_1_40' title='bbox 429 952 446 978; x_wconf 87' lang='grc'><em>,</em></span> <span class='ocrx_word' id='word_1_41' title='bbox 474 908 567 978; x_wconf 76' lang='grc'><strong>16)</strong></span> <span class='ocrx_word' id='word_1_42' title='bbox 592 924 604 961; x_wconf 88' lang='lat'><strong>:</strong></span> <span class='ocrx_word' id='word_1_43' title='bbox 629 913 684 961; x_wconf 90' lang='lat' dir='ltr'><strong>et</strong></span> <span class='ocrx_word' id='word_1_44' title='bbox 712 916 994 972; x_wconf 77' lang='lat' dir='ltr'><strong>resurgens</strong></span> <span class='ocrx_word' id='word_1_45' title='bbox 1022 894 1282 967; x_wconf 74' lang='lat' dir='ltr'><strong>percussit</strong></span> <span class='ocrx_word' id='word_1_46' title='bbox 1309 906 1402 947; x_wconf 87' lang='lat' dir='ltr'><strong>eos</strong></span> <span class='ocrx_word' id='word_1_47' title='bbox 1428 933 1443 957; x_wconf 96' lang='lat'><strong>,</strong></span> <span class='ocrx_word' id='word_1_48' title='bbox 1469 898 1525 989; x_wconf 79' lang='lat' dir='ltr'><strong>et</strong></span> <span class='ocrx_word' id='word_1_49' title='bbox 1565 886 1748 989; x_wconf 75' lang='lat' dir='ltr'><strong>divisit</strong></span> 
     </span>
    </p>
   </div>
   <div class='ocr_carea' id='block_1_7' title="bbox 180 978 1743 1072">
    <p class='ocr_par' dir='ltr' id='par_1_7' title="bbox 180 978 1743 1072">
     <span class='ocr_line' id='line_1_7' title="bbox 180 978 1743 1072; baseline -0.02 -11"><span class='ocrx_word' id='word_1_50' title='bbox 180 978 334 1061; x_wconf 36' lang='lat' dir='ltr'><strong>sb&#39;eis</strong></span> <span class='ocrx_word' id='word_1_51' title='bbox 351 1015 487 1072; x_wconf 89' lang='lat' dir='ltr'><strong>quos</strong></span> <span class='ocrx_word' id='word_1_52' title='bbox 510 992 710 1052; x_wconf 72' lang='lat' dir='ltr'><strong>faceret</strong></span> <span class='ocrx_word' id='word_1_53' title='bbox 736 992 919 1048; x_wconf 81' lang='lat' dir='ltr'><strong>fideles</strong></span> <span class='ocrx_word' id='word_1_54' title='bbox 946 1003 1091 1044; x_wconf 88' lang='lat' dir='ltr'><strong>suos.</strong></span> <span class='ocrx_word' id='word_1_55' title='bbox 1136 985 1218 1041; x_wconf 92' lang='lat' dir='ltr'><strong>llli</strong></span> <span class='ocrx_word' id='word_1_56' title='bbox 1247 983 1443 1039; x_wconf 87' lang='lat' dir='ltr'><strong>malum</strong></span> <span class='ocrx_word' id='word_1_57' title='bbox 1468 978 1702 1072; x_wconf 80' lang='lat' dir='ltr'><strong>gladium</strong></span> <span class='ocrx_word' id='word_1_58' title='bbox 1727 1016 1743 1040; x_wconf 92' lang='lat'><strong>,</strong></span> 
     </span>
    </p>
   </div>
   <div class='ocr_carea' id='block_1_8' title="bbox 181 1068 1748 1158">
    <p class='ocr_par' dir='ltr' id='par_1_8' title="bbox 181 1068 1748 1158">
     <span class='ocr_line' id='line_1_8' title="bbox 181 1068 1748 1158; baseline -0.02 -5"><span class='ocrx_word' id='word_1_59' title='bbox 181 1100 255 1154; x_wconf 90' lang='lat' dir='ltr'><strong>ille</strong></span> <span class='ocrx_word' id='word_1_60' title='bbox 280 1068 479 1149; x_wconf 83' lang='lat' dir='ltr'><strong>bonum</strong></span> <span class='ocrx_word' id='word_1_61' title='bbox 508 1090 620 1145; x_wconf 63' lang='lat' dir='ltr'><strong>:‘illi</strong></span> <span class='ocrx_word' id='word_1_62' title='bbox 643 1088 861 1158; x_wconf 72' lang='lat' dir='ltr'><strong>sagittas</strong></span> <span class='ocrx_word' id='word_1_63' title='bbox 885 1082 1069 1147; x_wconf 80' lang='lat' dir='ltr'><strong>malas,</strong></span> <span class='ocrx_word' id='word_1_64' title='bbox 1100 1079 1187 1135; x_wconf 89' lang='lat' dir='ltr'><strong>ille</strong></span> <span class='ocrx_word' id='word_1_65' title='bbox 1213 1078 1397 1132; x_wconf 89' lang='lat' dir='ltr'><strong>bonas.</strong></span> <span class='ocrx_word' id='word_1_66' title='bbox 1424 1072 1556 1128; x_wconf 86' lang='lat' dir='ltr'><strong>Nam</strong></span> <span class='ocrx_word' id='word_1_67' title='bbox 1583 1068 1748 1124; x_wconf 85' lang='lat' dir='ltr'><strong>habet</strong></span> 
     </span>
    </p>
   </div>
   <div class='ocr_carea' id='block_1_9' title="bbox 179 1163 1749 1256">
    <p class='ocr_par' dir='ltr' id='par_1_9' title="bbox 179 1163 1749 1256">
     <span class='ocr_line' id='line_1_9' title="bbox 179 1163 1749 1256; baseline -0.019 -14"><span class='ocrx_word' id='word_1_68' title='bbox 179 1199 223 1245; x_wconf 86' lang='lat' dir='ltr'><strong>et</strong></span> <span class='ocrx_word' id='word_1_69' title='bbox 250 1187 374 1256; x_wconf 85' lang='lat' dir='ltr'><strong>ipse</strong></span> <span class='ocrx_word' id='word_1_70' title='bbox 398 1182 616 1254; x_wconf 79' lang='lat' dir='ltr'><strong>sagittas</strong></span> <span class='ocrx_word' id='word_1_71' title='bbox 640 1179 810 1234; x_wconf 87' lang='lat' dir='ltr'><strong>bonas</strong></span> <span class='ocrx_word' id='word_1_72' title='bbox 827 1218 842 1241; x_wconf 96' lang='lat'><strong>,</strong></span> <span class='ocrx_word' id='word_1_73' title='bbox 872 1173 1033 1228; x_wconf 85' lang='lat' dir='ltr'><strong>verba</strong></span> <span class='ocrx_word' id='word_1_74' title='bbox 1065 1172 1223 1235; x_wconf 85' lang='lat' dir='ltr'><strong>bona,</strong></span> <span class='ocrx_word' id='word_1_75' title='bbox 1247 1166 1387 1222; x_wconf 88' lang='lat' dir='ltr'><strong>unde</strong></span> <span class='ocrx_word' id='word_1_76' title='bbox 1410 1163 1625 1234; x_wconf 89' lang='lat' dir='ltr'><strong>sagittat</strong></span> <span class='ocrx_word' id='word_1_77' title='bbox 1644 1174 1749 1256; x_wconf 65' lang='lat' dir='ltr'><strong>cor</strong></span> 
     </span>
    </p>
   </div>
   <div class='ocr_carea' id='block_1_10' title="bbox 184 1250 1747 1341">
    <p class='ocr_par' dir='ltr' id='par_1_10' title="bbox 184 1250 1747 1341">
     <span class='ocr_line' id='line_1_10' title="bbox 184 1250 1747 1341; baseline -0.02 -6"><span class='ocrx_word' id='word_1_78' title='bbox 184 1250 345 1341; x_wconf 69' lang='lat' dir='ltr'><strong>ﬁdele,</strong></span> <span class='ocrx_word' id='word_1_79' title='bbox 376 1284 435 1330; x_wconf 91' lang='lat' dir='ltr'><strong>ut</strong></span> <span class='ocrx_word' id='word_1_80' title='bbox 461 1250 690 1327; x_wconf 78' lang='lat' dir='ltr'><strong>ametur.</strong></span> <span class='ocrx_word' id='word_1_81' title='bbox 716 1269 858 1338; x_wconf 84' lang='lat' dir='ltr'><strong>Ergo</strong></span> <span class='ocrx_word' id='word_1_82' title='bbox 884 1265 1001 1319; x_wconf 83' lang='lat' dir='ltr'><strong>aliae</strong></span> <span class='ocrx_word' id='word_1_83' title='bbox 1022 1258 1251 1316; x_wconf 86' lang='lat' dir='ltr'><strong>istorum</strong></span> <span class='ocrx_word' id='word_1_84' title='bbox 1279 1257 1507 1328; x_wconf 68' lang='lat' dir='ltr'><strong>sagittae,</strong></span> <span class='ocrx_word' id='word_1_85' title='bbox 1530 1260 1586 1308; x_wconf 91' lang='lat' dir='ltr'><strong>et</strong></span> <span class='ocrx_word' id='word_1_86' title='bbox 1609 1250 1747 1306; x_wconf 85' lang='lat' dir='ltr'><strong>alius</strong></span> 
     </span>
    </p>
   </div>
   <div class='ocr_carea' id='block_1_11' title="bbox 185 1351 1749 1441">
    <p class='ocr_par' dir='ltr' id='par_1_11' title="bbox 185 1351 1749 1441">
     <span class='ocr_line' id='line_1_11' title="bbox 185 1351 1749 1441; baseline -0.021 -11"><span class='ocrx_word' id='word_1_87' title='bbox 185 1376 389 1430; x_wconf 84' lang='lat' dir='ltr'><strong>istorum</strong></span> <span class='ocrx_word' id='word_1_88' title='bbox 415 1368 642 1441; x_wconf 79' lang='lat' dir='ltr'><strong>gladius.</strong></span> <span class='ocrx_word' id='word_1_89' title='bbox 674 1362 802 1418; x_wconf 82' lang='lat' dir='ltr'><strong>Filii</strong></span> <span class='ocrx_word' id='word_1_90' title='bbox 829 1360 1088 1415; x_wconf 79' lang='lat' dir='ltr'><strong>hominum</strong></span> <span class='ocrx_word' id='word_1_91' title='bbox 1115 1356 1284 1409; x_wconf 83' lang='lat' dir='ltr'><strong>dentes</strong></span> <span class='ocrx_word' id='word_1_92' title='bbox 1327 1364 1501 1406; x_wconf 87' lang='lat' dir='ltr'><strong>eorum</strong></span> <span class='ocrx_word' id='word_1_93' title='bbox 1528 1361 1673 1441; x_wconf 68' lang='lat' dir='ltr'><strong>arma</strong></span> <span class='ocrx_word' id='word_1_94' title='bbox 1698 1351 1749 1398; x_wconf 83' lang='lat' dir='ltr'><strong>et</strong></span> 
     </span>
    </p>
   </div>
   <div class='ocr_carea' id='block_1_12' title="bbox 184 1435 1749 1535">
    <p class='ocr_par' dir='ltr' id='par_1_12' title="bbox 184 1435 1749 1535">
     <span class='ocr_line' id='line_1_12' title="bbox 184 1435 1749 1535; baseline -0.022 -13"><span class='ocrx_word' id='word_1_95' title='bbox 184 1465 379 1535; x_wconf 64' lang='lat' dir='ltr'><strong>sagina.</strong></span> <span class='ocrx_word' id='word_1_96' title='bbox 408 1435 452 1515; x_wconf 65' lang='lat' dir='ltr'><strong>et</strong></span> <span class='ocrx_word' id='word_1_97' title='bbox 478 1460 653 1529; x_wconf 81' lang='lat' dir='ltr'><strong>lingua</strong></span> <span class='ocrx_word' id='word_1_98' title='bbox 674 1470 848 1511; x_wconf 85' lang='lat' dir='ltr'><strong>eorum</strong></span> <span class='ocrx_word' id='word_1_99' title='bbox 893 1450 1144 1507; x_wconf 70' lang='lat' dir='ltr'><strong>machaera</strong></span> <span class='ocrx_word' id='word_1_100' title='bbox 1175 1454 1343 1499; x_wconf 85' lang='lat' dir='ltr'><strong>acuta.</strong></span> <span class='ocrx_word' id='word_1_101' title='bbox 1375 1440 1574 1509; x_wconf 88' lang='lat' dir='ltr'><strong>Lingua</strong></span> <span class='ocrx_word' id='word_1_102' title='bbox 1609 1435 1749 1491; x_wconf 80' lang='lat' dir='ltr'><strong>filio-</strong></span> 
     </span>
    </p>
   </div>
   <div class='ocr_carea' id='block_1_13' title="bbox 185 1537 1750 1610">
    <p class='ocr_par' dir='ltr' id='par_1_13' title="bbox 185 1537 1750 1610">
     <span class='ocr_line' id='line_1_13' title="bbox 185 1537 1750 1610; baseline -0.02 0"><span class='ocrx_word' id='word_1_103' title='bbox 185 1569 284 1610; x_wconf 87' lang='lat' dir='ltr'><strong>rum</strong></span> <span class='ocrx_word' id='word_1_104' title='bbox 313 1551 587 1607; x_wconf 83' lang='lat' dir='ltr'><strong>hominum</strong></span> <span class='ocrx_word' id='word_1_105' title='bbox 602 1544 871 1601; x_wconf 63' lang='lat' dir='ltr'><strong>machaera</strong></span> <span class='ocrx_word' id='word_1_106' title='bbox 897 1550 1083 1605; x_wconf 87' lang='lat' dir='ltr'><strong>acuta,</strong></span> <span class='ocrx_word' id='word_1_107' title='bbox 1108 1547 1163 1592; x_wconf 93' lang='lat' dir='ltr'><strong>et</strong></span> <span class='ocrx_word' id='word_1_108' title='bbox 1187 1537 1374 1590; x_wconf 84' lang='lat' dir='ltr'><strong>dentes</strong></span> <span class='ocrx_word' id='word_1_109' title='bbox 1392 1545 1575 1587; x_wconf 89' lang='lat' dir='ltr'><strong>eorum</strong></span> <span class='ocrx_word' id='word_1_110' title='bbox 1600 1538 1750 1581; x_wconf 80' lang='lat' dir='ltr'><strong>arma</strong></span> 
     </span>
    </p>
   </div>
   <div class='ocr_carea' id='block_1_14' title="bbox 187 1616 1750 1713">
    <p class='ocr_par' dir='ltr' id='par_1_14' title="bbox 187 1616 1750 1713">
     <span class='ocr_line' id='line_1_14' title="bbox 187 1616 1750 1713; baseline -0.021 -11"><span class='ocrx_word' id='word_1_111' title='bbox 187 1653 228 1702; x_wconf 87' lang='lat' dir='ltr'><strong>et</strong></span> <span class='ocrx_word' id='word_1_112' title='bbox 264 1644 489 1713; x_wconf 78' lang='lat' dir='ltr'><strong>sagittae.</strong></span> <span class='ocrx_word' id='word_1_113' title='bbox 535 1636 759 1707; x_wconf 83' lang='lat' dir='ltr'><strong>Quando</strong></span> <span class='ocrx_word' id='word_1_114' title='bbox 800 1649 928 1704; x_wconf 88' lang='lat' dir='ltr'><strong>ergo</strong></span> <span class='ocrx_word' id='word_1_115' title='bbox 978 1635 1387 1701; x_wconf 87' lang='lat' dir='ltr'><strong>percusserunt,</strong></span> <span class='ocrx_word' id='word_1_116' title='bbox 1417 1622 1516 1677; x_wconf 90' lang='lat' dir='ltr'><strong>nisi</strong></span> <span class='ocrx_word' id='word_1_117' title='bbox 1539 1616 1750 1713; x_wconf 82' lang='lat' dir='ltr'><strong>quando</strong></span> 
     </span>
    </p>
   </div>
   <div class='ocr_carea' id='block_1_15' title="bbox 188 1711 1752 1798">
    <p class='ocr_par' dir='ltr' id='par_1_15' title="bbox 188 1711 1752 1798">
     <span class='ocr_line' id='line_1_15' title="bbox 188 1711 1752 1798; baseline -0.019 -6"><span class='ocrx_word' id='word_1_118' title='bbox 188 1711 531 1792; x_wconf 78' lang='lat' dir='ltr'><strong>clamaverunt</strong></span> <span class='ocrx_word' id='word_1_119' title='bbox 560 1748 576 1784; x_wconf 88' lang='lat'><strong>:</strong></span> <span class='ocrx_word' id='word_1_120' title='bbox 605 1728 856 1798; x_wconf 80' lang='lat' dir='ltr'><strong>Cruci/ige</strong></span> <span class='ocrx_word' id='word_1_121' title='bbox 874 1767 889 1793; x_wconf 95' lang='lat'><strong>,</strong></span> <span class='ocrx_word' id='word_1_122' title='bbox 918 1723 1156 1793; x_wconf 72' lang='lat' dir='ltr'><strong>cruci/Ege</strong></span> <span class='ocrx_word' id='word_1_123' title='bbox 1184 1718 1397 1792; x_wconf 73' lang='lat' dir='ltr'><strong>(Matth.</strong></span> <span class='ocrx_word' id='word_1_124' title='bbox 1420 1728 1564 1771; x_wconf 83' lang='lat' dir='ltr'><strong>xxvn</strong></span> <span class='ocrx_word' id='word_1_125' title='bbox 1582 1753 1597 1778; x_wconf 95' lang='lat'><strong>,</strong></span> <span class='ocrx_word' id='word_1_126' title='bbox 1626 1711 1681 1774; x_wconf 72' lang='grc'><strong>4,</strong></span> <span class='ocrx_word' id='word_1_127' title='bbox 1703 1714 1752 1763; x_wconf 79' lang='lat' dir='ltr'><strong>et</strong></span> 
     </span>
    </p>
   </div>
   <div class='ocr_carea' id='block_1_16' title="bbox 187 1820 576 1893">
    <p class='ocr_par' dir='ltr' id='par_1_16' title="bbox 187 1820 576 1893">
     <span class='ocr_line' id='line_1_16' title="bbox 187 1820 576 1893; baseline -0.023 -9"><span class='ocrx_word' id='word_1_128' title='bbox 187 1828 323 1883; x_wconf 74' lang='lat' dir='ltr'><strong>1m.</strong></span> <span class='ocrx_word' id='word_1_129' title='bbox 352 1820 464 1891; x_wconf 68' lang='lat' dir='ltr'><strong>nx,</strong></span> <span class='ocrx_word' id='word_1_130' title='bbox 496 1821 576 1893; x_wconf 82' lang='lat'><strong>6).</strong></span> 
     </span>
    </p>
   </div>
   <div class='ocr_carea' id='block_1_17' title="bbox 245 1895 1752 1991">
    <p class='ocr_par' dir='ltr' id='par_1_17' title="bbox 245 1895 1752 1991">
     <span class='ocr_line' id='line_1_17' title="bbox 245 1895 1752 1991; baseline -0.019 -15"><span class='ocrx_word' id='word_1_131' title='bbox 245 1922 329 1976; x_wconf 78' lang='lat' dir='ltr'><strong>l3.</strong></span> <span class='ocrx_word' id='word_1_132' title='bbox 360 1918 510 1991; x_wconf 55' lang='lat' dir='ltr'><strong>[verm</strong></span> <span class='ocrx_word' id='word_1_133' title='bbox 541 1912 620 1986; x_wconf 86' lang='lat'><strong>6.]</strong></span> <span class='ocrx_word' id='word_1_134' title='bbox 645 1909 849 1982; x_wconf 84' lang='lat' dir='ltr'><strong>thuid</strong></span> <span class='ocrx_word' id='word_1_135' title='bbox 883 1908 974 1964; x_wconf 90' lang='lat' dir='ltr'><strong>tibi</strong></span> <span class='ocrx_word' id='word_1_136' title='bbox 1004 1905 1271 1979; x_wconf 80' lang='lat' dir='ltr'><strong>fecerunt.</strong></span> <span class='ocrx_word' id='word_1_137' title='bbox 1301 1917 1335 1958; x_wconf 94' lang='lat' dir='ltr'><strong>o</strong></span> <span class='ocrx_word' id='word_1_138' title='bbox 1355 1896 1620 1991; x_wconf 84' lang='lat' dir='ltr'><strong>Domine?</strong></span> <span class='ocrx_word' id='word_1_139' title='bbox 1641 1895 1752 1951; x_wconf 84' lang='lat' dir='ltr'><strong>Ex-</strong></span> 
     </span>
    </p>
   </div>
   <div class='ocr_carea' id='block_1_18' title="bbox 189 1989 1755 2075">
    <p class='ocr_par' dir='ltr' id='par_1_18' title="bbox 189 1989 1755 2075">
     <span class='ocr_line' id='line_1_18' title="bbox 189 1989 1755 2075; baseline -0.018 -7"><span class='ocrx_word' id='word_1_140' title='bbox 189 2012 327 2067; x_wconf 85' lang='lat' dir='ltr'><strong>sultet</strong></span> <span class='ocrx_word' id='word_1_141' title='bbox 354 1989 443 2064; x_wconf 76' lang='lat' dir='ltr'><strong>hic</strong></span> <span class='ocrx_word' id='word_1_142' title='bbox 477 2006 766 2075; x_wconf 82' lang='lat' dir='ltr'><strong>Propheta.</strong></span> <span class='ocrx_word' id='word_1_143' title='bbox 819 1999 1076 2069; x_wconf 85' lang='lat' dir='ltr'><strong>Superius</strong></span> <span class='ocrx_word' id='word_1_144' title='bbox 1105 1996 1246 2052; x_wconf 88' lang='lat' dir='ltr'><strong>enim</strong></span> <span class='ocrx_word' id='word_1_145' title='bbox 1276 2006 1462 2051; x_wconf 84' lang='lat' dir='ltr'><strong>omnes</strong></span> <span class='ocrx_word' id='word_1_146' title='bbox 1488 1989 1609 2045; x_wconf 91' lang='lat' dir='ltr'><strong>illos</strong></span> <span class='ocrx_word' id='word_1_147' title='bbox 1634 2001 1755 2042; x_wconf 89' lang='lat' dir='ltr'><strong>ver-</strong></span> 
     </span>
    </p>
   </div>
   <div class='ocr_carea' id='block_1_19' title="bbox 190 2078 1753 2164">
    <p class='ocr_par' dir='ltr' id='par_1_19' title="bbox 190 2078 1753 2164">
     <span class='ocr_line' id='line_1_19' title="bbox 190 2078 1753 2164; baseline -0.017 -4"><span class='ocrx_word' id='word_1_148' title='bbox 190 2116 265 2160; x_wconf 77' lang='lat' dir='ltr'><strong>sus</strong></span> <span class='ocrx_word' id='word_1_149' title='bbox 282 2100 540 2157; x_wconf 80' lang='lat' dir='ltr'><strong>Dominus</strong></span> <span class='ocrx_word' id='word_1_150' title='bbox 586 2095 904 2164; x_wconf 89' lang='lat' dir='ltr'><strong>loquebatur</strong></span> <span class='ocrx_word' id='word_1_151' title='bbox 936 2108 949 2144; x_wconf 91' lang='lat'><strong>:</strong></span> <span class='ocrx_word' id='word_1_152' title='bbox 977 2088 1242 2156; x_wconf 84' lang='lat' dir='ltr'><strong>Propheta</strong></span> <span class='ocrx_word' id='word_1_153' title='bbox 1285 2082 1499 2155; x_wconf 79' lang='lat' dir='ltr'><strong>quidem</strong></span> <span class='ocrx_word' id='word_1_154' title='bbox 1524 2121 1538 2145; x_wconf 87' lang='lat'><strong>,</strong></span> <span class='ocrx_word' id='word_1_155' title='bbox 1567 2078 1658 2134; x_wconf 86' lang='lat' dir='ltr'><strong>sed</strong></span> <span class='ocrx_word' id='word_1_156' title='bbox 1686 2092 1753 2133; x_wconf 80' lang='lat' dir='ltr'><strong>ex</strong></span> 
     </span>
    </p>
   </div>
   <div class='ocr_carea' id='block_1_20' title="bbox 191 2168 1754 2269">
    <p class='ocr_par' dir='ltr' id='par_1_20' title="bbox 191 2168 1754 2269">
     <span class='ocr_line' id='line_1_20' title="bbox 191 2168 1754 2269; baseline -0.019 -16"><span class='ocrx_word' id='word_1_157' title='bbox 191 2211 395 2269; x_wconf 77' lang='lat' dir='ltr'><strong>persona</strong></span> <span class='ocrx_word' id='word_1_158' title='bbox 418 2185 852 2257; x_wconf 72' lang='lat' dir='ltr'><strong>Domini,quiain</strong></span> <span class='ocrx_word' id='word_1_159' title='bbox 875 2181 1138 2251; x_wconf 86' lang='lat' dir='ltr'><strong>Propheta</strong></span> <span class='ocrx_word' id='word_1_160' title='bbox 1164 2176 1437 2231; x_wconf 85' lang='lat' dir='ltr'><strong>Dominus.</strong></span> <span class='ocrx_word' id='word_1_161' title='bbox 1460 2168 1754 2269; x_wconf 36' lang='lat' dir='ltr'><strong>Et-quan-do</strong></span> 
     </span>
    </p>
   </div>
   <div class='ocr_carea' id='block_1_21' title="bbox 192 2260 1754 2359">
    <p class='ocr_par' dir='ltr' id='par_1_21' title="bbox 192 2260 1754 2359">
     <span class='ocr_line' id='line_1_21' title="bbox 192 2260 1754 2359; baseline -0.019 -16"><span class='ocrx_word' id='word_1_162' title='bbox 192 2260 405 2359; x_wconf 73' lang='lat' dir='ltr'><strong>loquitur</strong></span> <span class='ocrx_word' id='word_1_163' title='bbox 440 2299 506 2339; x_wconf 86' lang='lat' dir='ltr'><strong>ex</strong></span> <span class='ocrx_word' id='word_1_164' title='bbox 552 2293 780 2351; x_wconf 83' lang='lat' dir='ltr'><strong>persona</strong></span> <span class='ocrx_word' id='word_1_165' title='bbox 808 2290 902 2333; x_wconf 83' lang='lat' dir='ltr'><strong>sua</strong></span> <span class='ocrx_word' id='word_1_166' title='bbox 932 2270 1221 2341; x_wconf 82' lang='lat' dir='ltr'><strong>Propheta,</strong></span> <span class='ocrx_word' id='word_1_167' title='bbox 1254 2267 1368 2336; x_wconf 87' lang='lat' dir='ltr'><strong>ipse</strong></span> <span class='ocrx_word' id='word_1_168' title='bbox 1390 2262 1643 2319; x_wconf 79' lang='lat' dir='ltr'><strong>Dominus</strong></span> <span class='ocrx_word' id='word_1_169' title='bbox 1671 2260 1754 2314; x_wconf 87' lang='lat' dir='ltr'><strong>lo-</strong></span> 
     </span>
    </p>
   </div>
   <div class='ocr_carea' id='block_1_22' title="bbox 192 2355 1754 2452">
    <p class='ocr_par' dir='ltr' id='par_1_22' title="bbox 192 2355 1754 2452">
     <span class='ocr_line' id='line_1_22' title="bbox 192 2355 1754 2452; baseline -0.02 -15"><span class='ocrx_word' id='word_1_170' title='bbox 192 2355 346 2452; x_wconf 79' lang='lat' dir='ltr'><strong>quitur</strong></span> <span class='ocrx_word' id='word_1_171' title='bbox 365 2392 463 2448; x_wconf 91' lang='lat' dir='ltr'><strong>per</strong></span> <span class='ocrx_word' id='word_1_172' title='bbox 489 2390 612 2431; x_wconf 83' lang='lat' dir='ltr'><strong>eum</strong></span> <span class='ocrx_word' id='word_1_173' title='bbox 629 2413 644 2437; x_wconf 91' lang='lat'><strong>,</strong></span> <span class='ocrx_word' id='word_1_174' title='bbox 671 2370 763 2441; x_wconf 92' lang='lat' dir='ltr'><strong>qui</strong></span> <span class='ocrx_word' id='word_1_175' title='bbox 791 2368 842 2423; x_wconf 89' lang='lat' dir='ltr'><strong>ei</strong></span> <span class='ocrx_word' id='word_1_176' title='bbox 884 2366 1050 2427; x_wconf 79' lang='lat' dir='ltr'><strong>dictat</strong></span> <span class='ocrx_word' id='word_1_177' title='bbox 1076 2361 1357 2417; x_wconf 85' lang='lat' dir='ltr'><strong>veritatem</strong></span> <span class='ocrx_word' id='word_1_178' title='bbox 1375 2371 1532 2452; x_wconf 82' lang='lat' dir='ltr'><strong>quam</strong></span> <span class='ocrx_word' id='word_1_179' title='bbox 1565 2355 1754 2452; x_wconf 73' lang='lat' dir='ltr'><strong>loqua-</strong></span> 
     </span>
    </p>
   </div>
   <div class='ocr_carea' id='block_1_23' title="bbox 193 2446 1757 2536">
    <p class='ocr_par' dir='ltr' id='par_1_23' title="bbox 193 2446 1757 2536">
     <span class='ocr_line' id='line_1_23' title="bbox 193 2446 1757 2536; baseline -0.019 -8"><span class='ocrx_word' id='word_1_180' title='bbox 193 2446 279 2528; x_wconf 63' lang='lat' dir='ltr'><strong>tur.</strong></span> <span class='ocrx_word' id='word_1_181' title='bbox 304 2446 460 2526; x_wconf 65' lang='lat' dir='ltr'><strong>Modo</strong></span> <span class='ocrx_word' id='word_1_182' title='bbox 485 2481 613 2536; x_wconf 83' lang='lat' dir='ltr'><strong>ergo</strong></span> <span class='ocrx_word' id='word_1_183' title='bbox 652 2479 721 2519; x_wconf 80' lang='lat' dir='ltr'><strong>ex</strong></span> <span class='ocrx_word' id='word_1_184' title='bbox 746 2473 969 2529; x_wconf 81' lang='lat' dir='ltr'><strong>persona</strong></span> <span class='ocrx_word' id='word_1_185' title='bbox 996 2455 1277 2525; x_wconf 64' lang='lat' dir='ltr'><strong>PrOphetre</strong></span> <span class='ocrx_word' id='word_1_186' title='bbox 1313 2450 1491 2506; x_wconf 85' lang='lat' dir='ltr'><strong>audite</strong></span> <span class='ocrx_word' id='word_1_187' title='bbox 1513 2488 1531 2513; x_wconf 94' lang='lat'><strong>,</strong></span> <span class='ocrx_word' id='word_1_188' title='bbox 1564 2446 1757 2502; x_wconf 79' lang='lat' dir='ltr'><strong>fratres</strong></span> 
     </span>
    </p>
   </div>
   <div class='ocr_carea' id='block_1_24' title="bbox 192 2538 1750 2622">
    <p class='ocr_par' dir='ltr' id='par_1_24' title="bbox 192 2538 1750 2622">
     <span class='ocr_line' id='line_1_24' title="bbox 192 2538 1750 2622; baseline -0.02 -1"><span class='ocrx_word' id='word_1_189' title='bbox 192 2566 298 2622; x_wconf 82' lang='lat' dir='ltr'><strong>mei.</strong></span> <span class='ocrx_word' id='word_1_190' title='bbox 323 2561 467 2617; x_wconf 81' lang='lat' dir='ltr'><strong>Vidit</strong></span> <span class='ocrx_word' id='word_1_191' title='bbox 509 2558 792 2614; x_wconf 86' lang='lat' dir='ltr'><strong>Dominum</strong></span> <span class='ocrx_word' id='word_1_192' title='bbox 819 2553 870 2606; x_wconf 91' lang='lat' dir='ltr'><strong>in</strong></span> <span class='ocrx_word' id='word_1_193' title='bbox 899 2549 1096 2620; x_wconf 79' lang='lat' dir='ltr'><strong>Spiritu</strong></span> <span class='ocrx_word' id='word_1_194' title='bbox 1141 2548 1240 2601; x_wconf 87' lang='lat' dir='ltr'><strong>iste</strong></span> <span class='ocrx_word' id='word_1_195' title='bbox 1280 2540 1540 2614; x_wconf 87' lang='lat' dir='ltr'><strong>pr0pbeta</strong></span> <span class='ocrx_word' id='word_1_196' title='bbox 1578 2538 1750 2593; x_wconf 83' lang='lat' dir='ltr'><strong>humi-</strong></span> 
     </span>
    </p>
   </div>
   <div class='ocr_carea' id='block_1_25' title="bbox 192 2635 1757 2720">
    <p class='ocr_par' dir='ltr' id='par_1_25' title="bbox 192 2635 1757 2720">
     <span class='ocr_line' id='line_1_25' title="bbox 192 2635 1757 2720; baseline -0.021 -7"><span class='ocrx_word' id='word_1_197' title='bbox 192 2656 375 2720; x_wconf 81' lang='lat' dir='ltr'><strong>liatum,</strong></span> <span class='ocrx_word' id='word_1_198' title='bbox 401 2664 623 2714; x_wconf 64' lang='lat' dir='ltr'><strong>caesum,</strong></span> <span class='ocrx_word' id='word_1_199' title='bbox 646 2644 965 2715; x_wconf 81' lang='lat' dir='ltr'><strong>ﬂagellatqu</strong></span> <span class='ocrx_word' id='word_1_200' title='bbox 984 2679 1007 2706; x_wconf 85' lang='lat'><strong>,</strong></span> <span class='ocrx_word' id='word_1_201' title='bbox 1034 2635 1273 2707; x_wconf 74' lang='lat' dir='ltr'><strong>colaphis</strong></span> <span class='ocrx_word' id='word_1_202' title='bbox 1298 2644 1634 2703; x_wconf 88' lang='lat' dir='ltr'><strong>percussum,</strong></span> <span class='ocrx_word' id='word_1_203' title='bbox 1662 2642 1757 2682; x_wconf 82' lang='lat' dir='ltr'><strong>ex-</strong></span> 
     </span>
    </p>
   </div>
   <div class='ocr_carea' id='block_1_26' title="bbox 196 2724 1754 2819">
    <p class='ocr_par' dir='ltr' id='par_1_26' title="bbox 196 2724 1754 2819">
     <span class='ocr_line' id='line_1_26' title="bbox 196 2724 1754 2819; baseline -0.021 -15"><span class='ocrx_word' id='word_1_204' title='bbox 196 2749 460 2819; x_wconf 83' lang='lat' dir='ltr'><strong>pahnatum</strong></span> <span class='ocrx_word' id='word_1_205' title='bbox 486 2740 753 2801; x_wconf 81' lang='lat' dir='ltr'><strong>manibus,</strong></span> <span class='ocrx_word' id='word_1_206' title='bbox 784 2734 953 2804; x_wconf 86' lang='lat' dir='ltr'><strong>sputis</strong></span> <span class='ocrx_word' id='word_1_207' title='bbox 974 2730 1165 2787; x_wconf 90' lang='lat' dir='ltr'><strong>illitum</strong></span> <span class='ocrx_word' id='word_1_208' title='bbox 1184 2769 1200 2794; x_wconf 82' lang='lat'><strong>,</strong></span> <span class='ocrx_word' id='word_1_209' title='bbox 1226 2724 1394 2795; x_wconf 85' lang='lat' dir='ltr'><strong>spinis</strong></span> <span class='ocrx_word' id='word_1_210' title='bbox 1419 2726 1754 2787; x_wconf 84' lang='lat' dir='ltr'><strong>coronatum,</strong></span> 
     </span>
    </p>
   </div>
   <div class='ocr_carea' id='block_1_27' title="bbox 195 2813 1755 2911">
    <p class='ocr_par' dir='ltr' id='par_1_27' title="bbox 195 2813 1755 2911">
     <span class='ocr_line' id='line_1_27' title="bbox 195 2813 1755 2911; baseline -0.021 -14"><span class='ocrx_word' id='word_1_211' title='bbox 195 2813 316 2911; x_wconf 82' lang='lat' dir='ltr'><strong>ligno</strong></span> <span class='ocrx_word' id='word_1_212' title='bbox 340 2848 682 2911; x_wconf 71' lang='lat' dir='ltr'><strong>suapensum;</strong></span> <span class='ocrx_word' id='word_1_213' title='bbox 710 2829 832 2884; x_wconf 81' lang='lat' dir='ltr'><strong>illos</strong></span> <span class='ocrx_word' id='word_1_214' title='bbox 874 2824 1155 2880; x_wconf 62' lang='lat' dir='ltr'><strong>saevientes</strong></span> <span class='ocrx_word' id='word_1_215' title='bbox 1178 2862 1193 2886; x_wconf 93' lang='lat'><strong>,</strong></span> <span class='ocrx_word' id='word_1_216' title='bbox 1223 2817 1370 2873; x_wconf 91' lang='lat' dir='ltr'><strong>illum</strong></span> <span class='ocrx_word' id='word_1_217' title='bbox 1401 2813 1755 2911; x_wconf 77' lang='lat' dir='ltr'><strong>tolerantem;</strong></span> 
     </span>
    </p>
   </div>
   <div class='ocr_carea' id='block_1_28' title="bbox 195 2904 1754 2991">
    <p class='ocr_par' dir='ltr' id='par_1_28' title="bbox 195 2904 1754 2991">
     <span class='ocr_line' id='line_1_28' title="bbox 195 2904 1754 2991; baseline -0.021 -2"><span class='ocrx_word' id='word_1_218' title='bbox 195 2904 298 2989; x_wconf 78' lang='lat' dir='ltr'><strong>illos</strong></span> <span class='ocrx_word' id='word_1_219' title='bbox 320 2904 673 2991; x_wconf 68' lang='lat' dir='ltr'><strong>exsultantes,</strong></span> <span class='ocrx_word' id='word_1_220' title='bbox 706 2923 849 2977; x_wconf 90' lang='lat' dir='ltr'><strong>illum</strong></span> <span class='ocrx_word' id='word_1_221' title='bbox 880 2917 1029 2989; x_wconf 82' lang='lat' dir='ltr'><strong>quasi</strong></span> <span class='ocrx_word' id='word_1_222' title='bbox 1052 2915 1247 2971; x_wconf 84' lang='lat' dir='ltr'><strong>victum</strong></span> <span class='ocrx_word' id='word_1_223' title='bbox 1273 2909 1406 2965; x_wconf 82' lang='lat' dir='ltr'><strong>vidit</strong></span> <span class='ocrx_word' id='word_1_224' title='bbox 1432 2908 1486 2965; x_wconf 91' lang='lat' dir='ltr'><strong>in</strong></span> <span class='ocrx_word' id='word_1_225' title='bbox 1513 2904 1711 2975; x_wconf 86' lang='lat' dir='ltr'><strong>Spiritu</strong></span> <span class='ocrx_word' id='word_1_226' title='bbox 1740 2919 1754 2957; x_wconf 89' lang='lat'><strong>:</strong></span> 
     </span>
    </p>
   </div>
   <div class='ocr_carea' id='block_1_29' title="bbox 196 2998 1758 3096">
    <p class='ocr_par' dir='ltr' id='par_1_29' title="bbox 196 2998 1758 3096">
     <span class='ocr_line' id='line_1_29' title="bbox 196 2998 1758 3096; baseline -0.021 -14"><span class='ocrx_word' id='word_1_227' title='bbox 196 3037 241 3083; x_wconf 88' lang='lat' dir='ltr'><strong>et</strong></span> <span class='ocrx_word' id='word_1_228' title='bbox 260 3035 371 3096; x_wconf 83' lang='lat' dir='ltr'><strong>post</strong></span> <span class='ocrx_word' id='word_1_229' title='bbox 399 3024 544 3078; x_wconf 88' lang='lat' dir='ltr'><strong>illam</strong></span> <span class='ocrx_word' id='word_1_230' title='bbox 567 3018 677 3088; x_wconf 89' lang='lat' dir='ltr'><strong>jam</strong></span> <span class='ocrx_word' id='word_1_231' title='bbox 730 3027 944 3068; x_wconf 90' lang='lat' dir='ltr'><strong>omnem</strong></span> <span class='ocrx_word' id='word_1_232' title='bbox 971 3005 1391 3065; x_wconf 85' lang='lat' dir='ltr'><strong>humiliationcm</strong></span> <span class='ocrx_word' id='word_1_233' title='bbox 1410 3041 1428 3068; x_wconf 96' lang='lat'><strong>,</strong></span> <span class='ocrx_word' id='word_1_234' title='bbox 1458 3010 1509 3056; x_wconf 88' lang='lat' dir='ltr'><strong>et</strong></span> <span class='ocrx_word' id='word_1_235' title='bbox 1529 2998 1758 3096; x_wconf 63' lang='lat' dir='ltr'><strong>illorum</strong></span> 
     </span>
    </p>
   </div>
   <div class='ocr_carea' id='block_1_30' title="bbox 198 3088 1761 3174">
    <p class='ocr_par' dir='ltr' id='par_1_30' title="bbox 198 3088 1761 3174">
     <span class='ocr_line' id='line_1_30' title="bbox 198 3088 1761 3174; baseline -0.023 1"><span class='ocrx_word' id='word_1_236' title='bbox 198 3088 406 3174; x_wconf 71' lang='lat' dir='ltr'><strong>furorem</strong></span> <span class='ocrx_word' id='word_1_237' title='bbox 434 3107 794 3168; x_wconf 85' lang='lat' dir='ltr'><strong>resurrexisse</strong></span> <span class='ocrx_word' id='word_1_238' title='bbox 819 3117 961 3167; x_wconf 88' lang='lat' dir='ltr'><strong>eum,</strong></span> <span class='ocrx_word' id='word_1_239' title='bbox 992 3108 1047 3154; x_wconf 90' lang='lat' dir='ltr'><strong>et</strong></span> <span class='ocrx_word' id='word_1_240' title='bbox 1071 3098 1158 3153; x_wconf 87' lang='lat' dir='ltr'><strong>illa</strong></span> <span class='ocrx_word' id='word_1_241' title='bbox 1183 3094 1359 3149; x_wconf 85' lang='lat' dir='ltr'><strong>omnia</strong></span> <span class='ocrx_word' id='word_1_242' title='bbox 1381 3108 1497 3163; x_wconf 75' lang='lat' dir='ltr'><strong>qnze</strong></span> <span class='ocrx_word' id='word_1_243' title='bbox 1524 3088 1761 3145; x_wconf 89' lang='lat' dir='ltr'><strong>fecerant</strong></span> 
     </span>
    </p>
   </div>
   <div class='ocr_carea' id='block_1_31' title="bbox 199 3176 1756 3267">
    <p class='ocr_par' dir='ltr' id='par_1_31' title="bbox 199 3176 1756 3267">
     <span class='ocr_line' id='line_1_31' title="bbox 199 3176 1756 3267; baseline -0.024 0"><span class='ocrx_word' id='word_1_244' title='bbox 199 3208 341 3267; x_wconf 63' lang='grc' dir='ltr'><strong>τιυάωί</strong></span> <span class='ocrx_word' id='word_1_245' title='bbox 370 3205 655 3260; x_wconf 77' lang='lat' dir='ltr'><strong>saevientes</strong></span> <span class='ocrx_word' id='word_1_246' title='bbox 678 3195 814 3252; x_wconf 85' lang='lat' dir='ltr'><strong>facta</strong></span> <span class='ocrx_word' id='word_1_247' title='bbox 835 3207 955 3249; x_wconf 89' lang='lat' dir='ltr'><strong>esse</strong></span> <span class='ocrx_word' id='word_1_248' title='bbox 980 3188 1192 3253; x_wconf 87' lang='lat' dir='ltr'><strong>inania;</strong></span> <span class='ocrx_word' id='word_1_249' title='bbox 1222 3194 1276 3240; x_wconf 90' lang='lat' dir='ltr'><strong>et</strong></span> <span class='ocrx_word' id='word_1_250' title='bbox 1305 3184 1476 3239; x_wconf 89' lang='lat' dir='ltr'><strong>elatus</strong></span> <span class='ocrx_word' id='word_1_251' title='bbox 1496 3183 1516 3215; x_wconf 85' lang='grc'><strong><em>²</em></strong></span> <span class='ocrx_word' id='word_1_252' title='bbox 1542 3176 1756 3249; x_wconf 84' lang='lat' dir='ltr'><strong>gaudio,</strong></span> 
     </span>
    </p>
   </div>
   <div class='ocr_carea' id='block_1_32' title="bbox 203 3269 1755 3372">
    <p class='ocr_par' dir='ltr' id='par_1_32' title="bbox 203 3269 1755 3372">
     <span class='ocr_line' id='line_1_32' title="bbox 203 3269 1755 3372; baseline -0.023 -14"><span class='ocrx_word' id='word_1_253' title='bbox 203 3313 427 3372; x_wconf 80' lang='lat' dir='ltr'><strong>tanquam</strong></span> <span class='ocrx_word' id='word_1_254' title='bbox 466 3293 671 3349; x_wconf 82' lang='lat' dir='ltr'><strong>videret</strong></span> <span class='ocrx_word' id='word_1_255' title='bbox 713 3287 825 3343; x_wconf 80' lang='lat' dir='ltr'><strong>fieri</strong></span> <span class='ocrx_word' id='word_1_256' title='bbox 846 3326 861 3351; x_wconf 94' lang='lat'><strong>,</strong></span> <span class='ocrx_word' id='word_1_257' title='bbox 888 3281 1158 3346; x_wconf 70' lang='lat' dir='ltr'><strong>Exaltare,</strong></span> <span class='ocrx_word' id='word_1_258' title='bbox 1193 3269 1755 3372; x_wconf 31' lang='lat' dir='ltr'><strong>inquitenim-stelas,</strong></span> 
     </span>
    </p>
   </div>
   <div class='ocr_carea' id='block_1_33' title="bbox 201 3365 1761 3451">
    <p class='ocr_par' dir='ltr' id='par_1_33' title="bbox 201 3365 1761 3451">
     <span class='ocr_line' id='line_1_33' title="bbox 201 3365 1761 3451; baseline -0.022 0"><span class='ocrx_word' id='word_1_259' title='bbox 201 3365 334 3451; x_wconf 62' lang='lat' dir='ltr'><strong>Deus.</strong></span> <span class='ocrx_word' id='word_1_260' title='bbox 382 3391 554 3447; x_wconf 80' lang='lat' dir='ltr'><strong>Homo</strong></span> <span class='ocrx_word' id='word_1_261' title='bbox 585 3386 638 3441; x_wconf 90' lang='lat' dir='ltr'><strong>in</strong></span> <span class='ocrx_word' id='word_1_262' title='bbox 686 3395 844 3440; x_wconf 89' lang='lat' dir='ltr'><strong>cruce</strong></span> <span class='ocrx_word' id='word_1_263' title='bbox 864 3420 877 3443; x_wconf 93' lang='lat'><strong>,</strong></span> <span class='ocrx_word' id='word_1_264' title='bbox 906 3387 960 3434; x_wconf 88' lang='lat' dir='ltr'><strong>et</strong></span> <span class='ocrx_word' id='word_1_265' title='bbox 992 3390 1152 3445; x_wconf 86' lang='lat' dir='ltr'><strong>super</strong></span> <span class='ocrx_word' id='word_1_266' title='bbox 1184 3371 1351 3427; x_wconf 68' lang='lat' dir='ltr'><strong>caelos</strong></span> <span class='ocrx_word' id='word_1_267' title='bbox 1378 3368 1535 3424; x_wconf 84' lang='lat' dir='ltr'><strong>Deus.</strong></span> <span class='ocrx_word' id='word_1_268' title='bbox 1568 3365 1761 3420; x_wconf 84' lang='lat' dir='ltr'><strong>Rema-</strong></span> 
     </span>
    </p>
   </div>
   <div class='ocr_carea' id='block_1_34' title="bbox 202 3456 1758 3544">
    <p class='ocr_par' dir='ltr' id='par_1_34' title="bbox 202 3456 1758 3544">
     <span class='ocr_line' id='line_1_34' title="bbox 202 3456 1758 3544; baseline -0.022 0"><span class='ocrx_word' id='word_1_269' title='bbox 202 3494 339 3544; x_wconf 85' lang='lat' dir='ltr'><strong>neant</strong></span> <span class='ocrx_word' id='word_1_270' title='bbox 380 3484 434 3539; x_wconf 91' lang='lat' dir='ltr'><strong>in</strong></span> <span class='ocrx_word' id='word_1_271' title='bbox 482 3490 628 3536; x_wconf 84' lang='lat' dir='ltr'><strong>terra</strong></span> <span class='ocrx_word' id='word_1_272' title='bbox 656 3473 968 3533; x_wconf 82' lang='lat' dir='ltr'><strong>saevientes,</strong></span> <span class='ocrx_word' id='word_1_273' title='bbox 999 3476 1054 3524; x_wconf 92' lang='lat' dir='ltr'><strong>tu</strong></span> <span class='ocrx_word' id='word_1_274' title='bbox 1096 3466 1148 3520; x_wconf 91' lang='lat' dir='ltr'><strong>in</strong></span> <span class='ocrx_word' id='word_1_275' title='bbox 1179 3462 1318 3531; x_wconf 62' lang='lat' dir='ltr'><strong>coelo</strong></span> <span class='ocrx_word' id='word_1_276' title='bbox 1345 3470 1460 3515; x_wconf 80' lang='lat' dir='ltr'><strong>esto</strong></span> <span class='ocrx_word' id='word_1_277' title='bbox 1490 3456 1758 3529; x_wconf 84' lang='lat' dir='ltr'><strong>judicans.</strong></span> 
     </span>
    </p>
   </div>
   <div class='ocr_carea' id='block_1_35' title="bbox 202 3556 1767 3645">
    <p class='ocr_par' dir='ltr' id='par_1_35' title="bbox 202 3556 1767 3645">
     <span class='ocr_line' id='line_1_35' title="bbox 202 3556 1767 3645; baseline -0.023 -8"><span class='ocrx_word' id='word_1_278' title='bbox 202 3580 286 3637; x_wconf 86' lang='lat' dir='ltr'><strong>Ubi</strong></span> <span class='ocrx_word' id='word_1_279' title='bbox 303 3585 422 3634; x_wconf 88' lang='lat' dir='ltr'><strong>sunt</strong></span> <span class='ocrx_word' id='word_1_280' title='bbox 448 3574 539 3645; x_wconf 87' lang='lat' dir='ltr'><strong>qui</strong></span> <span class='ocrx_word' id='word_1_281' title='bbox 568 3565 834 3627; x_wconf 68' lang='lat' dir='ltr'><strong>(luebant?</strong></span> <span class='ocrx_word' id='word_1_282' title='bbox 862 3563 951 3619; x_wconf 90' lang='lat' dir='ltr'><strong>ubi</strong></span> <span class='ocrx_word' id='word_1_283' title='bbox 988 3567 1111 3616; x_wconf 87' lang='lat' dir='ltr'><strong>sunt</strong></span> <span class='ocrx_word' id='word_1_284' title='bbox 1138 3557 1307 3611; x_wconf 73' lang='lat' dir='ltr'><strong>dentes</strong></span> <span class='ocrx_word' id='word_1_285' title='bbox 1347 3568 1518 3607; x_wconf 87' lang='lat' dir='ltr'><strong>eorum</strong></span> <span class='ocrx_word' id='word_1_286' title='bbox 1545 3565 1688 3603; x_wconf 84' lang='lat' dir='ltr'><strong>arma</strong></span> <span class='ocrx_word' id='word_1_287' title='bbox 1715 3556 1767 3602; x_wconf 80' lang='lat' dir='ltr'><strong>et</strong></span> 
     </span>
    </p>
   </div>
   <div class='ocr_carea' id='block_1_36' title="bbox 204 3642 1762 3742">
    <p class='ocr_par' dir='ltr' id='par_1_36' title="bbox 204 3642 1762 3742">
     <span class='ocr_line' id='line_1_36' title="bbox 204 3642 1762 3742; baseline -0.02 -16"><span class='ocrx_word' id='word_1_288' title='bbox 204 3670 417 3742; x_wconf 66' lang='lat' dir='ltr'><strong>sagitta?</strong></span> <span class='ocrx_word' id='word_1_289' title='bbox 443 3642 634 3722; x_wconf 73' lang='lat' dir='ltr'><strong>Nonne</strong></span> <span class='ocrx_word' id='word_1_290' title='bbox 678 3659 877 3730; x_wconf 75' lang='lat' dir='ltr'><strong>sagitta:</strong></span> <span class='ocrx_word' id='word_1_291' title='bbox 918 3651 1195 3723; x_wconf 77' lang='lat' dir='ltr'><strong>infantium</strong></span> <span class='ocrx_word' id='word_1_292' title='bbox 1242 3651 1393 3718; x_wconf 74' lang='lat' dir='ltr'><strong>facta:</strong></span> <span class='ocrx_word' id='word_1_293' title='bbox 1434 3651 1548 3700; x_wconf 87' lang='lat' dir='ltr'><strong>sunt</strong></span> <span class='ocrx_word' id='word_1_294' title='bbox 1597 3642 1762 3713; x_wconf 76' lang='lat' dir='ltr'><strong>plaga:</strong></span> 
     </span>
    </p>
   </div>
   <div class='ocr_carea' id='block_1_37' title="bbox 205 3734 1763 3821">
    <p class='ocr_par' dir='ltr' id='par_1_37' title="bbox 205 3734 1763 3821">
     <span class='ocr_line' id='line_1_37' title="bbox 205 3734 1763 3821; baseline -0.022 1"><span class='ocrx_word' id='word_1_295' title='bbox 205 3734 386 3821; x_wconf 59' lang='lat' dir='ltr'><strong>ruunt?</strong></span> <span class='ocrx_word' id='word_1_296' title='bbox 411 3761 530 3815; x_wconf 79' lang='lat' dir='ltr'><strong>Alio</strong></span> <span class='ocrx_word' id='word_1_297' title='bbox 556 3756 697 3813; x_wconf 78' lang='lat' dir='ltr'><strong>enim</strong></span> <span class='ocrx_word' id='word_1_298' title='bbox 728 3753 848 3809; x_wconf 91' lang='lat' dir='ltr'><strong>loco</strong></span> <span class='ocrx_word' id='word_1_299' title='bbox 879 3745 1115 3818; x_wconf 84' lang='lat' dir='ltr'><strong>psalmus</strong></span> <span class='ocrx_word' id='word_1_300' title='bbox 1142 3740 1242 3796; x_wconf 87' lang='lat' dir='ltr'><strong>hoc</strong></span> <span class='ocrx_word' id='word_1_301' title='bbox 1280 3737 1430 3801; x_wconf 87' lang='lat' dir='ltr'><strong>dicit,</strong></span> <span class='ocrx_word' id='word_1_302' title='bbox 1459 3734 1642 3790; x_wconf 89' lang='lat' dir='ltr'><strong>volens</strong></span> <span class='ocrx_word' id='word_1_303' title='bbox 1667 3748 1763 3789; x_wconf 88' lang='lat' dir='ltr'><strong>eos</strong></span> 
     </span>
    </p>
   </div>
   <div class='ocr_carea' id='block_1_38' title="bbox 207 3826 1766 3912">
    <p class='ocr_par' dir='ltr' id='par_1_38' title="bbox 207 3826 1766 3912">
     <span class='ocr_line' id='line_1_38' title="bbox 207 3826 1766 3912; baseline -0.022 2"><span class='ocrx_word' id='word_1_304' title='bbox 207 3855 461 3912; x_wconf 80' lang='lat' dir='ltr'><strong>ostendere</strong></span> <span class='ocrx_word' id='word_1_305' title='bbox 490 3848 720 3906; x_wconf 88' lang='lat' dir='ltr'><strong>inaniter</strong></span> <span class='ocrx_word' id='word_1_306' title='bbox 751 3840 972 3898; x_wconf 79' lang='lat' dir='ltr'><strong>saevisse</strong></span> <span class='ocrx_word' id='word_1_307' title='bbox 995 3879 1010 3904; x_wconf 93' lang='lat'><strong>,</strong></span> <span class='ocrx_word' id='word_1_308' title='bbox 1035 3843 1090 3891; x_wconf 90' lang='lat' dir='ltr'><strong>et</strong></span> <span class='ocrx_word' id='word_1_309' title='bbox 1118 3832 1345 3889; x_wconf 88' lang='lat' dir='ltr'><strong>inaniter</strong></span> <span class='ocrx_word' id='word_1_310' title='bbox 1367 3830 1421 3898; x_wconf 80' lang='lat' dir='ltr'><strong>in</strong></span> <span class='ocrx_word' id='word_1_311' title='bbox 1442 3826 1603 3882; x_wconf 86' lang='lat' dir='ltr'><strong>furias</strong></span> <span class='ocrx_word' id='word_1_312' title='bbox 1629 3840 1766 3894; x_wconf 69' lang='lat' dir='ltr'><strong>prte-</strong></span> 
     </span>
    </p>
   </div>
   <div class='ocr_carea' id='block_1_39' title="bbox 208 3917 1764 4018">
    <p class='ocr_par' dir='ltr' id='par_1_39' title="bbox 208 3917 1764 4018">
     <span class='ocr_line' id='line_1_39' title="bbox 208 3917 1764 4018; baseline -0.022 -13"><span class='ocrx_word' id='word_1_313' title='bbox 208 3950 422 4018; x_wconf 83' lang='lat' dir='ltr'><strong>cipitatos</strong></span> <span class='ocrx_word' id='word_1_314' title='bbox 445 3958 606 3999; x_wconf 70' lang='lat' dir='ltr'><strong>esse:</strong></span> <span class='ocrx_word' id='word_1_315' title='bbox 638 3936 887 4009; x_wconf 90' lang='lat' dir='ltr'><strong>quoniam</strong></span> <span class='ocrx_word' id='word_1_316' title='bbox 918 3928 1050 3986; x_wconf 91' lang='lat' dir='ltr'><strong>nihil</strong></span> <span class='ocrx_word' id='word_1_317' title='bbox 1082 3929 1369 3997; x_wconf 86' lang='lat' dir='ltr'><strong>potuerunt</strong></span> <span class='ocrx_word' id='word_1_318' title='bbox 1407 3919 1581 3976; x_wconf 87' lang='lat' dir='ltr'><strong>facere</strong></span> <span class='ocrx_word' id='word_1_319' title='bbox 1604 3917 1764 4018; x_wconf 80' lang='lat' dir='ltr'><strong>Chri-</strong></span> 
     </span>
    </p>
   </div>
   <div class='ocr_carea' id='block_1_40' title="bbox 210 4010 1762 4101">
    <p class='ocr_par' dir='ltr' id='par_1_40' title="bbox 210 4010 1762 4101">
     <span class='ocr_line' id='line_1_40' title="bbox 210 4010 1762 4101; baseline -0.021 -4"><span class='ocrx_word' id='word_1_320' title='bbox 210 4010 353 4097; x_wconf 75' lang='lat' dir='ltr'><strong>stoad</strong></span> <span class='ocrx_word' id='word_1_321' title='bbox 382 4040 566 4101; x_wconf 81' lang='lat' dir='ltr'><strong>horam</strong></span> <span class='ocrx_word' id='word_1_322' title='bbox 593 4028 868 4089; x_wconf 82' lang='lat' dir='ltr'><strong>cruciﬁxo,</strong></span> <span class='ocrx_word' id='word_1_323' title='bbox 899 4031 953 4079; x_wconf 88' lang='lat' dir='ltr'><strong>et</strong></span> <span class='ocrx_word' id='word_1_324' title='bbox 980 4027 1160 4091; x_wconf 89' lang='lat' dir='ltr'><strong>postea</strong></span> <span class='ocrx_word' id='word_1_325' title='bbox 1182 4014 1498 4087; x_wconf 85' lang='lat' dir='ltr'><strong>resurgenti,</strong></span> <span class='ocrx_word' id='word_1_326' title='bbox 1529 4019 1687 4085; x_wconf 86' lang='lat' dir='ltr'><strong>atque</strong></span> <span class='ocrx_word' id='word_1_327' title='bbox 1711 4010 1762 4065; x_wconf 91' lang='lat' dir='ltr'><strong>in</strong></span> 
     </span>
    </p>
   </div>
   <div class='ocr_carea' id='block_1_41' title="bbox 209 4105 1762 4194">
    <p class='ocr_par' dir='ltr' id='par_1_41' title="bbox 209 4105 1762 4194">
     <span class='ocr_line' id='line_1_41' title="bbox 209 4105 1762 4194; baseline -0.021 -5"><span class='ocrx_word' id='word_1_328' title='bbox 209 4135 324 4188; x_wconf 82' lang='lat' dir='ltr'><strong>ccelo</strong></span> <span class='ocrx_word' id='word_1_329' title='bbox 363 4126 600 4191; x_wconf 81' lang='lat' dir='ltr'><strong>sedenti,</strong></span> <span class='ocrx_word' id='word_1_330' title='bbox 631 4124 828 4194; x_wconf 74' lang='lat' dir='ltr'><strong>sagitta:</strong></span> <span class='ocrx_word' id='word_1_331' title='bbox 866 4114 1138 4186; x_wconf 71' lang='lat' dir='ltr'><strong>infantium</strong></span> <span class='ocrx_word' id='word_1_332' title='bbox 1165 4113 1314 4179; x_wconf 68' lang='lat' dir='ltr'><strong>factm</strong></span> <span class='ocrx_word' id='word_1_333' title='bbox 1333 4116 1446 4163; x_wconf 83' lang='lat' dir='ltr'><strong>sunt</strong></span> <span class='ocrx_word' id='word_1_334' title='bbox 1485 4105 1649 4179; x_wconf 77' lang='lat' dir='ltr'><strong>plaga:</strong></span> <span class='ocrx_word' id='word_1_335' title='bbox 1677 4121 1762 4157; x_wconf 51' lang='lat' dir='ltr'><strong>eo.</strong></span> 
     </span>
    </p>
   </div>
   <div class='ocr_carea' id='block_1_42' title="bbox 210 4196 1762 4288">
    <p class='ocr_par' dir='ltr' id='par_1_42' title="bbox 210 4196 1762 4288">
     <span class='ocr_line' id='line_1_42' title="bbox 210 4196 1762 4288; baseline -0.019 -10"><span class='ocrx_word' id='word_1_336' title='bbox 210 4222 484 4288; x_wconf 78' lang='lat' dir='ltr'><strong>rum(Psal.</strong></span> <span class='ocrx_word' id='word_1_337' title='bbox 516 4234 644 4274; x_wconf 71' lang='lat' dir='ltr'><strong>um</strong></span> <span class='ocrx_word' id='word_1_338' title='bbox 669 4257 683 4279; x_wconf 93' lang='lat'><strong>,</strong></span> <span class='ocrx_word' id='word_1_339' title='bbox 712 4213 788 4285; x_wconf 89' lang='lat'><strong>8).</strong></span> <span class='ocrx_word' id='word_1_340' title='bbox 837 4205 1117 4277; x_wconf 86' lang='lat' dir='ltr'><strong>Quomodo</strong></span> <span class='ocrx_word' id='word_1_341' title='bbox 1156 4200 1384 4257; x_wconf 88' lang='lat' dir='ltr'><strong>infantes</strong></span> <span class='ocrx_word' id='word_1_342' title='bbox 1427 4198 1621 4253; x_wconf 88' lang='lat' dir='ltr'><strong>faciunt</strong></span> <span class='ocrx_word' id='word_1_343' title='bbox 1663 4196 1762 4250; x_wconf 90' lang='lat' dir='ltr'><strong>sibi</strong></span> 
     </span>
    </p>
   </div>
   <div class='ocr_carea' id='block_1_43' title="bbox 211 4289 1764 4386">
    <p class='ocr_par' dir='ltr' id='par_1_43' title="bbox 211 4289 1764 4386">
     <span class='ocr_line' id='line_1_43' title="bbox 211 4289 1764 4386; baseline -0.018 -17"><span class='ocrx_word' id='word_1_344' title='bbox 211 4317 431 4386; x_wconf 82' lang='lat' dir='ltr'><strong>sagittas?</strong></span> <span class='ocrx_word' id='word_1_345' title='bbox 462 4312 540 4368; x_wconf 89' lang='lat' dir='ltr'><strong>De</strong></span> <span class='ocrx_word' id='word_1_346' title='bbox 582 4305 767 4363; x_wconf 89' lang='lat' dir='ltr'><strong>cannis</strong></span> <span class='ocrx_word' id='word_1_347' title='bbox 796 4303 834 4355; x_wconf 84' lang='grc'>³.</span> <span class='ocrx_word' id='word_1_348' title='bbox 867 4298 1085 4371; x_wconf 75' lang='lat' dir='ltr'><strong>Sagitta:</strong></span> <span class='ocrx_word' id='word_1_349' title='bbox 1112 4302 1287 4349; x_wconf 87' lang='lat' dir='ltr'><strong>autem</strong></span> <span class='ocrx_word' id='word_1_350' title='bbox 1336 4289 1498 4360; x_wconf 67' lang='lat' dir='ltr'><strong>quae?</strong></span> <span class='ocrx_word' id='word_1_351' title='bbox 1527 4296 1619 4342; x_wconf 88' lang='lat' dir='ltr'><strong>aut</strong></span> <span class='ocrx_word' id='word_1_352' title='bbox 1645 4302 1764 4357; x_wconf 73' lang='lat' dir='ltr'><strong>quae</strong></span> 
     </span>
    </p>
   </div>
   <div class='ocr_carea' id='block_1_44' title="bbox 208 4379 1765 4473">
    <p class='ocr_par' dir='ltr' id='par_1_44' title="bbox 208 4379 1765 4473">
     <span class='ocr_line' id='line_1_44' title="bbox 208 4379 1765 4473; baseline -0.017 -12"><span class='ocrx_word' id='word_1_353' title='bbox 208 4379 330 4461; x_wconf 61' lang='lat' dir='ltr'><strong>viies</strong></span> <span class='ocrx_word' id='word_1_354' title='bbox 347 4407 368 4459; x_wconf 79' lang='lat'><strong>‘3</strong></span> <span class='ocrx_word' id='word_1_355' title='bbox 385 4415 475 4459; x_wconf 88' lang='lat' dir='ltr'><strong>aut</strong></span> <span class='ocrx_word' id='word_1_356' title='bbox 501 4402 591 4473; x_wconf 89' lang='lat' dir='ltr'><strong>qui</strong></span> <span class='ocrx_word' id='word_1_357' title='bbox 619 4395 801 4455; x_wconf 85' lang='lat' dir='ltr'><strong>arcus?</strong></span> <span class='ocrx_word' id='word_1_358' title='bbox 828 4402 918 4447; x_wconf 85' lang='lat' dir='ltr'><strong>aut</strong></span> <span class='ocrx_word' id='word_1_359' title='bbox 945 4390 1033 4462; x_wconf 87' lang='lat' dir='ltr'><strong>qui</strong></span> <span class='ocrx_word' id='word_1_360' title='bbox 1061 4384 1230 4443; x_wconf 85' lang='lat' dir='ltr'><strong>ictus?</strong></span> <span class='ocrx_word' id='word_1_361' title='bbox 1251 4391 1342 4438; x_wconf 88' lang='lat' dir='ltr'><strong>aut</strong></span> <span class='ocrx_word' id='word_1_362' title='bbox 1369 4381 1505 4452; x_wconf 89' lang='lat' dir='ltr'><strong>quod</strong></span> <span class='ocrx_word' id='word_1_363' title='bbox 1533 4379 1765 4434; x_wconf 83' lang='lat' dir='ltr'><strong>vulnus?</strong></span> 
     </span>
    </p>
   </div>
   <div class='ocr_carea' id='block_1_45' title="bbox 214 4472 1769 4564">
    <p class='ocr_par' dir='ltr' id='par_1_45' title="bbox 214 4472 1769 4564">
     <span class='ocr_line' id='line_1_45' title="bbox 214 4472 1769 4564; baseline -0.02 -10"><span class='ocrx_word' id='word_1_364' title='bbox 214 4500 427 4557; x_wconf 73' lang='lat' dir='ltr'><strong>Exultare</strong></span> <span class='ocrx_word' id='word_1_365' title='bbox 450 4472 603 4564; x_wconf 81' lang='lat' dir='ltr'><strong>super</strong></span> <span class='ocrx_word' id='word_1_366' title='bbox 622 4493 790 4553; x_wconf 73' lang='lat' dir='ltr'><strong>caelos,</strong></span> <span class='ocrx_word' id='word_1_367' title='bbox 807 4486 967 4550; x_wconf 86' lang='lat' dir='ltr'><strong>Deus,</strong></span> <span class='ocrx_word' id='word_1_368' title='bbox 986 4494 1032 4537; x_wconf 84' lang='lat' dir='ltr'><strong>et</strong></span> <span class='ocrx_word' id='word_1_369' title='bbox 1056 4496 1206 4550; x_wconf 86' lang='lat' dir='ltr'><strong>super</strong></span> <span class='ocrx_word' id='word_1_370' title='bbox 1224 4492 1421 4532; x_wconf 85' lang='lat' dir='ltr'><strong>omnem</strong></span> <span class='ocrx_word' id='word_1_371' title='bbox 1448 4486 1630 4528; x_wconf 83' lang='lat' dir='ltr'><strong>terram</strong></span> <span class='ocrx_word' id='word_1_372' title='bbox 1659 4472 1769 4547; x_wconf 85' lang='lat' dir='ltr'><strong>glo-</strong></span> 
     </span>
    </p>
   </div>
   <div class='ocr_carea' id='block_1_46' title="bbox 215 4562 1764 4657">
    <p class='ocr_par' dir='ltr' id='par_1_46' title="bbox 215 4562 1764 4657">
     <span class='ocr_line' id='line_1_46' title="bbox 215 4562 1764 4657; baseline -0.019 -14"><span class='ocrx_word' id='word_1_373' title='bbox 215 4591 394 4647; x_wconf 78' lang='lat' dir='ltr'><strong>rialua.</strong></span> <span class='ocrx_word' id='word_1_374' title='bbox 420 4562 616 4657; x_wconf 84' lang='lat' dir='ltr'><strong>thuid</strong></span> <span class='ocrx_word' id='word_1_375' title='bbox 639 4580 890 4639; x_wconf 80' lang='lat' dir='ltr'><strong>exaltaris</strong></span> <span class='ocrx_word' id='word_1_376' title='bbox 921 4588 1086 4647; x_wconf 87' lang='lat' dir='ltr'><strong>super</strong></span> <span class='ocrx_word' id='word_1_377' title='bbox 1120 4570 1286 4627; x_wconf 80' lang='lat' dir='ltr'><strong>caelos</strong></span> <span class='ocrx_word' id='word_1_378' title='bbox 1318 4564 1490 4621; x_wconf 87' lang='lat' dir='ltr'><strong>Deus?</strong></span> <span class='ocrx_word' id='word_1_379' title='bbox 1515 4562 1764 4631; x_wconf 84' lang='lat' dir='ltr'><strong>Fratres,</strong></span> 
     </span>
    </p>
   </div>
   <div class='ocr_carea' id='block_1_47' title="bbox 217 4656 1766 4743">
    <p class='ocr_par' dir='ltr' id='par_1_47' title="bbox 217 4656 1766 4743">
     <span class='ocr_line' id='line_1_47' title="bbox 217 4656 1766 4743; baseline -0.019 -5"><span class='ocrx_word' id='word_1_380' title='bbox 217 4685 470 4739; x_wconf 77' lang='lat' dir='ltr'><strong>exaltatum</strong></span> <span class='ocrx_word' id='word_1_381' title='bbox 500 4656 666 4736; x_wconf 87' lang='lat' dir='ltr'><strong>Deum</strong></span> <span class='ocrx_word' id='word_1_382' title='bbox 695 4688 856 4743; x_wconf 88' lang='lat' dir='ltr'><strong>super</strong></span> <span class='ocrx_word' id='word_1_383' title='bbox 875 4670 1064 4732; x_wconf 74' lang='lat' dir='ltr'><strong>cados,</strong></span> <span class='ocrx_word' id='word_1_384' title='bbox 1090 4679 1195 4719; x_wconf 90' lang='lat' dir='ltr'><strong>non</strong></span> <span class='ocrx_word' id='word_1_385' title='bbox 1224 4661 1466 4716; x_wconf 86' lang='lat' dir='ltr'><strong>videmus</strong></span> <span class='ocrx_word' id='word_1_386' title='bbox 1485 4698 1501 4723; x_wconf 95' lang='lat'><strong>,</strong></span> <span class='ocrx_word' id='word_1_387' title='bbox 1528 4656 1621 4713; x_wconf 90' lang='lat' dir='ltr'><strong>sed</strong></span> <span class='ocrx_word' id='word_1_388' title='bbox 1646 4670 1766 4711; x_wconf 88' lang='lat' dir='ltr'><strong>cre-</strong></span> 
     </span>
    </p>
   </div>
   <div class='ocr_carea' id='block_1_48' title="bbox 218 4749 1766 4842">
    <p class='ocr_par' dir='ltr' id='par_1_48' title="bbox 218 4749 1766 4842">
     <span class='ocr_line' id='line_1_48' title="bbox 218 4749 1766 4842; baseline -0.017 -14"><span class='ocrx_word' id='word_1_389' title='bbox 218 4774 363 4831; x_wconf 88' lang='lat' dir='ltr'><strong>dimus</strong></span> <span class='ocrx_word' id='word_1_390' title='bbox 387 4793 401 4830; x_wconf 89' lang='lat'><strong>:</strong></span> <span class='ocrx_word' id='word_1_391' title='bbox 428 4786 589 4842; x_wconf 85' lang='lat' dir='ltr'><strong>super</strong></span> <span class='ocrx_word' id='word_1_392' title='bbox 616 4781 828 4824; x_wconf 89' lang='lat' dir='ltr'><strong>omnem</strong></span> <span class='ocrx_word' id='word_1_393' title='bbox 853 4770 1028 4821; x_wconf 85' lang='lat' dir='ltr'><strong>autem</strong></span> <span class='ocrx_word' id='word_1_394' title='bbox 1057 4766 1249 4812; x_wconf 89' lang='lat' dir='ltr'><strong>terram</strong></span> <span class='ocrx_word' id='word_1_395' title='bbox 1277 4750 1497 4822; x_wconf 81' lang='lat' dir='ltr'><strong>gloriam</strong></span> <span class='ocrx_word' id='word_1_396' title='bbox 1517 4749 1631 4818; x_wconf 83' lang='lat' dir='ltr'><strong>ejus</strong></span> <span class='ocrx_word' id='word_1_397' title='bbox 1664 4763 1766 4801; x_wconf 91' lang='lat' dir='ltr'><strong>non</strong></span> 
     </span>
    </p>
   </div>
   <div class='ocr_carea' id='block_1_49' title="bbox 219 4841 1765 4923">
    <p class='ocr_par' dir='ltr' id='par_1_49' title="bbox 219 4841 1765 4923">
     <span class='ocr_line' id='line_1_49' title="bbox 219 4841 1765 4923; baseline -0.021 0"><span class='ocrx_word' id='word_1_398' title='bbox 219 4875 391 4923; x_wconf 77' lang='lat' dir='ltr'><strong>tantum</strong></span> <span class='ocrx_word' id='word_1_399' title='bbox 416 4863 708 4923; x_wconf 83' lang='lat' dir='ltr'><strong>credimus,</strong></span> <span class='ocrx_word' id='word_1_400' title='bbox 734 4856 826 4911; x_wconf 88' lang='lat' dir='ltr'><strong>sed</strong></span> <span class='ocrx_word' id='word_1_401' title='bbox 857 4854 1017 4907; x_wconf 85' lang='lat' dir='ltr'><strong>etiam</strong></span> <span class='ocrx_word' id='word_1_402' title='bbox 1047 4847 1306 4903; x_wconf 88' lang='lat' dir='ltr'><strong>videmus.</strong></span> <span class='ocrx_word' id='word_1_403' title='bbox 1335 4841 1554 4910; x_wconf 85' lang='lat' dir='ltr'><strong>Qualem</strong></span> <span class='ocrx_word' id='word_1_404' title='bbox 1586 4854 1765 4893; x_wconf 88' lang='lat' dir='ltr'><strong>verum</strong></span> 
     </span>
    </p>
   </div>
   <div class='ocr_carea' id='block_1_50' title="bbox 219 4928 1765 5026">
    <p class='ocr_par' dir='ltr' id='par_1_50' title="bbox 219 4928 1765 5026">
     <span class='ocr_line' id='line_1_50' title="bbox 219 4928 1765 5026; baseline -0.018 -16"><span class='ocrx_word' id='word_1_405' title='bbox 219 4960 452 5014; x_wconf 76' lang='lat' dir='ltr'><strong>vesaniam</strong></span> <span class='ocrx_word' id='word_1_406' title='bbox 492 4952 758 5026; x_wconf 84' lang='lat' dir='ltr'><strong>patiantur</strong></span> <span class='ocrx_word' id='word_1_407' title='bbox 810 4941 1084 5003; x_wconf 64' lang='lat' dir='ltr'><strong>hatrctici,</strong></span> <span class='ocrx_word' id='word_1_408' title='bbox 1131 4949 1313 5009; x_wconf 71' lang='lat' dir='ltr'><strong>quceso</strong></span> <span class='ocrx_word' id='word_1_409' title='bbox 1359 4941 1417 4986; x_wconf 88' lang='lat' dir='ltr'><strong>ut</strong></span> <span class='ocrx_word' id='word_1_410' title='bbox 1461 4928 1765 4985; x_wconf 86' lang='lat' dir='ltr'><strong>attendatis.</strong></span> 
     </span>
    </p>
   </div>
   <div class='ocr_carea' id='block_1_51' title="bbox 218 5024 1767 5119">
    <p class='ocr_par' dir='ltr' id='par_1_51' title="bbox 218 5024 1767 5119">
     <span class='ocr_line' id='line_1_51' title="bbox 218 5024 1767 5119; baseline -0.019 -17"><span class='ocrx_word' id='word_1_411' title='bbox 218 5046 280 5103; x_wconf 86' lang='lat' dir='ltr'><strong>illi</strong></span> <span class='ocrx_word' id='word_1_412' title='bbox 306 5024 505 5119; x_wconf 68' lang='lat' dir='ltr'><strong>praecisi</strong></span> <span class='ocrx_word' id='word_1_413' title='bbox 539 5062 569 5099; x_wconf 89' lang='lat' dir='ltr'><strong>a</strong></span> <span class='ocrx_word' id='word_1_414' title='bbox 602 5038 914 5113; x_wconf 79' lang='lat' dir='ltr'><strong>compagine</strong></span> <span class='ocrx_word' id='word_1_415' title='bbox 943 5029 1193 5088; x_wconf 66' lang='lat' dir='ltr'><strong>Ecclesiae</strong></span> <span class='ocrx_word' id='word_1_416' title='bbox 1223 5024 1452 5089; x_wconf 88' lang='lat' dir='ltr'><strong>Christi,</strong></span> <span class='ocrx_word' id='word_1_417' title='bbox 1482 5030 1535 5076; x_wconf 89' lang='lat' dir='ltr'><strong>et</strong></span> <span class='ocrx_word' id='word_1_418' title='bbox 1565 5029 1767 5119; x_wconf 75' lang='lat' dir='ltr'><strong>partem</strong></span> 
     </span>
    </p>
   </div>
   <div class='ocr_carea' id='block_1_52' title="bbox 219 5111 1768 5203">
    <p class='ocr_par' dir='ltr' id='par_1_52' title="bbox 219 5111 1768 5203">
     <span class='ocr_line' id='line_1_52' title="bbox 219 5111 1768 5203; baseline -0.018 -9"><span class='ocrx_word' id='word_1_419' title='bbox 219 5111 447 5203; x_wconf 62' lang='lat' dir='ltr'><strong>tentantes,</strong></span> <span class='ocrx_word' id='word_1_420' title='bbox 470 5146 638 5201; x_wconf 73' lang='lat' dir='ltr'><strong>totum</strong></span> <span class='ocrx_word' id='word_1_421' title='bbox 664 5111 968 5187; x_wconf 82' lang='lat' dir='ltr'><strong>amittentes</strong></span> <span class='ocrx_word' id='word_1_422' title='bbox 989 5166 1003 5191; x_wconf 94' lang='lat'><strong>,</strong></span> <span class='ocrx_word' id='word_1_423' title='bbox 1031 5122 1217 5179; x_wconf 90' lang='lat' dir='ltr'><strong>nolunt</strong></span> <span class='ocrx_word' id='word_1_424' title='bbox 1242 5115 1633 5174; x_wconf 87' lang='lat' dir='ltr'><strong>communicare</strong></span> <span class='ocrx_word' id='word_1_425' title='bbox 1653 5111 1768 5166; x_wconf 90' lang='lat' dir='ltr'><strong>orbi</strong></span> 
     </span>
    </p>
   </div>
   <div class='ocr_carea' id='block_1_53' title="bbox 219 5203 1771 5301">
    <p class='ocr_par' dir='ltr' id='par_1_53' title="bbox 219 5203 1771 5301">
     <span class='ocr_line' id='line_1_53' title="bbox 219 5203 1771 5301; baseline -0.019 -15"><span class='ocrx_word' id='word_1_426' title='bbox 219 5238 467 5299; x_wconf 84' lang='lat' dir='ltr'><strong>terrarum,</strong></span> <span class='ocrx_word' id='word_1_427' title='bbox 490 5244 594 5301; x_wconf 87' lang='lat' dir='ltr'><strong>qua</strong></span> <span class='ocrx_word' id='word_1_428' title='bbox 614 5224 803 5299; x_wconf 77' lang='lat' dir='ltr'><strong>dill&#39;nsa</strong></span> <span class='ocrx_word' id='word_1_429' title='bbox 821 5228 902 5275; x_wconf 89' lang='lat' dir='ltr'><strong>est</strong></span> <span class='ocrx_word' id='word_1_430' title='bbox 920 5216 1083 5291; x_wconf 83' lang='lat' dir='ltr'><strong>gloria</strong></span> <span class='ocrx_word' id='word_1_431' title='bbox 1108 5210 1325 5268; x_wconf 74' lang='lat' dir='ltr'><strong>Chrisu.</strong></span> <span class='ocrx_word' id='word_1_432' title='bbox 1350 5207 1458 5263; x_wconf 83' lang='lat' dir='ltr'><strong>Nos</strong></span> <span class='ocrx_word' id='word_1_433' title='bbox 1477 5213 1652 5291; x_wconf 86' lang='lat' dir='ltr'><strong>autem</strong></span> <span class='ocrx_word' id='word_1_434' title='bbox 1673 5203 1771 5257; x_wconf 86' lang='lat' dir='ltr'><strong>Ca-</strong></span> 
     </span>
    </p>
   </div>
   <div class='ocr_carea' id='block_1_54' title="bbox 219 5300 1764 5381">
    <p class='ocr_par' dir='ltr' id='par_1_54' title="bbox 219 5300 1764 5381">
     <span class='ocr_line' id='line_1_54' title="bbox 219 5300 1764 5381; baseline -0.02 -4"><span class='ocrx_word' id='word_1_435' title='bbox 219 5321 372 5381; x_wconf 85' lang='lat' dir='ltr'><strong>tholici</strong></span> <span class='ocrx_word' id='word_1_436' title='bbox 394 5326 442 5379; x_wconf 89' lang='lat' dir='ltr'><strong>in</strong></span> <span class='ocrx_word' id='word_1_437' title='bbox 464 5300 611 5379; x_wconf 81' lang='lat' dir='ltr'><strong>omni</strong></span> <span class='ocrx_word' id='word_1_438' title='bbox 635 5330 774 5372; x_wconf 88' lang='lat' dir='ltr'><strong>terra</strong></span> <span class='ocrx_word' id='word_1_439' title='bbox 800 5325 1004 5373; x_wconf 86' lang='lat' dir='ltr'><strong>sumus,</strong></span> <span class='ocrx_word' id='word_1_440' title='bbox 1029 5307 1150 5378; x_wconf 88' lang='lat' dir='ltr'><strong>quia</strong></span> <span class='ocrx_word' id='word_1_441' title='bbox 1180 5300 1322 5356; x_wconf 89' lang='lat' dir='ltr'><strong>omni</strong></span> <span class='ocrx_word' id='word_1_442' title='bbox 1346 5310 1500 5355; x_wconf 68' lang='lat' dir='ltr'><strong>terra:</strong></span> <span class='ocrx_word' id='word_1_443' title='bbox 1527 5311 1764 5352; x_wconf 88' lang='lat' dir='ltr'><strong>commn-</strong></span> 
     </span>
    </p>
   </div>
   <div class='ocr_carea' id='block_1_55' title="bbox 216 5388 1771 5488">
    <p class='ocr_par' dir='ltr' id='par_1_55' title="bbox 216 5388 1771 5488">
     <span class='ocr_line' id='line_1_55' title="bbox 216 5388 1771 5488; baseline -0.019 -18"><span class='ocrx_word' id='word_1_444' title='bbox 216 5417 422 5473; x_wconf 85' lang='lat' dir='ltr'><strong>nieamus</strong></span> <span class='ocrx_word' id='word_1_445' title='bbox 444 5421 777 5488; x_wconf 85' lang='lat' dir='ltr'><strong>quacumque</strong></span> <span class='ocrx_word' id='word_1_446' title='bbox 798 5403 966 5475; x_wconf 83' lang='lat' dir='ltr'><strong>gloria</strong></span> <span class='ocrx_word' id='word_1_447' title='bbox 988 5397 1179 5465; x_wconf 83' lang='lat' dir='ltr'><strong>Christi</strong></span> <span class='ocrx_word' id='word_1_448' title='bbox 1208 5392 1396 5448; x_wconf 79' lang='lat' dir='ltr'><strong>diffusa</strong></span> <span class='ocrx_word' id='word_1_449' title='bbox 1411 5388 1771 5446; x_wconf 86' lang='lat' dir='ltr'><strong>est.Vidcmus</strong></span> 
     </span>
    </p>
   </div>
   <div class='ocr_carea' id='block_1_56' title="bbox 214 5477 1769 5580">
    <p class='ocr_par' dir='ltr' id='par_1_56' title="bbox 214 5477 1769 5580">
     <span class='ocr_line' id='line_1_56' title="bbox 214 5477 1769 5580; baseline -0.021 -17"><span class='ocrx_word' id='word_1_450' title='bbox 214 5511 330 5564; x_wconf 86' lang='lat' dir='ltr'><strong>enim</strong></span> <span class='ocrx_word' id='word_1_451' title='bbox 354 5477 491 5580; x_wconf 79' lang='lat' dir='ltr'><strong>quod</strong></span> <span class='ocrx_word' id='word_1_452' title='bbox 520 5514 648 5561; x_wconf 87' lang='lat' dir='ltr'><strong>tunc</strong></span> <span class='ocrx_word' id='word_1_453' title='bbox 686 5477 955 5556; x_wconf 85' lang='lat' dir='ltr'><strong>cantatum</strong></span> <span class='ocrx_word' id='word_1_454' title='bbox 978 5500 1077 5565; x_wconf 83' lang='lat' dir='ltr'><strong>est,</strong></span> <span class='ocrx_word' id='word_1_455' title='bbox 1104 5488 1263 5544; x_wconf 89' lang='lat' dir='ltr'><strong>modo</strong></span> <span class='ocrx_word' id='word_1_456' title='bbox 1285 5484 1629 5554; x_wconf 84' lang='lat' dir='ltr'><strong>completum.</strong></span> <span class='ocrx_word' id='word_1_457' title='bbox 1656 5477 1769 5532; x_wconf 82' lang='lat' dir='ltr'><strong>Ex-</strong></span> 
     </span>
    </p>
   </div>
   <div class='ocr_carea' id='block_1_57' title="bbox 212 5587 1766 5667">
    <p class='ocr_par' dir='ltr' id='par_1_57' title="bbox 212 5587 1766 5667">
     <span class='ocr_line' id='line_1_57' title="bbox 212 5587 1766 5667; baseline -0.021 -10"><span class='ocrx_word' id='word_1_458' title='bbox 212 5601 380 5657; x_wconf 82' lang='lat' dir='ltr'><strong>altatus</strong></span> <span class='ocrx_word' id='word_1_459' title='bbox 407 5610 489 5658; x_wconf 89' lang='lat' dir='ltr'><strong>est</strong></span> <span class='ocrx_word' id='word_1_460' title='bbox 514 5611 675 5667; x_wconf 87' lang='lat' dir='ltr'><strong>super</strong></span> <span class='ocrx_word' id='word_1_461' title='bbox 695 5592 861 5648; x_wconf 84' lang='lat' dir='ltr'><strong>caelos</strong></span> <span class='ocrx_word' id='word_1_462' title='bbox 892 5589 1032 5653; x_wconf 82' lang='lat' dir='ltr'><strong>Deus</strong></span> <span class='ocrx_word' id='word_1_463' title='bbox 1062 5591 1265 5648; x_wconf 76' lang='lat' dir='ltr'><strong>noster,</strong></span> <span class='ocrx_word' id='word_1_464' title='bbox 1290 5587 1342 5633; x_wconf 90' lang='lat' dir='ltr'><strong>ct</strong></span> <span class='ocrx_word' id='word_1_465' title='bbox 1363 5591 1523 5647; x_wconf 90' lang='lat' dir='ltr'><strong>super</strong></span> <span class='ocrx_word' id='word_1_466' title='bbox 1552 5588 1766 5629; x_wconf 87' lang='lat' dir='ltr'><strong>omnem</strong></span> 
     </span>
    </p>
   </div>
   <div class='ocr_carea' id='block_1_58' title="bbox 264 5685 1773 5768">
    <p class='ocr_par' dir='ltr' id='par_1_58' title="bbox 264 5685 1773 5768">
     <span class='ocr_line' id='line_1_58' title="bbox 264 5685 1773 5768; baseline -0.023 -2"><span class='ocrx_word' id='word_1_467' title='bbox 264 5714 277 5747; x_wconf 86' lang='grc'>¹</span> <span class='ocrx_word' id='word_1_468' title='bbox 309 5718 385 5765; x_wconf 82' lang='lat' dir='ltr'><strong>llic</strong></span> <span class='ocrx_word' id='word_1_469' title='bbox 405 5713 515 5765; x_wconf 68' lang='lat' dir='ltr'><strong>add.</strong></span> <span class='ocrx_word' id='word_1_470' title='bbox 539 5708 739 5768; x_wconf 87' lang='lat' dir='ltr'><strong>addunt,</strong></span> <span class='ocrx_word' id='word_1_471' title='bbox 761 5696 1022 5755; x_wconf 79' lang='lat' dir='ltr'><strong>occidentis</strong></span> <span class='ocrx_word' id='word_1_472' title='bbox 1044 5688 1090 5749; x_wconf 77' lang='lat' dir='ltr'><strong>et</strong></span> <span class='ocrx_word' id='word_1_473' title='bbox 1112 5688 1404 5757; x_wconf 75' lang='lat' dir='ltr'><strong>resurgentis</strong></span> <span class='ocrx_word' id='word_1_474' title='bbox 1434 5700 1452 5740; x_wconf 91' lang='lat'><strong><em>:</em></strong></span> <span class='ocrx_word' id='word_1_475' title='bbox 1476 5685 1605 5752; x_wconf 85' lang='lat' dir='ltr'><strong>quod</strong></span> <span class='ocrx_word' id='word_1_476' title='bbox 1631 5685 1773 5734; x_wconf 88' lang='lat' dir='ltr'><strong>abest</strong></span> 
     </span>
    </p>
   </div>
   <div class='ocr_carea' id='block_1_59' title="bbox 211 5783 974 5906">
    <p class='ocr_par' dir='ltr' id='par_1_59' title="bbox 211 5783 974 5906">
     <span class='ocr_line' id='line_1_59' title="bbox 211 5783 974 5906; baseline -0.018 -15"><span class='ocrx_word' id='word_1_477' title='bbox 211 5784 236 5825; x_wconf 62' lang='lat'><em>.</em></span> <span class='ocrx_word' id='word_1_478' title='bbox 392 5848 496 5889; x_wconf 70' lang='lat' dir='ltr'><strong>uss.</strong></span> <span class='ocrx_word' id='word_1_479' title='bbox 525 5830 734 5906; x_wconf 56' lang='lat' dir='ltr'><strong>At.Ed.do’</strong></span> <span class='ocrx_word' id='word_1_480' title='bbox 747 5826 974 5881; x_wconf 78' lang='lat' dir='ltr'><strong>elevatus.</strong></span> 
     </span>
    </p>
   </div>
   <div class='ocr_carea' id='block_1_60' title="bbox 264 5901 697 5967">
    <p class='ocr_par' dir='ltr' id='par_1_60' title="bbox 264 5901 697 5967">
     <span class='ocr_line' id='line_1_60' title="bbox 264 5901 697 5967; baseline -0.025 -9"><span class='ocrx_word' id='word_1_481' title='bbox 264 5901 697 5967; x_wconf 50' lang='lat' dir='ltr'><strong>Humanitatem.</strong></span> 
     </span>
    </p>
   </div>
   <div class='ocr_carea' id='block_1_61' title="bbox 3320 417 3425 480">
    <p class='ocr_par' dir='ltr' id='par_1_61' title="bbox 3320 417 3425 480">
     <span class='ocr_line' id='line_1_61' title="bbox 3320 417 3425 480; baseline 0.019 -2"><span class='ocrx_word' id='word_1_482' title='bbox 3320 417 3425 480; x_wconf 80' lang='lat'><strong>670</strong></span> 
     </span>
    </p>
   </div>
   <div class='ocr_carea' id='block_1_62' title="bbox 1848 526 3416 604">
    <p class='ocr_par' dir='ltr' id='par_1_62' title="bbox 1848 526 3416 604">
     <span class='ocr_line' id='line_1_62' title="bbox 1848 526 3416 604; baseline 0.009 -25"><span class='ocrx_word' id='word_1_483' title='bbox 1848 532 2043 580; x_wconf 87' lang='lat' dir='ltr'><strong>terram</strong></span> <span class='ocrx_word' id='word_1_484' title='bbox 2072 526 2237 597; x_wconf 87' lang='lat' dir='ltr'><strong>gloria</strong></span> <span class='ocrx_word' id='word_1_485' title='bbox 2269 526 2455 598; x_wconf 88' lang='lat' dir='ltr'><strong>ipsius.</strong></span> <span class='ocrx_word' id='word_1_486' title='bbox 2482 526 2531 584; x_wconf 87' lang='lat'><strong>0</strong></span> <span class='ocrx_word' id='word_1_487' title='bbox 2566 528 2821 587; x_wconf 62' lang='lat' dir='ltr'><strong>haretics</strong></span> <span class='ocrx_word' id='word_1_488' title='bbox 2858 526 3100 591; x_wconf 77' lang='lat' dir='ltr'><strong>insania!</strong></span> <span class='ocrx_word' id='word_1_489' title='bbox 3126 533 3285 604; x_wconf 85' lang='lat' dir='ltr'><strong>Quod</strong></span> <span class='ocrx_word' id='word_1_490' title='bbox 3311 551 3416 593; x_wconf 91' lang='lat' dir='ltr'><strong>non</strong></span> 
     </span>
    </p>
   </div>
   <div class='ocr_carea' id='block_1_63' title="bbox 1851 615 3423 695">
    <p class='ocr_par' dir='ltr' id='par_1_63' title="bbox 1851 615 3423 695">
     <span class='ocr_line' id='line_1_63' title="bbox 1851 615 3423 695; baseline 0.011 -26"><span class='ocrx_word' id='word_1_491' title='bbox 1851 615 2001 672; x_wconf 82' lang='lat' dir='ltr'><strong>vides</strong></span> <span class='ocrx_word' id='word_1_492' title='bbox 2026 618 2200 673; x_wconf 85' lang='lat' dir='ltr'><strong>credis</strong></span> <span class='ocrx_word' id='word_1_493' title='bbox 2220 634 2447 685; x_wconf 90' lang='lat' dir='ltr'><strong>mecum,</strong></span> <span class='ocrx_word' id='word_1_494' title='bbox 2465 621 2607 692; x_wconf 86' lang='lat' dir='ltr'><strong>quod</strong></span> <span class='ocrx_word' id='word_1_495' title='bbox 2626 622 2775 679; x_wconf 82' lang='lat' dir='ltr'><strong>vides</strong></span> <span class='ocrx_word' id='word_1_496' title='bbox 2795 640 2957 695; x_wconf 85' lang='lat' dir='ltr'><strong>negas</strong></span> <span class='ocrx_word' id='word_1_497' title='bbox 2979 642 2992 679; x_wconf 91' lang='lat'><strong>:</strong></span> <span class='ocrx_word' id='word_1_498' title='bbox 3021 627 3194 683; x_wconf 87' lang='lat' dir='ltr'><strong>credis</strong></span> <span class='ocrx_word' id='word_1_499' title='bbox 3215 645 3423 686; x_wconf 81' lang='lat' dir='ltr'><strong>mecum</strong></span> 
     </span>
    </p>
   </div>
   <div class='ocr_carea' id='block_1_64' title="bbox 1850 712 3421 790">
    <p class='ocr_par' dir='ltr' id='par_1_64' title="bbox 1850 712 3421 790">
     <span class='ocr_line' id='line_1_64' title="bbox 1850 712 3421 790; baseline 0.01 -25"><span class='ocrx_word' id='word_1_500' title='bbox 1850 712 2133 769; x_wconf 84' lang='lat' dir='ltr'><strong>exaltatum</strong></span> <span class='ocrx_word' id='word_1_501' title='bbox 2162 713 2430 771; x_wconf 88' lang='lat' dir='ltr'><strong>Christum</strong></span> <span class='ocrx_word' id='word_1_502' title='bbox 2458 731 2620 786; x_wconf 84' lang='lat' dir='ltr'><strong>super</strong></span> <span class='ocrx_word' id='word_1_503' title='bbox 2645 718 2829 784; x_wconf 71' lang='lat' dir='ltr'><strong>caelos,</strong></span> <span class='ocrx_word' id='word_1_504' title='bbox 2859 721 3001 790; x_wconf 90' lang='lat' dir='ltr'><strong>quod</strong></span> <span class='ocrx_word' id='word_1_505' title='bbox 3025 736 3131 777; x_wconf 91' lang='lat' dir='ltr'><strong>non</strong></span> <span class='ocrx_word' id='word_1_506' title='bbox 3159 723 3421 790; x_wconf 84' lang='lat' dir='ltr'><strong>videmus;</strong></span> 
     </span>
    </p>
   </div>
   <div class='ocr_carea' id='block_1_65' title="bbox 1851 806 3427 886">
    <p class='ocr_par' dir='ltr' id='par_1_65' title="bbox 1851 806 3427 886">
     <span class='ocr_line' id='line_1_65' title="bbox 1851 806 3427 886; baseline 0.01 -28"><span class='ocrx_word' id='word_1_507' title='bbox 1851 814 1907 859; x_wconf 88' lang='lat' dir='ltr'><strong>et</strong></span> <span class='ocrx_word' id='word_1_508' title='bbox 1932 821 2091 876; x_wconf 87' lang='lat' dir='ltr'><strong>negas</strong></span> <span class='ocrx_word' id='word_1_509' title='bbox 2119 806 2339 877; x_wconf 87' lang='lat' dir='ltr'><strong>gloriam</strong></span> <span class='ocrx_word' id='word_1_510' title='bbox 2364 808 2480 881; x_wconf 86' lang='lat' dir='ltr'><strong>ejus</strong></span> <span class='ocrx_word' id='word_1_511' title='bbox 2500 825 2659 880; x_wconf 88' lang='lat' dir='ltr'><strong>super</strong></span> <span class='ocrx_word' id='word_1_512' title='bbox 2685 825 2898 867; x_wconf 89' lang='lat' dir='ltr'><strong>omnem</strong></span> <span class='ocrx_word' id='word_1_513' title='bbox 2927 820 3143 881; x_wconf 88' lang='lat' dir='ltr'><strong>terram,</strong></span> <span class='ocrx_word' id='word_1_514' title='bbox 3174 816 3313 886; x_wconf 87' lang='lat' dir='ltr'><strong>quod</strong></span> <span class='ocrx_word' id='word_1_515' title='bbox 3343 818 3427 873; x_wconf 90' lang='lat' dir='ltr'><strong>vi-</strong></span> 
     </span>
    </p>
   </div>
   <div class='ocr_carea' id='block_1_66' title="bbox 1851 895 3429 978">
    <p class='ocr_par' dir='ltr' id='par_1_66' title="bbox 1851 895 3429 978">
     <span class='ocr_line' id='line_1_66' title="bbox 1851 895 3429 978; baseline 0.009 -27"><span class='ocrx_word' id='word_1_516' title='bbox 1851 895 2058 953; x_wconf 89' lang='lat' dir='ltr'><strong>demus.</strong></span> <span class='ocrx_word' id='word_1_517' title='bbox 2089 899 2330 956; x_wconf 69' lang='lat' dir='ltr'><strong>Exaltare</strong></span> <span class='ocrx_word' id='word_1_518' title='bbox 2372 919 2524 974; x_wconf 81' lang='lat' dir='ltr'><strong>super</strong></span> <span class='ocrx_word' id='word_1_519' title='bbox 2546 904 2716 971; x_wconf 68' lang='lat' dir='ltr'><strong>stelas,</strong></span> <span class='ocrx_word' id='word_1_520' title='bbox 2749 902 2890 960; x_wconf 84' lang='lat' dir='ltr'><strong>Deus</strong></span> <span class='ocrx_word' id='word_1_521' title='bbox 2912 946 2927 970; x_wconf 95' lang='lat'><strong>,</strong></span> <span class='ocrx_word' id='word_1_522' title='bbox 2950 914 2998 960; x_wconf 85' lang='lat' dir='ltr'><strong>et</strong></span> <span class='ocrx_word' id='word_1_523' title='bbox 3034 923 3187 978; x_wconf 83' lang='lat' dir='ltr'><strong>super</strong></span> <span class='ocrx_word' id='word_1_524' title='bbox 3232 925 3429 965; x_wconf 66' lang='lat' dir='ltr'><strong>omnem</strong></span> 
     </span>
    </p>
   </div>
   <div class='ocr_carea' id='block_1_67' title="bbox 1854 992 2349 1061">
    <p class='ocr_par' dir='ltr' id='par_1_67' title="bbox 1854 992 2349 1061">
     <span class='ocr_line' id='line_1_67' title="bbox 1854 992 2349 1061; baseline 0.014 -20"><span class='ocrx_word' id='word_1_525' title='bbox 1854 996 2036 1042; x_wconf 80' lang='lat' dir='ltr'><strong>terram</strong></span> <span class='ocrx_word' id='word_1_526' title='bbox 2058 992 2220 1061; x_wconf 87' lang='lat' dir='ltr'><strong>gloria</strong></span> <span class='ocrx_word' id='word_1_527' title='bbox 2242 998 2349 1049; x_wconf 85' lang='lat' dir='ltr'><strong>tua.</strong></span> 
     </span>
    </p>
   </div>
   <div class='ocr_carea' id='block_1_68' title="bbox 1922 1079 3436 1162">
    <p class='ocr_par' dir='ltr' id='par_1_68' title="bbox 1922 1079 3436 1162">
     <span class='ocr_line' id='line_1_68' title="bbox 1922 1079 3436 1162; baseline 0.009 -27"><span class='ocrx_word' id='word_1_528' title='bbox 1922 1081 2011 1135; x_wconf 74' lang='grc'><strong>14.</strong></span> <span class='ocrx_word' id='word_1_529' title='bbox 2041 1079 2189 1153; x_wconf 75' lang='grc' dir='ltr'><strong>[υεη.</strong></span> <span class='ocrx_word' id='word_1_530' title='bbox 2222 1084 2298 1158; x_wconf 87' lang='grc'><strong>7.]</strong></span> <span class='ocrx_word' id='word_1_531' title='bbox 2323 1085 2484 1142; x_wconf 85' lang='lat' dir='ltr'><strong>Redit</strong></span> <span class='ocrx_word' id='word_1_532' title='bbox 2519 1087 2586 1144; x_wconf 88' lang='lat' dir='ltr'><strong>ad</strong></span> <span class='ocrx_word' id='word_1_533' title='bbox 2615 1088 2777 1144; x_wconf 87' lang='lat' dir='ltr'><strong>verba</strong></span> <span class='ocrx_word' id='word_1_534' title='bbox 2823 1089 3034 1146; x_wconf 88' lang='lat' dir='ltr'><strong>Domini</strong></span> <span class='ocrx_word' id='word_1_535' title='bbox 3060 1109 3075 1150; x_wconf 87' lang='lat'><strong>:</strong></span> <span class='ocrx_word' id='word_1_536' title='bbox 3104 1100 3160 1148; x_wconf 89' lang='lat' dir='ltr'><strong>et</strong></span> <span class='ocrx_word' id='word_1_537' title='bbox 3184 1092 3297 1162; x_wconf 87' lang='lat' dir='ltr'><strong>ipse</strong></span> <span class='ocrx_word' id='word_1_538' title='bbox 3327 1093 3436 1149; x_wconf 79' lang='lat' dir='ltr'><strong>Do-</strong></span> 
     </span>
    </p>
   </div>
   <div class='ocr_carea' id='block_1_69' title="bbox 1854 1171 3432 1255">
    <p class='ocr_par' dir='ltr' id='par_1_69' title="bbox 1854 1171 3432 1255">
     <span class='ocr_line' id='line_1_69' title="bbox 1854 1171 3432 1255; baseline 0.01 -30"><span class='ocrx_word' id='word_1_539' title='bbox 1854 1171 2028 1227; x_wconf 91' lang='lat' dir='ltr'><strong>minus</strong></span> <span class='ocrx_word' id='word_1_540' title='bbox 2052 1189 2272 1231; x_wconf 87' lang='lat' dir='ltr'><strong>narrare</strong></span> <span class='ocrx_word' id='word_1_541' title='bbox 2300 1178 2452 1234; x_wconf 90' lang='lat' dir='ltr'><strong>nobis</strong></span> <span class='ocrx_word' id='word_1_542' title='bbox 2479 1179 2690 1250; x_wconf 88' lang='lat' dir='ltr'><strong>incipit,</strong></span> <span class='ocrx_word' id='word_1_543' title='bbox 2718 1188 2968 1252; x_wconf 86' lang='lat' dir='ltr'><strong>tanquam</strong></span> <span class='ocrx_word' id='word_1_544' title='bbox 2994 1184 3271 1255; x_wconf 88' lang='lat' dir='ltr'><strong>alloquens</strong></span> <span class='ocrx_word' id='word_1_545' title='bbox 3300 1200 3432 1253; x_wconf 91' lang='lat' dir='ltr'><strong>nos,</strong></span> 
     </span>
    </p>
   </div>
   <div class='ocr_carea' id='block_1_70' title="bbox 1854 1266 3437 1349">
    <p class='ocr_par' dir='ltr' id='par_1_70' title="bbox 1854 1266 3437 1349">
     <span class='ocr_line' id='line_1_70' title="bbox 1854 1266 3437 1349; baseline 0.01 -31"><span class='ocrx_word' id='word_1_546' title='bbox 1854 1266 2150 1323; x_wconf 83' lang='lat' dir='ltr'><strong>exsultante</strong></span> <span class='ocrx_word' id='word_1_547' title='bbox 2174 1271 2334 1325; x_wconf 91' lang='lat' dir='ltr'><strong>etiam</strong></span> <span class='ocrx_word' id='word_1_548' title='bbox 2365 1272 2629 1343; x_wconf 81' lang='lat' dir='ltr'><strong>Propheta</strong></span> <span class='ocrx_word' id='word_1_549' title='bbox 2656 1282 2710 1329; x_wconf 90' lang='lat' dir='ltr'><strong>et</strong></span> <span class='ocrx_word' id='word_1_550' title='bbox 2739 1275 2949 1331; x_wconf 85' lang='lat' dir='ltr'><strong>dicente</strong></span> <span class='ocrx_word' id='word_1_551' title='bbox 2968 1318 2981 1340; x_wconf 94' lang='lat'><strong>,</strong></span> <span class='ocrx_word' id='word_1_552' title='bbox 3016 1277 3260 1334; x_wconf 78' lang='lat' dir='ltr'><strong>Exaltare</strong></span> <span class='ocrx_word' id='word_1_553' title='bbox 3285 1294 3437 1349; x_wconf 84' lang='lat' dir='ltr'><strong>super</strong></span> 
     </span>
    </p>
   </div>
   <div class='ocr_carea' id='block_1_71' title="bbox 1856 1359 3434 1439">
    <p class='ocr_par' dir='ltr' id='par_1_71' title="bbox 1856 1359 3434 1439">
     <span class='ocr_line' id='line_1_71' title="bbox 1856 1359 3434 1439; baseline 0.006 -28"><span class='ocrx_word' id='word_1_554' title='bbox 1856 1359 2024 1426; x_wconf 74' lang='lat' dir='ltr'><strong>stelas,</strong></span> <span class='ocrx_word' id='word_1_555' title='bbox 2047 1360 2205 1427; x_wconf 83' lang='lat' dir='ltr'><strong>Deus,</strong></span> <span class='ocrx_word' id='word_1_556' title='bbox 2234 1372 2282 1417; x_wconf 87' lang='lat' dir='ltr'><strong>et</strong></span> <span class='ocrx_word' id='word_1_557' title='bbox 2308 1380 2461 1435; x_wconf 84' lang='lat' dir='ltr'><strong>super</strong></span> <span class='ocrx_word' id='word_1_558' title='bbox 2476 1382 2673 1420; x_wconf 85' lang='lat' dir='ltr'><strong>omnem</strong></span> <span class='ocrx_word' id='word_1_559' title='bbox 2700 1375 2883 1421; x_wconf 81' lang='lat' dir='ltr'><strong>terram</strong></span> <span class='ocrx_word' id='word_1_560' title='bbox 2908 1367 3071 1439; x_wconf 85' lang='lat' dir='ltr'><strong>gloria</strong></span> <span class='ocrx_word' id='word_1_561' title='bbox 3092 1378 3197 1423; x_wconf 87' lang='lat' dir='ltr'><strong>tua.</strong></span> <span class='ocrx_word' id='word_1_562' title='bbox 3223 1370 3434 1426; x_wconf 81' lang='lat' dir='ltr'><strong>Confir-</strong></span> 
     </span>
    </p>
   </div>
   <div class='ocr_carea' id='block_1_72' title="bbox 1857 1454 3434 1530">
    <p class='ocr_par' dir='ltr' id='par_1_72' title="bbox 1857 1454 3434 1530">
     <span class='ocr_line' id='line_1_72' title="bbox 1857 1454 3434 1530; baseline 0.007 -26"><span class='ocrx_word' id='word_1_563' title='bbox 1857 1459 1967 1505; x_wconf 87' lang='lat' dir='ltr'><strong>mat</strong></span> <span class='ocrx_word' id='word_1_564' title='bbox 2014 1468 2110 1506; x_wconf 90' lang='lat' dir='ltr'><strong>nos</strong></span> <span class='ocrx_word' id='word_1_565' title='bbox 2152 1462 2205 1507; x_wconf 88' lang='lat' dir='ltr'><strong>et</strong></span> <span class='ocrx_word' id='word_1_566' title='bbox 2234 1454 2344 1523; x_wconf 89' lang='lat' dir='ltr'><strong>ipse</strong></span> <span class='ocrx_word' id='word_1_567' title='bbox 2370 1498 2384 1520; x_wconf 94' lang='lat'><strong>,</strong></span> <span class='ocrx_word' id='word_1_568' title='bbox 2415 1466 2663 1528; x_wconf 88' lang='lat' dir='ltr'><strong>tanquam</strong></span> <span class='ocrx_word' id='word_1_569' title='bbox 2694 1458 2877 1513; x_wconf 85' lang='lat' dir='ltr'><strong>dicens</strong></span> <span class='ocrx_word' id='word_1_570' title='bbox 2908 1460 3060 1514; x_wconf 89' lang='lat' dir='ltr'><strong>nobis</strong></span> <span class='ocrx_word' id='word_1_571' title='bbox 3088 1477 3103 1516; x_wconf 89' lang='lat'><strong>:</strong></span> <span class='ocrx_word' id='word_1_572' title='bbox 3136 1460 3274 1530; x_wconf 89' lang='lat' dir='ltr'><strong>Quid</strong></span> <span class='ocrx_word' id='word_1_573' title='bbox 3307 1461 3434 1515; x_wconf 90' lang='lat' dir='ltr'><strong>mihi</strong></span> 
     </span>
    </p>
   </div>
   <div class='ocr_carea' id='block_1_73' title="bbox 1859 1538 3436 1620">
    <p class='ocr_par' dir='ltr' id='par_1_73' title="bbox 1859 1538 3436 1620">
     <span class='ocr_line' id='line_1_73' title="bbox 1859 1538 3436 1620; baseline 0.008 -25"><span class='ocrx_word' id='word_1_574' title='bbox 1859 1538 2029 1598; x_wconf 85' lang='lat' dir='ltr'><strong>facere</strong></span> <span class='ocrx_word' id='word_1_575' title='bbox 2068 1553 2352 1613; x_wconf 89' lang='lat' dir='ltr'><strong>potuerunt</strong></span> <span class='ocrx_word' id='word_1_576' title='bbox 2396 1548 2467 1602; x_wconf 93' lang='lat' dir='ltr'><strong>illi</strong></span> <span class='ocrx_word' id='word_1_577' title='bbox 2511 1550 2601 1619; x_wconf 91' lang='lat' dir='ltr'><strong>qui</strong></span> <span class='ocrx_word' id='word_1_578' title='bbox 2627 1564 2714 1605; x_wconf 90' lang='lat' dir='ltr'><strong>me</strong></span> <span class='ocrx_word' id='word_1_579' title='bbox 2760 1552 3022 1620; x_wconf 84' lang='lat' dir='ltr'><strong>persecuti</strong></span> <span class='ocrx_word' id='word_1_580' title='bbox 3063 1552 3232 1607; x_wconf 75' lang='lat' dir='ltr'><strong>sunt?</strong></span> <span class='ocrx_word' id='word_1_581' title='bbox 3259 1551 3436 1620; x_wconf 85' lang='lat' dir='ltr'><strong>Quare</strong></span> 
     </span>
    </p>
   </div>
   <div class='ocr_carea' id='block_1_74' title="bbox 1856 1639 3436 1710">
    <p class='ocr_par' dir='ltr' id='par_1_74' title="bbox 1856 1639 3436 1710">
     <span class='ocr_line' id='line_1_74' title="bbox 1856 1639 3436 1710; baseline 0.004 -20"><span class='ocrx_word' id='word_1_582' title='bbox 1856 1643 2033 1690; x_wconf 87' lang='lat' dir='ltr'><strong>autem</strong></span> <span class='ocrx_word' id='word_1_583' title='bbox 2063 1652 2160 1692; x_wconf 88' lang='lat' dir='ltr'><strong>nos</strong></span> <span class='ocrx_word' id='word_1_584' title='bbox 2197 1639 2504 1710; x_wconf 87' lang='lat' dir='ltr'><strong>alloquitur?</strong></span> <span class='ocrx_word' id='word_1_585' title='bbox 2536 1640 2666 1709; x_wconf 90' lang='lat' dir='ltr'><strong>Quia</strong></span> <span class='ocrx_word' id='word_1_586' title='bbox 2695 1640 2894 1696; x_wconf 89' lang='lat' dir='ltr'><strong>faciunt</strong></span> <span class='ocrx_word' id='word_1_587' title='bbox 2922 1650 2975 1696; x_wconf 92' lang='lat' dir='ltr'><strong>et</strong></span> <span class='ocrx_word' id='word_1_588' title='bbox 3017 1642 3189 1697; x_wconf 88' lang='lat' dir='ltr'><strong>nobis.</strong></span> <span class='ocrx_word' id='word_1_589' title='bbox 3218 1643 3322 1698; x_wconf 88' lang='lat' dir='ltr'><strong>Sed</strong></span> <span class='ocrx_word' id='word_1_590' title='bbox 3350 1642 3436 1696; x_wconf 92' lang='lat' dir='ltr'><strong>ni-</strong></span> 
     </span>
    </p>
   </div>
   <div class='ocr_carea' id='block_1_75' title="bbox 1857 1726 3438 1803">
    <p class='ocr_par' dir='ltr' id='par_1_75' title="bbox 1857 1726 3438 1803">
     <span class='ocr_line' id='line_1_75' title="bbox 1857 1726 3438 1803; baseline 0.004 -22"><span class='ocrx_word' id='word_1_591' title='bbox 1857 1726 1930 1784; x_wconf 88' lang='lat' dir='ltr'><strong>hil</strong></span> <span class='ocrx_word' id='word_1_592' title='bbox 1962 1729 2157 1784; x_wconf 87' lang='lat' dir='ltr'><strong>faciunt</strong></span> <span class='ocrx_word' id='word_1_593' title='bbox 2195 1733 2282 1799; x_wconf 89' lang='lat' dir='ltr'><strong>qui</strong></span> <span class='ocrx_word' id='word_1_594' title='bbox 2309 1746 2404 1785; x_wconf 82' lang='lat' dir='ltr'><strong>nos</strong></span> <span class='ocrx_word' id='word_1_595' title='bbox 2436 1733 2680 1787; x_wconf 82' lang='lat' dir='ltr'><strong>similiter</strong></span> <span class='ocrx_word' id='word_1_596' title='bbox 2710 1733 2903 1788; x_wconf 89' lang='lat' dir='ltr'><strong>fuerint</strong></span> <span class='ocrx_word' id='word_1_597' title='bbox 2930 1735 3216 1803; x_wconf 81' lang='lat' dir='ltr'><strong>persecuti.</strong></span> <span class='ocrx_word' id='word_1_598' title='bbox 3248 1733 3438 1789; x_wconf 85' lang='lat' dir='ltr'><strong>Videat</strong></span> 
     </span>
    </p>
   </div>
   <div class='ocr_carea' id='block_1_76' title="bbox 1858 1817 3439 1891">
    <p class='ocr_par' dir='ltr' id='par_1_76' title="bbox 1858 1817 3439 1891">
     <span class='ocr_line' id='line_1_76' title="bbox 1858 1817 3439 1891; baseline 0.003 -19"><span class='ocrx_word' id='word_1_599' title='bbox 1858 1819 1997 1872; x_wconf 87' lang='lat' dir='ltr'><strong>enim</strong></span> <span class='ocrx_word' id='word_1_600' title='bbox 2029 1817 2273 1875; x_wconf 86' lang='lat' dir='ltr'><strong>Charitas</strong></span> <span class='ocrx_word' id='word_1_601' title='bbox 2303 1820 2488 1876; x_wconf 86' lang='lat' dir='ltr'><strong>Vestra</strong></span> <span class='ocrx_word' id='word_1_602' title='bbox 2523 1823 2879 1891; x_wconf 89' lang='lat' dir='ltr'><strong>alloqueutem</strong></span> <span class='ocrx_word' id='word_1_603' title='bbox 2910 1837 3006 1877; x_wconf 90' lang='lat' dir='ltr'><strong>nos</strong></span> <span class='ocrx_word' id='word_1_604' title='bbox 3034 1824 3318 1878; x_wconf 91' lang='lat' dir='ltr'><strong>Dominum</strong></span> <span class='ocrx_word' id='word_1_605' title='bbox 3338 1864 3354 1890; x_wconf 95' lang='lat'><strong>,</strong></span> <span class='ocrx_word' id='word_1_606' title='bbox 3384 1832 3439 1877; x_wconf 91' lang='lat' dir='ltr'><strong>et</strong></span> 
     </span>
    </p>
   </div>
   <div class='ocr_carea' id='block_1_77' title="bbox 1858 1912 3441 1985">
    <p class='ocr_par' dir='ltr' id='par_1_77' title="bbox 1858 1912 3441 1985">
     <span class='ocr_line' id='line_1_77' title="bbox 1858 1912 3441 1985; baseline 0.001 -18"><span class='ocrx_word' id='word_1_607' title='bbox 1858 1912 2232 1969; x_wconf 79' lang='lat' dir='ltr'><strong>exhortantem</strong></span> <span class='ocrx_word' id='word_1_608' title='bbox 2260 1930 2356 1969; x_wconf 91' lang='lat' dir='ltr'><strong>nos</strong></span> <span class='ocrx_word' id='word_1_609' title='bbox 2408 1915 2653 1984; x_wconf 79' lang='lat' dir='ltr'><strong>exemplo</strong></span> <span class='ocrx_word' id='word_1_610' title='bbox 2692 1929 2808 1969; x_wconf 90' lang='lat' dir='ltr'><strong>suo.</strong></span> <span class='ocrx_word' id='word_1_611' title='bbox 2857 1914 3201 1985; x_wconf 76' lang='lat' dir='ltr'><strong>Muscipulam</strong></span> <span class='ocrx_word' id='word_1_612' title='bbox 3230 1931 3441 1983; x_wconf 82' lang='lat' dir='ltr'><strong>paraue-</strong></span> 
     </span>
    </p>
   </div>
   <div class='ocr_carea' id='block_1_78' title="bbox 1856 2006 3440 2076">
    <p class='ocr_par' dir='ltr' id='par_1_78' title="bbox 1856 2006 3440 2076">
     <span class='ocr_line' id='line_1_78' title="bbox 1856 2006 3440 2076; baseline 0.001 -17"><span class='ocrx_word' id='word_1_613' title='bbox 1856 2012 1977 2059; x_wconf 84' lang='lat' dir='ltr'><strong>runt</strong></span> <span class='ocrx_word' id='word_1_614' title='bbox 2000 2006 2207 2076; x_wconf 79' lang='lat' dir='ltr'><strong>pedibus</strong></span> <span class='ocrx_word' id='word_1_615' title='bbox 2232 2006 2372 2071; x_wconf 82' lang='lat' dir='ltr'><strong>meis,</strong></span> <span class='ocrx_word' id='word_1_616' title='bbox 2404 2015 2452 2061; x_wconf 82' lang='lat' dir='ltr'><strong>et</strong></span> <span class='ocrx_word' id='word_1_617' title='bbox 2468 2006 2849 2061; x_wconf 81' lang='lat' dir='ltr'><strong>incurvauerunt</strong></span> <span class='ocrx_word' id='word_1_618' title='bbox 2873 2007 3097 2059; x_wconf 81' lang='lat' dir='ltr'><strong>animum</strong></span> <span class='ocrx_word' id='word_1_619' title='bbox 3117 2023 3298 2059; x_wconf 84' lang='lat' dir='ltr'><strong>meum.</strong></span> <span class='ocrx_word' id='word_1_620' title='bbox 3329 2006 3440 2061; x_wconf 85' lang='lat' dir='ltr'><strong>Vo-</strong></span> 
     </span>
    </p>
   </div>
   <div class='ocr_carea' id='block_1_79' title="bbox 1859 2094 3441 2167">
    <p class='ocr_par' dir='ltr' id='par_1_79' title="bbox 1859 2094 3441 2167">
     <span class='ocr_line' id='line_1_79' title="bbox 1859 2094 3441 2167; baseline 0.002 -18"><span class='ocrx_word' id='word_1_621' title='bbox 1859 2095 2068 2151; x_wconf 88' lang='lat' dir='ltr'><strong>luerunt</strong></span> <span class='ocrx_word' id='word_1_622' title='bbox 2096 2095 2240 2150; x_wconf 88' lang='lat' dir='ltr'><strong>illam</strong></span> <span class='ocrx_word' id='word_1_623' title='bbox 2261 2096 2412 2167; x_wconf 91' lang='lat' dir='ltr'><strong>quasi</strong></span> <span class='ocrx_word' id='word_1_624' title='bbox 2439 2095 2507 2151; x_wconf 91' lang='lat' dir='ltr'><strong>de</strong></span> <span class='ocrx_word' id='word_1_625' title='bbox 2527 2097 2669 2151; x_wconf 64' lang='lat' dir='ltr'><strong>caelo</strong></span> <span class='ocrx_word' id='word_1_626' title='bbox 2695 2096 2985 2165; x_wconf 86' lang='lat' dir='ltr'><strong>deponere,</strong></span> <span class='ocrx_word' id='word_1_627' title='bbox 3016 2105 3070 2150; x_wconf 90' lang='lat' dir='ltr'><strong>et</strong></span> <span class='ocrx_word' id='word_1_628' title='bbox 3095 2096 3161 2149; x_wconf 87' lang='lat' dir='ltr'><strong>ad</strong></span> <span class='ocrx_word' id='word_1_629' title='bbox 3188 2094 3441 2152; x_wconf 86' lang='lat' dir='ltr'><strong>inferiora</strong></span> 
     </span>
    </p>
   </div>
   <div class='ocr_carea' id='block_1_80' title="bbox 1836 2185 3444 2257">
    <p class='ocr_par' dir='ltr' id='par_1_80' title="bbox 1836 2185 3444 2257">
     <span class='ocr_line' id='line_1_80' title="bbox 1836 2185 3444 2257; baseline -0.001 -15"><span class='ocrx_word' id='word_1_630' title='bbox 1836 2186 2158 2257; x_wconf 85' lang='lat' dir='ltr'><strong>deprimere</strong></span> <span class='ocrx_word' id='word_1_631' title='bbox 2190 2204 2203 2240; x_wconf 89' lang='lat'><strong>:</strong></span> <span class='ocrx_word' id='word_1_632' title='bbox 2233 2188 2545 2241; x_wconf 81' lang='lat' dir='ltr'><strong>Curaverunt</strong></span> <span class='ocrx_word' id='word_1_633' title='bbox 2572 2187 2794 2240; x_wconf 81' lang='lat' dir='ltr'><strong>animum</strong></span> <span class='ocrx_word' id='word_1_634' title='bbox 2818 2202 3000 2241; x_wconf 80' lang='lat' dir='ltr'><strong>meum.</strong></span> <span class='ocrx_word' id='word_1_635' title='bbox 3032 2185 3296 2240; x_wconf 81' lang='lat' dir='ltr'><strong>Fuderunt</strong></span> <span class='ocrx_word' id='word_1_636' title='bbox 3325 2195 3444 2240; x_wconf 88' lang='lat' dir='ltr'><strong>ante</strong></span> 
     </span>
    </p>
   </div>
   <div class='ocr_carea' id='block_1_81' title="bbox 1859 2277 3444 2352">
    <p class='ocr_par' dir='ltr' id='par_1_81' title="bbox 1859 2277 3444 2352">
     <span class='ocr_line' id='line_1_81' title="bbox 1859 2277 3444 2352; baseline -0.001 -19"><span class='ocrx_word' id='word_1_637' title='bbox 1859 2280 2041 2352; x_wconf 81' lang='lat' dir='ltr'><strong>faciem</strong></span> <span class='ocrx_word' id='word_1_638' title='bbox 2089 2296 2251 2333; x_wconf 85' lang='lat' dir='ltr'><strong>meam</strong></span> <span class='ocrx_word' id='word_1_639' title='bbox 2280 2283 2475 2350; x_wconf 78' lang='lat' dir='ltr'><strong>foveam</strong></span> <span class='ocrx_word' id='word_1_640' title='bbox 2493 2319 2508 2345; x_wconf 95' lang='lat'><strong>,</strong></span> <span class='ocrx_word' id='word_1_641' title='bbox 2539 2289 2585 2332; x_wconf 86' lang='lat' dir='ltr'><strong>et</strong></span> <span class='ocrx_word' id='word_1_642' title='bbox 2631 2280 2731 2347; x_wconf 86' lang='lat' dir='ltr'><strong>ipsi</strong></span> <span class='ocrx_word' id='word_1_643' title='bbox 2758 2278 3045 2332; x_wconf 81' lang='lat' dir='ltr'><strong>inciderunt</strong></span> <span class='ocrx_word' id='word_1_644' title='bbox 3067 2279 3120 2332; x_wconf 85' lang='lat' dir='ltr'><strong>in</strong></span> <span class='ocrx_word' id='word_1_645' title='bbox 3154 2293 3287 2332; x_wconf 84' lang='lat' dir='ltr'><strong>eam.</strong></span> <span class='ocrx_word' id='word_1_646' title='bbox 3316 2277 3444 2333; x_wconf 77' lang='lat' dir='ltr'><strong>Mihi</strong></span> 
     </span>
    </p>
   </div>
   <div class='ocr_carea' id='block_1_82' title="bbox 1862 2369 3449 2439">
    <p class='ocr_par' dir='ltr' id='par_1_82' title="bbox 1862 2369 3449 2439">
     <span class='ocr_line' id='line_1_82' title="bbox 1862 2369 3449 2439; baseline -0.001 -13"><span class='ocrx_word' id='word_1_647' title='bbox 1862 2378 2187 2437; x_wconf 87' lang='lat' dir='ltr'><strong>nocuerunt,</strong></span> <span class='ocrx_word' id='word_1_648' title='bbox 2219 2384 2285 2423; x_wconf 89' lang='lat' dir='ltr'><strong>an</strong></span> <span class='ocrx_word' id='word_1_649' title='bbox 2317 2369 2457 2425; x_wconf 79' lang='lat' dir='ltr'><strong>sibi?</strong></span> <span class='ocrx_word' id='word_1_650' title='bbox 2476 2370 2613 2425; x_wconf 79' lang='lat' dir='ltr'><strong>Ecce</strong></span> <span class='ocrx_word' id='word_1_651' title='bbox 2640 2369 2731 2424; x_wconf 89' lang='lat' dir='ltr'><strong>ille</strong></span> <span class='ocrx_word' id='word_1_652' title='bbox 2755 2370 3018 2423; x_wconf 85' lang='lat' dir='ltr'><strong>exaltatus</strong></span> <span class='ocrx_word' id='word_1_653' title='bbox 3044 2376 3129 2424; x_wconf 89' lang='lat' dir='ltr'><strong>est</strong></span> <span class='ocrx_word' id='word_1_654' title='bbox 3152 2383 3314 2439; x_wconf 84' lang='lat' dir='ltr'><strong>super</strong></span> <span class='ocrx_word' id='word_1_655' title='bbox 3336 2383 3449 2425; x_wconf 69' lang='lat' dir='ltr'><strong>cm-</strong></span> 
     </span>
    </p>
   </div>
   <div class='ocr_carea' id='block_1_83' title="bbox 1860 2460 3444 2532">
    <p class='ocr_par' dir='ltr' id='par_1_83' title="bbox 1860 2460 3444 2532">
     <span class='ocr_line' id='line_1_83' title="bbox 1860 2460 3444 2532; baseline -0.001 -15"><span class='ocrx_word' id='word_1_656' title='bbox 1860 2463 1940 2518; x_wconf 92' lang='lat' dir='ltr'><strong>los</strong></span> <span class='ocrx_word' id='word_1_657' title='bbox 1970 2462 2130 2528; x_wconf 88' lang='lat' dir='ltr'><strong>Deus,</strong></span> <span class='ocrx_word' id='word_1_658' title='bbox 2161 2470 2217 2517; x_wconf 89' lang='lat' dir='ltr'><strong>et</strong></span> <span class='ocrx_word' id='word_1_659' title='bbox 2243 2476 2368 2517; x_wconf 89' lang='lat' dir='ltr'><strong>ecce</strong></span> <span class='ocrx_word' id='word_1_660' title='bbox 2389 2476 2552 2532; x_wconf 89' lang='lat' dir='ltr'><strong>super</strong></span> <span class='ocrx_word' id='word_1_661' title='bbox 2571 2476 2787 2515; x_wconf 87' lang='lat' dir='ltr'><strong>omnem</strong></span> <span class='ocrx_word' id='word_1_662' title='bbox 2819 2469 3016 2516; x_wconf 88' lang='lat' dir='ltr'><strong>terram</strong></span> <span class='ocrx_word' id='word_1_663' title='bbox 3044 2460 3214 2532; x_wconf 87' lang='lat' dir='ltr'><strong>gloria</strong></span> <span class='ocrx_word' id='word_1_664' title='bbox 3241 2461 3444 2530; x_wconf 87' lang='lat' dir='ltr'><strong>ipsius:</strong></span> 
     </span>
    </p>
   </div>
   <div class='ocr_carea' id='block_1_84' title="bbox 1860 2553 3449 2625">
    <p class='ocr_par' dir='ltr' id='par_1_84' title="bbox 1860 2553 3449 2625">
     <span class='ocr_line' id='line_1_84' title="bbox 1860 2553 3449 2625; baseline -0.002 -13"><span class='ocrx_word' id='word_1_665' title='bbox 1860 2572 2082 2625; x_wconf 86' lang='lat' dir='ltr'><strong>regnum</strong></span> <span class='ocrx_word' id='word_1_666' title='bbox 2107 2554 2305 2611; x_wconf 87' lang='lat' dir='ltr'><strong>Christi</strong></span> <span class='ocrx_word' id='word_1_667' title='bbox 2336 2554 2598 2621; x_wconf 88' lang='lat' dir='ltr'><strong>videmus,</strong></span> <span class='ocrx_word' id='word_1_668' title='bbox 2630 2553 2717 2609; x_wconf 88' lang='lat' dir='ltr'><strong>ubi</strong></span> <span class='ocrx_word' id='word_1_669' title='bbox 2741 2562 2827 2609; x_wconf 87' lang='lat' dir='ltr'><strong>est</strong></span> <span class='ocrx_word' id='word_1_670' title='bbox 2868 2570 3089 2625; x_wconf 88' lang='lat' dir='ltr'><strong>regnum</strong></span> <span class='ocrx_word' id='word_1_671' title='bbox 3114 2553 3449 2609; x_wconf 66' lang='lat' dir='ltr'><strong>Iudaeorum?</strong></span> 
     </span>
    </p>
   </div>
   <div class='ocr_carea' id='block_1_85' title="bbox 1860 2645 3443 2718">
    <p class='ocr_par' dir='ltr' id='par_1_85' title="bbox 1860 2645 3443 2718">
     <span class='ocr_line' id='line_1_85' title="bbox 1860 2645 3443 2718; baseline -0.002 -15"><span class='ocrx_word' id='word_1_672' title='bbox 1860 2648 2121 2718; x_wconf 84' lang='lat' dir='ltr'><strong>Quoniam</strong></span> <span class='ocrx_word' id='word_1_673' title='bbox 2148 2663 2277 2718; x_wconf 89' lang='lat' dir='ltr'><strong>ergo</strong></span> <span class='ocrx_word' id='word_1_674' title='bbox 2306 2646 2547 2702; x_wconf 88' lang='lat' dir='ltr'><strong>fecerunt</strong></span> <span class='ocrx_word' id='word_1_675' title='bbox 2583 2646 2724 2716; x_wconf 90' lang='lat' dir='ltr'><strong>quod</strong></span> <span class='ocrx_word' id='word_1_676' title='bbox 2769 2645 2947 2701; x_wconf 88' lang='lat' dir='ltr'><strong>facere</strong></span> <span class='ocrx_word' id='word_1_677' title='bbox 2981 2662 3090 2700; x_wconf 90' lang='lat' dir='ltr'><strong>non</strong></span> <span class='ocrx_word' id='word_1_678' title='bbox 3115 2646 3443 2713; x_wconf 89' lang='lat' dir='ltr'><strong>debuerunt,</strong></span> 
     </span>
    </p>
   </div>
   <div class='ocr_carea' id='block_1_86' title="bbox 1862 2736 3450 2808">
    <p class='ocr_par' dir='ltr' id='par_1_86' title="bbox 1862 2736 3450 2808">
     <span class='ocr_line' id='line_1_86' title="bbox 1862 2736 3450 2808; baseline -0.004 -13"><span class='ocrx_word' id='word_1_679' title='bbox 1862 2740 2058 2795; x_wconf 77' lang='lat' dir='ltr'><strong>factum</strong></span> <span class='ocrx_word' id='word_1_680' title='bbox 2079 2747 2162 2793; x_wconf 91' lang='lat' dir='ltr'><strong>est</strong></span> <span class='ocrx_word' id='word_1_681' title='bbox 2183 2738 2235 2793; x_wconf 93' lang='lat' dir='ltr'><strong>in</strong></span> <span class='ocrx_word' id='word_1_682' title='bbox 2259 2738 2379 2791; x_wconf 90' lang='lat' dir='ltr'><strong>illos</strong></span> <span class='ocrx_word' id='word_1_683' title='bbox 2402 2736 2545 2807; x_wconf 90' lang='lat' dir='ltr'><strong>quod</strong></span> <span class='ocrx_word' id='word_1_684' title='bbox 2572 2738 2674 2806; x_wconf 89' lang='lat' dir='ltr'><strong>pati</strong></span> <span class='ocrx_word' id='word_1_685' title='bbox 2704 2736 3010 2792; x_wconf 89' lang='lat' dir='ltr'><strong>debuerunt</strong></span> <span class='ocrx_word' id='word_1_686' title='bbox 3036 2754 3050 2790; x_wconf 90' lang='lat'><strong>:</strong></span> <span class='ocrx_word' id='word_1_687' title='bbox 3084 2736 3180 2806; x_wconf 89' lang='lat' dir='ltr'><strong>ipsi</strong></span> <span class='ocrx_word' id='word_1_688' title='bbox 3211 2736 3450 2808; x_wconf 80' lang='lat' dir='ltr'><strong>foderunt</strong></span> 
     </span>
    </p>
   </div>
   <div class='ocr_carea' id='block_1_87' title="bbox 1863 2827 3451 2909">
    <p class='ocr_par' dir='ltr' id='par_1_87' title="bbox 1863 2827 3451 2909">
     <span class='ocr_line' id='line_1_87' title="bbox 1863 2827 3451 2909; baseline -0.003 -22"><span class='ocrx_word' id='word_1_689' title='bbox 1863 2834 2059 2902; x_wconf 74' lang='lat' dir='ltr'><strong>foueam</strong></span> <span class='ocrx_word' id='word_1_690' title='bbox 2078 2872 2092 2897; x_wconf 92' lang='lat'><strong>,</strong></span> <span class='ocrx_word' id='word_1_691' title='bbox 2121 2840 2170 2885; x_wconf 83' lang='lat' dir='ltr'><strong>et</strong></span> <span class='ocrx_word' id='word_1_692' title='bbox 2193 2831 2294 2901; x_wconf 81' lang='lat' dir='ltr'><strong>ipsi</strong></span> <span class='ocrx_word' id='word_1_693' title='bbox 2317 2829 2601 2909; x_wconf 77' lang='lat' dir='ltr'><strong>inciderunt</strong></span> <span class='ocrx_word' id='word_1_694' title='bbox 2630 2829 2683 2882; x_wconf 86' lang='lat' dir='ltr'><strong>in</strong></span> <span class='ocrx_word' id='word_1_695' title='bbox 2725 2844 2856 2882; x_wconf 83' lang='lat' dir='ltr'><strong>eam.</strong></span> <span class='ocrx_word' id='word_1_696' title='bbox 2884 2827 3035 2894; x_wconf 83' lang='lat' dir='ltr'><strong>Quod</strong></span> <span class='ocrx_word' id='word_1_697' title='bbox 3081 2828 3222 2882; x_wconf 87' lang='lat' dir='ltr'><strong>enim</strong></span> <span class='ocrx_word' id='word_1_698' title='bbox 3266 2840 3451 2897; x_wconf 86' lang='lat' dir='ltr'><strong>perse-</strong></span> 
     </span>
    </p>
   </div>
   <div class='ocr_carea' id='block_1_88' title="bbox 1863 2919 3452 2990">
    <p class='ocr_par' dir='ltr' id='par_1_88' title="bbox 1863 2919 3452 2990">
     <span class='ocr_line' id='line_1_88' title="bbox 1863 2919 3452 2990; baseline -0.006 -8"><span class='ocrx_word' id='word_1_699' title='bbox 1863 2926 1969 2982; x_wconf 90' lang='lat' dir='ltr'><strong>cuti</strong></span> <span class='ocrx_word' id='word_1_700' title='bbox 1999 2934 2124 2981; x_wconf 88' lang='lat' dir='ltr'><strong>sunt</strong></span> <span class='ocrx_word' id='word_1_701' title='bbox 2149 2923 2443 2990; x_wconf 87' lang='lat' dir='ltr'><strong>Christum,</strong></span> <span class='ocrx_word' id='word_1_702' title='bbox 2476 2922 2692 2978; x_wconf 87' lang='lat' dir='ltr'><strong>Christo</strong></span> <span class='ocrx_word' id='word_1_703' title='bbox 2718 2937 2821 2976; x_wconf 92' lang='lat' dir='ltr'><strong>non</strong></span> <span class='ocrx_word' id='word_1_704' title='bbox 2852 2921 3040 2983; x_wconf 81' lang='lat' dir='ltr'><strong>obluit,</strong></span> <span class='ocrx_word' id='word_1_705' title='bbox 3076 2919 3170 2975; x_wconf 90' lang='lat' dir='ltr'><strong>sed</strong></span> <span class='ocrx_word' id='word_1_706' title='bbox 3195 2920 3327 2990; x_wconf 88' lang='lat' dir='ltr'><strong>ipsis</strong></span> <span class='ocrx_word' id='word_1_707' title='bbox 3353 2919 3452 2974; x_wconf 89' lang='lat' dir='ltr'><strong>ob—</strong></span> 
     </span>
    </p>
   </div>
   <div class='ocr_carea' id='block_1_89' title="bbox 1862 3010 3448 3084">
    <p class='ocr_par' dir='ltr' id='par_1_89' title="bbox 1862 3010 3448 3084">
     <span class='ocr_line' id='line_1_89' title="bbox 1862 3010 3448 3084; baseline -0.004 -12"><span class='ocrx_word' id='word_1_708' title='bbox 1862 3016 1982 3073; x_wconf 89' lang='lat' dir='ltr'><strong>fuit.</strong></span> <span class='ocrx_word' id='word_1_709' title='bbox 2034 3016 2103 3072; x_wconf 88' lang='lat' dir='ltr'><strong>Et</strong></span> <span class='ocrx_word' id='word_1_710' title='bbox 2128 3016 2289 3070; x_wconf 85' lang='lat' dir='ltr'><strong>nolite</strong></span> <span class='ocrx_word' id='word_1_711' title='bbox 2316 3023 2537 3084; x_wconf 86' lang='lat' dir='ltr'><strong>putare,</strong></span> <span class='ocrx_word' id='word_1_712' title='bbox 2560 3012 2791 3079; x_wconf 89' lang='lat' dir='ltr'><strong>fratres,</strong></span> <span class='ocrx_word' id='word_1_713' title='bbox 2820 3012 2950 3082; x_wconf 88' lang='lat' dir='ltr'><strong>ipsis</strong></span> <span class='ocrx_word' id='word_1_714' title='bbox 2994 3012 3125 3066; x_wconf 87' lang='lat' dir='ltr'><strong>solis</strong></span> <span class='ocrx_word' id='word_1_715' title='bbox 3163 3010 3266 3066; x_wconf 89' lang='lat' dir='ltr'><strong>hoc</strong></span> <span class='ocrx_word' id='word_1_716' title='bbox 3303 3010 3448 3065; x_wconf 88' lang='lat' dir='ltr'><strong>acci-</strong></span> 
     </span>
    </p>
   </div>
   <div class='ocr_carea' id='block_1_90' title="bbox 1864 3103 3452 3177">
    <p class='ocr_par' dir='ltr' id='par_1_90' title="bbox 1864 3103 3452 3177">
     <span class='ocr_line' id='line_1_90' title="bbox 1864 3103 3452 3177; baseline -0.006 -11"><span class='ocrx_word' id='word_1_717' title='bbox 1864 3110 2029 3166; x_wconf 89' lang='lat' dir='ltr'><strong>disse.</strong></span> <span class='ocrx_word' id='word_1_718' title='bbox 2054 3108 2241 3163; x_wconf 89' lang='lat' dir='ltr'><strong>Omnis</strong></span> <span class='ocrx_word' id='word_1_719' title='bbox 2269 3107 2360 3177; x_wconf 92' lang='lat' dir='ltr'><strong>qui</strong></span> <span class='ocrx_word' id='word_1_720' title='bbox 2384 3113 2537 3177; x_wconf 87' lang='lat' dir='ltr'><strong>parat</strong></span> <span class='ocrx_word' id='word_1_721' title='bbox 2557 3105 2763 3160; x_wconf 87' lang='lat' dir='ltr'><strong>foveam</strong></span> <span class='ocrx_word' id='word_1_722' title='bbox 2794 3103 2943 3159; x_wconf 82' lang='lat' dir='ltr'><strong>fratri</strong></span> <span class='ocrx_word' id='word_1_723' title='bbox 2970 3119 3088 3168; x_wconf 86' lang='lat' dir='ltr'><strong>suo,</strong></span> <span class='ocrx_word' id='word_1_724' title='bbox 3118 3117 3341 3159; x_wconf 84' lang='lat' dir='ltr'><strong>necesse</strong></span> <span class='ocrx_word' id='word_1_725' title='bbox 3368 3109 3452 3157; x_wconf 87' lang='lat' dir='ltr'><strong>est</strong></span> 
     </span>
    </p>
   </div>
   <div class='ocr_carea' id='block_1_91' title="bbox 1864 3192 3452 3270">
    <p class='ocr_par' dir='ltr' id='par_1_91' title="bbox 1864 3192 3452 3270">
     <span class='ocr_line' id='line_1_91' title="bbox 1864 3192 3452 3270; baseline -0.004 -14"><span class='ocrx_word' id='word_1_726' title='bbox 1864 3209 1922 3257; x_wconf 91' lang='lat' dir='ltr'><strong>ut</strong></span> <span class='ocrx_word' id='word_1_727' title='bbox 1947 3201 2063 3270; x_wconf 87' lang='lat' dir='ltr'><strong>ipse</strong></span> <span class='ocrx_word' id='word_1_728' title='bbox 2087 3198 2288 3254; x_wconf 87' lang='lat' dir='ltr'><strong>incidat</strong></span> <span class='ocrx_word' id='word_1_729' title='bbox 2328 3197 2381 3252; x_wconf 90' lang='lat' dir='ltr'><strong>in</strong></span> <span class='ocrx_word' id='word_1_730' title='bbox 2407 3210 2550 3252; x_wconf 87' lang='lat' dir='ltr'><strong>eam.</strong></span> <span class='ocrx_word' id='word_1_731' title='bbox 2583 3194 2846 3250; x_wconf 88' lang='lat' dir='ltr'><strong>lntendite</strong></span> <span class='ocrx_word' id='word_1_732' title='bbox 2864 3236 2877 3259; x_wconf 94' lang='lat'><strong>,</strong></span> <span class='ocrx_word' id='word_1_733' title='bbox 2911 3193 3104 3250; x_wconf 80' lang='lat' dir='ltr'><strong>fratres</strong></span> <span class='ocrx_word' id='word_1_734' title='bbox 3133 3195 3237 3249; x_wconf 88' lang='lat' dir='ltr'><strong>mei</strong></span> <span class='ocrx_word' id='word_1_735' title='bbox 3258 3234 3275 3260; x_wconf 94' lang='lat'><strong>,</strong></span> <span class='ocrx_word' id='word_1_736' title='bbox 3302 3192 3452 3249; x_wconf 58' lang='grc' dir='ltr'><strong>ἀπὶ-ε</strong></span> 
     </span>
    </p>
   </div>
   <div class='ocr_carea' id='block_1_92' title="bbox 1864 3283 3455 3355">
    <p class='ocr_par' dir='ltr' id='par_1_92' title="bbox 1864 3283 3455 3355">
     <span class='ocr_line' id='line_1_92' title="bbox 1864 3283 3455 3355; baseline -0.006 -5"><span class='ocrx_word' id='word_1_737' title='bbox 1864 3293 2068 3350; x_wconf 82' lang='lat' dir='ltr'><strong>stianos</strong></span> <span class='ocrx_word' id='word_1_738' title='bbox 2089 3292 2274 3347; x_wconf 89' lang='lat' dir='ltr'><strong>oculos</strong></span> <span class='ocrx_word' id='word_1_739' title='bbox 2303 3290 2495 3344; x_wconf 89' lang='lat' dir='ltr'><strong>habete</strong></span> <span class='ocrx_word' id='word_1_740' title='bbox 2513 3330 2528 3355; x_wconf 95' lang='lat'><strong>,</strong></span> <span class='ocrx_word' id='word_1_741' title='bbox 2560 3289 2727 3343; x_wconf 89' lang='lat' dir='ltr'><strong>nolite</strong></span> <span class='ocrx_word' id='word_1_742' title='bbox 2745 3287 2919 3355; x_wconf 80' lang='lat' dir='ltr'><strong>decipi</strong></span> <span class='ocrx_word' id='word_1_743' title='bbox 2946 3286 3265 3341; x_wconf 87' lang='lat' dir='ltr'><strong>visibilibus.</strong></span> <span class='ocrx_word' id='word_1_744' title='bbox 3290 3283 3455 3340; x_wconf 84' lang='lat' dir='ltr'><strong>Forte</strong></span> 
     </span>
    </p>
   </div>
   <div class='ocr_carea' id='block_1_93' title="bbox 1864 3376 3453 3450">
    <p class='ocr_par' dir='ltr' id='par_1_93' title="bbox 1864 3376 3453 3450">
     <span class='ocr_line' id='line_1_93' title="bbox 1864 3376 3453 3450; baseline -0.006 -9"><span class='ocrx_word' id='word_1_745' title='bbox 1864 3387 2009 3442; x_wconf 90' lang='lat' dir='ltr'><strong>enim</strong></span> <span class='ocrx_word' id='word_1_746' title='bbox 2056 3383 2213 3439; x_wconf 89' lang='lat' dir='ltr'><strong>alieni</strong></span> <span class='ocrx_word' id='word_1_747' title='bbox 2241 3390 2508 3447; x_wconf 87' lang='lat' dir='ltr'><strong>vestrum,</strong></span> <span class='ocrx_word' id='word_1_748' title='bbox 2534 3382 2653 3450; x_wconf 86' lang='lat' dir='ltr'><strong>quia</strong></span> <span class='ocrx_word' id='word_1_749' title='bbox 2698 3382 2799 3434; x_wconf 87' lang='lat' dir='ltr'><strong>hoc</strong></span> <span class='ocrx_word' id='word_1_750' title='bbox 2823 3379 2928 3434; x_wconf 82' lang='lat' dir='ltr'><strong>dixi</strong></span> <span class='ocrx_word' id='word_1_751' title='bbox 2956 3420 2971 3444; x_wconf 94' lang='lat'><strong>,</strong></span> <span class='ocrx_word' id='word_1_752' title='bbox 3006 3378 3257 3434; x_wconf 90' lang='lat' dir='ltr'><strong>subvenit</strong></span> <span class='ocrx_word' id='word_1_753' title='bbox 3286 3376 3453 3433; x_wconf 90' lang='lat' dir='ltr'><strong>modo</strong></span> 
     </span>
    </p>
   </div>
   <div class='ocr_carea' id='block_1_94' title="bbox 1865 3467 3455 3546">
    <p class='ocr_par' dir='ltr' id='par_1_94' title="bbox 1865 3467 3455 3546">
     <span class='ocr_line' id='line_1_94' title="bbox 1865 3467 3455 3546; baseline -0.006 -14"><span class='ocrx_word' id='word_1_754' title='bbox 1865 3477 2056 3546; x_wconf 85' lang='lat' dir='ltr'><strong>aliquis</strong></span> <span class='ocrx_word' id='word_1_755' title='bbox 2080 3476 2169 3545; x_wconf 90' lang='lat' dir='ltr'><strong>qui</strong></span> <span class='ocrx_word' id='word_1_756' title='bbox 2196 3473 2364 3528; x_wconf 90' lang='lat' dir='ltr'><strong>voluit</strong></span> <span class='ocrx_word' id='word_1_757' title='bbox 2390 3472 2538 3526; x_wconf 88' lang='lat' dir='ltr'><strong>fratri</strong></span> <span class='ocrx_word' id='word_1_758' title='bbox 2558 3487 2658 3526; x_wconf 87' lang='lat' dir='ltr'><strong>suo</strong></span> <span class='ocrx_word' id='word_1_759' title='bbox 2692 3470 2932 3526; x_wconf 88' lang='lat' dir='ltr'><strong>fraudem</strong></span> <span class='ocrx_word' id='word_1_760' title='bbox 2957 3470 3137 3526; x_wconf 87' lang='lat' dir='ltr'><strong>facere</strong></span> <span class='ocrx_word' id='word_1_761' title='bbox 3159 3512 3175 3533; x_wconf 90' lang='lat'><strong>,</strong></span> <span class='ocrx_word' id='word_1_762' title='bbox 3204 3478 3260 3525; x_wconf 88' lang='lat' dir='ltr'><strong>et</strong></span> <span class='ocrx_word' id='word_1_763' title='bbox 3284 3467 3455 3524; x_wconf 82' lang='lat' dir='ltr'><strong>voluit</strong></span> 
     </span>
    </p>
   </div>
   <div class='ocr_carea' id='block_1_95' title="bbox 1866 3561 3456 3637">
    <p class='ocr_par' dir='ltr' id='par_1_95' title="bbox 1866 3561 3456 3637">
     <span class='ocr_line' id='line_1_95' title="bbox 1866 3561 3456 3637; baseline -0.004 -14"><span class='ocrx_word' id='word_1_764' title='bbox 1866 3569 1913 3624; x_wconf 90' lang='lat' dir='ltr'><strong>ei</strong></span> <span class='ocrx_word' id='word_1_765' title='bbox 1943 3569 2146 3637; x_wconf 89' lang='lat' dir='ltr'><strong>aliquas</strong></span> <span class='ocrx_word' id='word_1_766' title='bbox 2189 3564 2407 3620; x_wconf 89' lang='lat' dir='ltr'><strong>insidias</strong></span> <span class='ocrx_word' id='word_1_767' title='bbox 2432 3562 2758 3628; x_wconf 88' lang='lat' dir='ltr'><strong>machinari,</strong></span> <span class='ocrx_word' id='word_1_768' title='bbox 2799 3572 2853 3618; x_wconf 90' lang='lat' dir='ltr'><strong>et</strong></span> <span class='ocrx_word' id='word_1_769' title='bbox 2900 3561 3234 3619; x_wconf 84' lang='lat' dir='ltr'><strong>machinatus</strong></span> <span class='ocrx_word' id='word_1_770' title='bbox 3254 3573 3369 3629; x_wconf 89' lang='lat' dir='ltr'><strong>est,</strong></span> <span class='ocrx_word' id='word_1_771' title='bbox 3398 3570 3456 3618; x_wconf 89' lang='lat' dir='ltr'><strong>et</strong></span> 
     </span>
    </p>
   </div>
   <div class='ocr_carea' id='block_1_96' title="bbox 1867 3652 3454 3729">
    <p class='ocr_par' dir='ltr' id='par_1_96' title="bbox 1867 3652 3454 3729">
     <span class='ocr_line' id='line_1_96' title="bbox 1867 3652 3454 3729; baseline -0.005 -15"><span class='ocrx_word' id='word_1_772' title='bbox 1867 3660 2137 3729; x_wconf 89' lang='lat' dir='ltr'><strong>implevit,</strong></span> <span class='ocrx_word' id='word_1_773' title='bbox 2166 3666 2219 3711; x_wconf 90' lang='lat' dir='ltr'><strong>ct</strong></span> <span class='ocrx_word' id='word_1_774' title='bbox 2247 3656 2441 3712; x_wconf 90' lang='lat' dir='ltr'><strong>cecidit</strong></span> <span class='ocrx_word' id='word_1_775' title='bbox 2465 3656 2626 3709; x_wconf 88' lang='lat' dir='ltr'><strong>frater</strong></span> <span class='ocrx_word' id='word_1_776' title='bbox 2652 3654 2703 3708; x_wconf 93' lang='lat' dir='ltr'><strong>in</strong></span> <span class='ocrx_word' id='word_1_777' title='bbox 2732 3653 2951 3709; x_wconf 87' lang='lat' dir='ltr'><strong>insidias</strong></span> <span class='ocrx_word' id='word_1_778' title='bbox 2995 3652 3143 3723; x_wconf 85' lang='lat' dir='ltr'><strong>ejus,</strong></span> <span class='ocrx_word' id='word_1_779' title='bbox 3173 3662 3226 3708; x_wconf 89' lang='lat' dir='ltr'><strong>et</strong></span> <span class='ocrx_word' id='word_1_780' title='bbox 3251 3652 3454 3723; x_wconf 88' lang='lat' dir='ltr'><strong>spolia-</strong></span> 
     </span>
    </p>
   </div>
   <div class='ocr_carea' id='block_1_97' title="bbox 1868 3742 3457 3817">
    <p class='ocr_par' dir='ltr' id='par_1_97' title="bbox 1868 3742 3457 3817">
     <span class='ocr_line' id='line_1_97' title="bbox 1868 3742 3457 3817; baseline -0.004 -10"><span class='ocrx_word' id='word_1_781' title='bbox 1868 3760 1953 3807; x_wconf 86' lang='lat' dir='ltr'><strong>tus</strong></span> <span class='ocrx_word' id='word_1_782' title='bbox 1989 3760 2090 3816; x_wconf 87' lang='lat' dir='ltr'><strong>est,</strong></span> <span class='ocrx_word' id='word_1_783' title='bbox 2118 3757 2209 3805; x_wconf 88' lang='lat' dir='ltr'><strong>aut</strong></span> <span class='ocrx_word' id='word_1_784' title='bbox 2235 3761 2451 3817; x_wconf 87' lang='lat' dir='ltr'><strong>pressus</strong></span> <span class='ocrx_word' id='word_1_785' title='bbox 2497 3753 2608 3812; x_wconf 91' lang='lat' dir='ltr'><strong>est,</strong></span> <span class='ocrx_word' id='word_1_786' title='bbox 2637 3745 2749 3800; x_wconf 88' lang='lat' dir='ltr'><strong>sive</strong></span> <span class='ocrx_word' id='word_1_787' title='bbox 2787 3759 3004 3799; x_wconf 87' lang='lat' dir='ltr'><strong>carcere</strong></span> <span class='ocrx_word' id='word_1_788' title='bbox 3028 3783 3042 3808; x_wconf 91' lang='lat'><strong>,</strong></span> <span class='ocrx_word' id='word_1_789' title='bbox 3069 3743 3186 3799; x_wconf 88' lang='lat' dir='ltr'><strong>sive</strong></span> <span class='ocrx_word' id='word_1_790' title='bbox 3216 3742 3349 3797; x_wconf 87' lang='lat' dir='ltr'><strong>falso</strong></span> <span class='ocrx_word' id='word_1_791' title='bbox 3376 3750 3457 3801; x_wconf 80' lang='lat' dir='ltr'><strong>te-</strong></span> 
     </span>
    </p>
   </div>
   <div class='ocr_carea' id='block_1_98' title="bbox 1867 3836 3455 3907">
    <p class='ocr_par' dir='ltr' id='par_1_98' title="bbox 1867 3836 3455 3907">
     <span class='ocr_line' id='line_1_98' title="bbox 1867 3836 3455 3907; baseline -0.006 -8"><span class='ocrx_word' id='word_1_792' title='bbox 1867 3842 2119 3899; x_wconf 85' lang='lat' dir='ltr'><strong>stimonio</strong></span> <span class='ocrx_word' id='word_1_793' title='bbox 2146 3882 2159 3904; x_wconf 87' lang='lat'><strong>,</strong></span> <span class='ocrx_word' id='word_1_794' title='bbox 2188 3840 2300 3894; x_wconf 88' lang='lat' dir='ltr'><strong>sive</strong></span> <span class='ocrx_word' id='word_1_795' title='bbox 2344 3840 2518 3907; x_wconf 90' lang='lat' dir='ltr'><strong>aliqua</strong></span> <span class='ocrx_word' id='word_1_796' title='bbox 2561 3836 2763 3892; x_wconf 86' lang='lat' dir='ltr'><strong>nefaria</strong></span> <span class='ocrx_word' id='word_1_797' title='bbox 2809 3836 3184 3891; x_wconf 85' lang='lat' dir='ltr'><strong>criminatione</strong></span> <span class='ocrx_word' id='word_1_798' title='bbox 3227 3836 3455 3891; x_wconf 89' lang='lat' dir='ltr'><strong>circnm-</strong></span> 
     </span>
    </p>
   </div>
   <div class='ocr_carea' id='block_1_99' title="bbox 1867 3928 3454 4000">
    <p class='ocr_par' dir='ltr' id='par_1_99' title="bbox 1867 3928 3454 4000">
     <span class='ocr_line' id='line_1_99' title="bbox 1867 3928 3454 4000; baseline -0.008 -6"><span class='ocrx_word' id='word_1_799' title='bbox 1867 3946 2095 3994; x_wconf 89' lang='lat' dir='ltr'><strong>ventns:</strong></span> <span class='ocrx_word' id='word_1_800' title='bbox 2127 3934 2338 3989; x_wconf 87' lang='lat' dir='ltr'><strong>videtur</strong></span> <span class='ocrx_word' id='word_1_801' title='bbox 2366 3940 2544 3987; x_wconf 90' lang='lat' dir='ltr'><strong>autem</strong></span> <span class='ocrx_word' id='word_1_802' title='bbox 2594 3930 2695 3987; x_wconf 88' lang='lat' dir='ltr'><strong>iste</strong></span> <span class='ocrx_word' id='word_1_803' title='bbox 2738 3944 3062 4000; x_wconf 88' lang='lat' dir='ltr'><strong>oppressus,</strong></span> <span class='ocrx_word' id='word_1_804' title='bbox 3095 3928 3185 3985; x_wconf 86' lang='lat' dir='ltr'><strong>ille</strong></span> <span class='ocrx_word' id='word_1_805' title='bbox 3227 3942 3454 3998; x_wconf 88' lang='lat' dir='ltr'><strong>oppres-</strong></span> 
     </span>
    </p>
   </div>
   <div class='ocr_carea' id='block_1_100' title="bbox 1869 4019 3458 4097">
    <p class='ocr_par' dir='ltr' id='par_1_100' title="bbox 1869 4019 3458 4097">
     <span class='ocr_line' id='line_1_100' title="bbox 1869 4019 3458 4097; baseline -0.008 -9"><span class='ocrx_word' id='word_1_806' title='bbox 1869 4034 2023 4097; x_wconf 89' lang='lat' dir='ltr'><strong>sisse;</strong></span> <span class='ocrx_word' id='word_1_807' title='bbox 2056 4030 2156 4085; x_wconf 89' lang='lat' dir='ltr'><strong>iste</strong></span> <span class='ocrx_word' id='word_1_808' title='bbox 2184 4027 2380 4092; x_wconf 90' lang='lat' dir='ltr'><strong>victus,</strong></span> <span class='ocrx_word' id='word_1_809' title='bbox 2410 4026 2498 4080; x_wconf 91' lang='lat' dir='ltr'><strong>ille</strong></span> <span class='ocrx_word' id='word_1_810' title='bbox 2527 4026 2755 4089; x_wconf 73' lang='lat' dir='ltr'><strong>vicisse;</strong></span> <span class='ocrx_word' id='word_1_811' title='bbox 2782 4033 2837 4079; x_wconf 91' lang='lat' dir='ltr'><strong>et</strong></span> <span class='ocrx_word' id='word_1_812' title='bbox 2860 4024 3047 4079; x_wconf 73' lang='lat' dir='ltr'><strong>falsum</strong></span> <span class='ocrx_word' id='word_1_813' title='bbox 3071 4030 3288 4093; x_wconf 87' lang='lat' dir='ltr'><strong>putatur</strong></span> <span class='ocrx_word' id='word_1_814' title='bbox 3314 4019 3458 4090; x_wconf 88' lang='lat' dir='ltr'><strong>quod</strong></span> 
     </span>
    </p>
   </div>
   <div class='ocr_carea' id='block_1_101' title="bbox 1869 4113 3460 4191">
    <p class='ocr_par' dir='ltr' id='par_1_101' title="bbox 1869 4113 3460 4191">
     <span class='ocr_line' id='line_1_101' title="bbox 1869 4113 3460 4191; baseline -0.008 -11"><span class='ocrx_word' id='word_1_815' title='bbox 1869 4125 2136 4188; x_wconf 84' lang='lat' dir='ltr'><strong>diximus,</strong></span> <span class='ocrx_word' id='word_1_816' title='bbox 2168 4121 2417 4191; x_wconf 83' lang='lat' dir='ltr'><strong>quoniam</strong></span> <span class='ocrx_word' id='word_1_817' title='bbox 2459 4118 2784 4187; x_wconf 87' lang='lat' dir='ltr'><strong>quicumque</strong></span> <span class='ocrx_word' id='word_1_818' title='bbox 2810 4114 3016 4171; x_wconf 87' lang='lat' dir='ltr'><strong>foveam</strong></span> <span class='ocrx_word' id='word_1_819' title='bbox 3058 4114 3325 4184; x_wconf 86' lang='lat' dir='ltr'><strong>paraverit</strong></span> <span class='ocrx_word' id='word_1_820' title='bbox 3354 4113 3460 4168; x_wconf 89' lang='lat' dir='ltr'><strong>fra-</strong></span> 
     </span>
    </p>
   </div>
   <div class='ocr_carea' id='block_1_102' title="bbox 1872 4206 3457 4281">
    <p class='ocr_par' dir='ltr' id='par_1_102' title="bbox 1872 4206 3457 4281">
     <span class='ocr_line' id='line_1_102' title="bbox 1872 4206 3457 4281; baseline -0.007 -11"><span class='ocrx_word' id='word_1_821' title='bbox 1872 4216 1937 4271; x_wconf 86' lang='lat' dir='ltr'><strong>tri</strong></span> <span class='ocrx_word' id='word_1_822' title='bbox 1979 4229 2077 4268; x_wconf 91' lang='lat' dir='ltr'><strong>suo</strong></span> <span class='ocrx_word' id='word_1_823' title='bbox 2105 4255 2119 4277; x_wconf 93' lang='lat'><strong>,</strong></span> <span class='ocrx_word' id='word_1_824' title='bbox 2159 4213 2271 4281; x_wconf 88' lang='lat' dir='ltr'><strong>ipse</strong></span> <span class='ocrx_word' id='word_1_825' title='bbox 2299 4209 2444 4265; x_wconf 88' lang='lat' dir='ltr'><strong>cadit</strong></span> <span class='ocrx_word' id='word_1_826' title='bbox 2490 4210 2545 4263; x_wconf 90' lang='lat' dir='ltr'><strong>in</strong></span> <span class='ocrx_word' id='word_1_827' title='bbox 2584 4224 2723 4263; x_wconf 86' lang='lat' dir='ltr'><strong>eam.</strong></span> <span class='ocrx_word' id='word_1_828' title='bbox 2774 4206 3050 4276; x_wconf 85' lang='lat' dir='ltr'><strong>Interrogo</strong></span> <span class='ocrx_word' id='word_1_829' title='bbox 3082 4221 3178 4260; x_wconf 89' lang='lat' dir='ltr'><strong>vos</strong></span> <span class='ocrx_word' id='word_1_830' title='bbox 3203 4214 3457 4275; x_wconf 87' lang='lat' dir='ltr'><strong>tanquam</strong></span> 
     </span>
    </p>
   </div>
   <div class='ocr_carea' id='block_1_103' title="bbox 1871 4288 3456 4368">
    <p class='ocr_par' dir='ltr' id='par_1_103' title="bbox 1871 4288 3456 4368">
     <span class='ocr_line' id='line_1_103' title="bbox 1871 4288 3456 4368; baseline -0.008 -4"><span class='ocrx_word' id='word_1_831' title='bbox 1871 4307 2190 4365; x_wconf 89' lang='lat' dir='ltr'><strong>christianos</strong></span> <span class='ocrx_word' id='word_1_832' title='bbox 2213 4344 2228 4365; x_wconf 89' lang='lat'><strong>,</strong></span> <span class='ocrx_word' id='word_1_833' title='bbox 2261 4312 2316 4357; x_wconf 92' lang='lat' dir='ltr'><strong>ut</strong></span> <span class='ocrx_word' id='word_1_834' title='bbox 2365 4288 2588 4356; x_wconf 80' lang='lat' dir='ltr'><strong>sumatis</strong></span> <span class='ocrx_word' id='word_1_835' title='bbox 2613 4298 2914 4368; x_wconf 79' lang='lat' dir='ltr'><strong>exetnplum</strong></span> <span class='ocrx_word' id='word_1_836' title='bbox 2961 4298 3027 4351; x_wconf 91' lang='lat' dir='ltr'><strong>dc</strong></span> <span class='ocrx_word' id='word_1_837' title='bbox 3058 4297 3144 4352; x_wconf 87' lang='lat' dir='ltr'><strong>his</strong></span> <span class='ocrx_word' id='word_1_838' title='bbox 3183 4312 3303 4366; x_wconf 66' lang='lat' dir='ltr'><strong>quae</strong></span> <span class='ocrx_word' id='word_1_839' title='bbox 3344 4297 3456 4367; x_wconf 83' lang='lat' dir='ltr'><strong>jam</strong></span> 
     </span>
    </p>
   </div>
   <div class='ocr_carea' id='block_1_104' title="bbox 1873 4392 3458 4466">
    <p class='ocr_par' dir='ltr' id='par_1_104' title="bbox 1873 4392 3458 4466">
     <span class='ocr_line' id='line_1_104' title="bbox 1873 4392 3458 4466; baseline -0.012 -6"><span class='ocrx_word' id='word_1_840' title='bbox 1873 4402 2136 4460; x_wconf 77' lang='lat' dir='ltr'><strong>novimus.</strong></span> <span class='ocrx_word' id='word_1_841' title='bbox 2159 4394 2357 4466; x_wconf 89' lang='lat' dir='ltr'><strong>Pagani</strong></span> <span class='ocrx_word' id='word_1_842' title='bbox 2378 4392 2643 4465; x_wconf 89' lang='lat' dir='ltr'><strong>persecuti</strong></span> <span class='ocrx_word' id='word_1_843' title='bbox 2665 4399 2789 4447; x_wconf 84' lang='lat' dir='ltr'><strong>sunt</strong></span> <span class='ocrx_word' id='word_1_844' title='bbox 2816 4397 3098 4460; x_wconf 86' lang='lat' dir='ltr'><strong>martyres,</strong></span> <span class='ocrx_word' id='word_1_845' title='bbox 3123 4396 3176 4444; x_wconf 89' lang='lat' dir='ltr'><strong>et</strong></span> <span class='ocrx_word' id='word_1_846' title='bbox 3196 4396 3458 4459; x_wconf 77' lang='lat' dir='ltr'><strong>martyres</strong></span> 
     </span>
    </p>
   </div>
   <div class='ocr_carea' id='block_1_105' title="bbox 1871 4477 3461 4563">
    <p class='ocr_par' dir='ltr' id='par_1_105' title="bbox 1871 4477 3461 4563">
     <span class='ocr_line' id='line_1_105' title="bbox 1871 4477 3461 4563; baseline -0.013 -13"><span class='ocrx_word' id='word_1_847' title='bbox 1871 4492 2012 4563; x_wconf 84' lang='lat' dir='ltr'><strong>capti</strong></span> <span class='ocrx_word' id='word_1_848' title='bbox 2040 4497 2196 4553; x_wconf 90' lang='lat' dir='ltr'><strong>sunt,</strong></span> <span class='ocrx_word' id='word_1_849' title='bbox 2230 4485 2376 4557; x_wconf 85' lang='lat' dir='ltr'><strong>ligati</strong></span> <span class='ocrx_word' id='word_1_850' title='bbox 2403 4491 2565 4547; x_wconf 87' lang='lat' dir='ltr'><strong>sunt,</strong></span> <span class='ocrx_word' id='word_1_851' title='bbox 2597 4482 2652 4537; x_wconf 90' lang='lat' dir='ltr'><strong>in</strong></span> <span class='ocrx_word' id='word_1_852' title='bbox 2700 4494 2969 4539; x_wconf 83' lang='lat' dir='ltr'><strong>carcerem</strong></span> <span class='ocrx_word' id='word_1_853' title='bbox 2996 4478 3145 4532; x_wconf 83' lang='lat' dir='ltr'><strong>missi</strong></span> <span class='ocrx_word' id='word_1_854' title='bbox 3171 4486 3327 4541; x_wconf 90' lang='lat' dir='ltr'><strong>sunt,</strong></span> <span class='ocrx_word' id='word_1_855' title='bbox 3359 4477 3461 4531; x_wconf 88' lang='lat' dir='ltr'><strong>be-</strong></span> 
     </span>
    </p>
   </div>
   <div class='ocr_carea' id='block_1_106' title="bbox 1873 4569 3460 4642">
    <p class='ocr_par' dir='ltr' id='par_1_106' title="bbox 1873 4569 3460 4642">
     <span class='ocr_line' id='line_1_106' title="bbox 1873 4569 3460 4642; baseline -0.012 0"><span class='ocrx_word' id='word_1_856' title='bbox 1873 4587 1988 4642; x_wconf 85' lang='lat' dir='ltr'><strong>stiis</strong></span> <span class='ocrx_word' id='word_1_857' title='bbox 2032 4578 2263 4637; x_wconf 89' lang='lat' dir='ltr'><strong>subrecti</strong></span> <span class='ocrx_word' id='word_1_858' title='bbox 2310 4585 2438 4632; x_wconf 88' lang='lat' dir='ltr'><strong>sunt</strong></span> <span class='ocrx_word' id='word_1_859' title='bbox 2466 4577 2484 4609; x_wconf 75' lang='grc' dir='ltr'>ί</span> <span class='ocrx_word' id='word_1_860' title='bbox 2509 4617 2526 4642; x_wconf 85' lang='grc'><em>,</em></span> <span class='ocrx_word' id='word_1_861' title='bbox 2557 4575 2647 4631; x_wconf 86' lang='lat' dir='ltr'><strong>alii</strong></span> <span class='ocrx_word' id='word_1_862' title='bbox 2700 4572 2842 4629; x_wconf 85' lang='lat' dir='ltr'><strong>ferro</strong></span> <span class='ocrx_word' id='word_1_863' title='bbox 2884 4570 3160 4642; x_wconf 87' lang='lat' dir='ltr'><strong>percussi,</strong></span> <span class='ocrx_word' id='word_1_864' title='bbox 3189 4569 3281 4625; x_wconf 88' lang='lat' dir='ltr'><strong>alii</strong></span> <span class='ocrx_word' id='word_1_865' title='bbox 3322 4569 3460 4640; x_wconf 87' lang='lat' dir='ltr'><strong>igni-</strong></span> 
     </span>
    </p>
   </div>
   <div class='ocr_carea' id='block_1_107' title="bbox 1872 4662 3461 4737">
    <p class='ocr_par' dir='ltr' id='par_1_107' title="bbox 1872 4662 3461 4737">
     <span class='ocr_line' id='line_1_107' title="bbox 1872 4662 3461 4737; baseline -0.013 0"><span class='ocrx_word' id='word_1_866' title='bbox 1872 4682 1972 4737; x_wconf 88' lang='lat' dir='ltr'><strong>bus</strong></span> <span class='ocrx_word' id='word_1_867' title='bbox 2018 4672 2343 4733; x_wconf 85' lang='lat' dir='ltr'><strong>concremati</strong></span> <span class='ocrx_word' id='word_1_868' title='bbox 2396 4687 2412 4726; x_wconf 83' lang='lat'><strong>:</strong></span> <span class='ocrx_word' id='word_1_869' title='bbox 2464 4668 2708 4725; x_wconf 86' lang='lat' dir='ltr'><strong>vicerunt</strong></span> <span class='ocrx_word' id='word_1_870' title='bbox 2751 4671 3139 4737; x_wconf 87' lang='lat' dir='ltr'><strong>persequentes</strong></span> <span class='ocrx_word' id='word_1_871' title='bbox 3166 4704 3182 4730; x_wconf 90' lang='lat'><strong>,</strong></span> <span class='ocrx_word' id='word_1_872' title='bbox 3239 4672 3294 4718; x_wconf 91' lang='lat' dir='ltr'><strong>et</strong></span> <span class='ocrx_word' id='word_1_873' title='bbox 3332 4662 3461 4718; x_wconf 89' lang='lat' dir='ltr'><strong>victi</strong></span> 
     </span>
    </p>
   </div>
   <div class='ocr_carea' id='block_1_108' title="bbox 1872 4754 3459 4837">
    <p class='ocr_par' dir='ltr' id='par_1_108' title="bbox 1872 4754 3459 4837">
     <span class='ocr_line' id='line_1_108' title="bbox 1872 4754 3459 4837; baseline -0.012 -10"><span class='ocrx_word' id='word_1_874' title='bbox 1872 4780 1997 4829; x_wconf 87' lang='lat' dir='ltr'><strong>sunt</strong></span> <span class='ocrx_word' id='word_1_875' title='bbox 2025 4763 2326 4837; x_wconf 72' lang='lat' dir='ltr'><strong>martyres?</strong></span> <span class='ocrx_word' id='word_1_876' title='bbox 2347 4762 2517 4819; x_wconf 84' lang='lat' dir='ltr'><strong>Absit.</strong></span> <span class='ocrx_word' id='word_1_877' title='bbox 2549 4760 2738 4829; x_wconf 63' lang='lat' dir='ltr'><strong>Quane</strong></span> <span class='ocrx_word' id='word_1_878' title='bbox 2756 4758 2976 4830; x_wconf 87' lang='lat' dir='ltr'><strong>gloriam</strong></span> <span class='ocrx_word' id='word_1_879' title='bbox 3004 4767 3297 4827; x_wconf 86' lang='lat' dir='ltr'><strong>martyrum</strong></span> <span class='ocrx_word' id='word_1_880' title='bbox 3320 4754 3459 4826; x_wconf 88' lang='lat' dir='ltr'><strong>apud</strong></span> 
     </span>
    </p>
   </div>
   <div class='ocr_carea' id='block_1_109' title="bbox 1877 4848 3463 4928">
    <p class='ocr_par' dir='ltr' id='par_1_109' title="bbox 1877 4848 3463 4928">
     <span class='ocr_line' id='line_1_109' title="bbox 1877 4848 3463 4928; baseline -0.01 -10"><span class='ocrx_word' id='word_1_881' title='bbox 1877 4865 2039 4918; x_wconf 84' lang='lat' dir='ltr'><strong>Deum</strong></span> <span class='ocrx_word' id='word_1_882' title='bbox 2062 4903 2076 4925; x_wconf 95' lang='lat'><strong>,</strong></span> <span class='ocrx_word' id='word_1_883' title='bbox 2120 4872 2298 4928; x_wconf 80' lang='lat' dir='ltr'><strong>quaere</strong></span> <span class='ocrx_word' id='word_1_884' title='bbox 2342 4854 2546 4910; x_wconf 88' lang='lat' dir='ltr'><strong>foveam</strong></span> <span class='ocrx_word' id='word_1_885' title='bbox 2597 4852 2927 4921; x_wconf 85' lang='lat' dir='ltr'><strong>Paganorum</strong></span> <span class='ocrx_word' id='word_1_886' title='bbox 2959 4849 3011 4904; x_wconf 90' lang='lat' dir='ltr'><strong>in</strong></span> <span class='ocrx_word' id='word_1_887' title='bbox 3046 4848 3294 4904; x_wconf 85' lang='lat' dir='ltr'><strong>confossa</strong></span> <span class='ocrx_word' id='word_1_888' title='bbox 3335 4863 3463 4903; x_wconf 93' lang='lat' dir='ltr'><strong>con-</strong></span> 
     </span>
    </p>
   </div>
   <div class='ocr_carea' id='block_1_110' title="bbox 1875 4941 3463 5013">
    <p class='ocr_par' dir='ltr' id='par_1_110' title="bbox 1875 4941 3463 5013">
     <span class='ocr_line' id='line_1_110' title="bbox 1875 4941 3463 5013; baseline -0.013 0"><span class='ocrx_word' id='word_1_889' title='bbox 1875 4953 2094 5013; x_wconf 86' lang='lat' dir='ltr'><strong>scientia</strong></span> <span class='ocrx_word' id='word_1_890' title='bbox 2123 4970 2136 5006; x_wconf 89' lang='lat'><strong>:</strong></span> <span class='ocrx_word' id='word_1_891' title='bbox 2165 4950 2235 5006; x_wconf 86' lang='lat' dir='ltr'><strong>ibi</strong></span> <span class='ocrx_word' id='word_1_892' title='bbox 2263 4956 2347 5005; x_wconf 90' lang='lat' dir='ltr'><strong>est</strong></span> <span class='ocrx_word' id='word_1_893' title='bbox 2373 4948 2513 5002; x_wconf 87' lang='lat' dir='ltr'><strong>enim</strong></span> <span class='ocrx_word' id='word_1_894' title='bbox 2543 4944 2693 4999; x_wconf 85' lang='lat' dir='ltr'><strong>fovea</strong></span> <span class='ocrx_word' id='word_1_895' title='bbox 2719 4957 2824 5013; x_wconf 88' lang='lat' dir='ltr'><strong>quo</strong></span> <span class='ocrx_word' id='word_1_896' title='bbox 2850 4941 2993 4998; x_wconf 80' lang='lat' dir='ltr'><strong>cadit</strong></span> <span class='ocrx_word' id='word_1_897' title='bbox 3018 4942 3232 5013; x_wconf 86' lang='lat' dir='ltr'><strong>impius,</strong></span> <span class='ocrx_word' id='word_1_898' title='bbox 3258 4942 3309 4997; x_wconf 93' lang='lat' dir='ltr'><strong>in</strong></span> <span class='ocrx_word' id='word_1_899' title='bbox 3332 4956 3463 4997; x_wconf 81' lang='lat' dir='ltr'><strong>con-</strong></span> 
     </span>
    </p>
   </div>
   <div class='ocr_carea' id='block_1_111' title="bbox 1875 5032 3458 5104">
    <p class='ocr_par' dir='ltr' id='par_1_111' title="bbox 1875 5032 3458 5104">
     <span class='ocr_line' id='line_1_111' title="bbox 1875 5032 3458 5104; baseline -0.01 0"><span class='ocrx_word' id='word_1_900' title='bbox 1875 5047 2093 5104; x_wconf 87' lang='lat' dir='ltr'><strong>scientia</strong></span> <span class='ocrx_word' id='word_1_901' title='bbox 2143 5043 2299 5098; x_wconf 88' lang='lat' dir='ltr'><strong>mala.</strong></span> <span class='ocrx_word' id='word_1_902' title='bbox 2326 5041 2489 5096; x_wconf 89' lang='lat' dir='ltr'><strong>Putas</strong></span> <span class='ocrx_word' id='word_1_903' title='bbox 2514 5053 2636 5093; x_wconf 90' lang='lat' dir='ltr'><strong>eum</strong></span> <span class='ocrx_word' id='word_1_904' title='bbox 2666 5036 2720 5091; x_wconf 92' lang='lat' dir='ltr'><strong>in</strong></span> <span class='ocrx_word' id='word_1_905' title='bbox 2762 5032 2971 5091; x_wconf 88' lang='lat' dir='ltr'><strong>foveam</strong></span> <span class='ocrx_word' id='word_1_906' title='bbox 3014 5049 3120 5091; x_wconf 88' lang='lat' dir='ltr'><strong>non</strong></span> <span class='ocrx_word' id='word_1_907' title='bbox 3160 5033 3419 5092; x_wconf 80' lang='lat' dir='ltr'><strong>cecidisse</strong></span> <span class='ocrx_word' id='word_1_908' title='bbox 3442 5074 3458 5098; x_wconf 95' lang='lat'><strong>,</strong></span> 
     </span>
    </p>
   </div>
   <div class='ocr_carea' id='block_1_112' title="bbox 1874 5124 3464 5211">
    <p class='ocr_par' dir='ltr' id='par_1_112' title="bbox 1874 5124 3464 5211">
     <span class='ocr_line' id='line_1_112' title="bbox 1874 5124 3464 5211; baseline -0.01 -16"><span class='ocrx_word' id='word_1_909' title='bbox 1874 5142 1963 5211; x_wconf 88' lang='lat' dir='ltr'><strong>qui</strong></span> <span class='ocrx_word' id='word_1_910' title='bbox 1992 5140 2164 5193; x_wconf 86' lang='lat' dir='ltr'><strong>lucem</strong></span> <span class='ocrx_word' id='word_1_911' title='bbox 2184 5133 2378 5189; x_wconf 89' lang='lat' dir='ltr'><strong>Christi</strong></span> <span class='ocrx_word' id='word_1_912' title='bbox 2407 5129 2632 5201; x_wconf 83' lang='lat' dir='ltr'><strong>perdidit</strong></span> <span class='ocrx_word' id='word_1_913' title='bbox 2667 5138 2722 5185; x_wconf 91' lang='lat' dir='ltr'><strong>et</strong></span> <span class='ocrx_word' id='word_1_914' title='bbox 2758 5128 2999 5184; x_wconf 81' lang='lat' dir='ltr'><strong>caecitate</strong></span> <span class='ocrx_word' id='word_1_915' title='bbox 3028 5140 3309 5198; x_wconf 88' lang='lat' dir='ltr'><strong>percussus</strong></span> <span class='ocrx_word' id='word_1_916' title='bbox 3335 5136 3416 5180; x_wconf 89' lang='lat' dir='ltr'><strong>est</strong></span> <span class='ocrx_word' id='word_1_917' title='bbox 3434 5124 3464 5179; x_wconf 73' lang='grc' dir='ltr'><em>ἳ</em></span> 
     </span>
    </p>
   </div>
   <div class='ocr_carea' id='block_1_113' title="bbox 1875 5216 3462 5288">
    <p class='ocr_par' dir='ltr' id='par_1_113' title="bbox 1875 5216 3462 5288">
     <span class='ocr_line' id='line_1_113' title="bbox 1875 5216 3462 5288; baseline -0.009 -1"><span class='ocrx_word' id='word_1_918' title='bbox 1875 5230 1930 5288; x_wconf 88' lang='lat' dir='ltr'><strong>Si</strong></span> <span class='ocrx_word' id='word_1_919' title='bbox 1959 5245 2064 5285; x_wconf 92' lang='lat' dir='ltr'><strong>non</strong></span> <span class='ocrx_word' id='word_1_920' title='bbox 2090 5225 2304 5283; x_wconf 85' lang='lat' dir='ltr'><strong>caderet</strong></span> <span class='ocrx_word' id='word_1_921' title='bbox 2342 5223 2394 5277; x_wconf 91' lang='lat' dir='ltr'><strong>in</strong></span> <span class='ocrx_word' id='word_1_922' title='bbox 2443 5220 2685 5285; x_wconf 83' lang='lat' dir='ltr'><strong>foveam,</strong></span> <span class='ocrx_word' id='word_1_923' title='bbox 2732 5219 2940 5276; x_wconf 87' lang='lat' dir='ltr'><strong>videret</strong></span> <span class='ocrx_word' id='word_1_924' title='bbox 2978 5228 3102 5275; x_wconf 86' lang='lat' dir='ltr'><strong>ante</strong></span> <span class='ocrx_word' id='word_1_925' title='bbox 3143 5232 3245 5274; x_wconf 90' lang='lat' dir='ltr'><strong>se:</strong></span> <span class='ocrx_word' id='word_1_926' title='bbox 3286 5216 3462 5272; x_wconf 87' lang='lat' dir='ltr'><strong>nescit</strong></span> 
     </span>
    </p>
   </div>
   <div class='ocr_carea' id='block_1_114' title="bbox 1876 5305 3462 5393">
    <p class='ocr_par' dir='ltr' id='par_1_114' title="bbox 1876 5305 3462 5393">
     <span class='ocr_line' id='line_1_114' title="bbox 1876 5305 3462 5393; baseline -0.011 -15"><span class='ocrx_word' id='word_1_927' title='bbox 1876 5337 1978 5393; x_wconf 90' lang='lat' dir='ltr'><strong>qua</strong></span> <span class='ocrx_word' id='word_1_928' title='bbox 2004 5329 2123 5384; x_wconf 89' lang='lat' dir='ltr'><strong>eat;</strong></span> <span class='ocrx_word' id='word_1_929' title='bbox 2164 5312 2429 5387; x_wconf 86' lang='lat' dir='ltr'><strong>quomodo</strong></span> <span class='ocrx_word' id='word_1_930' title='bbox 2454 5311 2542 5381; x_wconf 90' lang='lat' dir='ltr'><strong>qui</strong></span> <span class='ocrx_word' id='word_1_931' title='bbox 2570 5310 2807 5369; x_wconf 78' lang='lat' dir='ltr'><strong>ambulat</strong></span> <span class='ocrx_word' id='word_1_932' title='bbox 2832 5312 2884 5369; x_wconf 90' lang='lat' dir='ltr'><strong>in</strong></span> <span class='ocrx_word' id='word_1_933' title='bbox 2920 5310 3003 5364; x_wconf 89' lang='lat' dir='ltr'><strong>via</strong></span> <span class='ocrx_word' id='word_1_934' title='bbox 3038 5323 3159 5364; x_wconf 90' lang='lat' dir='ltr'><strong>cum</strong></span> <span class='ocrx_word' id='word_1_935' title='bbox 3206 5305 3462 5361; x_wconf 89' lang='lat' dir='ltr'><strong>ceciderit</strong></span> 
     </span>
    </p>
   </div>
   <div class='ocr_carea' id='block_1_115' title="bbox 1878 5401 3461 5476">
    <p class='ocr_par' dir='ltr' id='par_1_115' title="bbox 1878 5401 3461 5476">
     <span class='ocr_line' id='line_1_115' title="bbox 1878 5401 3461 5476; baseline -0.01 -5"><span class='ocrx_word' id='word_1_936' title='bbox 1878 5416 1931 5471; x_wconf 94' lang='lat' dir='ltr'><strong>in</strong></span> <span class='ocrx_word' id='word_1_937' title='bbox 1961 5412 2171 5468; x_wconf 86' lang='lat' dir='ltr'><strong>foveam</strong></span> <span class='ocrx_word' id='word_1_938' title='bbox 2198 5452 2212 5475; x_wconf 89' lang='lat'><strong>,</strong></span> <span class='ocrx_word' id='word_1_939' title='bbox 2243 5406 2474 5476; x_wconf 88' lang='lat' dir='ltr'><strong>perdidit</strong></span> <span class='ocrx_word' id='word_1_940' title='bbox 2497 5406 2659 5463; x_wconf 85' lang='lat' dir='ltr'><strong>viam.</strong></span> <span class='ocrx_word' id='word_1_941' title='bbox 2688 5404 2892 5460; x_wconf 77' lang='lat' dir='ltr'><strong>Videtis</strong></span> <span class='ocrx_word' id='word_1_942' title='bbox 2919 5417 3047 5474; x_wconf 89' lang='lat' dir='ltr'><strong>ergo</strong></span> <span class='ocrx_word' id='word_1_943' title='bbox 3075 5415 3262 5457; x_wconf 88' lang='lat' dir='ltr'><strong>omnes</strong></span> <span class='ocrx_word' id='word_1_944' title='bbox 3300 5401 3461 5457; x_wconf 87' lang='lat' dir='ltr'><strong>male-</strong></span> 
     </span>
    </p>
   </div>
   <div class='ocr_carea' id='block_1_116' title="bbox 1877 5491 3460 5570">
    <p class='ocr_par' dir='ltr' id='par_1_116' title="bbox 1877 5491 3460 5570">
     <span class='ocr_line' id='line_1_116' title="bbox 1877 5491 3460 5570; baseline -0.008 -9"><span class='ocrx_word' id='word_1_945' title='bbox 1877 5505 2105 5562; x_wconf 85' lang='lat' dir='ltr'><strong>factores</strong></span> <span class='ocrx_word' id='word_1_946' title='bbox 2154 5498 2450 5570; x_wconf 84' lang='lat' dir='ltr'><strong>perdidisse</strong></span> <span class='ocrx_word' id='word_1_947' title='bbox 2494 5497 2673 5562; x_wconf 79' lang='lat' dir='ltr'><strong>viam,</strong></span> <span class='ocrx_word' id='word_1_948' title='bbox 2715 5496 3013 5565; x_wconf 82' lang='lat' dir='ltr'><strong>implicatos</strong></span> <span class='ocrx_word' id='word_1_949' title='bbox 3056 5493 3310 5548; x_wconf 89' lang='lat' dir='ltr'><strong>facinore.</strong></span> <span class='ocrx_word' id='word_1_950' title='bbox 3353 5491 3460 5548; x_wconf 91' lang='lat' dir='ltr'><strong>Sed</strong></span> 
     </span>
    </p>
   </div>
   <div class='ocr_carea' id='block_1_117' title="bbox 1874 5584 3462 5670">
    <p class='ocr_par' dir='ltr' id='par_1_117' title="bbox 1874 5584 3462 5670">
     <span class='ocr_line' id='line_1_117' title="bbox 1874 5584 3462 5670; baseline -0.009 -17"><span class='ocrx_word' id='word_1_951' title='bbox 1874 5597 1983 5670; x_wconf 89' lang='lat' dir='ltr'><strong>jam</strong></span> <span class='ocrx_word' id='word_1_952' title='bbox 2010 5603 2064 5651; x_wconf 86' lang='lat' dir='ltr'><strong>te</strong></span> <span class='ocrx_word' id='word_1_953' title='bbox 2095 5591 2312 5649; x_wconf 88' lang='lat' dir='ltr'><strong>tradidit</strong></span> <span class='ocrx_word' id='word_1_954' title='bbox 2335 5591 2387 5647; x_wconf 91' lang='lat' dir='ltr'><strong>in</strong></span> <span class='ocrx_word' id='word_1_955' title='bbox 2414 5605 2603 5645; x_wconf 84' lang='lat' dir='ltr'><strong>manus</strong></span> <span class='ocrx_word' id='word_1_956' title='bbox 2634 5588 2771 5645; x_wconf 89' lang='lat' dir='ltr'><strong>forte</strong></span> <span class='ocrx_word' id='word_1_957' title='bbox 2801 5586 3041 5649; x_wconf 79' lang='lat' dir='ltr'><strong>latronis,</strong></span> <span class='ocrx_word' id='word_1_958' title='bbox 3071 5593 3163 5640; x_wconf 88' lang='lat' dir='ltr'><strong>aut</strong></span> <span class='ocrx_word' id='word_1_959' title='bbox 3191 5584 3243 5641; x_wconf 92' lang='lat' dir='ltr'><strong>in</strong></span> <span class='ocrx_word' id='word_1_960' title='bbox 3270 5598 3462 5640; x_wconf 88' lang='lat' dir='ltr'><strong>manus</strong></span> 
     </span>
    </p>
   </div>
   <div class='ocr_carea' id='block_1_118' title="bbox 1877 5675 3461 5757">
    <p class='ocr_par' dir='ltr' id='par_1_118' title="bbox 1877 5675 3461 5757">
     <span class='ocr_line' id='line_1_118' title="bbox 1877 5675 3461 5757; baseline -0.011 -11"><span class='ocrx_word' id='word_1_961' title='bbox 1877 5686 2098 5757; x_wconf 87' lang='lat' dir='ltr'><strong>alicujus</strong></span> <span class='ocrx_word' id='word_1_962' title='bbox 2125 5683 2303 5754; x_wconf 77' lang='lat' dir='ltr'><strong>iniusti</strong></span> <span class='ocrx_word' id='word_1_963' title='bbox 2333 5683 2414 5739; x_wconf 88' lang='lat' dir='ltr'><strong>vel</strong></span> <span class='ocrx_word' id='word_1_964' title='bbox 2442 5680 2792 5745; x_wconf 78' lang='lat' dir='ltr'><strong>circumventi</strong></span> <span class='ocrx_word' id='word_1_965' title='bbox 2822 5693 2855 5734; x_wconf 85' lang='lat' dir='ltr'><strong>a</strong></span> <span class='ocrx_word' id='word_1_966' title='bbox 2878 5691 2938 5734; x_wconf 87' lang='lat' dir='ltr'><strong>se</strong></span> <span class='ocrx_word' id='word_1_967' title='bbox 2972 5677 3168 5749; x_wconf 88' lang='lat' dir='ltr'><strong>judicis</strong></span> <span class='ocrx_word' id='word_1_968' title='bbox 3196 5693 3210 5732; x_wconf 89' lang='lat'><strong>:</strong></span> <span class='ocrx_word' id='word_1_969' title='bbox 3239 5685 3294 5732; x_wconf 90' lang='lat' dir='ltr'><strong>et</strong></span> <span class='ocrx_word' id='word_1_970' title='bbox 3325 5684 3381 5731; x_wconf 91' lang='lat' dir='ltr'><strong>tu</strong></span> <span class='ocrx_word' id='word_1_971' title='bbox 3406 5675 3461 5733; x_wconf 84' lang='lat' dir='ltr'><strong>in</strong></span> 
     </span>
    </p>
   </div>
   <div class='ocr_carea' id='block_1_119' title="bbox 1942 5785 3462 5858">
    <p class='ocr_par' dir='ltr' id='par_1_119' title="bbox 1942 5785 3462 5858">
     <span class='ocr_line' id='line_1_119' title="bbox 1942 5785 3462 5858; baseline -0.005 -9"><span class='ocrx_word' id='word_1_972' title='bbox 1942 5792 2549 5858; x_wconf 49' lang='lat' dir='ltr'><strong>teodnbeuﬁmujecti.</strong></span> <span class='ocrx_word' id='word_1_973' title='bbox 2589 5787 2976 5853; x_wconf 45' lang='lat' dir='ltr'><strong>numquam}</strong></span> <span class='ocrx_word' id='word_1_974' title='bbox 3011 5785 3462 5843; x_wconf 63' lang='lat' dir='ltr'><strong>unauna»</strong></span> 
     </span>
    </p>
   </div>
   <div class='ocr_carea' id='block_1_120' title="bbox 1874 5857 2711 5934">
    <p class='ocr_par' dir='ltr' id='par_1_120' title="bbox 1874 5857 2711 5934">
     <span class='ocr_line' id='line_1_120' title="bbox 1874 5857 2711 5934; baseline -0.019 1"><span class='ocrx_word' id='word_1_975' title='bbox 1874 5857 2711 5934; x_wconf 52' lang='lat' dir='ltr'><strong>numnum-nm</strong></span> 
     </span>
    </p>
   </div>
  </div>
