4038 6474
567 374 744 431 στί..

568 505 814 570 pressura
840 503 932 560 es,
951 487 1042 546 ille
1067 486 1299 556 laetatur,
1325 483 1420 557 ille
1436 479 1686 540 exsultat.
1708 478 1849 549 Noli,
1874 478 1984 550 jam
2009 477 2148 570 dixi,

567 587 677 644 noli
715 585 914 656 habere
949 581 1133 638 oculos
1179 579 1516 652 Paganorum
1559 572 1922 632 :christianos
1967 569 2152 626 oculos

568 679 726 736 habe.
765 675 929 734 Vides
969 673 1118 730 illum
1156 673 1249 744 qui
1289 670 1562 728 exsultat:
1594 669 1708 740 ipsa
1749 665 2033 723 exsultatio
2069 671 2154 720 est

566 772 720 828 fovea
749 769 937 842 ipsius.
966 767 1156 824 Melior
1181 774 1265 823 est
1289 765 1432 821 enim
1460 762 1676 819 tristitia
1717 760 1894 830 iniqua
1938 759 2148 830 patien-

567 864 668 931 tis,
701 843 857 933 quam
887 860 1068 917 laetitia
1096 859 1274 930 iniqua
1317 856 1578 912 facientis.
1606 854 1726 926 Ipsa
1765 852 1946 908 laetitia
1969 851 2150 922 iniqua

566 954 809 1010 facientis
824 996 838 1022 ,
863 954 977 1025 ipsa
1000 961 1083 1008 est
1103 951 1252 1007 fovea
1277 969 1291 1005 :
1313 949 1438 1005 illuc
1464 947 1690 1020 quisque
1711 960 1832 1002 cum
1856 943 2145 1011 ceciderit,

567 1048 752 1104 oculos
781 1047 974 1118 perdit.
1007 1046 1084 1102 Te
1108 1045 1274 1116 _dole_s
1296 1084 1312 1112 ,
1354 1043 1476 1114 quia
1515 1040 1790 1113 perdidisti
1832 1047 2066 1104 vestem;
2096 1043 2151 1092 et

569 1140 719 1212 illum
750 1155 853 1194 non
883 1138 1032 1193 doles
1052 1179 1067 1206 ,
1097 1137 1222 1208 quia
1251 1133 1482 1206 perdidit
1510 1132 1712 1188 ﬁdem?
1739 1131 1869 1200 Quis
1913 1137 2149 1186 vestrum

567 1213 813 1305 graviore
841 1233 1037 1288 damno
1065 1243 1350 1301 percussus
1375 1228 1500 1284 est?
1542 1228 1678 1282 Ecce
1718 1226 1806 1280 ille
1830 1223 2054 1288 occidit,
2091 1230 2150 1276 tu

567 1308 826 1381 cecideris
855 1345 868 1380 ;
893 1324 1022 1379 vivit
1048 1323 1154 1389 illc,
1179 1331 1234 1376 tu
1266 1328 1506 1376 mortuus
1526 1334 1584 1376 es
1605 1319 1630 1372 τ
1651 1317 1821 1372 Absit.
1855 1315 1954 1372 Ubi
1980 1323 2062 1369 est
2086 1313 2149 1368 rt-

566 1419 664 1474 des
689 1415 1158 1493 Christianorum?
1187 1413 1278 1469 ubi
1305 1423 1386 1468 est
1415 1412 1505 1491 ille
1536 1410 1625 1480 qui
1643 1408 1889 1487 rmoritur
1912 1405 1979 1460 ad
2012 1415 2148 1459 tem-

565 1511 702 1583 pus?
733 1489 926 1565 Audiat
947 1508 1228 1564 Dominum
1268 1521 1466 1571 suum:
1493 1487 1781 1572 'QaiDcredit
1809 1500 1862 1553 in
1889 1514 1968 1552 me
1989 1540 2004 1565 ,
2033 1497 2162 1565 licet,

566 1605 833 1670 moriatur,
861 1603 977 1658 vivit
1008 1599 1198 1673 (Joan.
1230 1616 1304 1666 xr,
1338 1595 1466 1669 25).
1500 1597 1642 1666 Ergo
1670 1594 1760 1666 qui
1787 1608 1892 1648 non
1933 1591 2145 1661 credit,

565 1698 690 1753 licet
717 1698 896 1762 vivat,
940 1704 1180 1751 mortuus
1205 1701 1304 1748 est.
1335 1690 1602 1745 Foderunt
1627 1697 1743 1741 ante
1779 1687 1960 1756 faciem
1985 1700 2162 1752 meam

565 1796 779 1862 foveam,
813 1799 860 1846 et
897 1790 995 1859 ipsi
1016 1788 1300 1843 inciderunt
1327 1786 1380 1840 in
1417 1800 1550 1840 eam.
1582 1779 1841 1839 Omnibus
1867 1778 2023 1836 malis
2050 1793 2146 1835 ne-

563 1899 715 1939 cesse
744 1892 825 1938 est
845 1891 903 1936 ut
921 1880 1023 1937 hoc
1050 1880 1340 1950 contingat.

591 2011 594 2014 η
635 1975 721 2030 15.
763 1973 931 2046 [υενε.
958 1970 1050 2045 8.]
1093 1972 1356 2026 Bonorum
1398 1976 1575 2024 autem
1601 1967 1848 2039 patientia
1874 1977 2144 2036 praepara-

561 2067 704 2124 tione
720 2066 896 2122 cordis
911 2064 1111 2134 excipit
1130 2063 1451 2117 voluntatem
1474 2059 1588 2126 Dei,
1621 2067 1674 2115 et
1692 2058 1948 2129 gloriatur
1965 2056 2018 2112 in
2051 2056 2148 2111 tri-

560 2158 947 2221 bulationibus,
998 2155 1181 2210 dicens
1230 2153 1374 2224 quod
1417 2152 1656 2223 sequitur
1704 2168 1719 2206 :
1767 2149 2013 2205 Paratum
2058 2166 2146 2204 cor

559 2269 748 2317 meum,
779 2249 938 2314 Deus,
967 2256 1206 2318 paratum
1233 2262 1318 2300 cor
1356 2259 1558 2309 meum;
1583 2243 1793 2298 cantabo
1823 2251 1868 2296 et
1902 2240 2140 2313 psallam.

560 2341 695 2409 Quid
725 2339 846 2394 iecit
879 2338 1048 2393 mihi?
1078 2335 1287 2392 Paravit
1311 2335 1538 2400 foveam,
1565 2349 1660 2388 cor
1695 2347 1872 2388 meum
1905 2341 2143 2402 paratum

559 2442 661 2489 est.
694 2431 785 2488 ille
811 2431 1013 2502 paravit
1033 2429 1239 2484 foveam
1266 2427 1333 2482 ad
1365 2426 1757 2497 decipiendum,
1788 2441 1888 2496 ego
1913 2441 2006 2482 cor
2033 2441 2154 2487 non,

559 2525 758 2596 parabo
776 2523 841 2580 ad
861 2520 1298 2595 perpetiendum?
1318 2520 1410 2575 Ille
1423 2520 1631 2591 paravit
1654 2519 1856 2575 foveam
1883 2520 1949 2574 ad
1970 2520 2145 2590 Oppri-

557 2617 828 2683 mendum,
870 2631 969 2687 ego
1008 2630 1105 2670 cor
1132 2629 1238 2670 non
1265 2599 1467 2684 parabo
1491 2612 1559 2668 ad
1599 2611 1932 2668 tolerandum
1960 2611 1984 2665 ?
2009 2613 2156 2672 Pro-.

557 2718 740 2780 pterca
776 2707 864 2761 ille
907 2706 1105 2762 incidet
1146 2707 1198 2760 in
1249 2720 1398 2772 eam,
1452 2719 1551 2775 ego
1587 2713 1763 2760 autem
1807 2704 2034 2760 cantabo
2086 2713 2142 2761 et

557 2799 796 2870 psallam.
827 2797 964 2852 Audi
992 2813 1084 2853 cor
1109 2807 1348 2868 paratum
1376 2797 1428 2851 in
1453 2797 1859 2868 Apostolo,quia
1903 2797 2140 2854 imitatus

555 2901 638 2950 est
663 2892 944 2947 Dominum
969 2906 1122 2945 suum
1149 2908 1161 2945 :
1197 2889 1506 2958 Gloriamur,
1535 2890 1725 2961 inquit,
1767 2891 1820 2946 in
1849 2891 2138 2946 tribulatio-

555 2985 741 3052 nibus;
775 2985 893 3057 quia
950 2983 1205 3038 tribulatio
1245 2984 1540 3054 patientiam
1581 2992 1853 3055 0peratur,
1895 2987 2138 3055 patientia

556 3076 926 3149 probationem,
957 3076 1186 3148 probatio
1223 3092 1362 3146 spem
1381 3092 1528 3145 ,spes
1567 3091 1680 3130 vero
1707 3092 1809 3130 non
1833 3079 2134 3148 confundit:

555 3169 672 3240 quia
692 3170 912 3223 charitas
940 3167 1040 3223 Dei
1063 3167 1253 3236 (li/fusa
1276 3180 1346 3222 est
1370 3169 1424 3222 in
1449 3168 1682 3223 cordibus
1697 3171 1994 3241 nostrisper
2014 3171 2139 3242 Spi-

555 3261 706 3314 ritum
741 3269 970 3314 sanctum
996 3260 1083 3331 qui
1100 3259 1248 3312 datus
1277 3268 1348 3312 est
1383 3259 1523 3312 nobis
1545 3259 1718 3332 (Rom.
1745 3275 1798 3325 v,
1823 3262 1912 3317 5-5
1936 3262 1976 3333 ).
2015 3263 2138 3318 Erat

554 3344 608 3407 in
627 3353 907 3424 pressuris,
927 3353 979 3407 in
1007 3355 1227 3419 catenis,
1252 3353 1306 3407 in
1317 3352 1637 3418 carceribus,
1660 3353 1710 3407 in
1727 3353 1910 3424 plagis,
1929 3355 1980 3410 in
2000 3354 2138 3412 fame

554 3456 604 3504 et
621 3447 787 3514 siti,in
802 3447 995 3518 frigore
1015 3455 1069 3503 et
1085 3446 1339 3514 nuditate,
1359 3447 1409 3501 in
1427 3446 1571 3502 omni
1591 3447 1881 3502 vastatione
1898 3442 2154 3505 laborum

553 3551 605 3599 et
634 3541 876 3596 dolorum
905 3541 923 3614 (
940 3541 981 3595 ll
1011 3539 1130 3597 Cor.
1155 3540 1316 3607 xt,27
1337 3543 1355 3613 )
1375 3583 1389 3608 ,
1412 3549 1467 3596 et
1493 3541 1700 3598 dicebat
1732 3559 1746 3596 :
1776 3541 2064 3598 Gloriamur
2082 3548 2138 3600 in

553 3633 974 3688 tribulationibus.
1020 3631 1193 3698 Unde,
1208 3633 1308 3688 nisi
1347 3633 1469 3704 quia
1489 3641 1726 3702 paratum
1751 3644 1833 3689 est
1857 3649 1950 3689 cor
1981 3636 2139 3705 ejus?

553 3725 675 3781 Ideo
699 3725 944 3781 cantabat
974 3733 1028 3780 et
1051 3725 1306 3796 psallebat
1331 3744 1344 3780 :
1376 3724 1627 3778 Paratum
1651 3742 1738 3780 cor
1756 3743 1943 3795 meum,
1972 3727 2134 3798 Deus,

552 3828 786 3888 paratum
811 3835 896 3872 cor
920 3834 1123 3883 nteant;
1143 3818 1353 3872 cantabo
1375 3826 1420 3870 et
1449 3817 1686 3887 psallam.

622 3909 709 3965 ’16.
738 3909 887 3981 fuere.
914 3907 994 3981 9.]
1023 3907 1289 3979 Exsurge,
1318 3909 1484 3979 gloria
1525 3924 1656 3962 mea.
1686 3907 1778 3963 Ille
1802 3909 1891 3977 qui
1918 3909 2128 3982 fugerat

552 4017 581 4056 a
607 4001 740 4057 facie
763 4001 888 4056 Saiil
919 4001 970 4056 in
1001 4001 1331 4071 speluncam,
1357 3998 1610 4071 Exsurge,
1633 4000 1797 4071 gloria
1820 4017 1950 4068 mea,
1966 4003 2135 4073 glori-

552 4093 738 4149 licetur
765 4092 920 4148 Jesus
955 4101 1078 4164 post
1120 4091 1444 4162 passionem.
1470 4088 1731 4164 Exsurge,
1763 4091 2057 4163 psalterium
2088 4104 2136 4150 et

553 4187 768 4241 cithara.
807 4181 950 4254 Quid
993 4193 1176 4250 vocat,
1226 4193 1283 4239 ut
1309 4183 1532 4256 surgat?
1557 4184 1905 4264 Duoqorgana
1944 4185 2131 4256 video,

553 4293 747 4349 corpus
771 4287 948 4334 autem
973 4276 1173 4332 Christi
1197 4264 1543 4332 unum‘video
1563 4269 1580 4330 ἐ
1613 4291 1715 4332 una
1753 4293 1877 4333 caro
1897 4293 2137 4337 resurre-

552 4372 660 4438 xit,
692 4378 748 4428 et
782 4371 886 4426 duo
923 4357 1122 4441 organa
1164 4377 1530 4426 surrexerunt.
1559 4360 1952 4442 Alterumergo
1973 4387 2140 4446 gorga-.

554 4480 678 4519 num
721 4464 1065 4534 psalterium,
1095 4462 1318 4518 alterum
1367 4461 1590 4517 cithara.
1636 4461 1844 4534 Organa
1888 4464 2136 4522 dicuntur

554 4556 730 4611 omnia
759 4557 1108 4610 instrumenta
1128 4553 1471 4610 musicorum.
1489 4553 1607 4610 Non
1629 4555 1804 4610 solum
1825 4555 1953 4611 illud
1978 4572 2136 4630 orga.

557 4663 681 4703 num
706 4647 918 4711 dicitur,
944 4647 1087 4717 quod
1112 4647 1313 4718 grande
1338 4655 1441 4710 est,
1464 4656 1519 4702 et
1534 4646 1750 4703 inﬂatur
1768 4647 2012 4716 follibus;
2040 4651 2136 4708 sed

556 4738 808 4810 quidquid
852 4747 1067 4809 aptatur
1103 4737 1169 4792 ad
1199 4736 1516 4792 cantilenam
1538 4779 1554 4803 ,
1595 4746 1650 4795 et
1684 4753 1998 4809 corporeum
2022 4751 2128 4809 est,

557 4846 660 4899 quo
690 4828 1038 4886 instrumento
1078 4829 1244 4885 utitur
1279 4828 1368 4900 qui
1396 4837 1602 4895 cantat,
1637 4844 1892 4901 organum
1920 4832 2132 4890 dicitur.

559 4914 811 4977 Distincla
852 4932 976 4977 sunt
1012 4930 1189 4978 autem
1242 4923 1380 4978 inter
1407 4936 1468 4978 se
1509 4921 1608 4977 ista
1635 4937 1863 4994 organa;
1892 4933 1946 4980 et
1972 4925 2094 4981 volo
2117 4968 2134 4995 ,

557 5022 810 5085 quantum
851 5013 1108 5069 Dominus
1136 5014 1245 5079 dat,
1291 5013 1526 5070 indicare
1553 5013 1741 5081 vobis,
1768 5024 1822 5070 et
1871 5016 2136 5087 quomodo

555 5107 800 5162 distincta
827 5115 972 5174 sunt,
999 5114 1054 5187 et
1071 5123 1233 5176 quare
1253 5107 1523 5176 distincta,
1552 5117 1608 5164 et
1634 5124 1799 5180 quare
1827 5109 2038 5182 utrique
2055 5111 2138 5168 di-

554 5209 726 5266 catur,
758 5199 1004 5270 Exsnrge.
1026 5198 1141 5254 lam
1167 5198 1417 5267 diximus,
1444 5216 1544 5255 una
1569 5216 1694 5257 caro
1712 5202 1922 5258 Domini
1950 5220 2134 5261 resur-

555 5295 724 5359 rexit;
753 5304 807 5349 et
826 5293 1038 5358 dicitur,
1071 5285 1323 5364 Exsurge,
1353 5294 1647 5362 psalterium
1673 5305 1718 5349 et
1744 5295 1960 5352 cithara.
1987 5297 2137 5353 Psal-

555 5386 745 5441 terium
768 5393 848 5441 est
869 5379 1147 5455 organu'm,
1173 5384 1310 5454 quod
1327 5384 1539 5456 quidem
1563 5386 1806 5442 manibus
1831 5386 1998 5444 fertur
2017 5405 2139 5459 per-

553 5481 824 5548 cutientis,
851 5489 904 5536 et
925 5479 1155 5536 chordas
1174 5478 1434 5535 distentas
1455 5480 1640 5548 habet;
1667 5479 1762 5537 sed
1785 5481 1932 5537 illum
1961 5483 2134 5538 locum

554 5573 696 5628 unde
725 5587 914 5628 sonum
930 5560 1447 5644 accipiuntchordte,
1465 5571 1592 5626 illud
1616 5586 1906 5628 concavum
1936 5572 2136 5644 lignum

555 5669 695 5737 quod
726 5665 919 5737 pendet
941 5674 996 5722 et
1019 5674 1216 5722 tactum
1242 5673 1477 5734 resonat,
1506 5666 1628 5736 quia
1656 5657 1887 5740 concipit
1922 5681 2129 5735 aerem,

559 5759 868 5830 psalterium
907 5759 960 5815 in
993 5759 1274 5830 superiore
1308 5766 1458 5829 parte
1492 5755 1672 5812 habet.
1702 5755 1916 5814 Cithara
1957 5766 2138 5815 autem

557 5849 661 5911 hoc
701 5867 871 5925 genus
912 5852 1042 5926 ligni
1074 5867 1368 5913 concavum
1406 5858 1462 5911 et
1487 5863 1745 5910 resonans
1787 5851 1844 5909 iu
1885 5851 2138 5914 inferiore

1801 359 1861 418 S.
1898 353 2264 417 AUGUSTINI
2300 354 2613 419 EPISCOPI

3745 379 3860 438 673

2259 486 2411 549 parte
2433 479 2613 538 habet.
2643 480 2826 556 Itaque
2852 483 2908 541 in
2943 486 3194 557 psalterio
3229 489 3448 552 chordae
3469 507 3662 556 sonum
3685 499 3850 560 desu.

2259 587 2355 642 per
2378 574 2669 647 accipiunt;
2693 576 2746 632 in
2772 576 2978 636 cithara
3004 589 3184 638 autem
3209 583 3426 642 chorda:
3445 603 3634 646 sonum
3660 608 3732 650 ex
3761 594 3850 652 in-

2259 663 2453 722 feriore
2480 675 2638 738 parte,
2655 669 2924 740 accipiunt
2949 687 2964 726 :
2987 672 3089 729 hoc
3114 674 3337 733 interest
3362 678 3503 737 inter
3525 683 3847 754 psalterium

2257 766 2313 814 et
2338 759 2616 816 citharam.
2649 761 2796 830 [Quid
2823 778 2951 836 ergo
2978 764 3084 821 duo
3125 766 3240 824 haec
3267 784 3466 842 organa
3509 776 3666 834 nobis
3715 779 3856 852 ligu-

2257 855 2414 910 rant?
2461 855 2676 912 Excitat
2728 858 2870 914 enim
2898 858 3144 918 Christus
3187 862 3449 924 Dominus
3490 868 3633 928 Deus
3659 883 3853 930 noster

2255 947 2562 1016 psalterium
2598 965 2753 1006 suum
2778 960 2832 1007 et
2859 953 3117 1011 citharam
3147 972 3298 1014 suam
3323 1000 3340 1028 ,
3380 969 3438 1016 et
3461 961 3609 1031 dicit,
3640 964 3850 1021 Exsur-

2255 1057 2374 1111 gam
2400 1041 2642 1098 diluculo.
2671 1044 2806 1100 Puto
2830 1047 2952 1116 quia
2983 1047 3071 1105 hic
3091 1050 3200 1120 jam
3237 1057 3528 1125 agnoscitis
3553 1059 3845 1118 Dominum

2255 1143 2641 1204 resurgentem.
2690 1137 2938 1209 Legimus
2978 1141 3031 1196 in
3075 1142 3367 1216 Evangelio
3399 1167 3413 1203 :
3444 1150 3621 1207 videte
3652 1153 3846 1213 horam

2254 1229 2680 1284 resurrectionis.
2733 1230 2994 1300 Quamdiu
3023 1251 3148 1305 ~per
3198 1240 3413 1296 umbras
3463 1246 3848 1314 quierebatur‘

2254 1315 2540 1374 Christus?
2597 1321 2799 1388 Luxit,
2846 1336 3200 1394 agnoscatur;
3255 1332 3487 1390 diluculo
3544 1343 3846 1399 resurrexit

2256 1410 2445 1480 (Marc.
2476 1429 2582 1480 xvi,
2609 1413 2690 1484 2).
2713 1414 2817 1471 Sed
2845 1417 2972 1488 quid
3000 1429 3084 1476 est
3113 1423 3452 1490 psalterium?
3486 1430 3614 1498 quid
3647 1441 3731 1486 est
3761 1434 3844 1488 ci-

2254 1504 2442 1560 thara?
2480 1506 2584 1562 Per
2609 1523 2825 1564 carnem
2855 1524 3004 1566 suam
3038 1513 3295 1571 Dominus
3317 1517 3423 1573 duo
3443 1535 3637 1590 genera
3665 1523 3836 1580 facto-

2254 1594 2382 1652 rum’
2413 1609 2661 1668 operatus
2701 1611 2810 1667 est,
2842 1603 3096 1659 miracula
3139 1615 3194 1662 et
3234 1611 3506 1684 passiones
3535 1629 3548 1665 :
3581 1614 3842 1671 miracula

2252 1689 2481 1761 desuper
2504 1692 2750 1760 fuerunt,
2779 1697 3056 1766 passiones
3085 1697 3151 1755 de
3185 1699 3438 1758 inferiore
3475 1703 3713 1764 fuerunt.
3749 1709 3843 1766 Illa

2252 1790 2392 1844 enim
2416 1806 2532 1860 quae
2555 1791 2680 1847 fecit
2703 1795 2982 1860 miracula,
3004 1795 3181 1852 divina
3202 1807 3355 1853 erant
3373 1815 3389 1865 ;
3409 1800 3502 1856 sed
3527 1817 3625 1872 per
3641 1818 3842 1875 corpus

2251 1881 2409 1950 fecit,
2451 1899 2548 1953 per
2589 1900 2804 1942 carnem
2847 1886 2992 1943 fecit.
3022 1889 3158 1944 Caro
3197 1905 3325 1961 ergo
3367 1891 3543 1947 divina
3573 1910 3840 1966 cperans,

2249 1977 2556 2046 psalterium
2601 1987 2686 2033 est
2723 1997 2737 2032 :
2788 1995 2913 2035 caro
2943 1981 3173 2038 humana
3218 1985 3456 2054 patiens,
3488 1988 3693 2046 cithara
3733 2001 3837 2048 est.

2249 2069 2414 2126 Sonet
2439 2072 2788 2140 psalterium;
2827 2075 3193 2132 illuminentur
3215 2079 3376 2146 eieci,
3409 2080 3630 2138 audiant
3653 2085 3836 2153 surdi,

2249 2163 2575 2233 stringantur
2603 2166 2897 2238 paralytici,
2918 2167 3192 2222 ambulent
3208 2168 3406 2238 claudi,
3432 2184 3652 2245 surgant
3671 2190 3843 2246 aegro-

2249 2256 2308 2322 ti,
2338 2265 2618 2327 resurgant
2638 2258 2832 2312 mortui
2863 2277 2876 2312 :
2907 2259 3007 2314 iste
3026 2267 3109 2315 est
3127 2275 3292 2316 sonus
3317 2264 3574 2332 psalterii.
3598 2267 3767 2323 Sonet
3785 2279 3842 2326 et

2247 2348 2479 2414 cithara;
2507 2349 2726 2414 esuriat,
2749 2351 2911 2416 sitiat,
2939 2351 3188 2418 dormiat,
3220 2363 3484 2424 teneatur,
3511 2355 3837 2431 ﬂagellatur,

2248 2440 2546 2507 irrideatur,
2577 2442 2936 2513 cruciﬁgatur,
2968 2446 3276 2514 sepeliatur.
3295 2447 3428 2504 Cum
3454 2465 3579 2521 ergo
3605 2452 3758 2507 vides
3781 2454 3838 2509 in

2246 2532 2334 2587 illa
2363 2547 2523 2588 carne
2562 2534 2804 2604 quaedam
2829 2537 3073 2592 sonuisse
3100 2538 3349 2608 desuper,
3380 2539 3619 2612 quaedam
3645 2544 3716 2601 de
3743 2547 3836 2602 in-

2245 2625 2438 2680 feriore
2478 2637 2628 2696 parte
2651 2669 2667 2695 ,
2699 2644 2800 2683 una
2821 2617 2973 2683 caro
3002 2632 3324 2699 resurrexit,
3366 2643 3421 2688 et
3459 2635 3511 2689 in
3543 2651 3644 2692 una
3669 2653 3840 2697 carne

2245 2721 2582 2790 agnoscimus
2607 2729 2661 2776 et
2686 2721 2994 2790 psalterium
3016 2709 3072 2778 et
3089 2722 3370 2780 citharam.
3400 2725 3466 2781 Et
3486 2727 3584 2782 ista
3611 2727 3720 2784 duo
3741 2746 3839 2802 ge-

2245 2827 2371 2867 nera
2396 2812 2656 2868 factorum
2687 2814 3040 2884 impleverunt
3078 2813 3454 2888 Evangelium,
3491 2829 3546 2876 et
3570 2823 3836 2891 praedica-

2243 2914 2332 2962 tur
2351 2908 2403 2962 in
2427 2907 2712 2978 gentibus;
2742 2923 2866 2964 nam
2889 2918 2944 2966 et
2965 2910 3219 2968 miracula
3238 2921 3294 2969 et
3318 2915 3596 2985 passiones
3620 2918 3836 2978 Domini

2245 3001 2621 3072 praedicantur.

2315 3095 2402 3151 l7.
2432 3093 2580 3167 [vers.
2604 3094 2805 3168 10-12.]
2831 3096 2972 3168 Ergo
2992 3100 3223 3156 surrexit
3242 3103 3548 3172 psalterium
3575 3114 3630 3162 et
3654 3109 3836 3165 citha-

2243 3202 2301 3242 ra
2326 3187 2556 3242 diluculo
2575 3229 2589 3252 ,
2620 3197 2676 3243 et
2701 3190 2988 3246 conﬁtetur
3019 3192 3246 3250 Domino
3272 3214 3285 3250 :
3313 3205 3367 3251 et
3395 3199 3522 3268 quid
3549 3201 3662 3256 ait?
3689 3203 3833 3258 Con-

2242 3281 2420 3351 ﬁtebor
2449 3280 2537 3336 tibi
2564 3282 2616 3336 in
2645 3284 2874 3354 pepulis,
2906 3283 3154 3354 Domine,
3187 3298 3234 3343 et
3261 3291 3478 3361 psallam
3509 3294 3597 3347 tibi
3623 3295 3676 3348 in
3700 3314 3834 3367 gen-

2242 3374 2372 3428 tibus
2394 3389 2413 3427 :
2441 3375 2562 3443 quia
2581 3376 2917 3448 magniﬁcam,
2933 3387 3004 3431 est
3030 3395 3184 3449 usque
3207 3382 3276 3434 ad
3301 3384 3450 3437 (talos
3479 3386 3836 3445 misericordia
3915 3376 3928 3383 ἱ

2243 3475 2350 3533 tua,
2377 3474 2426 3521 et
2449 3482 2604 3536 usque
2621 3467 2689 3520 ad
2709 3468 2863 3547 nubes
2883 3472 3064 3526 ueritas
3090 3481 3195 3526 tua.
3217 3471 3350 3529 Caeli
3374 3490 3534 3546 supra
3559 3477 3752 3544 nubes,
3777 3489 3836 3537 et

2241 3558 2410 3615 nubes
2440 3557 2574 3614 infra
2604 3560 2769 3614 caelos
2804 3577 2817 3614 :
2861 3569 2915 3616 et
2943 3569 3123 3618 tamen
3151 3564 3218 3619 ad
3265 3551 3368 3622 huc
3407 3569 3599 3624 omium
3647 3573 3836 3641 proxi-

2242 3665 2387 3704 mum
2425 3652 2694 3722 pertinent
2735 3652 2921 3708 nubes.
2953 3653 3058 3710 Sed
3087 3657 3374 3727 aliquando
3410 3660 3581 3717 nubes
3617 3678 3836 3721 recum-

2243 3743 2373 3799 bunt
2409 3743 2462 3798 in
2501 3745 2799 3812 montibus,
2831 3746 3000 3817 usque
3035 3747 3171 3804 adeo
3196 3749 3249 3805 in
3279 3753 3522 3822 proximo
3546 3771 3670 3811 aere
3697 3772 3836 3813 con~

2241 3837 2622 3908 glomerantur.
2647 3837 2854 3893 Caelum
2885 3848 3060 3894 autem
3091 3855 3302 3897 sursum
3343 3853 3446 3913 est,
3471 3845 3834 3907 habitationes

2240 3929 2595 4000 Angelorum,
2625 3929 2866 3999 Sedium,
2898 3931 3329 3990 Dominationum
3351 3978 3365 4002 ,
3402 3936 3832 4011 Principatuum,

2241 4024 2592 4079 Potestatum.
2615 4023 2745 4078 Illud
2764 4038 2890 4095 ergo
2916 4023 3052 4081 forte
3071 4026 3317 4082 videatur
3335 4028 3495 4084 fuisse
3515 4030 3830 4099 dicendum,

2239 4117 2566 4189 Magnilicata
2599 4125 2682 4173 est
2703 4133 2872 4189 usque
2907 4117 2975 4174 ad
3001 4121 3168 4176 caelos
3201 4122 3394 4177 veritas
3433 4130 3541 4186 tua,
3575 4133 3630 4180 et
3655 4141 3832 4197 usque

2239 4209 2307 4266 ad
2347 4210 2519 4266 nubes
2556 4210 2921 4266 misericordia
2962 4220 3070 4267 tua.
3119 4213 3330 4268 Etenim
3375 4215 3428 4270 in
3463 4215 3600 4272 cmlo
3635 4219 3832 4288 Angeli

2240 4304 2458 4360 laudant
2486 4303 2674 4371 Deum,
2696 4303 2940 4360 videntes
2968 4304 3136 4375 ipsam
3161 4307 3393 4378 speciem
3421 4309 3679 4374 veritatis,
3706 4313 3836 4369 sine

2239 4397 2345 4454 ulla
2369 4396 2593 4468 caligine
2621 4395 2864 4462 visionis,
2893 4396 3011 4452 sine
3039 4383 3450 4468 interpolatione
3468 4401 3488 4432 ²
3513 4401 3688 4472 aliqua
3722 4401 3834 4458 t‘al-

2239 4489 2410 4545 sitatis
2442 4506 2456 4542 :
2483 4487 2689 4553 vident,
2715 4484 2972 4558 diligunt,
2995 4487 3248 4557 laudant,
3279 4505 3388 4545 non
3413 4489 3720 4562 fatigantur.
3754 4493 3837 4551 lbi

2238 4582 2477 4638 veritas:
2516 4579 2604 4636 hic
2629 4587 2809 4636 autem
2835 4580 2890 4635 in
2929 4588 3112 4636 nostra
3157 4581 3372 4638 miseria
3394 4584 3574 4654 utique
3609 4585 3837 4642 miseri-

2238 4674 2435 4730 cordia.
2463 4672 2657 4728 Misero
2689 4674 2831 4729 enim
2865 4673 3152 4744 praebenda
3181 4683 3266 4731 est
3291 4675 3677 4733 misericordia.
3704 4679 3838 4736 Non

2240 4767 2380 4822 enim
2403 4778 2538 4835 opus
2557 4772 2638 4819 est
2659 4764 3023 4820 misericordia
3047 4780 3283 4835 sursum,
3307 4767 3392 4823 ubi
3415 4767 3588 4822 nullus
3613 4778 3694 4824 est
3719 4771 3838 4826 mi-

2240 4875 2349 4915 ser.
2380 4857 2494 4912 Hoc
2538 4863 2820 4926 propterea
2847 4856 2994 4923 dixi,
3042 4859 3165 4928 quia
3194 4857 3406 4914 videtur
3447 4862 3840 4931 congruentius

2240 4949 2344 5007 dici
2366 4949 2622 5020 potuisse,
2647 4948 2978 5019 Magniﬁcata
3003 4959 3087 5005 est
3119 4965 3292 5022 usque
3328 4951 3397 5008 ad
3433 4953 3599 5009 ctelos
3624 4955 3842 5010 veritas

2241 5051 2351 5110 tua,
2384 5049 2438 5097 et
2462 5054 2629 5112 usque
2656 5038 2723 5095 ad
2751 5039 2920 5096 nubes
2947 5041 3313 5098 misericordia
3337 5051 3449 5099 tua.
3476 5044 3654 5100 Nubes
3677 5048 3842 5102 enim

2241 5135 2586 5206 intelligimus
2607 5133 2981 5205 praedicatores
3001 5136 3265 5202 veritatis,
3290 5137 3535 5194 homines
3551 5147 3847 5210 portantes

2242 5227 2397 5284 istam
2435 5240 2652 5282 carnem
2686 5226 3029 5296 caliginosam
3059 5228 3486 5298 quodammodo,
3511 5229 3654 5286 unde
3679 5231 3845 5290 Deus

2242 5329 2296 5375 et
2323 5327 2569 5374 coruscat
2592 5318 2882 5385 miraculis,
2911 5327 2967 5374 et
2991 5328 3138 5375 tonat
3167 5321 3482 5392 praeceptis:
3505 5332 3560 5379 et
3578 5323 3680 5393 ipsi
3701 5336 3849 5381 sunt

2243 5415 2347 5470 illae
2376 5412 2545 5468 nubes
2568 5411 2637 5468 de
2670 5413 2860 5483 quibus
2885 5412 3014 5468 dicit
3035 5413 3198 5470 lsaias
3223 5429 3290 5470 ex
3323 5429 3551 5486 persona
3588 5415 3846 5486 Domini,

2244 5507 2526 5577 increpans
2556 5504 2839 5576 quamdam
2865 5505 3075 5561 vineam
3104 5506 3322 5573 malam,
3349 5509 3609 5576 sterilem,
3641 5510 3847 5579 spino-

2243 5611 2378 5666 sam,
2412 5596 2670 5653 Mandabo
2695 5597 2906 5654 nubibus
2929 5598 3053 5654 meis
3072 5640 3087 5668 ,
3119 5598 3186 5654 ne
3211 5600 3390 5671 pluant
3417 5598 3570 5672 super
3589 5617 3704 5656 eam
3732 5604 3848 5658 im-

2308 5733 2575 5809 i_t\'o_nnulll
2596 5734 2995 5809 cdd.,»qutcretu_r
3266 5735 3293 5790 Ρ
3328 5744 3500 5792 Postea
3540 5737 3661 5790 Edd.
3699 5737 3854 5794 fere-

2242 5797 2378 5858 bant,
2407 5806 2509 5848 Lua:
2524 5798 2701 5862 itaque.
2725 5797 2782 5848 at
2805 5805 2930 5858 Mss,
2956 5799 3114 5851 Luxit.

2313 5862 2336 5894 ³
2367 5859 2592 5926 Plerique
2625 5868 2756 5924 Mss...
2777 5859 3168 5926 interpellatione.
