4038 6468
199 399 314 458 675

1333 395 1730 457 ENARRATIO
1765 397 1834 458 IN
1869 397 2192 463 PSALMUM
2215 406 2372 468 LVII.

3340 424 3347 430 ’
3379 434 3488 494 δτι

198 519 340 572 bram
357 511 516 588 (Isai.
546 527 601 580 ν,
628 510 685 584 6)
717 528 732 569 :
763 509 816 569 id
845 518 945 579 est,
978 509 1244 599 mandabo
1270 514 1542 586 Apostolis
1569 517 1800 585 meis,ut
1901 522 2313 618 praevaricatores
2355 527 2424 582 ad
2445 543 2532 584 cor
2577 529 2737 604 (Isai.
2767 551 2888 595 xm
2911 579 2929 608 ,
2958 542 3035 618 8).
3067 499 3197 614 Quis
3235 553 3380 611 enim
3427 563 3482 612 te

195 608 455 665 deserant
480 605 721 695 Iudaeos,
751 613 806 662 et
830 621 939 661 non
968 605 1078 661 illis
1092 607 1482 678 evangelizent,
1511 609 1605 666 sed
1634 625 1798 717 evan:
1900 609 2080 717 docuit
2097 656 2113 681 ,
2147 616 2292 674 nolle
2319 620 2500 676 accedi
2520 622 2590 678 ab
2612 624 2787 682 altero
2809 629 2877 685 ad
2905 605 3125 693 uxorem
3147 605 3482 717 ωειξῇυῦ

192 701 426 772 gelisent
452 687 686 755 in'terra
715 695 854 754 bona
885 696 1150 766 Gentium,
1179 698 1321 755 unde
1349 715 1457 756 non
1481 701 1670 772 spinae,
1696 699 1795 759 sed

194 790 664 866 uvaeprocedant.
685 789 942 846 Novimus
966 805 1096 862 ergo
1121 791 1292 847 nubes
1317 790 1410 848 Dei
1445 806 1566 849 esse
1595 792 1791 864 praedi-

192 863 410 943 catores
437 886 700 954 veritatis,
723 884 1020 955 Prophetas
1037 925 1054 954 ,
1085 884 1397 956 Apostolos,
1432 863 1621 944 omnes
1646 894 1793 944 recte

193 980 534 1053 proferentes
557 978 782 1037 verbum
801 978 1041 1035 veritatis
1055 986 1124 1050 et
1149 977 1407 1060 habentes
1436 979 1490 1035 in
1521 995 1582 1037 se
1609 981 1790 1037 lumen

188 1074 486 1142 occultum,
514 1072 656 1129 sicut
679 1071 880 1128 habent
903 1071 1074 1128 nubes
1092 1071 1235 1128 unde
1253 1080 1536 1128 coruscant
1569 1090 1583 1128 :
1611 1071 1788 1128 homi-

187 1182 294 1225 nes
318 1183 449 1238 ergo
483 1165 678 1223 nubes.
709 1164 848 1233 Quid
873 1165 972 1222 sibi
1005 1165 1186 1238 itaque
1210 1166 1344 1235 vult,
1381 1166 1628 1236 Domine,
1655 1167 1791 1236 Quia

186 1260 528 1332 magnificam
572 1268 647 1315 est
697 1275 854 1331 usque
909 1258 978 1313 ad
1012 1259 1162 1315 castos
1195 1260 1538 1316 ntisericordia
1575 1270 1691 1328 tua,
1741 1269 1790 1317 et

187 1369 350 1421 usque
373 1352 445 1406 ad
472 1353 631 1408 nubes
665 1352 846 1408 veritas
879 1361 968 1407 tua
985 1353 1013 1408 ?
1040 1351 1252 1410 Veritas
1287 1353 1564 1425 praepollet
1588 1354 1645 1410 in
1671 1355 1787 1410 An-

181 1447 323 1516 gelis
370 1464 385 1502 :
431 1444 529 1502 sed
576 1444 772 1501 dedisti
815 1444 961 1500 illam
1019 1454 1074 1502 et
1123 1445 1458 1514 hominibus,
1505 1453 1561 1504 et
1616 1446 1787 1504 dedu-

184 1539 312 1593 xisti
363 1539 513 1594 illam
565 1553 736 1610 usque
786 1537 856 1593 ad
902 1538 1091 1595 nubes.
1149 1538 1419 1596 Sursum‘
1471 1539 1782 1597 miscricor-

182 1631 266 1686 dia
324 1630 577 1686 videntur
628 1631 818 1702 Angeli
875 1645 984 1686 non
1037 1630 1311 1704 indigere;
1367 1632 1461 1689 sed
1510 1635 1632 1705 quia
1685 1635 1783 1691 ho-

182 1721 360 1776 mines
399 1721 630 1778 miseros
657 1731 714 1778 tu
759 1723 1066 1791 miseraris,
1099 1733 1155 1779 et
1202 1724 1492 1795 praebendo
1534 1725 1639 1782 illis
1681 1727 1782 1782 mi-

179 1814 534 1869 sericordiam
571 1814 1056 1871 communicatione
1095 1816 1503 1873 resurrectionis
1543 1817 1780 1890 Angelos

179 1904 333 1973 facis,
359 1922 530 1978 usque
550 1906 618 1962 ad
633 1907 802 1964 caelos
825 1915 909 1963 est
931 1907 1298 1964 misericordia
1323 1919 1431 1965 tua.
1463 1909 1643 1966 Gloria
1671 1912 1779 1969 Do-

177 2001 328 2056 mino
352 2011 557 2067 nostro,
587 2010 642 2057 et
660 2001 1040 2058 misericordiae
1070 2001 1258 2072 ipsius,
1281 2011 1336 2058 et
1353 2003 1562 2059 veritati
1587 2004 1773 2075 ipsius,

176 2093 300 2163 quia
349 2110 449 2150 nec
513 2093 752 2150 deseruit
795 2109 894 2150 nos
941 2094 1308 2150 misericordia
1359 2094 1536 2153 facere
1592 2095 1777 2154 beatos

175 2202 269 2258 per
291 2188 522 2258 gratiam
559 2201 746 2256 suam,
777 2202 880 2243 nec
912 2186 1180 2242 fraudavit
1223 2202 1322 2243 nos
1346 2188 1572 2246 veritate
1604 2206 1616 2242 :
1651 2190 1776 2260 quia

174 2279 349 2348 primo
377 2279 582 2335 veritas
618 2293 781 2334 carne
821 2287 1006 2349 operta
1033 2278 1178 2335 venit
1221 2279 1289 2335 ad
1319 2295 1418 2336 nos
1437 2322 1454 2348 ,
1483 2291 1537 2337 et
1565 2282 1776 2339 sanavit

173 2386 266 2442 per
294 2387 517 2428 carnem
545 2387 699 2428 suam
727 2371 938 2427 oculum
964 2371 1270 2428 interiorem
1297 2372 1477 2428 cordis
1500 2375 1690 2442 nostri,
1715 2383 1774 2431 ut

172 2478 286 2519 eam
327 2473 514 2534 postea
534 2463 671 2520 facie
697 2462 766 2518 ad
807 2461 1000 2520 faciem
1037 2463 1217 2520 videre
1251 2478 1532 2535 possemus
1558 2466 1615 2540 (l
1647 2466 1783 2529 Cor.

169 2571 281 2622 xm,
318 2555 388 2611 12
406 2556 445 2627 ).
476 2557 710 2627 Agentes
736 2571 865 2627 ergo
889 2555 964 2611 illi
991 2555 1208 2628 gratias,
1237 2554 1479 2612 dicamus
1504 2572 1624 2612 cum
1651 2557 1770 2628 ipso

171 2648 386 2704 Pssimo
413 2647 628 2704 ultimos
654 2663 840 2705 versus
863 2691 878 2716 ,
907 2664 1040 2720 quos
1060 2647 1561 2720 jamdudumetiam
1587 2649 1725 2705 dixit
1751 2667 1764 2705 :

169 2740 418 2799 Exaltare
443 2759 597 2814 super
622 2743 773 2799 oculos
799 2741 959 2806 Deus,
983 2751 1030 2798 et
1046 2759 1199 2815 super
1226 2760 1423 2798 omnem
1449 2753 1635 2798 terram
1653 2742 1769 2815 glo-

168 2837 242 2892 ria
268 2847 383 2891 tua.
430 2835 546 2893 Hoc
571 2837 714 2891 enim
742 2835 794 2892 ei
833 2835 966 2891 dixit
992 2834 1255 2906 Propheta
1290 2846 1414 2891 ante
1448 2844 1524 2891 tot
1549 2851 1719 2892 annos
1750 2853 1764 2892 :

169 2932 266 2984 hoc
297 2927 461 2990 modo
490 2927 735 2984 videmus
757 2943 890 2995 nos;
920 2927 1023 2984 hoc
1048 2943 1176 2999 ergo
1196 2928 1436 2984 dicamus
1461 2937 1515 2984 et
1544 2944 1664 2985 nos.

606 3098 688 3160 IN
730 3086 1110 3160 PSALMUM
1144 3097 1311 3160 LVII

676 3205 680 3214 '
762 3218 1184 3277 ENARBATIO.

667 3331 838 3375 SEBIIO
889 3331 958 3371 AD
1010 3331 1234 3373 PLEBEI.

229 3418 284 3473 1.
320 3415 467 3490 [νει-ι.
525 3415 550 3469 1
581 3455 597 3483 ,
649 3410 732 3484 2.]
758 3411 873 3467 Vox
901 3426 1057 3482 quam
1087 3407 1445 3474 cantavimus,
1495 3407 1782 3494 audienda

164 3510 325 3565 nobis
378 3507 545 3578 magis
587 3513 706 3572 est,
759 3519 918 3575 quam
970 3501 1266 3558 clamando.
1301 3501 1560 3557 Omnibus
1589 3502 1756 3557 ‘enim

163 3614 422 3676 tanquam
451 3601 502 3656 in
530 3592 788 3656 concione
812 3597 1024 3668 generis
1055 3595 1272 3650 humani
1301 3595 1498 3650 veritas
1523 3595 1716 3650 clamat
1742 3613 1756 3651 :

165 3697 222 3753 Si
245 3674 366 3750 rere
396 3696 565 3765 utique
581 3692 838 3765 justitiam
860 3689 1122 3760 loquimini
1141 3730 1156 3755 ,
1187 3698 1326 3743 recta
1352 3689 1586 3760 judicate
1615 3696 1645 3757 ,‘
1663 3674 1780 3776 ﬁliii

165 3791 455 3844 hominum.
477 3785 570 3841 Cui
604 3786 744 3840 enim
777 3784 958 3854 iniquo
986 3798 1090 3836 non
1121 3780 1276 3836 facile
1307 3790 1388 3836 est
1417 3781 1559 3852 laqui
1597 3781 1756 3852 justi-

167 3883 334 3938 tiam?
363 3891 462 3936 aut
489 3880 609 3951 quis
631 3880 700 3935 de
724 3878 927 3949 justitia
977 3877 1337 3948 interrogatus
1357 3918 1371 3944 ,
1405 3877 1619 3947 quando
1651 3893 1754 3931 non

164 3962 323 4033 habet
350 3991 592 4040 causam,
618 3989 724 4029 non
755 3971 909 4028 facile
925 3971 1250 4041 respondeat
1273 3971 1400 4042 quid
1430 3971 1499 4024 sit
1523 3968 1760 4041 justum!

163 4067 604 4138 Quandoquidem
636 4081 792 4118 manu
825 4062 1130 4118 formatoris
1160 4063 1329 4117 nostri
1375 4062 1428 4116 in
1483 4062 1610 4132 ipsis
1637 4065 1782 4117 cor-'

162 4161 315 4216 dibus
340 4159 542 4213 nostris
569 4158 766 4212 veritas
797 4155 1010 4225 scripsit
1039 4171 1056 4209 :
1088 4154 1238 4222 Quod
1261 4154 1348 4207 tibi
1373 4171 1471 4207 non
1499 4155 1572 4207 vis
1608 4155 1720 4244 ﬁeri
1738 4197 1753 4222 ,

163 4271 222 4308 ne
253 4255 424 4326 facias
449 4251 592 4306 alteri
619 4248 768 4317 (Tob.
801 4264 894 4315 ιν,
924 4246 990 4302 16
1012 4289 1026 4314 ,
1051 4257 1096 4302 et
1128 4245 1319 4301 Matth.
1350 4262 1459 4313 vn,
1502 4246 1610 4318 12).
1646 4247 1757 4302 lloc

160 4355 212 4404 et
235 4359 531 4414 antequam
559 4332 670 4398 Lex
698 4341 914 4396 daretur
958 4353 1116 4424 nemo
1139 4419 1144 4424 ι
1167 4339 1414 4409 ignorare
1462 4339 1756 4408 permissus
1779 4335 1782 4342 ί

161 4449 279 4508 est,
309 4449 373 4494 ut
403 4446 545 4492 esset
573 4435 715 4491 unde
761 4419 1210 4518 judicarentur‘et
1253 4432 1449 4502 quibus
1490 4425 1754 4515 Lexdnon

161 4541 304 4590 esset
330 4532 480 4588 data.
505 4528 608 4585 Sed
637 4544 703 4583 ne
729 4527 829 4582 sibi
859 4525 1102 4580 homines
1131 4523 1326 4594 aliquid
1354 4522 1586 4578 defuisse
1610 4539 1755 4594 quaa-

161 4633 420 4682 rerentur
438 4665 453 4690 ,
479 4621 735 4690 scriptum
759 4627 919 4674 estet
945 4618 1000 4672 in
1031 4616 1224 4671 tabulis
1250 4615 1390 4687 quod
1427 4616 1477 4670 in
1504 4616 1754 4671 cordibus

161 4733 263 4773 non
289 4701 563 4787 legebant.
584 4711 702 4768 Non
730 4711 873 4767 enim
903 4695 1166 4780 scriptum
1186 4723 1290 4763 non
1318 4707 1625 4800 habebant,
1659 4708 1754 4763 sed

162 4810 338 4880 legere
369 4806 642 4863 nolebant.
673 4793 986 4875 Oppositum
1032 4810 1113 4856 est
1162 4801 1329 4857 oculis
1375 4797 1576 4855 eorum
1612 4801 1754 4872 quod

161 4903 210 4957 in
237 4899 573 4958 conscientia
600 4897 780 4952 videre
806 4903 1160 4966 cogerentur;
1191 4902 1242 4949 et
1278 4893 1428 4964 quasi
1458 4892 1755 4972 forinsecus

160 4996 378 5050 admota
420 5007 550 5046 voce
580 4989 712 5056 Dei,
743 4988 810 5044 ad
836 4987 1088 5042 interiora
1113 5001 1208 5041 sua
1234 4984 1398 5040 homo
1447 4985 1754 5056 compulsus

159 5097 241 5143 est
263 5127 282 5154 ,
316 5085 528 5140 dicente
556 5082 866 5152 Scriptura:
907 5078 975 5134 In
1015 5078 1398 5150 cogitationibus
1441 5079 1573 5132 enim
1609 5079 1754 5162 impii

159 5176 488 5248 interrogatio
509 5175 601 5229 erit
625 5165 780 5246 (Sap.
815 5188 867 5238 ι,
895 5169 973 5242 9).
1002 5171 1104 5227 Ubi
1133 5170 1460 5242 interrogatio
1483 5211 1500 5238 ,
1529 5169 1602 5226 ibi
1644 5169 1749 5226 lex.

157 5271 263 5328 Sed
295 5270 414 5343 quia
445 5268 692 5324 homines
713 5274 1027 5338 appetentes
1047 5279 1247 5348 eaquae
1274 5263 1404 5319 foris
1427 5272 1570 5329 sunt,
1594 5265 1752 5318 etiam

158 5378 190 5419 ι
212 5363 412 5434 seipsis
437 5361 655 5418 exsules
680 5358 804 5414 iacti
833 5365 983 5426 sunt,
1001 5357 1122 5413 data
1145 5366 1228 5413 est
1251 5356 1412 5412 etiam
1451 5355 1753 5426 conscripta
1855 5356 2104 5413 homines
2123 5355 2548 5460 attinetLiﬁstibi
2571 5355 2705 5460 alius
2725 5356 2875 5413 testis
2903 5357 2992 5428 qui
3021 5371 3125 5460 non
3155 5355 3314 5460 viden

1780 5441 1786 5450 ’
1854 5450 2044 5506 videt:
2075 5457 2131 5506 et
2175 5449 2266 5504 ille
2293 5447 2389 5504 tibi
2420 5462 2608 5503 aurum
2653 5448 2706 5504 in
2755 5455 2966 5504 secreto
3011 5454 3066 5503 et
3093 5447 3146 5502 in
3193 5445 3442 5504 cubiculo

1781 5531 1788 5546 ’
1857 5550 1949 5598 tuo
1971 5584 1987 5610 ,
2017 5541 2152 5597 forte
2179 5540 2401 5597 remotis
2425 5541 2676 5597 omnibus
2709 5539 2922 5597 arbitris
2945 5581 2960 5607 ,
2992 5539 3388 5595 commendavit
3422 5555 3437 5608 ;

157 5457 250 5514 lex
282 5475 298 5512 :
331 5472 437 5512 non
466 5452 589 5527 quia
616 5455 672 5509 in
697 5452 947 5511 cordibus
973 5451 1168 5539 scripta
1197 5465 1304 5506 non
1326 5457 1474 5516 erat;
1505 5448 1598 5505 sed
1629 5449 1754 5539 quia

158 5557 214 5604 In
241 5548 497 5619 fugitivus
517 5561 639 5604 eras
677 5545 856 5602 cordis
901 5533 1014 5612 tui,
1043 5543 1130 5599 ab
1181 5543 1272 5598 illo
1298 5543 1386 5614 qui
1430 5541 1622 5612 ubique
1671 5537 1755 5597 est

155 5639 641 5712 comprehenderis
674 5681 690 5705 ,
743 5647 796 5694 et
841 5636 908 5693 ad
967 5635 1202 5708 teips’um
1265 5637 1404 5690 intro
1461 5633 1750 5690 revocaris.

156 5733 455 5804 Propterea
483 5733 684 5803 scripta
703 5731 789 5788 lex
817 5731 942 5804 quid
971 5731 1166 5786 clamat
1195 5730 1274 5785 eis
1294 5729 1384 5799 qui
1406 5727 1782 5814 deseruerunt.

155 5825 338 5898 legem
359 5825 613 5899 scriptam
633 5825 686 5880 in
705 5823 958 5881 cordibus
988 5824 1098 5882 suis
1127 5821 1301 5896 (Rom.
1333 5835 1392 5890 ιι,
1419 5815 1547 5892 l5)?
1574 5818 1755 5876 Redite

221 5959 245 5998 ⁸
279 5968 458 6019 Omna
476 5969 604 6026 κει,
623 5967 820 6014 Rursus.

1901 702 2193 775 tedocuit,
2244 711 2389 768 nolle
2414 712 2509 768 tibi
2538 713 2738 773 furtum
2789 719 2945 778 fieri?
2990 725 3209 797 quis‘te
3249 702 3480 806 docuit,

1873 849 1876 852 .
1896 796 2038 853 nolle
2061 799 2306 870 injuriam
2333 805 2478 875 pati,
2505 815 2563 863 et
2587 809 2841 882 quidquid
2862 796 3116 875 aliudve!
3163 796 3484 884 universali;

1877 896 1978 994 ter
2003 892 2088 947 vel
2126 896 2518 966 particulariter
2541 900 2644 958 dici
2672 907 2886 974 potest?
2935 908 3098 970 Multa
3140 917 3287 974 enim
3310 931 3474 994 sunt,

1891 979 1962 1038 de
1987 984 2182 1055 quibus
2206 989 2430 1061 singulis
2479 993 2790 1069 interrogati
2842 1000 3123 1075 homines,
3165 1011 3309 1068 clara
3346 979 3482 1074 voce

1891 1078 2281 1176 respondeant,
2309 1084 2454 1142 nolle
2473 1100 2534 1144 se
2559 1091 2688 1160 pati.
2713 1092 2826 1174 Age
2847 1134 2865 1163 ,
2897 1095 2942 1150 si
2966 1112 3072 1154 non
3100 1101 3180 1156 vis
3203 1103 3313 1175 pati
3340 1105 3440 1162 ista
3459 1145 3478 1176 ,

1891 1169 2150 1240 numquid
2179 1173 2326 1231 solus
2349 1191 2410 1233 es
2436 1175 2637 1238 homo?
2658 1171 2839 1241 nonne
2858 1186 2910 1242 in
2935 1169 3361 1252 societate—vivis
3376 1169 3476 1270 ge;

1889 1260 2036 1318 neris
2060 1261 2312 1322 humani?
2343 1268 2445 1339 Qui
2474 1281 2648 1330 tecum
2674 1275 2850 1336 factus
2873 1291 2993 1351 est,
3024 1286 3201 1343 socius
3233 1277 3352 1346 tuus
3372 1260 3475 1362 est;

1888 1359 1943 1408 et
1961 1369 2150 1454 omnes
2168 1356 2292 1415 facti
2321 1360 2388 1417 ad
2416 1362 2700 1436 imaginem
2725 1369 2853 1437 Dei,
2882 1373 2998 1430 nisi
3014 1379 3238 1435 terrenis
3263 1356 3478 1454 cupidi;

1889 1443 2084 1502 tatibus
2115 1457 2397 1508 conteram
2423 1456 2563 1525 quod
2595 1457 2686 1514 ille
2713 1458 2982 1519 formavit.
3023 1458 3190 1534 "Quod
3228 1443 3357 1545 ergo
3387 1475 3476 1530 tibi

1886 1554 1988 1594 non
2006 1541 2078 1596 vis
2101 1543 2244 1611 ﬁeri,
2281 1546 2389 1601 noli
2413 1549 2562 1604 alteri
2601 1551 2786 1622 facere.
2832 1554 3048 1615 Iudicas
3087 1562 3228 1619 enim
3275 1541 3475 1624 malum

1885 1645 2006 1688 esse
2043 1634 2094 1689 in
2117 1651 2184 1691 eo
2209 1639 2353 1708 quod
2379 1642 2488 1710 pati
2518 1659 2625 1700 non
2652 1641 2733 1702 vis
2763 1665 2777 1702 :
2807 1659 2864 1704 et
2892 1649 2995 1708 hoc
3042 1663 3092 1709 te
3119 1658 3261 1728 cogit
3313 1676 3474 1720 nosse

1883 1723 1971 1780 lex
1997 1725 2181 1783 intima
2206 1770 2222 1795 ,
2254 1730 2306 1786 in
2354 1732 2472 1804 ipso
2502 1744 2592 1792 tuo
2618 1739 2782 1796 corde
2806 1741 3128 1818 conscripta.
3173 1723 3430 1810 Ii‘aciebas
3453 1797 3468 1824 ,

1881 1823 1938 1870 et
1961 1817 2290 1878 clamabatur
2316 1823 2457 1881 inter
2504 1843 2694 1887 manus
2742 1843 2900 1891 tuas:
2953 1817 3222 1909 quemodo
3263 1817 3472 1917 cogeris

1882 1907 2058 1964 redire
2081 1910 2147 1966 ad
2178 1927 2274 1968 cor
2310 1924 2493 1986 tuum,
2525 1934 2649 1977 cum
2703 1923 2807 1980 hoc
2854 1907 3054 1997 pateris
3092 1932 3232 1988 inter
3279 1907 3470 1996 manus

1879 2001 2080 2061 alienas
2099 2005 2129 2098 ?ﬁ
2142 2005 2364 2064 Furtum
2395 2010 2592 2068 bonum
2614 2016 2740 2070 est?
2776 2017 2914 2074 Non.
2955 2021 3228 2098 Interrogo
3256 2044 3272 2082 :
3302 2029 3471 2087 Adul-

1879 2095 2074 2151 terium
2117 2097 2315 2156 bonum
2340 2099 2461 2159 est?
2513 2106 2711 2165 Omnes
2738 2111 3012 2170 clamant:
3043 2095 3183 2174 Non:
3232 2121 3470 2179 Homici-

1878 2187 2026 2245 dium
2055 2191 2256 2249 bonum
2281 2198 2407 2251 est?
2446 2198 2646 2257 Onin'es
2676 2203 2906 2262 clamant
2937 2208 3192 2267 detestari
3222 2228 3301 2269 se.
3329 2216 3470 2272 ϐοιιά

1876 2282 2151 2352 cupiscere
2173 2301 2286 2341 rem
2317 2290 2546 2358 proximi
2568 2285 2766 2350 bonum
2793 2299 2916 2353 est?
2942 2293 3081 2369 Non,
3101 2319 3206 2359 vox
3228 2295 3466 2363 omnium

1877 2383 1978 2431 est.
2010 2377 2118 2432 Aut
2140 2379 2182 2434 si
2209 2380 2385 2438 adhuc
2411 2398 2520 2440 non
2545 2388 2854 2458 confiteris,
2895 2395 3101 2451 accedit
3116 2385 3219 2468 'qui
3269 2415 3467 2457 concu-

1874 2469 2045 2539 piscat
2067 2486 2180 2528 rem
2208 2482 2352 2531 tuam
2379 2495 2395 2532 :
2428 2479 2637 2549 placeat
2656 2482 2752 2538 tibi
2773 2525 2788 2550 ,
2820 2493 2876 2541 et
2903 2489 3171 2560 responde
3199 2493 3342 2564 quod
3363 2495 3464 2551 vis.

1873 2559 2074 2619 Omnes
2111 2579 2240 2637 ergo
2277 2567 2347 2624 de
2375 2567 2460 2625 his
2506 2573 2667 2630 rebus
2697 2559 3040 2649 interrogati,
3069 2559 3322 2640 "clamant
3349 2585 3466 2644 haec

1872 2652 2011 2709 bona
2038 2672 2145 2711 non
2174 2672 2313 2715 esse.
2346 2660 2552 2719 Rursus
2577 2665 2646 2721 de
2690 2667 2966 2726 beneficiis
2988 2712 3005 2740 ,
3060 2689 3167 2730 non
3198 2677 3368 2734 solum
3395 2679 3464 2737 de

1871 2761 1976 2802 non
2006 2744 2250 2807 nocendo
2274 2793 2289 2818 ,
2317 2769 2504 2811 verum
2531 2758 2693 2814 etiam
2731 2759 2799 2816 de
2829 2764 3133 2832 praestando
3178 2777 3337 2840 atque
3366 2772 3462 2826 tri-

1868 2837 2103 2896 buendo.
2129 2843 2492 2918 lnterrogatur
2516 2852 2691 2906 omnis
2714 2853 2890 2909 anima
2918 2858 3159 2915 esuriens
3185 2901 3199 2925 ,
3233 2837 3457 2919 Famem

1869 2932 2100 3000 pateris;
2133 2935 2269 2990 alius
2298 2936 2455 2993 habet
2481 2956 2708 3010 panem,
2739 2953 2793 2999 et
2826 2932 3089 3003 redundat
3109 2950 3155 3004 ei
3182 2951 3318 3008 ultra
3345 2955 3458 3009 suf-

1868 3019 2196 3096 ficientiam,
2222 3030 2368 3086 novit
2398 3021 2450 3088 te
2491 3023 2686 3106 egere,
2718 3031 2848 3094 non
2894 3039 3022 3096 dat:
3065 3041 3310 3114 displicet
3364 3048 3457 3104 tibi

1867 3118 2120 3175 esurienti
2144 3139 2159 3189 ;
2205 3121 2487 3195 displiceat
2513 3135 2568 3182 et
2592 3128 2786 3185 satiato
2807 3172 2823 3199 ,
2850 3147 2969 3187 cum
2999 3134 3226 3190 alterum
3255 3140 3460 3197 esurire

1775 3229 1779 3236 ·
1865 3215 2204 3283 cognoveris.
2253 3217 2575 3290 Peregrinus
2618 3231 2763 3304 tecto
2804 3211 3048 3298 indigens
3079 3233 3226 3286 venit
3275 3233 3327 3287 in
3360 3249 3458 3305 pa-
3505 3257 3513 3264 ·

1867 3305 2022 3362 triam
2050 3317 2193 3363 tuam
2214 3303 2359 3376 ,non
2409 3315 2698 3385 suscipitur
2726 3303 2763 3370 :7
2796 3318 2884 3374 ille
2916 3328 3042 3377 tunc
3070 3312 3264 3378 clamat
3294 3303 3456 3380 inhu-

1865 3405 2098 3455 manam
2123 3418 2242 3458 esse
2295 3404 2440 3459 illam
2468 3406 2736 3463 civitatem
2761 3451 2776 3476 ,
2812 3411 2966 3468 facile
3011 3415 3152 3483 apud
3199 3414 3454 3474 barbaros

1861 3491 1963 3545 sibi
1993 3506 2110 3548 esse
2132 3495 2367 3565 potuisse
2393 3498 2674 3570 refugium.
2717 3501 2890 3558 Sentit
2921 3503 3254 3575 iniquitatem
3275 3550 3290 3576 ,
3319 3509 3443 3580 quia

1861 3585 2103 3656 patitur:
2138 3597 2192 3643 tu
2223 3589 2356 3646 forte
2385 3607 2490 3647 non
2523 3595 2692 3650 sentis
2715 3610 2730 3661 ;
2754 3595 2848 3651 sed
2875 3606 3088 3676 oportet
3114 3608 3170 3655 ut
3198 3609 3253 3657 et
3281 3611 3330 3658 te
3357 3618 3454 3658 eoo

1861 3679 1996 3750 gites
2019 3673 2361 3752 peregrinum
2386 3726 2401 3751 ,
2424 3693 2479 3741 et
2499 3685 2679 3742 videas
2705 3688 2976 3758 quomodo
3005 3673 3096 3748 tibi
3123 3694 3292 3762 possit
3335 3694 3450 3750 dis-

1862 3774 2062 3845 plicere
2085 3775 2175 3846 qui
2207 3777 2299 3833 tibi
2331 3793 2437 3833 non
2469 3780 2775 3850 priestiterit
2813 3782 2955 3852 quod
2987 3793 3042 3838 tu
3079 3784 3130 3839 in
3164 3787 3330 3855 patria
3362 3779 3452 3844 tea

1860 3883 1968 3922 non
1997 3868 2075 3922 vis
2105 3869 2388 3939 peregrino
2415 3880 2690 3941 praestare.
2733 3866 3008 3945 Interrogo
3052 3875 3239 3934 omnes
3265 3896 3280 3934 :
3313 3878 3476 3935 Vera‘

1860 3970 1985 4017 sunt
2009 3960 2160 4016 haec?
2193 3958 2353 4019 Vera.
2378 3963 2528 4018 Justa
2547 3957 2683 4039 sunt
2709 3965 2825 4022 h:ec
2845 3967 2869 4020 ?
2888 3967 3060 4023 Justa.

1897 4061 1902 4063 ·
1929 4053 1985 4106 2.
2013 4053 2117 4109 Sed
2147 4047 2418 4109 Psalmum‘
2444 4049 2622 4112 audite
2644 4043 2663 4112 ἐ
2695 4058 2756 4112 Si
2783 4075 2896 4114 vere
2927 4075 3048 4131 ergo
3085 4061 3332 4130 iustitiam
3365 4063 3449 4119 lo-

1857 4148 2097 4218 quimini,
2127 4158 2263 4202 recta
2277 4149 2542 4219 judicate,
2568 4153 2665 4221 ﬁlii
2690 4153 2969 4208 hominum.
2996 4156 3112 4211 Non
3142 4159 3211 4212 sit
3230 4159 3448 4240 Justitia

1860 4240 2119 4294 labiorum
2140 4234 2160 4307 ’,
2187 4240 2282 4295 sed
2309 4250 2362 4297 et
2391 4243 2669 4297 factorum.
2699 4244 2754 4299 Si
2787 4246 2929 4300 enim
2954 4247 3112 4303 aliter
3145 4234 3259 4320 agis
3283 4267 3442 4320 quam

1857 4328 2091 4399 quueris
2115 4371 2130 4396 ,
2161 4328 2296 4398 bona
2330 4330 2564 4400 loqueris
2585 4374 2598 4397 ,
2656 4341 2710 4388 et
2761 4336 2899 4391 male
2923 4335 3151 4406 iudicas.
3200 4338 3256 4394 Si
3304 4341 3444 4395 enim

1857 4423 1971 4493 agis
2001 4422 2267 4492 quomodo
2291 4422 2542 4492 judicas?
2566 4425 2925 4497 Interrogatus
2953 4429 3078 4499 quid
3105 4427 3176 4485 Sit
3214 4433 3406 4488 melius
3428 4475 3443 4502 ,
3473 4437 3477 4440 ’

1781 4518 1786 4526 ’
1857 4530 2046 4569 aurum
2076 4529 2142 4568 an
2167 4513 2331 4582 fides,
2359 4530 2464 4570 non
2495 4531 2664 4588 usque
2699 4518 2834 4575 adeo
2861 4535 3144 4590 perversus
3182 4532 3235 4578 et
3261 4523 3446 4582 devius

1856 4622 1915 4664 es
1943 4607 2012 4663 ab
2040 4607 2185 4663 omni
2217 4609 2439 4666 veritate
2459 4651 2474 4678 ,
2505 4620 2561 4666 ut
2590 4627 2778 4666 aurum
2829 4615 3020 4669 melius
3047 4629 3167 4671 esse
3214 4633 3440 4688 respon-

1857 4700 1986 4756 deas
2015 4719 2029 4755 :
2059 4701 2328 4772 praeponis
2347 4717 2478 4772 ergo
2505 4702 2862 4775 interrogatus
2881 4721 3014 4761 auro
3038 4705 3196 4762 fidem
3225 4725 3238 4774 ;
3293 4709 3447 4766 locu--

1782 4797 1785 4801 ‘
1859 4803 1943 4848 tus
1968 4807 2027 4849 es
2048 4793 2330 4864 justitiam.
2359 4795 2567 4851 Audisti
2591 4796 2904 4853 Psalmum?
2933 4796 2995 4854 Si
3013 4815 3125 4854 vere
3144 4817 3262 4872 ergo
3289 4802 3446 4874 justi-

1858 4891 1979 4944 tiam
2000 4890 2288 4964 loquimini,
2329 4900 2466 4946 recta
2497 4893 2756 4964 judicate,
2808 4891 2906 4963 ﬁlii
2951 4893 3232 4950 hominum.
3264 4889 3480 4953 Et‘ubi'

1855 4983 2094 5054 probabo
2119 5000 2223 5038 non
2257 4992 2309 5039 te
2348 4984 2420 5038 ita
2452 4992 2509 5038 ut
2549 4984 2756 5039 locutus
2802 4998 2862 5040 es
2909 4985 3191 5056 judicare?
3218 4987 3336 5044 Jam
3371 4991 3482 5044 ιιι-³

1857 5089 1961 5132 nco
1999 5077 2406 5146 responsionem
2454 5085 2594 5130 tuam
2645 5087 3044 5147 praeponentem
3089 5094 3222 5136 auro
3259 5080 3435 5136 ﬁdem.

1783 5171 1786 5175 ’
1856 5169 1995 5225 Ecce
2021 5170 2202 5224 nescio
2223 5170 2365 5224 unde
2391 5169 2595 5224 amicus
2617 5169 2805 5238 venit,
2829 5179 2883 5227 et
2907 5158 3054 5243 nullo
3084 5181 3219 5229 teste
3247 5187 3436 5228 aurum

1855 5261 2285 5325 commendavit;
2317 5259 2467 5315 solus
2493 5260 2595 5315 hoc
2636 5261 2829 5331 novit,
2870 5271 2925 5319 et
2973 5253 3063 5330 tu,
3091 5271 3346 5334 quantum
3373 5263 3438 5318 ad

1855 5341 2104 5413 homines
2123 5341 2330 5411 attinet.
2363 5354 2548 5410 Estibi
2571 5340 2705 5412 alius
2725 5356 2875 5413 testis
2903 5357 2992 5428 qui
3021 5371 3125 5412 non
3155 5355 3367 5412 videtur
3389 5364 3444 5412 et

1857 5634 2009 5690 testis
2037 5633 2127 5705 qui
2151 5631 2334 5702 adest,
2362 5646 2469 5688 non
2497 5633 2551 5688 in
2570 5632 2813 5689 cubiculo
2849 5629 3003 5686 adest
3020 5631 3280 5702 parietum
3305 5670 3321 5697 ,
3348 5628 3442 5686 sed

1855 5725 1910 5782 in
1932 5725 2194 5792 cubilibus
2212 5725 2662 5782 conscientiarum
2681 5733 3000 5780 vestrarum.
3033 5722 3442 5780 Commendavit

1856 5821 1949 5881 ille
1971 5832 2130 5896 atque
2157 5822 2444 5892 discessit,
2471 5821 2600 5878 nulli
2629 5834 2849 5877 suorum
2873 5826 3060 5875 notum
3103 5818 3230 5876 fecit
3247 5856 3264 5888 ,
3314 5817 3439 5875 red-

1778 5917 1783 5924 ’
1861 5917 2058 5976 iturum
2086 5932 2144 5974 se
2190 5930 2442 5991 sperans,
2474 5913 2625 5974 etab
2647 5912 2822 5972 amico
2847 5910 2991 5987 quod
3016 5912 3239 5975 dederat
3285 5929 3440 5973 recc-
