4038 6460
588 388 694 449 675
1815 384 1874 447 8.
1914 380 2279 446 AUGUSTINI
2316 384 2621 450 EPISCOPI

550 491 562 501 ⁶
588 521 798 583 piarum
827 526 841 564 :
873 517 934 566 ut
957 509 1187 567 iiumana
1220 516 1374 572 sunt,
1398 515 1638 563 mortuus
1655 514 1770 575 est,
1794 505 1953 561 habet
1985 504 2160 561 haere-

583 604 746 669 dem,
777 601 991 671 reliquit
1021 601 1221 666 tilium;
1249 600 1458 670 ignorat
1483 598 1622 653 ﬁlius
1635 596 1759 668 quid
1776 604 1927 666 pater
1955 595 2161 650 habue-

585 698 651 751 rit
677 738 691 761 ,
720 695 844 766 quid
869 694 961 750 tibi
982 694 1454 750 commendaverit.
1486 693 1579 746 Eia
1608 701 1664 745 tu
1689 690 1824 758 redi,
1861 689 1995 757 redi,
2022 703 2159 759 prat-

580 791 862 856 varicator,
887 788 955 843 ad
974 803 1099 854 cor,
1121 787 1194 842 ibi
1224 787 1418 856 scripta
1440 786 1523 840 lex
1549 794 1661 842 est:
1679 782 1826 852 Quod
1849 783 1937 838 tibi
1961 800 2064 837 non
2086 784 2161 839 vis

582 882 723 951 ﬁeri,
756 881 929 935 aliine
973 879 1166 952 feceris.
1190 877 1441 948 Teipsum
1489 877 1661 947 Cogita
1706 875 2112 937 commendasse
2139 915 2155 942 ,

579 973 708 1033 nulli
742 980 954 1027 tuorum
971 971 1191 1037 dixisse,
1215 978 1483 1024 mortuum
1504 983 1644 1031 esse,
1667 967 1831 1023 tilium
1858 968 2161 1037 reliquisse;

578 1065 704 1136 quid
724 1068 774 1120 ei
804 1065 966 1121 velles
985 1080 1015 1118 a
1040 1074 1130 1119 tuo
1149 1063 1321 1121 amico
1348 1060 1585 1131 prmstari
1606 1060 1629 1114 ?
1652 1061 1958 1132 Responde,
1980 1059 2157 1130 judica

576 1171 793 1213 causam
821 1173 835 1209 :
879 1154 1076 1225 judicia
1103 1154 1119 1185 ¹
1151 1153 1383 1208 tribunal
1412 1161 1493 1207 est
1543 1152 1595 1207 in
1628 1159 1809 1207 mente
1840 1160 1960 1215 tua;
2007 1150 2158 1205 sedet

577 1248 649 1303 ibi
674 1249 810 1304 Deus
835 1288 850 1314 ,
879 1248 1032 1303 adest
1056 1247 1352 1302 accusatrix
1379 1245 1702 1300 conscientia
1724 1286 1737 1309 ,
1776 1252 1946 1299 tortor
1974 1244 2152 1298 timor.

575 1340 633 1395 In
660 1341 820 1395 rebus
843 1340 1088 1395 immanis
1132 1355 1210 1404 es,
1242 1338 1295 1392 in
1320 1338 1574 1391 societate
1597 1336 1825 1391 humana
1859 1333 2150 1390 detineris:

573 1433 747 1502 cogita
773 1432 898 1502 quid
927 1431 1092 1486 velles
1132 1429 1371 1499 praestari
1425 1428 1532 1483 tilio
1560 1437 1650 1483 tuo
1699 1428 1769 1483 ab
1811 1428 1989 1482 amico
2040 1434 2150 1481 tuo.

572 1523 703 1580 Novi
724 1524 850 1595 quid
875 1523 966 1577 tibi
1010 1520 1334 1591 respondeat
1358 1520 1610 1590 cogitatio
1637 1528 1723 1574 tua
1754 1537 1767 1573 :
1816 1520 1895 1574 sic
1925 1517 2105 1588 judica
2132 1558 2149 1585 ,

570 1618 709 1674 sicut
732 1617 905 1672 audis.
935 1615 1118 1671 iudica
1142 1657 1157 1681 ,
1181 1632 1281 1671 vox
1303 1616 1407 1671 erit
1428 1618 1470 1668 ³.
1502 1615 1613 1669 Vox
1641 1613 1881 1669 veritatis
1912 1627 2014 1666 non
2070 1620 2151 1665 ta-

569 1718 695 1775 cet;
726 1726 831 1764 non
863 1710 1017 1765 labiis
1062 1709 1288 1775 clamat,
1344 1709 1439 1763 sed
1485 1707 1805 1763 vociferatur
1832 1722 1895 1761 ex
1947 1704 2147 1760 corde:

567 1803 764 1859 adhibe
788 1819 1010 1867 aurem;
1066 1802 1139 1856 ibi
1189 1810 1305 1857 esto
1352 1816 1474 1859 cum
1524 1802 1632 1855 lilio
1660 1798 1816 1854 amici
1863 1798 1956 1852 tui.
1992 1796 2150 1851 Vides

565 1895 794 1951 fortasse
822 1895 981 1948 etiam
1016 1893 1337 1962 indigentem
1367 1893 1543 1961 vagari
1570 1891 1621 1956 ⁸,
1669 1891 1997 1946 nescientem
2022 1879 2148 1958 quid

565 1997 718 2059 pater
742 1988 859 2058 ejus
886 1987 1164 2051 habuerit,
1197 1986 1283 2040 ubi
1324 1985 1599 2055 posuerit,
1622 1984 1708 2038 cui
1729 1981 2147 2057 commendave-

561 2081 673 2136 rit:
706 2082 878 2150 cogita
903 2088 958 2134 et
996 2079 1161 2134 tilium
1194 2087 1338 2135 tuttm
1361 2119 1375 2143 ,
1434 2077 1516 2131 fac
1569 2076 1719 2131 illum
1770 2076 1950 2129 vivere
1984 2088 2143 2144 quem

562 2171 862 2228 contemnis
910 2180 1207 2236 mortuum,
1268 2178 1317 2224 te
1368 2176 1635 2223 mortuum
1688 2168 1864 2237 cogita
1892 2176 1950 2220 ut
1975 2166 2141 2220 vivas.

561 2265 669 2322 Sed
718 2265 858 2320 aliud
896 2264 1048 2333 jubet
1073 2263 1325 2325 avaritia,
1370 2262 1522 2331 jubet
1546 2268 1732 2315 contra
1764 2259 1972 2324 Deum;
2006 2258 2146 2315 Deus

561 2357 702 2413 aliud
727 2398 743 2425 ,
773 2356 914 2411 aliud
938 2355 1158 2410 avaritia
1182 2372 1194 2415 ;
1222 2353 1363 2409 aliud
1388 2354 1438 2406 in
1467 2352 1715 2422 paradiso
1755 2350 2000 2406 conditor
2046 2364 2144 2404 no-

559 2458 671 2504 ster
690 2489 706 2513 ,
735 2447 878 2501 aliud
904 2445 973 2501 de
996 2453 1305 2500 transverso
1330 2443 1579 2499 seductor
1604 2457 1846 2513 serpens.
1877 2441 2066 2496 Veniat
2090 2441 2142 2496 in

557 2551 791 2597 mentem
817 2540 962 2609 prior
990 2553 1145 2593 casus
1173 2546 1292 2591 tuus
1322 2554 1335 2590 :
1372 2545 1650 2606 prOpterea
1707 2534 1946 2590 mortalis
1967 2576 1983 2600 ,
2014 2548 2144 2602 pro-

556 2642 739 2704 pterea
764 2631 1032 2695 laborans,
1058 2639 1337 2700 propterea
1358 2629 1410 2685 in
1436 2628 1631 2684 sudore
1658 2628 1834 2683 vultus
1853 2627 1928 2682 tui
1952 2642 2141 2697 panem

555 2724 842 2781 comedens
866 2766 881 2791 ,
916 2731 1199 2793 propterea
1221 2722 1402 2792 spinas
1425 2731 1479 2776 et
1508 2720 1732 2777 tribulos
1756 2720 1848 2774 tibi
1877 2729 2017 2776 terra
2044 2735 2140 2789 ge-

554 2826 708 2872 nerat
736 2814 887 2885 (Gen.
917 2831 1009 2878 ιιι,
1062 2814 1158 2880 l7,
1210 2811 1297 2880 18)
1328 2830 1342 2866 :
1372 2812 1739 2882 experimento
1782 2810 1928 2867 disce
1951 2852 1967 2878 ,
1998 2808 2141 2880 quod

552 2908 768 2963 noluisti
800 2913 1083 2976 praecepto.
1110 2903 1215 2958 Sed
1242 2903 1405 2959 vincit
1440 2902 1740 2973 cupiditas:
1766 2916 1863 2957 cur
1897 2916 2003 2957 non
2045 2916 2139 2971 po-

554 3003 658 3057 tius
689 2999 925 3055 veritas?
953 2998 1020 3053 Et
1050 2997 1139 3052 ubi
1170 3007 1254 3053 est
1280 2996 1422 3067 quod
1458 2994 1796 3065 loquebaris?
1818 2993 1960 3049 Ecce
1987 2995 2136 3063 cogi-

553 3103 633 3149 tas
656 3108 841 3148 aurum
862 3106 1076 3161 negare,
1101 3105 1228 3145 ecce
1248 3088 1451 3159 cogitas
1475 3086 1670 3142 lueredi
1691 3087 1849 3142 amici
1879 3087 1956 3141 tui
1988 3101 2138 3155 pror-

552 3201 644 3241 sus
672 3184 1022 3240 abscondere.
1062 3181 1524 3250 lntcrrogavcram
1560 3178 1717 3247 paulo
1761 3187 1886 3230 ante
1911 3176 2036 3246 quid
2068 3178 2138 3230 sit

551 3277 763 3332 eharius
783 3316 797 3342 ,
823 3284 877 3329 et
901 3273 1027 3344 quid
1056 3273 1125 3327 sit
1168 3271 1358 3326 melius
1381 3310 1398 3338 ,
1430 3284 1619 3324 aurum
1662 3283 1731 3323 an
1778 3266 1931 3322 ﬁdes.
1960 3266 2137 3335 Quare

549 3370 691 3425 aliud
717 3370 851 3424 dicis
871 3409 886 3436 ,
919 3366 1063 3420 aliud
1110 3365 1255 3435 agis?
1286 3363 1401 3418 Non
1441 3363 1597 3417 times
1627 3361 1765 3417 hanc
1801 3375 1991 3416 vocem
2018 3399 2036 3427 ,
2073 3359 2135 3414 Si

548 3479 659 3517 vere
671 3461 923 3532 justitiam
948 3456 1243 3526 loquimini,
1265 3464 1399 3508 recta
1424 3452 1682 3522 judicate,
1707 3453 1803 3520 lilii
1828 3453 2088 3506 hominum
2108 3451 2136 3505 .9

547 3556 686 3613 Ecce
703 3555 911 3609 locutus
934 3567 994 3607 es
1020 3549 1149 3605 mihi
1176 3548 1451 3603 meliorem
1480 3562 1601 3601 esse
1623 3546 1778 3600 [idem
1801 3587 1814 3610 ,
1839 3556 1893 3601 et
1914 3547 1967 3599 in
1992 3545 2131 3614 judi-

545 3650 629 3704 cio
650 3656 742 3703 tuo
765 3646 955 3701 tnelius
986 3644 1180 3699 duxisti
1202 3656 1413 3696 aurum.
1439 3639 1552 3693 Non
1579 3639 1657 3693 sic
1679 3638 1928 3708 judicasti
1956 3646 2013 3692 ut
2050 3640 2130 3692 lo-

544 3750 700 3795 cutus
726 3754 784 3792 es
808 3755 821 3790 :
847 3751 970 3790 vera
993 3735 1201 3787 locutus
1225 3748 1286 3787 es
1307 3773 1323 3798 ,
1363 3739 1419 3786 et
1455 3728 1586 3784 falsa
1611 3728 1879 3798 judicasti.
1910 3730 2047 3799 Ergo
2077 3737 2133 3784 et

544 3847 666 3887 cum
715 3826 1017 3899 loquebaris
1058 3823 1313 3894 justitiam
1336 3863 1350 3885 ,
1403 3836 1507 3875 non
1536 3836 1662 3875 vere
1690 3820 1992 3890 loquebaris
2021 3839 2032 3873 :
2069 3821 2130 3875 Si

543 3923 686 3979 enim
713 3936 824 3975 uere
841 3918 1095 3989 justitiam
1123 3914 1387 3984 loquimini
1405 3953 1423 3978 ,
1451 3922 1589 3966 recta
1619 3912 1880 3981 iudicate,
1911 3913 2008 3981 ﬁlii
2032 3913 2128 3967 ho-

542 4014 756 4068 minum.
785 4008 1009 4078 Quando
1031 4006 1161 4060 mihi
1191 4004 1255 4059 de
1280 4004 1481 4073 juslilia
1510 4003 1871 4072 respondebas
1890 4045 1903 4070 ,
1939 4004 2131 4060 erube-

543 4105 741 4163 scendo
757 4145 770 4169 ,
795 4118 898 4157 non
928 4098 1142 4155 fatendo
1167 4097 1488 4167 loquebaris.

614 4201 666 4255 5.
695 4188 801 4255 Sed
832 4197 896 4250 ad
926 4209 1142 4250 causam
1193 4200 1514 4263 praesentem
1557 4188 1666 4256 jam
1712 4189 2029 4257 veniamus,
2082 4190 2127 4246 si

540 4295 734 4367 placet.
761 4291 877 4346 Vox
909 4298 992 4344 est
1012 4288 1154 4342 enim
1182 4286 1268 4340 illa
1290 4283 1461 4338 dulcis
1482 4290 1672 4337 etnota
1702 4283 1918 4337 auribus
1942 4282 2128 4339 Eccle-

539 4392 633 4443 siae
658 4428 671 4451 ,
706 4400 806 4438 vox
834 4380 1043 4436 Domini
1077 4378 1244 4432 nostri
1273 4375 1401 4430 Jesu
1445 4372 1641 4429 Christi
1667 4414 1681 4439 ,
1713 4383 1767 4428 et
1806 4389 1906 4428 vox
1932 4389 2125 4444 corpo-

537 4482 614 4535 ris
638 4478 788 4548 ejus,
832 4489 934 4529 vox
964 4470 1215 4526 Ecclesiae
1259 4467 1588 4533 laborantis,
1638 4465 2027 4536 peregrinantis
2072 4466 2125 4520 in

538 4578 714 4635 terra,
759 4567 898 4620 inter
945 4560 1374 4617 maledicentium
1419 4568 1473 4613 et
1515 4556 1843 4611 adulantium
1892 4558 2124 4627 pericula

534 4658 788 4715 viventis.
840 4654 956 4710 Non
988 4652 1199 4707 timebis
1225 4649 1663 4704 comminatorem
1688 4689 1702 4711 ,
1748 4648 1793 4701 si
1840 4663 1945 4701 non
1976 4663 2125 4703 amas

534 4749 889 4806 adulatorem.
916 4743 1152 4799 Attendit
1180 4755 1309 4811 ergo
1344 4740 1433 4794 ille
1460 4739 1610 4808 cujus
1637 4738 1751 4792 haec
1778 4754 1878 4792 vox
1922 4748 2002 4793 est
2026 4780 2042 4805 ,
2070 4748 2125 4796 et

533 4842 668 4898 vidit
692 4854 881 4895 omnes
905 4838 1049 4907 loqui
1082 4834 1360 4907 justitiam.
1389 4832 1518 4900 Quis
1551 4832 1692 4885 enim
1724 4831 1884 4886 audet
1910 4847 2014 4887 non
2039 4833 2121 4887 lo-

534 4936 625 5005 qui
655 4948 809 5000 eam,
832 4947 898 4985 ne
924 4930 1130 4984 dicatur
1150 4924 1413 4998 injustus?
1443 4924 1572 4980 Cum
1605 4938 1734 4993 ergo
1760 4933 2008 4995 tauquam
2037 4941 2123 4980 au-

533 5028 675 5084 diret
697 5025 936 5082 omnium
962 5037 1157 5087 voces,
1204 5029 1258 5074 et
1306 5017 1606 5073 intenderet
1657 5016 1894 5069 omnium
1948 5017 2118 5083 labia,

532 5121 802 5179 clamabat
824 5116 891 5172 ad
913 5130 1006 5170 eos
1030 5132 1043 5168 :
1071 5113 1131 5169 Si
1151 5129 1261 5167 vere
1280 5113 1450 5182 utique
1475 5111 1729 5182 justitiam
1758 5108 2050 5178 loquimini,
2074 5112 2119 5166 si

534 5231 641 5271 non
670 5213 802 5268 falso
823 5209 1081 5282 justitiam
1114 5205 1418 5276 loquimini,
1445 5204 1489 5259 si
1530 5218 1637 5258 non
1682 5202 1821 5257 aliud
1873 5204 1923 5256 in
1966 5202 2120 5260 labiis

531 5305 820 5378 perstrepit
845 5345 861 5371 ,
884 5298 1029 5356 aliud
1059 5297 1260 5354 celatur
1287 5297 1338 5351 in
1360 5294 1612 5350 cordibus
1635 5334 1651 5361 ,
1682 5303 1817 5347 recta
1842 5293 2073 5364 judicate
2098 5337 2114 5363 ,

531 5400 625 5472 ﬁlii
656 5398 934 5453 hominum.
967 5391 1107 5449 Audi
1128 5406 1198 5445 ex
1248 5388 1535 5459 Evangelio
1576 5386 1842 5458 propriam
1886 5402 2070 5441 vocem
2101 5430 2115 5453 ,

529 5491 789 5565 eamdem.
816 5491 981 5561 ipsam
1012 5500 1131 5557 quae
1160 5484 1214 5538 in
1243 5482 1343 5537 hoc
1376 5480 1581 5551 psalmo
1629 5488 1730 5535 est.
1790 5477 2115 5549 Hypocritte,

532 5584 606 5641 ait
633 5583 889 5640 Dominus
918 5576 1236 5642 Pbarismis,
1263 5573 1513 5645 quomodo
1549 5572 1753 5644 potestis
1781 5570 1913 5641 bona
1941 5569 2116 5640 loqui,

596 5721 615 5753 ι
651 5717 873 5779 Plerique
894 5720 1023 5774 uss,
1048 5709 1245 5779 πειρῆσαι,
1264 5719 1462 5761 causan
1481 5704 1624 5779 dicis,
1649 5702 1995 5779 tribunalium

598 5738 615 5753 ⁵
652 5738 873 5779 l’lUl'lquu
895 5738 1023 5774 nam,
1048 5738 1245 5771 amas,
1264 5738 1462 5761 ww”
1481 5738 1624 5780 ωσι-ρ,
1649 5738 1682 5755 u
1694 5738 1860 5777 "cum:
1897 5738 1995 5755 νυν.

594 5783 617 5814 ³
649 5782 723 5831 sic
743 5787 823 5828 Er.
844 5785 896 5828 ct
918 5788 1093 5827 omnes
1112 5774 1220 5831 fere
1244 5781 1350 5823 Mss.
1372 5768 1591 5821 Nonnulli
1616 5779 1737 5818 vero
1759 5738 2004 5829 οιιιιῖιιιιιι,
2027 5778 2120 5817 vos:

531 5842 641 5897 erit.
656 5828 723 5890 ήᾹὶ
747 5839 892 5889 editio
914 5832 1047 5900 μόνη
1070 5828 1289 5885 Juridica
1314 5844 1405 5884 vox
1422 5831 1531 5882 erit.

598 5900 1639 5955 'sicss.etnostt-illss.att.ov.,oocare.

3748 403 3866 463 676

2267 524 2380 562 cum
2399 510 2507 563 sitis
2525 508 2691 565 mali?
2714 509 2815 565 Aut
2840 511 2993 582 facite
3031 512 3261 569 arborem
3304 513 3486 569 bonam
3502 557 3519 582 ,
3554 525 3604 570 et
3627 520 3862 591 fructum

2265 602 2374 671 ejus
2400 600 2620 667 bonum;
2647 614 2734 656 aut
2754 604 2905 673 facite
2929 604 3157 661 arborem
3186 607 3372 660 malam
3388 650 3402 672 ,
3426 617 3472 661 et
3496 610 3713 679 fructum
3740 615 3862 677 ejus

2263 694 2455 749 malum
2478 695 2687 764 (Matth.
2736 713 2844 764 xu,
2877 698 2951 753 54
2972 740 2986 763 ,
3032 698 3145 771 33).
3178 699 3313 766 Quid
3344 711 3394 755 te
3434 702 3514 755 vis
3542 702 3804 760 dealbare
3836 748 3854 771 ,

2263 790 2439 860 paries
2461 790 2641 847 luteei
2667 791 2798 847 Novi
2828 792 3075 849 interiora
3103 803 3223 862 tua,
3268 809 3374 849 non
3428 794 3585 850 fallor
3622 799 3857 855 tectorio

2262 889 2392 939 tuo:
2424 885 2548 940 novi
2577 886 2700 955 quid
2731 886 3059 957 prtetendas,
3105 888 3229 942 novi
3280 888 3405 959 quid
3454 892 3620 960 tegas;
3666 891 3856 960 Neque

2261 979 2393 1032 enim
2413 995 2539 1050 opus
2566 981 2613 1034 ei
2635 990 2776 1047 erat,
2799 980 2873 1034 ait
2898 980 3217 1054 evangelista
3238 1023 3253 1049 ,
3281 991 3336 1035 ut
3363 983 3628 1053 quisquam
3653 984 3699 1037 ei
3722 999 3846 1056 per-

2261 1069 2449 1124 hiberet
2476 1072 2811 1126 testimonium
2840 1072 2902 1126 de
2937 1072 3137 1127 homine
3158 1088 3178 1127 :
3200 1073 3309 1144 ipse
3344 1075 3476 1128 enim
3518 1075 3703 1129 sciebat
3720 1075 3847 1147 quid

2260 1169 2385 1214 esset
2403 1161 2457 1214 in
2482 1162 2683 1216 homine
2704 1161 2880 1232 (Joan.
2905 1178 2973 1230 ιι,
2995 1161 3111 1236 25).
3153 1162 3355 1219 Sciebat
3385 1164 3511 1237 quid
3533 1177 3661 1220 esset
3679 1167 3733 1220 in
3760 1167 3847 1220 lto-

2258 1252 2421 1319 mine,
2450 1253 2538 1322 qui
2570 1252 2763 1309 fecerat
2794 1253 3062 1310 hominem
3082 1297 3096 1323 ,
3125 1264 3182 1312 et
3236 1256 3399 1311 homo
3444 1256 3614 1313 factus
3643 1268 3761 1313 erat
3789 1269 3846 1314 ut

2257 1353 2518 1413 quaereret
2538 1343 2831 1401 hominem.
2868 1346 3055 1402 Videte
3077 1362 3205 1419 ergo
3230 1348 3274 1402 si
3323 1364 3431 1403 non
3458 1359 3754 1420 sequuntur
3782 1366 3845 1406 se

2257 1448 2416 1490 voces
2443 1435 2558 1489 ista:
2586 1453 2599 1489 :
2637 1435 2959 1507 Ilypocritte,
2987 1438 3236 1508 quomodo
3264 1440 3468 1509 potestis
3506 1438 3638 1494 bona
3661 1441 3804 1511 loqui
3828 1483 3843 1507 ,

2254 1540 2369 1578 cum
2396 1527 2505 1580 sitis
2526 1526 2690 1583 mali?
2721 1527 2784 1584 Si
2829 1545 2941 1584 vere
2962 1546 3082 1600 ergo
3098 1531 3349 1600 justitiam
3383 1531 3646 1603 loquimini
3663 1576 3677 1601 ,
3706 1545 3846 1589 recta

2246 1616 2508 1687 judicate,
2532 1617 2629 1685 ﬁlii
2654 1618 2938 1674 hominum.
2968 1618 3155 1676 Nonne
3190 1621 3450 1691 justitiam
3479 1624 3641 1678 locuti
3668 1627 3804 1680 esus
3826 1668 3842 1693 ,

2253 1707 2466 1777 quando
2508 1708 2756 1766 dixistis:
2812 1711 3088 1783 Magister,
3134 1712 3324 1767 scimus
3351 1715 3473 1785 quia
3516 1717 3694 1786 justus
3737 1733 3792 1771 es
3824 1758 3839 1783 ,

2251 1810 2298 1853 et
2322 1801 2511 1856 nullius
2535 1819 2801 1872 personam
2843 1806 3032 1877 accipis
3060 1806 3272 1880 (Matth.
3302 1823 3411 1862 xxii
3434 1848 3451 1874 ,
3481 1809 3614 1879 ιδῃ
3662 1808 3844 1877 Quare

2251 1891 2433 1947 dolum
2466 1895 2520 1950 in
2558 1895 2723 1951 corde
2753 1897 3050 1966 tegebatis?
3095 1915 3262 1970 quare
3299 1902 3582 1973 imaginem
3610 1903 3844 1960 Czesaris

2251 1980 2487 2039 Creatori
2530 1995 2712 2042 vestro
2761 1987 3161 2054 ostendebatis,
3213 1998 3269 2046 et
3313 1991 3430 2062 ejus
3471 1993 3758 2065 imaginem
3789 1995 3841 2048 in

2250 2076 2444 2129 vestris
2473 2077 2726 2133 cordibus
2754 2078 3053 2135 delebatisi
3082 2079 3272 2137 Nonne
3323 2081 3562 2137 auditum
3603 2091 3689 2139 est
3713 2084 3840 2156 quid

2192 2168 2201 2185 ‘
2250 2166 2411 2222 locuti
2441 2170 2643 2224 fueritis
2662 2212 2677 2236 ,
2702 2180 2755 2226 et
2779 2182 3060 2243 expertum
3090 2182 3173 2230 est
3205 2175 3657 2246 quemadmodum
3699 2177 3845 2246 judi-

2250 2259 2531 2313 caveritis?
2559 2261 2748 2316 Nonne
2776 2278 2872 2318 vos
2895 2265 3235 2321 crucifixistis
3261 2281 3383 2321 eum
3431 2281 3589 2337 quem
3632 2267 3843 2337 justum

2248 2365 2372 2407 esse
2396 2351 2693 2409 dixeratis?
2717 2355 2780 2410 Si
2797 2372 2909 2411 vere
2929 2373 3049 2428 ergo
3078 2360 3336 2428 justitiam
3354 2357 3647 2427 inquinant,
3701 2369 3847 2415 recta

2238 2443 2500 2512 judicate,
2527 2446 2624 2514 ﬁlii
2648 2446 2927 2502 hominum.
2962 2448 3157 2519 thuid
3190 2450 3350 2505 audio
3400 2451 3716 2507 locutionem
3740 2466 3846 2506 vc-

2247 2526 2433 2602 stram,
2460 2538 2665 2592 Scimus
2683 2540 2803 2609 quia
2811 2542 2981 2613 justus
3001 2559 3085 2608 es;
3103 2557 3225 2597 cum
3247 2542 3559 2612 prazvideam
3576 2542 3845 2613 judicium

2246 2638 2504 2696 vestrum,
2537 2630 2814 2703 Cruci/iga,
2840 2633 3117 2704 cruciﬁgc?
3142 2633 3204 2688 Si
3222 2649 3335 2689 vere
3353 2650 3471 2705 ergo
3481 2634 3740 2705 justitiam
3760 2636 3845 2688 lo-

2244 2721 2457 2791 quimini
2476 2762 2488 2783 ,
2512 2732 2645 2775 recta
2655 2724 2906 2792 judicate,
2928 2725 3026 2794 ﬁlii
3046 2726 3326 2780 hominum.
3348 2726 3483 2794 Quid
3507 2726 3652 2782 enim
3673 2726 3841 2782 iecis—

2242 2813 2312 2865 tis
2336 2813 2608 2868 saeviendo
2627 2814 2884 2869 adversus
2911 2816 3076 2870 Deum
3099 2817 3193 2887 qui
3238 2817 3399 2873 homo
3423 2826 3572 2886 erat,
3607 2827 3664 2874 et
3685 2820 3841 2875 occi-

2243 2901 2421 2957 dendo
2444 2918 2624 2974 regem
2651 2906 2925 2960 vestrum?
2953 2905 3068 2961 Non
3119 2911 3263 2963 enim
3293 2909 3414 2964 ideo
3444 2924 3537 2964 rex
3582 2923 3692 2965 non
3718 2920 3845 2966 erat

2242 2992 2481 3059 futurus,
2513 2995 2635 3064 quia
2675 2997 2886 3059 occisus
2911 3007 2992 3053 est
3040 3012 3071 3051 a
3098 2999 3253 3053 vobis
3306 3009 3727 3055 resurrecturus.
3773 2999 3841 3056 In

2242 3085 2396 3140 titulo
2422 3086 2510 3140 ubi
2540 3089 2797 3157 scriptum
2817 3098 2954 3153 erat,
2987 3088 3099 3144 Rea:
3114 3088 3435 3158 Judeorttm,
3459 3092 3633 3161 posito
3669 3106 3837 3163 super

2239 3191 2451 3232 crucem
2486 3178 2735 3245 Domini,
2768 3179 2962 3251 linguis
3010 3182 3178 3236 tribus
3202 3224 3217 3248 ,
3269 3182 3545 3248 hebraica,
3604 3199 3778 3255 grzeca
3806 3225 3825 3251 ,

2239 3268 2400 3323 latina
2428 3268 2576 3340 (Luc.
2605 3286 2734 3325 χχιιι
2756 3314 2771 3338 ,
2797 3272 2924 3344 58),
2952 3281 3176 3328 noverat
3201 3273 3382 3330 dicere
3422 3274 3589 3345 judex
3615 3275 3782 3331 homo
3811 3319 3830 3345 ,

2240 3360 2390 3427 Quod
2433 3362 2893 3433 scripsi,scripsi:
2931 3373 2986 3421 et
3031 3364 3172 3419 Deus
3200 3380 3306 3419 non
3345 3374 3566 3420 noverat
3600 3364 3784 3422 dicere
3812 3408 3830 3434 ,

2236 3451 2389 3519 Quod
2413 3453 2638 3523 scripsi,
2663 3453 2890 3523 scripsi?
2918 3454 3143 3509 Prorsus
3168 3470 3263 3510 rex
3289 3465 3467 3510 vester
3485 3464 3605 3511 est:
3633 3457 3788 3511 vivus
3812 3498 3830 3524 ,

2235 3558 2328 3598 rex
2352 3554 2529 3599 vester
2555 3553 2671 3609 est;
2700 3545 2907 3599 occisus
2928 3588 2942 3611 ,
2966 3562 3059 3600 rex
3081 3555 3257 3602 vester
3283 3556 3386 3602 est.
3428 3547 3567 3603 Ecce
3587 3562 3831 3603 resurreo

2237 3636 2338 3701 xit,
2371 3647 2425 3690 et
2455 3637 2504 3691 in
2524 3638 2662 3694 coelo
2691 3654 2784 3692 rex
2814 3646 2990 3693 vester
3016 3647 3100 3694 est
3130 3657 3144 3694 :
3171 3653 3300 3694 ecce
3323 3648 3575 3694 venturus
3594 3648 3719 3706 est;
3749 3655 3832 3695 va:

2235 3731 2416 3797 vobis,
2443 3733 2563 3801 quia
2592 3746 2685 3785 rex
2704 3740 2881 3786 vester
2909 3739 3011 3786 est.
3038 3732 3112 3787 Ite
3134 3748 3293 3795 nunc,
3324 3739 3379 3788 et
3402 3731 3684 3803 loquimini
3730 3733 3828 3803 ju-

2234 3824 2464 3891 stitiam,
2488 3832 2541 3877 et
2567 3824 2731 3878 nolite
2756 3835 2897 3877 recta
2934 3824 3214 3892 judicare,
3248 3825 3340 3880 lilii
3381 3825 3674 3879 hominum.
3705 3824 3831 3881 Non

2233 3914 2390 3968 vultis
2420 3926 2563 3968 recte
2587 3914 2829 3983 judicare
2851 3956 2864 3979 ,
2895 3924 3038 3970 recte
3084 3915 3474 3986 judicabimiui.
3508 3915 3646 3971 Vivit
3672 3917 3825 3972 enim

2233 4008 2325 4065 ille
2354 4024 2444 4063 rex
2472 4019 2649 4063 vester
2667 4052 2680 4074 ,
2713 4018 2764 4063 et
2795 4009 2903 4077 jam
2947 4025 3051 4063 non
3078 4010 3301 4064 moritur
3321 4050 3338 4077 ,
3361 4018 3415 4063 et
3440 4024 3585 4088 mors
3611 4010 3662 4065 ei
3687 4010 3829 4066 ultra

2236 4119 2342 4159 non
2367 4103 2744 4157 dominabitur.
2790 4102 2963 4173 (Rom.
3008 4120 3094 4165 vt,
3139 4103 3217 4173 9).
3253 4104 3388 4158 Ecce
3430 4104 3611 4169 venit;
3643 4104 3824 4168 redite,

2234 4201 2662 4271 prtevaiicutores,
2703 4198 2769 4250 ad
2811 4214 2898 4250 cor
2938 4195 3089 4270 (lsai.
3114 4212 3269 4262 xavn,
3312 4197 3392 4267 8).
3426 4198 3559 4251 Ecce
3601 4199 3825 4262 veniet,

2233 4289 2558 4359 corrigimini
2587 4298 2867 4358 antequam
2894 4289 3070 4342 veniat
3090 4330 3105 4353 ,
3155 4287 3445 4357 prtevenite
3485 4287 3676 4342 faciem
3707 4288 3829 4359 ejus

2232 4384 2285 4438 in
2314 4382 2652 4437 confessione
2674 4380 2841 4453 (Psal.
2871 4396 3025 4447 xcnv,
3052 4378 3130 4438 2).
3162 4380 3301 4435 Ecce
3349 4384 3557 4445 veniet;
3604 4397 3699 4436 rex
3730 4397 3827 4436 ve-

2230 4484 2341 4531 ster
2364 4483 2465 4529 est.
2503 4472 2874 4528 Recordatnini
2906 4472 3114 4525 titulum
3144 4487 3305 4545 super
3344 4487 3577 4527 crucem.
3627 4472 3684 4527 Si
3715 4490 3825 4528 non

2230 4584 2352 4622 eum
2379 4566 2572 4620 videtis
2619 4566 2874 4633 scriptum
2898 4605 2913 4630 ,
2942 4576 3122 4617 manet
3172 4574 3390 4619 tamen:
3440 4566 3489 4617 in
3536 4575 3679 4619 terra
3713 4583 3824 4621 non

2230 4659 2455 4728 legitur,
2483 4654 2575 4709 sed
2609 4656 2659 4708 in
2686 4655 2823 4709 coelo
2847 4668 3106 4708 servatur.
3136 4655 3335 4708 Putatis
3361 4655 3498 4709 enim
3538 4655 3683 4708 illaut
3733 4656 3822 4710 in-

2230 4748 2573 4819 scriptionem
2602 4746 2765 4801 fuisse
2785 4744 3123 4815 corruptam?
3143 4745 3210 4799 Et
3227 4745 3351 4816 quid
3379 4746 3448 4798 ait
3476 4745 3653 4798 titulus
3675 4749 3830 4815 psal—

2228 4842 2303 4898 mi
2334 4840 2490 4910 hujus
2517 4839 2540 4893 ’ἔ
2569 4836 2634 4891 1η
2658 4838 2809 4906 ﬁnem
2830 4879 2845 4903 ,
2875 4853 2937 4890 ne
2955 4853 3252 4903 corrumpas
3272 4837 3371 4907 ipsi
3397 4834 3565 4891 David
3599 4838 3654 4891 in
3683 4838 3828 4895 titulz

2226 4932 2629 5001 inscriptionem.
2655 4928 2769 4983 Non
2789 4944 2915 4998 ergo
2936 4928 3296 4997 corrumpitur
3318 4927 3405 4981 illa
3441 4928 3719 4998 inscriptio
3751 4932 3827 4983 ti-

2230 5026 2345 5079 tuli.
2369 5025 2482 5078 Rex
2508 5032 2685 5076 vester
2710 5032 2789 5075 est
2819 5019 3220 5088 Cltristus,quia
3247 5019 3481 5073 omnium
3520 5034 3613 5073 rex
3659 5018 3829 5074 Chri-

2225 5132 2339 5176 stus
2363 5138 2376 5174 :
2404 5118 2642 5190 quoniam
2675 5117 2836 5187 ipsius
2866 5124 2936 5167 est
2960 5130 3166 5183 regnum
3192 5154 3207 5179 ,
3233 5122 3279 5166 et
3326 5113 3433 5182 ipse
3474 5112 3831 5167 dominabitur

2226 5212 2446 5285 gentium
2469 5208 2640 5279 (Psal.
2665 5223 2782 5273 χχι,
2806 5205 2921 5277 29).
2951 5204 3005 5260 Si
3054 5220 3182 5275 ergo
3213 5219 3306 5258 rex
3335 5212 3450 5267 est,
3484 5218 3631 5269 ecce,
3661 5214 3829 5259 ante-

2226 5321 2386 5376 quam
2418 5302 2599 5356 veniat
2620 5342 2636 5368 ,
2670 5300 2798 5355 dicit
2838 5295 2989 5351 vobis
3020 5315 3032 5350 :
3089 5296 3277 5350 Adhuc
3320 5295 3509 5367 loquor
3531 5334 3546 5361 ,
3600 5294 3777 5364 inquit
3804 5339 3828 5365 ,

2226 5392 2690 5462 nondumjudico;
2711 5390 2800 5461 qui
2823 5389 2901 5443 sic
2921 5389 3091 5443 clamo
3113 5388 3522 5454 comminando,
3566 5386 3694 5441 nolo
3744 5390 3830 5444 l'e-

2225 5486 2649 5558 rircjudicando.
2690 5483 2749 5538 Si
2768 5499 2880 5537 vere
2898 5499 3015 5554 ergo
3037 5481 3294 5553 justitiam
3320 5479 3626 5551 loquimini,
3676 5492 3833 5537 recta

2223 5580 2479 5650 iudicate.
2512 5577 2607 5646 ﬁlii
2628 5575 2911 5629 hominum.

2294 5668 2525 5745 4.[vers.
2552 5667 2631 5743 5.]
2666 5667 2815 5723 Nunc
2858 5675 3034 5721 autem
3084 5664 3207 5736 quid
3238 5663 3446 5719 facitis?
3486 5661 3664 5731 Quare
3720 5665 3835 5723 ista

2225 5761 2378 5820 vobis
2424 5760 2592 5817 dico?
2627 5756 2829 5815 Etenim
2872 5757 2926 5812 in
2951 5756 3101 5812 corde
3144 5757 3429 5826 iniquitates
3457 5756 3750 5825 operamini
3775 5760 3836 5815 in

2228 5867 2382 5914 terra.
2412 5854 2721 5928 lniquitates
2760 5852 2897 5908 forte
2923 5852 2977 5906 in
3023 5849 3187 5907 corde
3217 5850 3378 5906 solo?
3404 5848 3540 5905 Audi
3570 5848 3705 5922 quid
3739 5870 3837 5913 se-
