4038 6474
206 419 305 480 ιη

206 504 378 604 qunti:
402 549 421 587 :
450 539 517 599 et;
534 546 631 598 eor
649 544 807 593 suum
838 538 1137 602 sequuntur
1178 543 1388 594 manus,
1412 540 1465 585 et
1490 528 1638 585 cordi
1685 539 1784 582 suo

203 625 519 681 famulantur
543 639 754 688 manus,
786 623 1047 693 cogitatur
1070 628 1124 676 et
1146 621 1237 686 iit;
1269 630 1361 677 aut
1398 621 1518 677 ideo
1547 636 1651 675 nou
1682 619 1743 674 ﬁt
1765 659 1783 685 ,

204 734 300 773 non
336 719 463 799 quia
492 717 760 782 nolumus,
788 715 882 771 sed
908 714 1029 785 quia
1062 730 1167 769 non
1185 728 1485 784 possumus.
1516 709 1782 782 Quidquid

202 808 294 873 vis,
314 817 377 864 et
418 823 527 864 nou
570 815 721 878 potas
739 848 755 873 ,
784 805 982 861 factum
1009 805 1149 861 Deus
1185 811 1474 875 computat.
1504 802 1701 859 Etenim
1730 803 1784 855 in

199 905 343 958 corde
370 903 660 971 iniquitates
685 901 965 973 aperantini
989 901 1043 953 in
1068 911 1217 957 terra.
1241 897 1378 965 Quid
1406 897 1639 953 deinde?
1666 894 1781 951 Ini-

200 999 411 1063 quitates
466 1011 648 1050 manus
722 1004 899 1049 vestra:
942 1001 1258 1047 connectunt.
1292 991 1429 1059 Quid
1460 999 1561 1052 est,
1599 1006 1785 1045 conne-

201 1088 379 1143 ctunt?
400 1088 476 1155 De
506 1095 729 1156 peccato
756 1095 1031 1156 peccatum
1052 1126 1067 1151 ,
1092 1094 1146 1139 et
1164 1082 1231 1137 ad
1270 1092 1541 1152 peccatum
1589 1096 1784 1152 pecca-

201 1189 325 1244 tum,
351 1187 574 1249 propter
616 1186 914 1249 peccatum.
943 1175 1081 1243 Quid
1105 1183 1189 1230 est
1218 1173 1359 1231 hoc?
1386 1174 1606 1228 Furtum
1634 1172 1777 1237 fecit,

201 1278 472 1342 peccatum
514 1277 600 1326 est
628 1286 645 1325 :
674 1270 820 1325 visus
842 1278 946 1335 est,
981 1267 1225 1322 occidere
1253 1266 1445 1336 quaerit
1471 1281 1594 1319 eum
1618 1280 1649 1317 a
1675 1278 1782 1333 quo

200 1364 332 1419 visus
354 1373 477 1429 est;
506 1376 807 1418 connexum
831 1369 913 1416 est
937 1367 1211 1429 peccatum
1236 1366 1473 1428 peccato.
1514 1356 1781 1412 Permise-

200 1455 260 1509 rit
310 1454 456 1509 Deus
501 1453 712 1511 occulto
759 1451 962 1521 judicio
1028 1449 1274 1505 occidere
1311 1462 1433 1505 eum
1483 1462 1641 1518 quem
1690 1461 1783 1502 vo-

201 1546 286 1602 luit
330 1546 620 1615 occidere;
680 1546 841 1613 sentit
890 1543 1050 1609 sciri,
1101 1542 1293 1613 quaerit
1333 1548 1388 1596 et
1421 1540 1643 1594 alterum
1691 1553 1783 1593 oe-

200 1637 400 1703 cidere;
459 1637 751 1695 connexuit
805 1637 1038 1691 tertimn.
1094 1634 1226 1693 Dum
1270 1648 1332 1689 ea
1385 1634 1619 1700 molitur,
1647 1632 1782 1687 forte

200 1745 257 1784 ne
297 1730 629 1797 inveniatur,
655 1738 748 1785 aut
794 1728 917 1799 quia
960 1727 1089 1783 fecit
1132 1743 1199 1783 ne
1237 1726 1616 1793 convincatur,
1646 1740 1779 1780 con-

200 1820 317 1876 sulit
363 1821 850 1889 mathematicum;
921 1819 1158 1877 additum
1227 1829 1310 1874 est
1353 1827 1621 1889 quartum.
1670 1818 1778 1874 Re-

199 1911 418 1981 spondet
446 1910 585 1967 ferte
624 1911 800 1983 aliqua
844 1910 974 1969 dura
1026 1920 1083 1966 et
1130 1910 1267 1964 mala
1321 1909 1775 1975 mathematicus;

199 2004 422 2059 curritur
439 2002 507 2075 ad
533 2005 831 2074 amspicem
860 2012 918 2057 ut
944 2001 1217 2071 expietur:
1237 2001 1523 2071 respondet
1548 2016 1779 2070 aruspex

200 2108 297 2150 non
322 2109 388 2149 se
415 2109 575 2166 posse
620 2095 878 2165 expiare;
926 2092 1203 2147 maleﬁcus
1250 2093 1526 2163 quaeritur.
1566 2093 1633 2148 Et
1659 2093 1779 2162 quis

200 2189 367 2242 omnia
408 2187 579 2257 possit
620 2201 901 2242 numerare
946 2201 1065 2256 qua:
1112 2193 1506 2242 connectuntur
1560 2194 1777 2257 peccata

202 2279 466 2350 peccatis?
488 2278 793 2349 lniquitates
815 2293 995 2332 manus
1023 2285 1200 2333 vestra:
1231 2285 1548 2331 connectunt.
1578 2276 1777 2343 Quam-

200 2372 279 2429 diu
304 2373 606 2439 counectis,
632 2371 765 2442 ligas
791 2379 1062 2441 peccatum
1090 2379 1344 2440 peccato:
1369 2377 1419 2424 tc
1441 2369 1633 2425 solvea
1655 2382 1781 2438 peo-

201 2468 341 2522 catis.
374 2465 485 2523 Sed
513 2481 619 2521 non
670 2480 908 2536 possum,
932 2463 1127 2535 inquis.
1152 2462 1333 2520 Clama
1372 2463 1439 2517 ad
1464 2463 1609 2518 illum
1643 2479 1656 2516 :
1685 2460 1780 2517 In-

201 2562 312 2631 felix
335 2576 430 2631 ego
451 2560 622 2626 homo,
652 2558 764 2627 quis
793 2573 872 2612 me
897 2556 1126 2612 liberabit
1150 2556 1214 2610 de
1248 2571 1459 2625 corpore
1481 2555 1654 2610 mortis
1678 2555 1778 2608 [tuo

198 2651 270 2721 ius
291 2651 470 2721 (Rom.
498 2665 590 2717 vn,
619 2648 734 2718 Ἡ).
758 2647 947 2704 Veniet
964 2648 1106 2700 enim
1129 2647 1299 2716 gratia
1328 2645 1441 2710 Dei,
1472 2653 1528 2699 ut
1551 2643 1779 2701 delectet

200 2752 245 2801 te
261 2744 489 2814 justitia,
518 2744 657 2798 sicut
689 2736 984 2798 delectabat
1007 2740 1296 2811 iniquitas;
1327 2749 1381 2794 et
1410 2740 1570 2795 homo
1597 2738 1688 2808 qui
1710 2753 1777 2793 ex

199 2834 411 2892 vinculis
437 2835 703 2901 resolutus
726 2848 805 2901 es,
822 2831 1144 2888 exclamabis
1169 2830 1233 2885 ad
1255 2831 1423 2885 Deum
1457 2848 1469 2884 :
1500 2828 1777 2900 Disrupisti

199 2929 385 2983 vincula
405 2945 520 2982 mea
545 2926 717 2998 (Psal.
736 2942 857 2992 cxv,
884 2924 1150 2993 16).,Quid
1177 2931 1279 2990 est,
1296 2923 1557 2991 disrupisti
1578 2922 1779 2976 vincula

201 3037 320 3087 mea,
352 3019 480 3093 nisi,
510 3019 758 3074 remisisti
790 3026 1005 3088 peccata
1030 3016 1184 3072 mea?
1213 3016 1349 3071 Audi
1395 3018 1518 3087 quia
1569 3016 1776 3071 vincula

200 3124 313 3170 sunt
339 3134 353 3170 :
380 3100 674 3184 respondet
699 3112 971 3182 Scriptura
994 3151 1008 3176 ,
1031 3108 1298 3165 Criniculis
1318 3119 1641 3179 peccatorum
1659 3125 1779 3163 suo-

201 3223 300 3260 rum
344 3208 682 3277 unusquisque
723 3204 1081 3274 constringitur
1101 3199 1285 3272 (Prov.
1313 3216 1370 3267 v,
1392 3200 1509 3271 22).
1540 3199 1658 3256 Non
1684 3214 1776 3256 so-

203 3299 298 3354 lum
326 3298 560 3363 vincula,
592 3296 687 3352 sed
717 3304 773 3352 et
790 3295 1027 3351 criniculi
1049 3305 1191 3349 sunt.
1220 3293 1469 3375 Criniculi
1497 3300 1656 3362 sunt,
1684 3294 1777 3364 qui

205 3392 322 3445 ﬁunt
341 3378 699 3459 intorquenda
728 3406 741 3442 :
771 3387 873 3442 hoc
892 3395 973 3441 est
998 3386 1139 3457 quod
1162 3385 1393 3455 peccatis
1415 3393 1631 3454 peccata
1648 3400 1778 3440 con-

204 3484 459 3538 nectehas.
498 3478 587 3536 Va:
606 3479 684 3535 liis
710 3481 795 3550 qui
823 3479 1025 3533 trahunt
1070 3485 1273 3548 peccata
1297 3478 1429 3535 sicut
1455 3487 1637 3532 restem
1667 3478 1778 3531 lon-

204 3592 325 3646 gam,
352 3574 519 3631 Isaias
570 3574 782 3628 clamat.
822 3570 913 3625 γω
940 3570 1019 3625 Itis
1068 3570 1151 3640 qui
1183 3569 1389 3623 trahunt
1418 3577 1621 3637 peccata
1648 3569 1778 3622 sicut

204 3675 368 3720 vestem
394 3665 599 3735 longam
622 3660 771 3733 (lsai.
804 3678 856 3728 v,
890 3660 978 3731 18)
1013 3678 1026 3715 :
1057 3659 1181 3733 quid
1210 3666 1293 3714 est
1319 3658 1484 3727 aliud,
1513 3674 1673 3729 quam
1696 3675 1778 3714 vae

207 3760 277 3813 bis
303 3773 533 3829 quorum
568 3771 755 3810 manus
790 3760 1115 3808 connectunt
1162 3749 1534 3820 iniquitatem?
1566 3750 1633 3805 Et
1655 3750 1778 3823 quia

208 3851 557 3920 unusquisque
587 3847 815 3917 peccatis
845 3845 957 3900 suis
983 3843 1387 3913 constringitur,
1411 3845 1549 3898 sicut
1570 3852 1618 3899 et
1650 3860 1779 3914 pec-

207 3942 324 3996 catis
342 3941 455 3995 suis
479 3938 725 4004 oteditur,
760 3936 1009 3990 Dominus
1035 3934 1175 3989 male
1204 3943 1476 3990 versantes
1498 3935 1550 3989 in
1579 3936 1778 4003 templo

208 4031 400 4103 ﬂagello
448 4029 516 4085 de
545 4028 808 4115 resticulis
830 4027 965 4082 facto
994 4025 1218 4080 exclusit
1246 4023 1424 4095 (Joan.
1443 4042 1503 4092 ιι,
1547 4026 1780 4097 15).Sed

208 4138 301 4177 non
326 4125 404 4178 vis
430 4121 592 4176 modo
631 4118 890 4188 disrumpi
920 4118 1126 4172 vincula
1153 4126 1271 4183 tua,
1300 4118 1421 4187 quia
1465 4132 1571 4171 non
1613 4118 1780 4172 sentis

208 4215 401 4269 vincula
457 4222 582 4279 tua;
610 4212 766 4277 etiam
816 4210 1081 4265 delectant
1129 4217 1199 4273 te,
1224 4218 1279 4263 et
1318 4207 1574 4279 voluptati
1615 4219 1776 4264 sunt:

209 4309 391 4364 senties
414 4309 465 4362 in
491 4305 616 4373 line,
643 4320 761 4360 cum
785 4302 1011 4371 dicetur,
1038 4302 1214 4374 Ligale
1242 4302 1316 4355 illi
1338 4319 1518 4356 manus
1538 4313 1585 4355 et
1605 4303 1777 4372 pedes,

210 4411 249 4454 et
268 4382 491 4473 projicite
518 4399 666 4454 illum
714 4400 768 4453 in
813 4398 1037 4481 tenebras
1066 4396 1334 4450 exteriores
1357 4413 1376 4460 ;
1397 4395 1463 4448 ibi
1512 4396 1602 4449 erit
1627 4396 1781 4466 ﬂetus

209 4493 451 4549 etstridor
484 4491 709 4545 dentium
744 4484 956 4563 (Matth.
998 4487 1259 4556 xxu,15).
1290 4484 1659 4563 Εκιιριτθεείε.
1711 4487 1779 4542 ti-

209 4598 330 4649 mes,
364 4593 551 4655 pectus
582 4582 791 4645 tundis;
818 4580 951 4635 dicis
977 4579 1111 4633 mala
1140 4592 1260 4634 esse
1313 4588 1551 4648 peccata,
1586 4578 1780 4633 bonam

210 4692 316 4732 esse
333 4677 612 4748 justitiam.
647 4675 708 4731 δί
746 4691 856 4728 vere
898 4690 1015 4747 ergo
1033 4672 1287 4744 justitiam
1307 4672 1571 4745 loquimini
1599 4713 1612 4738 ,
1644 4683 1782 4727 recta

208 4770 429 4838 iudicate,
445 4769 543 4840 ﬁlii
569 4768 848 4831 hominum.
866 4767 919 4821 In
944 4768 1046 4821 vita
1064 4772 1238 4819 vestra
1259 4765 1592 4818 inveniantur
1622 4764 1780 4820 verba

211 4863 493 4928 vcstra;in
514 4861 666 4916 factis
714 4859 905 4915 vestris
960 4866 1349 4930 cognoscantur
1395 4850 1531 4911 labia
1581 4867 1780 4915 vestra.

210 4951 364 5009 Nolite
375 4969 502 5026 ergo
517 4960 835 5007 connectere
854 4949 1212 5020 iniquitatem;
1230 4949 1350 5019 quia
1364 4949 1512 5005 vobis
1526 4949 1591 5003 ad
1609 4950 1672 5003 all
1683 4951 1782 5020 iga-

214 5050 369 5098 turam
387 5043 725 5099 adhibebitur
744 5040 998 5112 quidquid
1033 5041 1364 5095 conuectilis.
1383 5039 1498 5096 Non
1521 5042 1777 5109 audiunt;

214 5148 305 5188 non
330 5150 513 5191 omnes
539 5144 713 5188 tamen
734 5151 746 5186 :
765 5132 918 5201 etqui
943 5146 1045 5185 non
1067 5132 1289 5186 audiunt
1316 5132 1619 5202 prmcoguiti
1635 5140 1778 5187 sunt.

277 5226 323 5282 5.
351 5225 499 5300 [υεη.
528 5222 609 5299 4.]
631 5225 851 5280 Alienati
887 5232 1005 5279 sunt
1036 5233 1317 5293 peccatores
1335 5239 1366 5275 a
1386 5223 1552 5289 vulva,
1580 5240 1780 5279 errave—

214 5330 316 5373 runt
339 5337 369 5374 a
388 5308 576 5388 uentre,
603 5318 753 5373 locuti
777 5328 890 5372 sunt
912 5316 1068 5388 falsa.
1098 5317 1161 5373 Et
1189 5332 1309 5371 cum
1339 5316 1668 5387 iniquitatem
1696 5317 1779 5373 lo—

214 5423 448 5481 quuntur,
477 5413 605 5467 falsa
649 5412 973 5482 loquuntur;
1006 5409 1127 5480 quia
1161 5408 1321 5464 fallax
1370 5417 1453 5464 est
1492 5411 1776 5481 iniquitas:

217 5510 267 5556 et
295 5521 410 5561 cum
453 5505 708 5577 justitiam
760 5504 1065 5575 loquuntur,
1108 5502 1237 5557 falsa
1286 5501 1612 5574 loquuntur;
1657 5496 1779 5574 quia

215 5594 342 5651 aliud
390 5613 483 5653 ore
509 5595 801 5668 proferunt,
830 5595 971 5651 aliud
998 5597 1049 5651 in
1076 5593 1237 5651 corde
1257 5597 1531 5667 obtcgunt.
1562 5590 1782 5650 Alienati

217 5699 321 5743 sunt
346 5701 628 5762 peccatores
655 5708 687 5745 a
714 5691 861 5745 vulva
885 5706 904 5745 :
929 5689 1065 5759 Quid
1092 5696 1175 5745 est
1198 5688 1340 5743 hoc?
1364 5688 1674 5757 Quuiramus
1702 5689 1782 5744 di-

221 5776 449 5849 ligentius
473 5802 488 5840 :
513 5783 755 5840 fortassis
806 5783 947 5839 enim
977 5780 1105 5840 illud
1133 5781 1264 5839 dicit
1310 5784 1431 5854 quia
1461 5783 1603 5840 Deus
1643 5799 1780 5855 pra:-

218 5875 451 5945 ongnovit
474 5874 723 5934 homines
740 5883 1044 5946 peccatores
1067 5874 1229 5935 etiam
1255 5874 1312 5961 in
1334 5875 1500 5933 uteris
1521 5886 1772 5933 matrum.

1298 408 1696 473 ENARRA’I'IO
1732 405 1800 467 ιιι
1837 402 2158 470 ινδιιιιυιι
2193 386 2349 469 min.
2388 406 2393 411 '

3368 426 3474 490 6‘78

1889 523 2022 581 Nam
2051 527 2190 583 unde
2234 539 2358 585 cum
2411 527 2587 588 adhuc
2628 546 2908 605 praegnans
2948 548 3092 597 esset
3125 540 3388 615 Rebecca,
3416 556 3472 604 et

1888 620 2130 689 geminos
2176 622 2230 676 in
2274 629 2425 678 utero
2467 633 2723 692 portaret,
2744 627 2942 684 dictum
2963 643 3045 687 est
3072 650 3084 686 :
3110 629 3271 691 Iacob
3289 638 3468 707 dilexi,

1890 708 2214 766 Esaiautem
2233 712 2529 769 odio-habui
2557 714 2704 786 (Gen.
2733 735 2857 785 xxv,
2881 720 2971 790 25,
3002 723 3227 783 Maloea.
3258 745 3295 794 ι,
3327 732 3382 797 2,
3412 733 3465 801 3,

1890 811 1935 856 et
1965 803 2114 859 Rom.
2141 820 2216 871 ix,
2250 805 2337 877 15)
2362 807 2386 860 7
2414 807 2621 864 Dictum
2646 820 2731 866 est
2771 812 2913 868 enim
2937 832 2951 869 :
2973 815 3146 888 Major
3171 824 3344 878 serviet
3368 827 3468 881 mi-

1889 896 2018 988 nari.
2051 894 2325 988 Occultum
2365 899 2435 954 ibi
2475 899 2731 970 judicium
2762 905 2891 972 Dei;
2914 908 3009 964 sed
3039 919 3214 969 tamen
3241 932 3274 969 a
3295 919 3467 988 rutra,

1890 985 1941 1039 id
1961 995 2062 1051 est,
2090 985 2159 1041 ab
2186 988 2299 1058 ipsa
2327 990 2531 1060 origine
2570 994 2779 1050 alienati
2817 1010 2937 1053 sunt
2978 1016 3281 1070 peccatores.
3316 985 3470 1068 Unde

1889 1076 2141 1131 alienati?
2166 1082 2209 1134 A
2231 1082 2473 1139 veritate.
2496 1082 2647 1143 Unde
2689 1088 2943 1145 alienati?
2966 1094 3012 1149 Α
3040 1097 3210 1164 patria
3240 1097 3415 1168 beata,
3438 1118 3467 1156 a

1886 1175 1990 1228 vita
2016 1176 2189 1233 beata.
2221 1178 2302 1234 An
2339 1178 2477 1237 forte
2503 1182 2717 1240 alienati
2766 1185 2837 1241 ab
2878 1186 2993 1256 ipsa
3027 1192 3223 1247 vulva?
3265 1193 3335 1250 Et
3380 1211 3468 1266 qui

1889 1275 2195 1334 peccatores
2223 1269 2438 1327 alienati
2464 1281 2587 1328 sunt
2614 1289 2647 1329 a
2671 1276 2863 1332 vulva?
2887 1276 2988 1345 Qui
3014 1281 3157 1335 enim
3179 1297 3469 1340 nasceren-

1890 1366 1995 1422 tur,
2018 1358 2063 1413 si
2103 1375 2209 1415 non
2252 1360 2326 1417 ibi
2374 1366 2721 1421 tenerentur?
2748 1370 2854 1427 Aut
2881 1371 2970 1439 qui
2997 1370 3157 1428 hodie
3179 1376 3421 1431 viverent
3452 1419 3467 1445 ,

1889 1458 1948 1504 ut
1972 1452 2085 1506 hinc
2111 1453 2228 1508 sine
2273 1470 2430 1511 causa
2452 1457 2714 1523 audirent,
2748 1460 2851 1516 nisi
2896 1468 3281 1522 nascerentur?
3307 1468 3469 1526 Forte

1886 1557 2014 1612 ergo
2037 1558 2067 1598 a
2093 1545 2319 1614 quadam
2348 1549 2504 1604 vulva
2523 1550 2733 1607 alienati
2765 1563 2888 1608 sunt
2914 1568 3244 1626 peccatores,
3276 1561 3328 1616 in
3365 1577 3469 1632 qua

1885 1633 2099 1691 dolores
2134 1639 2431 1705 patiebatur
2479 1642 2732 1706 charitas,
2763 1660 2858 1713 per
2900 1648 3211 1716 Apostolum
3260 1651 3468 1721 dicens,

1889 1724 2027 1803 Quos
2074 1727 2254 1783 iterum
2285 1732 2531 1798 parturio,
2550 1733 2711 1789 donec
2732 1734 2961 1794 Christus
2988 1738 3232 1809 formetur
3254 1743 3309 1798 in
3334 1745 3471 1801 vobis

1886 1809 2133 1905 (GalJv,
2154 1819 2270 1893 19).
2294 1822 2555 1893 ExSpecta
2575 1840 2740 1896 ergo;
2770 1827 3002 1886 formare
3025 1833 3063 1887 ¹.
3094 1832 3211 1889 Noli
3249 1836 3343 1891 tibi
3372 1838 3469 1892 tri-

1884 1909 2048 1966 buere
2070 1912 2325 1983 judicium
2348 1917 2489 1987 quod
2519 1917 2657 1975 forte
2685 1935 2792 1977 non
2834 1925 2994 1979 nosti.
3022 1924 3265 1985 Carnalis
3290 1944 3349 1984 es
3376 1931 3471 1986 ad-

1885 2002 2007 2070 huc,
2038 2018 2330 2076 conceptus
2355 2023 2415 2065 es
2444 2027 2457 2062 :
2486 2025 2552 2065 eo
2569 2011 2686 2082 ipso
2701 2030 2806 2084 quo
2825 2018 3078 2086 accepisti
3105 2035 3298 2077 nomen
3317 2019 3472 2078 Chri-

1882 2096 1969 2161 sti,
2000 2107 2333 2155 sacramento
2356 2100 2585 2171 quodam
2606 2113 2761 2160 natus
2783 2122 2841 2162 es
2867 2108 2920 2162 in
2940 2110 3235 2169 visceribus
3262 2116 3466 2172 matris.

1883 2188 1995 2244 Non
2023 2193 2162 2246 enim
2186 2207 2251 2247 ex
2278 2194 2572 2252 visceribus
2596 2205 2799 2254 tantum
2822 2199 2987 2258 homo
3011 2205 3265 2271 nascitur,
3296 2208 3390 2262 sed
3416 2218 3471 2264 et

1883 2280 1936 2335 in
1969 2282 2277 2339 visceribus.
2313 2287 2466 2343 Prius
2503 2291 2739 2347 nascitur
2765 2294 2819 2348 in
2846 2294 3171 2361 visceribus,
3205 2309 3262 2354 ut
3305 2304 3473 2371 possit

1883 2376 2027 2428 nasci
2058 2374 2124 2429 de
2153 2376 2464 2433 visceribus.
2493 2380 2783 2453 Pr0ptcrea
2823 2385 3024 2442 dictum
3054 2390 3228 2446 estde
3266 2392 3425 2447 Maria
3453 2410 3467 2447 :

1886 2460 2035 2526 Quod
2044 2466 2176 2518 enim
2198 2476 2372 2521 natum
2391 2478 2462 2525 est
2482 2471 2535 2524 in
2554 2488 2633 2536 ea,
2650 2473 2715 2527 de
2739 2473 2942 2545 Spiritu
2954 2489 3128 2533 sancto
3151 2491 3222 2537 est
3256 2480 3466 2553 (Matth.

1881 2567 1919 2617 ι,
1948 2553 2061 2625 20).
2085 2554 2332 2613 Nondum
2357 2559 2427 2615 de
2452 2562 2538 2616 illa
2556 2573 2736 2620 natum
2758 2574 2895 2635 erat,
2921 2568 3017 2624 sed
3037 2570 3146 2637 jam
3179 2571 3232 2628 in
3260 2573 3347 2628 illa
3371 2589 3469 2629 na-

1884 2655 1989 2700 tum
2008 2658 2140 2702 erat.
2171 2649 2310 2720 Ergo
2338 2664 2628 2710 nascuntur
2665 2658 2799 2713 intra
2832 2661 3037 2716 viscera
3060 2664 3310 2721 Ecclesiae
3349 2669 3467 2738 qui—

1880 2737 2001 2792 dam
2032 2742 2259 2810 parvuli;
2275 2752 2329 2799 et
2356 2743 2555 2799 bonum
2572 2755 2654 2801 cst
2671 2757 2727 2803 ut
2751 2748 2960 2806 formati
2985 2764 3195 2817 exeant.
3226 2773 3293 2813 ne
3308 2737 3467 2814 abor-

1881 2837 1935 2919 tu
1962 2830 2222 2886 labantur.
2250 2833 2482 2891 Generet
2508 2844 2558 2891 te
2576 2846 2763 2908 mater,
2782 2855 2887 2895 non
2915 2843 3161 2900 abortiat.
3184 2846 3240 2903 Si
3262 2850 3468 2919 patiens

1880 2918 2064 2988 fueris,
2085 2938 2358 2997 usquequo
2377 2924 2641 2993 formcris,
2663 2945 2936 3003 usquequo
2962 2934 3014 2989 in
3040 2943 3091 2990 te
3113 2918 3351 2995 certarsit
3369 2940 3469 2996 do-

1880 3014 2046 3066 ctrina
2075 3015 2339 3085 veritatis,
2357 3019 2631 3074 continere
2657 3028 2708 3075 te
2735 3020 2932 3078 debent
2977 3035 3215 3084 materna
3238 3029 3467 3089 viscera.

1879 3103 1934 3158 Si
1961 3113 2137 3160 autem
2190 3111 2517 3180 impatientia
2549 3121 2636 3169 tua
2680 3118 3014 3174 concusseris
3042 3119 3209 3177 latera
3259 3127 3465 3192 matris,

1879 3209 1999 3249 cum
2041 3196 2227 3253 dolore
2264 3201 2477 3269 quidem
2505 3211 2558 3260 te
2581 3206 2780 3261 excutit
2828 3206 2987 3279 foras,
3020 3212 3114 3267 sed
3161 3215 3329 3286 magis
3378 3225 3469 3273 tuo
3502 3211 3525 3228 ⁵

1879 3290 2019 3345 malo
2044 3306 2199 3362 quam
2226 3307 2345 3350 suo.

1951 3383 2004 3438 6.
2036 3385 2254 3439 Alienati
2279 3396 2398 3441 sunt
2423 3399 2705 3458 peccatores
2732 3410 2763 3446 α
2793 3395 2958 3461 vulva,
2990 3410 3280 3455 erraverunt
3298 3418 3330 3455 a
3350 3417 3469 3457 ven-

1882 3484 1974 3542 tre,
1998 3476 2150 3530 locuti
2174 3489 2290 3532 sunt
2319 3482 2472 3551 falsa.
2506 3481 2633 3539 Ideo
2682 3501 2809 3556 ergo
2865 3500 3179 3547 erraverunt
3200 3508 3229 3547 a
3257 3503 3463 3563 ventre,

1880 3568 1999 3635 quia
2017 3565 2316 3624 locutisunt
2342 3569 2510 3627 falsa?
2535 3576 2614 3628 Au
2642 3578 2818 3645 potius
2833 3578 2953 3633 ideo
2981 3579 3138 3637 locuti
3169 3595 3290 3639 sunt
3311 3585 3463 3654 falsa,

1881 3658 2003 3728 quia
2032 3672 2345 3717 erraverunt
2370 3679 2399 3717 a
2430 3668 2647 3723 ventre?
2667 3669 2724 3723 lu
2750 3681 2935 3727 ventre
2963 3675 3158 3744 quippe
3186 3676 3463 3746 Ecclesia,

1880 3752 2076 3808 veritas
2101 3766 2299 3809 manet.
2332 3755 2582 3829 Quisquis
2628 3761 2695 3817 ab
2742 3761 2844 3819 hoc
2870 3776 3053 3821 ventre
3093 3767 3348 3829 Ecclesiae
3374 3786 3464 3827 se-

1884 3853 2098 3913 paratus
2143 3846 2321 3910 fuerit,
2373 3864 2594 3905 necesse
2640 3860 2723 3907 est
2772 3853 2901 3910 falsa
2929 3856 3219 3926 loquatur:
3247 3875 3469 3919 necesse

1881 3947 1982 4005 est,
2011 3938 2243 4008 inquam,
2269 3939 2396 3995 falsa
2422 3943 2686 4012 loquatur,
2713 3947 2801 4019 qui
2827 3958 2917 4003 aut
2941 3952 3146 4022 concipi
3169 3954 3351 4019 noluit,
3376 3964 3470 4010 aut

1882 4043 2039 4097 quem
2069 4041 2383 4098 conceptum
2439 4044 2609 4091 mater
2651 4040 2905 4095 excussit.
2940 4039 3066 4097 Inde
3094 4043 3327 4102 haeretici
3354 4048 3468 4102 cla-

1882 4129 2031 4173 mant
2056 4133 2242 4178 contra
2274 4125 2622 4195 Evangelium
2651 4147 2664 4185 :
2690 4140 2746 4185 ut
2770 4131 2838 4187 de
2879 4133 2960 4189 his
2990 4136 3166 4203 potius
3190 4138 3469 4209 loquamur

1880 4227 2017 4283 quos
2061 4212 2303 4271 dolemus
2330 4231 2603 4274 excussos.
2652 4219 2958 4278 Recilamus
3006 4226 3283 4284 eis:Ecce
3309 4230 3468 4287 Chri-

1883 4313 1997 4358 stus
2026 4303 2194 4372 dixit,
2226 4305 2500 4375 Oportebat
2547 4308 2801 4365 Cltristum
2846 4315 2951 4382 pati
2968 4354 2984 4380 ,
3014 4324 3061 4369 et
3085 4333 3117 4370 a
3152 4321 3362 4374 mortuis
3387 4338 3473 4374 re-

1882 4411 2090 4466 surgere
2117 4398 2262 4450 tertia
2282 4398 2382 4451 die.
2414 4400 2658 4469 Agnosco
2679 4402 2752 4456 ibi
2773 4416 2929 4472 caput
2950 4418 3213 4473 nostrum,
3235 4426 3467 4480 agnosco

1884 4489 1953 4544 ibi
2008 4504 2261 4564 sponsum
2308 4503 2546 4547 nostrum
2579 4512 2593 4550 :
2621 4482 2852 4566 agnosce
2876 4508 2931 4554 et
2957 4507 3011 4554 tu
3040 4516 3248 4558 meeum
3300 4518 3462 4574 spon-

1883 4597 2018 4646 sam,
2046 4583 2167 4637 vide
2208 4583 2336 4654 quid
2379 4586 2619 4656 sequitur
2646 4605 2661 4642 :
2692 4588 2973 4646 Prwdicari
3019 4594 3072 4649 in
3115 4597 3317 4651 nomine
3355 4600 3468 4666 ejus

1885 4674 2226 4743 paenitentiam
2249 4684 2293 4728 et
2318 4678 2660 4734 remissionem
2682 4691 3000 4750 peccatorum
3026 4702 3115 4755 per
3139 4704 3309 4742 omnes
3342 4706 3467 4761 gen-

1885 4775 1974 4830 tes,
2018 4765 2364 4834 incipientibus
2410 4767 2473 4822 ab
2514 4767 2799 4826 Jerusalem
2844 4771 2993 4846 (Luc.
3046 4765 3189 4844 xxiv,
3239 4778 3329 4846 46,
3372 4781 3467 4852 47)

1884 4859 1998 4915 Huc
2027 4860 2167 4928 veni,
2190 4860 2291 4916 huc
2316 4863 2431 4916 veni
2462 4860 2560 4936 (a).
2593 4865 2729 4919 Ecce
2756 4864 2991 4922 Ecclesia
3008 4886 3100 4940 per
3139 4886 3311 4927 omnes
3347 4889 3471 4945 gen-

1887 4962 1978 5019 tes,
2012 4953 2367 5025 incipientibus
2410 4955 2470 5007 ab
2495 4954 2782 5010 Jerusalem
2807 4973 2828 5012 :
2854 4975 2961 5019 non
2992 4961 3134 5027 dico,
3163 4962 3279 5020 Huc
3308 4966 3425 5020 veni
3450 4982 3467 5032 ;

1884 5044 1997 5114 ipsa
2023 5044 2088 5099 ad
2121 5057 2172 5099 te
2196 5048 2359 5100 venit.
2393 5045 2469 5099 Illi
2511 5057 2691 5101 autem
2734 5048 3179 5109 obsurdescentes
3213 5054 3466 5110 adversus

1885 5133 2253 5205 Evangelium,
2280 5144 2334 5190 et
2382 5151 2486 5190 non
2537 5151 2635 5190 nos
2676 5139 3043 5208 permittentes
3089 5142 3267 5212 legere
3307 5143 3464 5197 verba

1885 5228 2003 5295 Dei,
2026 5242 2143 5297 quze
2163 5242 2223 5282 se
2241 5227 2442 5296 jactaut
2471 5227 2769 5284 custodisse
2795 5246 2827 5285 a
2853 5230 3067 5287 ﬂamma
3086 5242 3142 5287 et
3163 5232 3345 5287 volunt
3373 5232 3466 5289 de-

1885 5320 1996 5376 lere
2022 5321 2217 5390 lingua,
2242 5320 2528 5389 loquuntur
2557 5335 2675 5389 sua,
2703 5323 2990 5393 loquuntur
3008 5324 3180 5379 inania
3207 5341 3219 5378 :
3244 5325 3337 5381 Ille
3354 5335 3465 5381 tra-

1883 5409 2039 5476 didit,
2070 5420 2124 5465 et
2145 5410 2237 5465 ille
2279 5411 2512 5466 tradidit.
2547 5411 2658 5467 lino
2686 5422 2741 5468 et
2782 5430 2880 5484 ego
2908 5415 3044 5479 dico,
3075 5415 3142 5469 Et
3173 5414 3265 5470 ille
3296 5417 3462 5472 tradi-

1884 5502 1980 5568 dit,
2009 5512 2061 5559 et
2090 5502 2180 5558 ille
2214 5503 2425 5557 tradidit
2454 5522 2466 5558 :
2499 5512 2553 5558 et
2578 5521 2759 5561 verum
2788 5506 2926 5561 dico.
2963 5504 3068 5562 Sed
3092 5505 3217 5577 quid
3246 5509 3312 5563 ad
3340 5525 3427 5565 me
3451 5512 3475 5564 ?

1884 5593 1994 5650 Nec
2036 5603 2092 5649 tu
2123 5596 2251 5650 mihi
2296 5611 2431 5666 quos
2478 5586 2722 5652 nominas
2747 5614 2813 5654 ex
2857 5599 3141 5670 Evangelio
3179 5600 3333 5671 legis,
3367 5618 3466 5658 nec

1885 5701 1986 5759 ego
2006 5701 2140 5758 quos
2181 5689 2399 5743 nomino
2428 5706 2493 5745 ex
2538 5690 2826 5761 Evangelio
2864 5690 2998 5762 lego.
3033 5690 3356 5752 Aulerantur
3402 5678 3485 5758 de

1949 5824 1971 5888 ξ
2002 5822 2140 5888 ttdd.,
2159 5823 2379 5888 formai.
2405 5831 2463 5875 At
2488 5830 2617 5887 uss,
2634 5822 2914 5888 {urnulam

1949 5883 2026 5951 (α)
2059 5883 2169 5937 vox'
2184 5883 2549 5941 Donatistarum.
