4038 6470
478 392 583 452 679

479 510 658 566 medio
683 509 882 564 chartae
933 515 1154 574 nostrte,
1205 504 1461 579 procedat
1503 505 1558 562 iu
1601 505 1838 562 medium
1883 494 2066 559 Codex

483 601 596 656 Dei.
632 600 767 654 Audi
792 599 1062 654 Christum
1085 599 1372 668 dicentem,
1399 597 1523 654 audi
1551 599 1828 655 veritatem
1847 597 2068 668 loquen-

483 701 591 748 tem
625 709 640 747 :
665 691 947 747 Prtedicari
966 693 1020 748 in
1049 694 1251 749 nomine
1280 695 1408 764 ejus,
1437 691 1626 763 inquit,
1661 692 2001 764 penitentiam
2019 699 2068 746 et

483 789 825 843 remissionem
849 797 1165 860 peccatorum
1187 805 1276 861 per
1298 805 1468 844 omnes
1497 798 1687 862 gentes,
1715 787 2070 860 incipientibus

481 879 544 934 ab
563 880 868 936 Jerusalem.
897 879 1036 948 Non,
1061 881 1332 952 inquiunt;
1361 882 1456 938 sed
1482 875 1648 953 Δ(ιιιοά
1700 869 1800 938 nos
1837 881 2067 938 dicimus

487 974 667 1032 audite
700 994 714 1029 :
747 975 890 1047 quod
917 975 1046 1032 dicit
1067 970 1412 1048 Evangelium
1437 976 1688 1032 nolumus
1708 975 1914 1033 audire.
1933 975 2072 1032 Alie-

483 1072 592 1126 nati
618 1081 735 1127 sunt
755 1082 1041 1143 peccatores
1062 1088 1094 1125 a
1119 1072 1265 1126 uulua
1281 1113 1296 1137 ,
1341 1059 1635 1127 mouerunt
1659 1089 1692 1126 a
1711 1056 1898 1139 uentre,
1917 1070 2072 1126 locuti

482 1174 600 1219 sunt
630 1165 782 1236 falsa.
805 1163 915 1220 Nos
944 1164 1223 1238 loquamur
1250 1179 1398 1230 vera,
1431 1164 1554 1236 quia
1580 1163 1880 1220 audivimus
1900 1178 2025 1220 vera
2051 1178 2068 1231 ;

482 1248 902 1329 qued'Dominus
920 1258 1072 1326 dicit,
1100 1274 1208 1314 non
1227 1258 1369 1330 quod
1388 1258 1550 1316 homo
1578 1258 1724 1316 dicit.
1753 1258 1937 1314 Potest
1957 1256 2074 1313 fieri

484 1359 544 1404 ut
570 1348 730 1405 homo
751 1350 1037 1406 mentiatur
1067 1368 1080 1407 :
1108 1366 1214 1407 non
1235 1359 1412 1422 potest
1438 1351 1553 1408 fieri
1584 1359 1641 1408 ut
1669 1351 1868 1408 veritas
1914 1365 2072 1407 men-

487 1445 665 1500 lialtll‘.
699 1445 779 1499 Ex
808 1444 1046 1501 veritatis
1079 1437 1433 1517 ore'agnosco
1462 1445 1750 1513 Christum,
1783 1445 1952 1516 ipsam
1980 1457 2074 1499 ve-

487 1533 698 1593 ritatem
730 1557 742 1592 :
775 1555 838 1594 ex
868 1539 1108 1594 veritatis
1127 1554 1224 1596 ore
1242 1553 1472 1610 agnosco
1498 1538 1792 1595 Ecclesiam
1813 1577 1830 1606 ,
1861 1535 2077 1608 partici-

487 1649 604 1702 pem
636 1633 894 1689 veritatis.
923 1633 1092 1688 Nemo
1140 1633 1270 1690 mihi
1294 1633 1426 1689 falsa
1454 1633 1723 1706 loquatur,
1747 1631 1834 1703 qui
1879 1629 2079 1687 erravit

484 1727 551 1779 al)
579 1735 728 1779 utero
752 1723 1128 1781 iu‘visceribus
1148 1724 1406 1783 Ecclesiae
1431 1745 1444 1781 :
1470 1726 1646 1798 primo
1684 1723 1921 1782 viderem
1947 1722 2075 1794 quid

486 1834 570 1870 tut:
601 1819 762 1873 vellet
785 1809 999 1876 ducere.
1036 1819 1200 1876 Video
1220 1820 1508 1876 alienatum
1544 1835 1574 1876 a
1604 1814 1784 1887 vulva,
1812 1819 1968 1876 video
1985 1834 2075 1874 er-

487 1925 634 1964 rasse
663 1922 916 1974 aveutre.
951 1921 1004 1967 et
1053 1913 1333 1969 auditurus
1385 1927 1502 1968 sum
1547 1913 1614 1969 ab
1660 1928 1760 1981 eo,
1803 1911 1929 1984 quid
1973 1911 2076 1967 nisi

488 2003 659 2060 falsa?
690 2005 996 2061 Erraverunt
1021 2022 1054 2062 a
1072 2017 1260 2074 ventre,
1291 2007 1443 2063 locuti
1469 2017 1584 2064 sunt
1614 2007 1764 2079 falsa.

561 2095 612 2150 7.
645 2095 796 2169 [vers.
821 2098 877 2165 5,
915 2096 996 2171 6.]
1024 2097 1318 2170 Indignatio
1348 2100 1420 2154 eis
1469 2099 1744 2154 secundum
1789 2097 2078 2154 similitudi-

492 2204 606 2242 nem
626 2191 890 2258 serpentis.
917 2189 1158 2260 Magnam
1186 2207 1301 2246 rem
1339 2191 1569 2246 audituri
1602 2191 1750 2246 estis.
1779 2190 2076 2263 Indignatio

489 2281 560 2335 eis
575 2281 850 2336 secundum
869 2284 1254 2339 similitudinem
1273 2286 1536 2355 serpentis.
1566 2275 2036 2353 Quasi‘dixerimus
2057 2326 2074 2355 ,

489 2373 616 2442 quid
644 2382 728 2430 est
753 2374 1150 2445 quod‘dixisti?
1177 2375 1436 2447 sequitur,
1469 2375 1614 2432 Sicut
1652 2376 1846 2448 aspidis
1865 2367 2094 2431 surdae.‘

490 2462 644 2520 Unde
671 2465 893 2521 surdae?
921 2465 987 2520 Et
1037 2453 1316 2523 obturantis
1365 2485 1514 2524 aures
1554 2485 1695 2523 suas.
1725 2467 1850 2524 Ideo
1879 2457 2094 2535 surdae,

489 2555 613 2626 quia
639 2556 851 2613 obturat
878 2573 1038 2616 aures
1063 2574 1207 2616 suas.
1238 2559 1307 2614 Et
1333 2561 1610 2616 obturantis
1635 2577 1784 2616 aures
1811 2577 1948 2626 suas,
1967 2575 2079 2630 qua:

491 2665 593 2704 non
604 2651 840 2706 exaudiet
850 2669 1018 2708 vocem
1031 2654 1339 2710 incantantiu
1346 2671 1416 2723 tn,
1429 2665 1476 2710 et
1489 2654 1834 2711 medicamenti
1844 2655 2080 2710 medicati

489 2758 520 2797 a
539 2745 786 2815 sapiente.
820 2735 984 2803 Sicut.
1011 2747 1330 2817 audivimus,
1348 2747 1491 2819 quod
1519 2757 1572 2804 ct
1600 2747 1844 2805 homines
1871 2747 2075 2816 dicunt,

489 2836 579 2905 qui
594 2851 656 2892 ea
674 2853 776 2908 qua
793 2848 1078 2911 potuerunt
1097 2839 1212 2896 haec
1229 2841 1531 2912 cognitione
1543 2841 1861 2908 didicerunt,
1884 2840 1978 2914 sed
1999 2847 2098 2916 ta-_

489 2940 615 2982 men
627 2929 765 2997 quod
782 2929 1012 2999 Spiritus
1025 2931 1119 2988 Dei
1134 2924 1302 2987 multo
1313 2931 1504 2989 melius
1515 2933 1762 2989 omnibus
1773 2931 2080 2988 hominibus

489 3018 660 3074 novit.
681 3017 798 3074 Non
823 3021 966 3076 enim
990 3012 1182 3078 frustra
1194 3023 1296 3080 hoc
1316 3023 1470 3093 dixit,
1494 3023 1595 3080 nisi
1617 3024 1737 3094 quia
1761 3023 1876 3080 ﬁeri
1904 3009 2103 3094 potest.

454 3142 461 3150 -
490 3119 743 3168 utverum
759 3113 829 3169 sit
843 3115 1003 3170 etiam
1016 3115 1144 3171 illud
1156 3116 1297 3187 quod
1315 3117 1616 3173 audivimus
1629 3116 1696 3173 de
1707 3117 2079 3188 aspide.Aspis

490 3216 613 3258 cum
642 3205 864 3277 coeperit
883 3207 993 3278 pati
1010 3197 1399 3266 incantatorem
1427 3199 1797 3280 Marsum,'qui
1824 3225 1942 3266 eam
1962 3208 2080 3280 qui-

491 3294 714 3352 busdam
739 3299 1063 3356 carminibus
1092 3300 1322 3372 propriis
1368 3311 1574 3371 evocat,
1608 3302 1745 3358 sicut
1769 3311 1894 3358 sunt
1916 3302 2080 3358 multa

491 3388 652 3444 etiam
674 3389 897 3462 magica,
926 3391 1105 3449 audite
1141 3393 1266 3464 quid
1301 3393 1443 3449 facit.
1473 3391 1581 3450 Sed
1609 3394 1824 3450 interim
1874 3395 1929 3450 in
1977 3393 2081 3451 hoc

490 3483 1034 3552 attendite',‘fratrcs:
1061 3485 1165 3543 hoc
1206 3487 1348 3544 enim
1395 3487 1832 3560 prmioquendum
1877 3497 1978 3555 est,
2011 3503 2082 3546 ne

490 3575 769 3647 quisquam
821 3578 984 3634 veluti
1027 3578 1280 3635 haesitans
1308 3579 1527 3636 audiat:
1557 3595 1686 3649 non,
1710 3565 2106 3652 undecumque-

490 3665 646 3723 datur
665 3669 976 3737 similitudo,
1008 3672 1076 3728 ab
1105 3671 1397 3744 Scripturis
1441 3673 1688 3730 laudatur
1711 3675 1826 3745 ipsa
1853 3689 1961 3742 res,
1985 3673 2080 3730 sed

457 3771 460 3773 λ
495 3768 696 3815 tantum
724 3762 848 3818 inde
889 3756 1190 3820 similitudo
1224 3765 1474 3820 trahitur.
1508 3763 1624 3821 Non
1655 3766 1798 3820 enim
1849 3765 2082 3821 laudavit

495 3851 734 3920 iniquum
760 3852 993 3923 iudicem
1021 3855 1109 3926 qui
1149 3856 1365 3911 nolebat
1390 3856 1576 3913 audire
1603 3857 1747 3912 illam
1765 3857 1999 3926 viduam,
2027 3864 2085 3914 et

495 3961 595 4000 nec
623 3934 789 4002 Deum
813 3947 1054 4016 timebat,
1084 3964 1186 4006 nec
1210 3949 1454 4007 homines
1505 3951 1882 4020 reverebatur;
1915 3960 1969 4008 et
1997 3960 2081 4008 ta-

495 4053 619 4092 men
643 4038 764 4094 inde
785 4037 1183 4098 similitudinem
1201 4041 1457 4098 Dominus
1477 4045 1634 4099 traxit
1651 4042 1802 4114 (Luc.
1826 4059 1976 4110 xvm,
2001 4044 2078 4116 2):
2101 4111 2104 4114 ξ

496 4146 594 4187 nec
613 4124 770 4216 illum
798 4133 1035 4190 laudavit
1064 4134 1271 4216 pigrum
1302 4135 1391 4207 qui
1422 4144 1534 4192 tres
1581 4151 1766 4207 panes,
1797 4153 1902 4191 non
1953 4151 2082 4206 pro-

489 4215 920 4298 pte’ramicitiam
946 4228 1092 4284 dedit
1117 4230 1337 4299 petenti,
1369 4230 1462 4287 sed
1489 4231 1648 4286 taedio
1689 4229 1887 4298 victus;
1918 4239 1973 4286 et
2000 4215 2124 4318 ta-

490 4318 614 4375 men
645 4320 769 4376 inde
796 4321 1202 4378 similitudinem
1231 4321 1552 4394 dedit(Luc.
1582 4339 1659 4389 xr,
1684 4322 1764 4392 8).
1794 4324 1873 4410 Ειί
1896 4323 1963 4379 de
1991 4339 2116 4410 re-t

491 4415 588 4468 bus"
615 4430 744 4483 ergo
771 4429 876 4468 non
915 4413 1192 4470 laudandis
1225 4413 1506 4470 trahuntur
1553 4415 1842 4472 secundum
1871 4408 2082 4487 quem-

490 4506 610 4560 datu
637 4506 859 4561 modum
891 4506 1160 4561 nonnulla:
1190 4506 1585 4563 similitudines.
1636 4509 1742 4562 Aut
1772 4509 1816 4562 si
1839 4518 2084 4578 propter-

491 4613 552 4651 ca
577 4599 774 4670 putatis
799 4597 1032 4654 eundum
1060 4614 1179 4654 esse
1205 4598 1273 4653 ad
1317 4597 1542 4667 Marsos,
1565 4600 1686 4670 quia
1715 4599 1815 4656 hoc
1857 4600 2084 4657 audistis

493 4691 543 4743 ir.
573 4681 849 4760 Scriptura
880 4692 1002 4757 Dei;
1027 4691 1258 4748 eundum
1287 4701 1368 4748 est
1398 4702 1452 4749 et
1477 4693 1544 4748 ad
1569 4694 1872 4763 spectacula
1928 4694 2082 4752 thea-

493 4784 586 4846 tri,
610 4783 729 4852 quia
751 4783 880 4838 dicit
903 4773 1189 4853 Apostolus
1213 4802 1225 4838 :
1253 4783 1372 4838 Non
1395 4785 1468 4837 sic
1489 4770 1730 4856 pugillor,
1756 4786 1901 4856 quasi
1917 4803 2084 4841 aerem

497 4867 721 4939 ardens;
739 4876 957 4945 pugilari
985 4876 1126 4932 enim
1149 4885 1230 4932 est
1251 4877 1578 4948 pancratium
1609 4875 1803 4932 facere.
1823 4875 1939 4932 Jam
1960 4878 2084 4948 quia

495 4967 620 5022 hinc
646 4966 770 5023 data
797 4975 879 5022 est
898 4967 1207 5036 similitudo,
1239 4968 1539 5039 spectacula
1567 4967 1668 5024 ista
1693 4967 1962 5024 delectare
1983 4958 2108 5025 nos'

495 5061 734 5118 debent?
763 5070 855 5117 aut
902 5063 1024 5133 quia
1071 5062 1225 5129 dixit,
1257 5062 1358 5129 Qui
1403 5064 1456 5118 in
1503 5079 1665 5134 agone
1712 5065 1989 5132 contendit,
2019 5063 2082 5118 ab

452 5219 455 5221 _
495 5158 724 5214 omnibus
763 5158 1017 5214 abstinens
1059 5167 1135 5213 est
1161 5156 1359 5230 (lCor.
1389 5173 1466 5227 lx,
1497 5157 1588 5224 26,
1619 5156 1757 5229 28);
1799 5167 2081 5230 propterea

494 5254 787 5326 agonistica
817 5250 1090 5310 ista‘vana
1112 5260 1167 5310 et
1215 5252 1418 5310 ludicra
1461 5251 1621 5310 debet
1643 5251 1895 5308 affectare
1941 5232 2108 5307 diri?

495 5348 737 5404 stianus?
768 5347 1000 5403 Attende
1038 5343 1164 5417 quid
1187 5345 1283 5401 tibi
1328 5340 1541 5401 dicatur
1568 5345 1635 5401 ad
1656 5345 2078 5414 similitudinem,
2104 5332 2113 5423 ξ

495 5438 624 5510 quid
651 5448 933 5495 moneatur
959 5438 1027 5494 ad
1060 5438 1486 5510 prohibitionem.
1515 5437 1588 5494 Ita
1611 5454 1738 5510 ergo
1767 5447 1823 5494 et
1847 5438 1933 5494 hic
1958 5439 2078 5494 data

492 5533 830 5605 estqutedam
852 5533 1144 5590 similitudo
1159 5533 1226 5590 de
1243 5533 1436 5600 Marso,
1456 5518 1547 5605 qui
1566 5534 1800 5590 incantat
1819 5544 1875 5591 ut
1889 5535 2082 5592 educat

493 5626 734 5696 aspidem
775 5626 842 5683 de
867 5628 1148 5684 tenebrosa
1188 5640 1414 5682 caverna
1447 5641 1461 5680 :
1489 5626 1672 5698 utique
1692 5627 1744 5682 in
1765 5627 1939 5684 lucem
1965 5629 2080 5685 vult

493 5718 760 5785 educere;
795 5719 883 5775 illa
911 5730 1087 5776 autem
1133 5718 1362 5775 amando
1379 5719 1627 5775 tenebras
1651 5736 1776 5776 suas
1797 5721 1988 5792 quibus
2017 5736 2078 5778 se

495 5808 800 5868 involutans
823 5811 1076 5877 occultat,
1103 5812 1300 5868 dicitur
1323 5809 1468 5884 quod
1495 5827 1616 5868 cum
1641 5813 1790 5870 exire
1823 5815 2074 5883 noluerit,

492 5914 750 5964 recusans
777 5909 956 5962 tamen
984 5901 1169 5962 audire
1200 5903 1317 5964 illas
1334 5919 1494 5964 voces
1521 5905 1716 5979 quibus
1733 5922 1795 5965 se
1810 5909 1924 5980 cogi
1947 5925 2072 5968 sen-

1650 389 1657 432 ἶ
1707 387 1766 444 S.
1797 377 2162 444 AUGUSTINI
2199 377 2505 440 EPlSCOPl

2171 498 2253 564 tit,
2274 499 2446 556 allidit
2493 513 2654 556 unam
2681 512 2864 556 aurem
2916 509 3095 571 terrae,
3121 509 3181 559 et
3227 503 3297 562 de
3345 504 3518 564 cauda
3541 465 3766 568 ob.turat

2167 591 2413 659 alteram,
2439 601 2598 665 atque
2618 594 2689 649 ita
2713 607 2877 651 voces
2903 595 3024 651 illas
3047 605 3304 668 quantum
3327 609 3506 671 potest
3526 602 3762 671 evitaus,

2169 699 2276 742 non
2300 686 2411 742 exit
2433 684 2502 742 ad
2552 687 2929 744 incantantem.
2959 687 3097 746 Huic
3143 689 3343 748 similes
3368 692 3502 750 dixit
3525 693 3767 767 Spiritus

2170 777 2266 835 Dei
2295 779 2564 851 quosdam.
2585 796 2694 839 non
2715 768 3002 842 audientes
3025 785 3247 843 verbum
3296 788 3413 856 Dei,
3435 799 3492 847 et
3536 807 3645 849 non
3668 809 3768 852 so-

2171 869 2282 927 lum
2307 887 2416 930 non
2439 872 2714 946 facientes,
2734 875 2832 934 sed
2873 879 3093 936 omnino
3119 894 3190 938 ue
3215 879 3414 941 faciant
3431 883 3620 943 audire
3661 901 3767 944 no-

2171 962 2343 1021 lentes
2362 966 2400 1020 ¹.
2534 1029 2536 1032 ,

2242 1056 2297 1113 8.
2338 1058 2558 1116 Factum
2589 1067 2672 1117 est
2709 1060 2814 1118 hoc
2853 1071 2909 1119 et
2936 1061 2990 1119 in
3032 1063 3221 1135 primis
3252 1068 3583 1140 temporibus
3613 1069 3767 1127 ﬁdei.

2171 1147 2472 1220 Stephanus
2494 1159 2700 1224 martyr
2721 1152 3048 1224 praedicabat
3080 1157 3356 1214 veritatem
3381 1201 3397 1228 ,
3425 1169 3481 1216 et
3511 1169 3770 1232 tanquam

2174 1240 2470 1298 tenebrosis
2490 1242 2776 1311 mentibus,
2798 1254 2860 1301 ut
2888 1261 2978 1302 eas
3003 1247 3057 1302 in
3078 1247 3249 1305 lucem
3277 1250 3548 1318 educeret,
3578 1252 3770 1308 incan-

2175 1330 2355 1387 tabat:
2387 1332 2480 1389 ubi
2505 1335 2650 1390 venit
2667 1336 2737 1393 ad
2763 1341 3326 1397 commemorationem
3347 1343 3570 1411 Christi,
3601 1360 3768 1416 quem

2173 1421 2251 1477 illi
2277 1423 2499 1480 omnino
2537 1424 2722 1484 audire
2766 1427 3089 1496 noluerunt,
3116 1431 3244 1502 quid
3276 1433 3347 1490 de
3381 1434 3463 1490 eis
3490 1434 3770 1505 Scriptura

2175 1511 2335 1569 dicit?
2361 1515 2488 1586 quid
2515 1515 2582 1573 de
2609 1517 2716 1575 illis
2744 1521 2966 1577 narrat?
2991 1521 3296 1580 Cluserunt
3316 1567 3332 1595 ,
3364 1527 3571 1599 inquit,
3614 1543 3775 1584 aures

2175 1620 2314 1661 suas.
2364 1606 2503 1675 Quid
2553 1617 2731 1666 autem
2768 1621 2952 1682 postea
2993 1615 3236 1684 fecerint,
3281 1619 3460 1690 passio
3509 1618 3771 1689 Stephani

2176 1707 2387 1754 narrata
2427 1699 2683 1760 declarat.
2723 1703 2840 1760 Non
2885 1716 3037 1763 erant
3080 1708 3268 1777 surdi,
3295 1709 3391 1766 sed
3426 1711 3668 1767 fecerunt
3709 1727 3774 1767 se

2176 1791 2385 1849 surdos.
2415 1793 2550 1862 Quia
2577 1796 2721 1852 enim
2742 1812 2902 1880 aures
2929 1809 3170 1870 patentes
3199 1802 3252 1858 in
3275 1803 3439 1860 corde
3464 1820 3570 1860 non
3602 1803 3776 1862 habe-

2176 1884 2324 1953 bant,
2351 1887 2601 1945 violentia
2629 1898 2804 1947 tamen
2833 1893 2979 1948 verbi
3011 1892 3110 1966 per
3133 1911 3290 1952 aures
3314 1898 3492 1954 carnis
3518 1898 3732 1954 irruens
3749 1941 3770 1968 ,

2177 1979 2335 2035 etiam
2361 1980 2488 2052 ipsis
2515 1982 2733 2040 auribus
2761 1987 2938 2042 cordis
2967 1989 3071 2043 vim
3095 1988 3362 2047 faciebat:
3391 1994 3699 2050 clauserunt
3716 2003 3775 2050 et

2177 2085 2334 2128 aures
2357 2075 2617 2146 corporis,
2644 2086 2700 2133 et
2723 2078 2900 2135 ierunt
2922 2079 2988 2135 ad
3014 2081 3216 2152 lapides
3242 2083 3372 2154 (Act.
3403 2100 3501 2154 vn,
3533 2086 3625 2151 56,
3649 2085 3768 2157 57).

2177 2164 2317 2221 Ecce
2341 2167 2553 2236 aspides
2575 2168 2773 2239 surdae,
2806 2170 3051 2229 duriores
3073 2173 3335 2245 lapidibus
3360 2177 3551 2248 quibus
3581 2178 3775 2234 incan-

2177 2265 2403 2314 tatorem
2423 2273 2578 2316 suum
2603 2261 2970 2332 lapidaverunt
2993 2283 3007 2318 :
3032 2281 3137 2322 non
3167 2268 3452 2325 audierunt
3476 2285 3660 2326 vocem
3686 2272 3776 2326 in-

2177 2350 2460 2417 cantaulis,
2492 2360 2540 2406 et
2564 2353 2910 2410 medicamenti
2938 2359 3174 2414 medicati
3190 2377 3222 2414 a
3250 2362 3496 2431 sapiente.
3524 2362 3660 2430 Quid
3687 2370 3779 2419 est

2177 2441 2627 2501 medicamentum
2660 2448 2979 2506 medicatum
3025 2467 3055 2507 a
3085 2454 3364 2524 sapiente?
3388 2455 3547 2512 Forte
3585 2457 3772 2512 medi-

2177 2545 2480 2594 camentum
2519 2540 2838 2609 confectum,
2866 2543 3009 2601 dicat
3045 2547 3491 2606 medicamentum
3534 2551 3778 2607 medica-

2178 2635 2310 2683 tum.
2343 2631 2425 2686 Au
2450 2633 2739 2703 quaerimus
2763 2635 2838 2691 ibi
2859 2637 3078 2708 aliquid,
3105 2643 3373 2711 quomodo
3394 2643 3505 2714 jam
3533 2644 3578 2699 si
3600 2644 3749 2700 medi

2177 2731 2479 2779 camentum
2523 2733 2626 2793 est,
2667 2727 2828 2783 etiam
2869 2728 3189 2786 medicatum
3237 2733 3344 2789 sit?
3385 2735 3777 2792 Medicamenta

2179 2824 2329 2870 erant
2357 2816 2408 2871 in
2439 2813 3154 2889 Prophetis,'mcdicamenta
3181 2835 3334 2883 erant
3361 2829 3415 2883 in
3435 2829 3600 2900 Lege,
3630 2846 3778 2900 pra:-

2179 2918 2334 2980 cepta
2367 2909 2479 2980 ipsa
2509 2912 2687 2968 omnia
2729 2914 3118 2974 medicamenta
3147 2929 3328 2988 erant;
3361 2930 3416 2977 et
3451 2922 3555 2979 hoc
3596 2924 3778 2980 medi-

2180 3009 2484 3058 camentum
2511 3003 2746 3061 nondum
2770 3017 2884 3064 erat
2911 3009 3230 3067 medicatum
3257 3031 3272 3068 :
3301 3004 3537 3070 adventu
3555 3015 3777 3071 Domini

2181 3092 2500 3150 medicatum
2527 3105 2609 3152 est
2638 3091 3118 3170 medicamentum;
3149 3103 3249 3160 hoc
3273 3105 3347 3162 illi
3373 3105 3514 3162 ferre
3539 3122 3647 3162 non
3677 3123 3780 3178 po-

2182 3194 2414 3243 tuerunt.
2461 3187 2594 3256 Quia
2641 3193 2782 3249 enim
2818 3210 2926 3250 non
2979 3195 3301 3252 curabautur
3354 3199 3775 3269 medicamento,

2179 3278 2501 3336 medicatum
2521 3291 2603 3337 est
2626 3283 2794 3354 ipsum
2811 3286 3253 3344 medicamentum
3283 3291 3512 3347 adventu
3539 3294 3778 3349 Domini.

2179 3370 2298 3428 Jam
2321 3371 2622 3444 Stephanus
2639 3376 3080 3434 medicamentum
3103 3382 3418 3437 medicatum
3439 3384 3777 3452 incantabat;

2181 3463 2284 3519 hoc
2306 3464 2380 3518 illi
2409 3465 2594 3522 audire
2622 3469 2941 3527 noluerunt:
2969 3473 3110 3530 unde
3133 3474 3452 3532 medicatum
3487 3487 3568 3534 est
3597 3479 3781 3534 medi-

2181 3570 2505 3629 camentum,
2534 3573 2719 3620 contra
2747 3564 2850 3623 hoc
2877 3582 3035 3624 aures
3057 3569 3384 3627 clauserunt.
3409 3571 3540 3627 Nam
3568 3572 3639 3629 ibi
3669 3572 3782 3631 hoc

2181 3651 2462 3723 fecerunt,
2510 3655 2602 3710 ubi
2659 3659 2962 3716 nominatus
3020 3671 3102 3717 est
3147 3661 3410 3720 Christus.
3477 3663 3782 3736 Indignatio

2182 3761 2368 3803 eorum
2389 3789 2404 3814 ,
2432 3747 2571 3804 sicut
2599 3749 2892 3822 indignatio
2919 3745 3199 3826 serpentis.
3228 3757 3364 3825 Quid
3393 3773 3548 3814 aures
3569 3757 3785 3814 claudi-

2182 3837 2286 3894 tis?
2315 3840 2649 3910 Exspectate,
2677 3845 2886 3912 audite;
2918 3855 2972 3902 et
2996 3849 3038 3902 si
3067 3849 3344 3918 potueritis
3363 3890 3378 3914 ,
3402 3851 3605 3905 saevite.
3633 3851 3783 3918 Quia

2183 3931 2437 3988 nolebant
2459 3935 2561 3990 nisi
2587 3936 2804 4004 stevire,
2837 3939 3121 3995 noluerunt
3143 3941 3348 3997 audire.
3376 3942 3525 4010 Quod
3549 3943 3594 3997 si
3615 3944 3776 3999 audi-

2182 4031 2322 4088 rent,
2346 4023 2482 4080 forte
2519 4026 2854 4085 descevitent.
2886 4031 3181 4102 Indignatio
3203 4047 3426 4104 eorum,
3452 4021 3594 4091 sicut.
3629 4034 3782 4091 indi-

2181 4119 2362 4189 guatio
2381 4122 2667 4190 serpentis.

2255 4212 2308 4269 9.
2350 4212 2504 4269 Tales
2530 4215 2690 4270 etiam
2716 4215 2844 4272 istos
2873 4217 3226 4290 patimur-.(a).
3253 4218 3432 4276 Primo
3456 4218 3556 4276 sibi
3577 4217 3786 4276 verita-

2183 4312 2290 4361 tem
2319 4314 2503 4363 tenere
2529 4307 2846 4364 videbantur
2870 4327 2882 4363 :
2915 4325 3020 4365 non
3049 4311 3276 4366 cessavit
3298 4313 3457 4380 Deus,
3486 4328 3594 4369 non
3619 4314 3783 4383 quie-

2185 4395 2279 4452 vit.
2309 4397 2364 4452 ln
2392 4399 2412 4430 ³
2445 4398 2683 4456 Ecclesia
2708 4415 2802 4456 sua
2833 4401 3118 4472 praedicata
3148 4411 3230 4457 est
3255 4405 3450 4458 veritas
3471 4445 3485 4468 ,
3515 4405 3565 4459 in
3604 4405 3788 4460 visce-

2184 4489 2333 4548 ribus
2353 4492 2541 4548 matris
2563 4505 2748 4564 aperta
2766 4506 2888 4551 sunt
2915 4512 3096 4552 eorum
3121 4498 3424 4554 mendacia:
3453 4498 3785 4568 patefactum

2183 4594 2266 4642 est
2293 4588 2432 4657 quod
2455 4589 2630 4653 lucet;
2660 4589 3020 4645 demonstrata
3043 4603 3121 4645 est
3141 4591 3329 4646 civitas
3352 4607 3512 4662 super
3537 4600 3784 4646 montem

2185 4681 2502 4748 constituta,
2535 4697 2654 4753 quae
2678 4681 2932 4739 abscondi
2961 4698 3066 4739 non
3096 4692 3311 4754 potest,
3339 4691 3395 4740 et
3437 4683 3648 4738 lucerna
3678 4698 3789 4753 po-

2185 4772 2288 4828 sita
2316 4759 2400 4829 est
2441 4789 2603 4845 super
2631 4775 3011 4832 candelabrum
3035 4817 3051 4844 ,
3081 4791 3203 4847 qua:
3230 4776 3372 4832 lucet
3396 4775 3645 4832 omnibus
3681 4777 3786 4845 qui

2186 4866 2240 4922 in
2264 4867 2424 4924 domo
2445 4874 2569 4923 sunt
2601 4867 2811 4940 (Matth.
2840 4886 2906 4938 v,
2939 4870 3042 4938 14,
3074 4870 3188 4941 15).
3220 4870 3322 4926 Ubi
3347 4870 3491 4926 enim
3517 4869 3646 4926 latet
3668 4869 3788 4926 Ec-

2185 4959 2346 5015 clesia
2369 4959 2606 5016 Christi?
2650 4961 2738 5018 ubi
2773 4962 2903 5018 latet
2945 4963 3141 5018 veritas
3168 4961 3405 5018 Christi?
3433 4961 3619 5018 Nonne
3660 4962 3792 5030 ipso

2185 5061 2270 5108 est
2292 5067 2445 5108 mons
2468 5053 2558 5124 qui
2581 5054 2751 5110 crevit
2775 5069 2842 5110 ex
2869 5053 3090 5110 minimo
3119 5054 3314 5126 lapide,
3333 5063 3389 5111 et
3405 5052 3642 5125 =inplevit
3667 5055 3793 5110 uni-

2183 5161 2394 5202 versam
2441 5145 2627 5202 facicm
2672 5154 2829 5202 terra
2873 5145 3034 5219 (Dan.
3083 5161 3160 5214 ιι,
3205 5146 3332 5217 35)?
3379 5145 3794 5202 Convincuutur

2186 5237 2332 5305 hinc,
2379 5254 2486 5295 non
2530 5238 2726 5294 habent
2749 5239 2892 5311 quod
2919 5239 3096 5294 dicant
3131 5248 3318 5295 contra
3344 5237 3658 5294 Ecclesiam.
3715 5238 3792 5293 Et

2184 5333 2311 5404 quid
2335 5333 2414 5389 eis
2433 5331 2730 5389 remansit?
2749 5331 2886 5400 Quid
2909 5345 3006 5387 nos
3030 5331 3306 5403 quaeritis?
3325 5330 3452 5403 quid
3473 5345 3572 5386 nos
3590 5329 3787 5396 vultis,

2183 5425 2408 5482 dicunt?
2433 5424 2666 5482 recedite
2685 5439 2715 5478 a
2746 5423 2918 5480 nobis.
2943 5425 3137 5481 Dicunt
3161 5433 3337 5479 autem
3359 5433 3413 5479 et
3437 5423 3583 5479 suis:
3608 5421 3793 5478 Nemo

2184 5534 2305 5576 cum
2331 5519 2438 5575 illis
2465 5518 2727 5588 loquatur,
2761 5531 2920 5574 nemo
2944 5515 3047 5573 illis
3068 5515 3438 5587 conjungatur,
3470 5528 3629 5571 nemo
3658 5513 3795 5570 illos

2183 5612 2380 5670 audiat.
2431 5609 2728 5684 Indignatio
2771 5625 2999 5681 eorum,
3057 5609 3346 5682 indignatio
3396 5608 3729 5680 serpentium
3777 5626 3797 5663 :

2246 5731 2264 5763 ι
2299 5731 2372 5780 Sic
2390 5734 2497 5778 Mss.
2513 5732 2580 5797 _At
2599 5725 2806 5797 md.,_et
2825 5737 2919 5797 non
2937 5722 3095 5797 solum
3114 5735 3210 5775 non
3226 5721 3491 5785 audientes,
3516 5719 3604 5773 sed
3624 5720 3795 5772 omni-

2180 5804 2244 5844 no
2260 5797 2311 5842 ut
2332 5803 2426 5842 non
2446 5787 2633 5860 valeam
2654 5787 2828 5862 audire
2850 5787 3093 5851 faciemes.

2242 5851 2661 5982 ἴα
2671 5863 2784 5915 quae
2799 5862 2851 5904 in
2863 5849 2975 5902 add.
2989 5850 3182 5913 deerat,
3206 5847 3302 5903 huc
3322 5853 3574 5902 revocatur
3584 5859 3651 5900 ex
3669 5853 3796 5899 Mss.

2269 5927 2320 5968 α)
2354 5927 2642 5968 ηοιιειιθω.
