4038 6472
208 435 304 493 681

207 551 329 605 sicut
357 549 557 620 aspidis
603 547 772 603 surda
813 555 859 603 et
900 549 1178 604 obturantis
1203 565 1348 604 aures
1388 567 1527 615 suas,
1566 565 1680 620 quae
1702 567 1803 603 non

209 641 439 698 exaudiet
467 658 637 696 uocem
665 641 1034 696 incantantium
1059 683 1072 706 ,
1105 651 1152 696 et
1179 642 1525 696 medicamenti
1550 684 1565 708 ,
1601 641 1699 696 hoc
1723 653 1804 696 est

208 751 394 793 vocem
425 735 838 802 medicamenti,
869 737 1106 791 medicati
1127 753 1159 790 a
1184 737 1424 808 sapiente.
1455 736 1642 792 Nonne
1683 737 1804 792 hinc

201 829 309 899 jam
338 828 653 899 intelligitur
678 828 835 899 quale
865 828 1337 896 medicamentum,
1369 829 1582 900 quando
1608 844 1795 884 vocem

207 921 372 978 dicit?
413 921 682 991 Numquid
735 921 1182 979 medicamentum
1235 922 1396 978 habet
1435 923 1658 979 vocem?
1713 924 1805 978 Est

205 1012 471 1084 quoddam
497 1014 942 1070 medicamentum
972 1015 1114 1086 quod
1145 1015 1304 1071 habet
1329 1031 1538 1072 vocem.
1569 1014 1804 1072 Medica-

205 1107 445 1162 mentum
476 1115 786 1177 portamus;
817 1121 1001 1162 vocem
1026 1107 1142 1177 ejus
1166 1107 1344 1163 audite
1363 1149 1378 1175 ,
1404 1123 1508 1164 non
1534 1108 1804 1180 quomodo

204 1199 418 1269 aspides
445 1199 642 1274 surdze.
674 1200 735 1256 Si
761 1217 872 1255 vere
898 1201 1069 1270 utique
1095 1201 1339 1268 iustitiam
1368 1202 1651 1271 loquimini,
1670 1211 1806 1256 recta

203 1293 428 1362 iudicate
446 1335 462 1359 ,
495 1294 591 1363 ﬁlii
620 1294 898 1348 hominum.
933 1293 1048 1349 Vox
1077 1303 1157 1350 est
1187 1296 1535 1350 medicamenti
1560 1339 1576 1363 ,
1606 1304 1662 1352 et
1706 1296 1806 1352 hoc

205 1387 440 1441 medicati
485 1404 519 1440 a
539 1387 784 1454 sapiente.
815 1386 933 1443 Jam
973 1387 1114 1443 enim
1143 1388 1288 1443 venit
1311 1387 1554 1444 Christus
1582 1390 1670 1460 qui
1701 1389 1794 1444 im-

205 1478 374 1548 pleret
403 1485 602 1548 Legem
623 1485 680 1534 et
707 1478 1002 1548 Pr0phetas
1032 1477 1249 1549 (Matth.
1284 1495 1316 1533 v
1339 1522 1354 1547 ,
1388 1479 1477 1551 l7)
1501 1523 1516 1548 ,
1544 1483 1632 1552 qui
1659 1482 1803 1537 veri—

206 1578 366 1626 tatem
414 1571 584 1639 ipsam
627 1571 861 1625 ﬁrmaret
901 1589 914 1624 :
965 1571 1016 1624 in
1055 1571 1247 1640 quibus
1287 1571 1496 1628 duobus
1525 1575 1805 1645 praeceptis

207 1670 305 1717 tota
335 1661 449 1716 Lex
481 1659 677 1730 pendet
701 1669 756 1716 et
784 1659 1062 1732 Propheta:
1089 1661 1201 1731 (Id.
1231 1678 1338 1718 χιιι
1359 1705 1375 1728 ,
1406 1662 1518 1734 40).

171 1771 174 1774 ‘
269 1756 362 1812 l0.
403 1756 488 1810 An
519 1756 653 1810 forte
671 1755 959 1825 quaerimus
983 1755 1179 1826 aliquid
1213 1765 1266 1812 et
1288 1758 1340 1811 in
1362 1772 1427 1812 eo
1448 1756 1590 1828 quod
1610 1757 1804 1812 dicitur

205 1849 344 1918 aspis
385 1850 460 1903 ita
497 1863 654 1903 aures
682 1848 951 1915 claudere,
995 1859 1052 1903 ut
1093 1865 1251 1904 unam
1291 1865 1474 1904 earum
1514 1851 1564 1904 in
1609 1860 1803 1906 terrant

205 1951 432 2015 premat.
467 1943 689 1998 alteram
717 1943 880 1997 cauda
905 1943 1108 2013 oppilet
1129 1943 1151 1996 ?
1172 1943 1307 2012 Quid
1335 1945 1433 1999 sibi
1456 1943 1726 2021 vulthoc?
1749 1943 1804 1999 In

205 2039 399 2104 cauda,
433 2039 727 2108 posteriora
751 2040 930 2109 utique
961 2039 1358 2110 intelliguntur;
1382 2055 1508 2110 ergo
1541 2042 1554 2071 ¹
1581 2049 1804 2110 practer-

207 2133 289 2199 ita,
327 2148 440 2203 quo
482 2132 593 2198 jam
645 2141 847 2204 tergum
893 2142 1104 2203 oportet
1139 2147 1372 2204 ponere,
1399 2143 1458 2188 ut
1499 2135 1553 2189 in
1592 2150 1653 2189 ea
1679 2150 1802 2205 quae

210 2227 358 2284 nobis
402 2226 784 2297 promittuntur
811 2225 1146 2281 intendamus
1170 2243 1182 2280 :
1209 2242 1339 2297 ergo
1365 2242 1464 2282 nec
1489 2241 1552 2282 ex
1579 2238 1808 2297 praeter-

209 2319 271 2374 ita
317 2321 430 2374 vita
475 2328 654 2374 nostra
677 2362 692 2384 ,
729 2335 826 2375 nec
848 2336 917 2376 ex
958 2320 1208 2391 praesenti
1238 2319 1492 2375 delectari
1523 2321 1802 2377 debemus.

207 2411 308 2466 Hoc
349 2413 499 2467 enim
538 2412 824 2483 Apostolus
866 2421 1048 2467 monet
1085 2413 1288 2474 dicens.
1342 2412 1505 2478 Quem
1547 2429 1664 2484 ergo
1707 2414 1806 2468 ali-

208 2503 403 2571 quando
433 2508 658 2574 fructum
697 2504 944 2559 habuistis
979 2507 1030 2558 in
1074 2506 1153 2559 his
1195 2507 1246 2560 in
1289 2507 1467 2576 quibus
1515 2524 1660 2560 nunc
1689 2524 1805 2561 eru-

209 2596 397 2653 bescitis
441 2597 621 2666 (Itoni.
653 2613 739 2659 vt.
768 2596 901 2666 ειη
944 2597 1180 2652 Revocat
1225 2614 1253 2651 a
1301 2599 1645 2654 recordandis
1683 2615 1806 2654 cum

209 2690 558 2746 delectatione
580 2690 882 2762 praeteritis,
905 2699 963 2746 et
981 2707 1101 2746 cum
1117 2693 1348 2762 quadam
1375 2692 1808 2763 concupiscentia

210 2786 406 2842 fruendi
439 2787 461 2818 ³
481 2827 496 2850 ,
532 2801 600 2840 ne
621 2785 903 2840 redeamus
929 2785 1091 2840 corde
1123 2786 1172 2838 in
1193 2785 1516 2858 'AEgyptum.
1557 2785 1694 2854 Quid
1737 2785 1806 2841 de

212 2877 590 2946 pnesentibus?
635 2877 900 2946 quomodo
937 2876 1089 2947 jubet
1121 2877 1280 2932 etiam
1331 2879 1444 2946 ipsa
1489 2876 1806 2932 contemni?

213 2969 321 3024 Non
343 2963 733 3040 respicientibus
753 3012 768 3036 ,
797 2970 962 3040 inquit
982 3013 995 3035 ,
1026 2986 1138 3041 qua:
1163 2969 1393 3024 uidentur
1413 3010 1430 3037 ,
1462 2969 1550 3024 sed
1572 2986 1685 3040 qua:
1705 2987 1807 3024 non

211 3062 453 3116 videntur.
508 3062 635 3128 Quw
671 3062 805 3117 enim
840 3062 1091 3127 uidentur,
1143 3063 1440 3133 temporalia
1485 3071 1648 3117 sunt:
1694 3078 1808 3132 quas

211 3165 368 3210 autem
396 3173 500 3210 non
529 3156 760 3210 videntur
779 3199 794 3224 ,
826 3166 1010 3210 attenta
1037 3154 1112 3225 (ll
1142 3155 1260 3210 Cor.
1293 3172 1377 3222 tv,
1412 3157 1478 3211 l8
1503 3155 1544 3226 ).
1577 3154 1708 3211 Item
1739 3155 1807 3211 de

213 3247 450 3316 presenti
486 3248 594 3302 vita
631 3247 796 3303 dicit:
845 3247 904 3302 Si
929 3247 981 3301 in
1011 3247 1106 3300 hac
1137 3248 1237 3300 vita
1276 3256 1469 3300 tantum
1508 3247 1562 3300 in
1606 3247 1807 3301 Christo

216 3353 470 3409 sperantes
496 3359 688 3408 sumus,
723 3341 1108 3395 miserabiliores
1131 3357 1304 3395 sumus
1331 3340 1558 3395 omnibus
1587 3340 1806 3394 homini-

213 3431 291 3487 bus
330 3431 538 3503 (lCor.
606 3450 703 3497 xv,
762 3432 891 3504 19).
945 3432 1272 3489 Oblivisccrc
1317 3448 1446 3504 ergo
1499 3433 1804 3503 prteterita,

218 3527 399 3597 quibus
445 3528 585 3582 male
648 3525 864 3590 vixisti;
915 3538 1199 3584 contemne
1251 3529 1569 3599 praesentia,
1614 3528 1808 3600 quibus

217 3619 573 3688 temporaliter
615 3617 787 3684 vivis,
833 3632 902 3672 ne
943 3625 993 3671 te
1036 3615 1324 3687 alligando,
1370 3622 1650 3686 praesentia
1701 3635 1807 3674 non

219 3713 518 3780 permittant
553 3711 832 3781 pervenire
857 3710 924 3764 ad
952 3709 1146 3764 futura.
1175 3709 1231 3766 Si
1265 3711 1408 3766 enim
1439 3726 1675 3782 presens
1700 3713 1808 3768 vita

220 3809 262 3856 te
282 3803 548 3866 delectat,
577 3817 760 3857 aurem
785 3801 835 3854 in
865 3811 1008 3856 terra
1034 3801 1257 3872 posuisti
1281 3818 1294 3853 :
1325 3801 1369 3856 si
1393 3802 1496 3856 tuis
1525 3803 1808 3872 przeteritis

219 3896 360 3950 etiam
410 3907 560 3951 retro
604 3895 902 3951 labentibus
949 3895 1253 3962 delectaris,
1301 3912 1484 3952 aurem
1527 3897 1597 3953 de
1639 3899 1807 3954 cauda

218 3990 486 4045 obturasti.
513 3990 681 4045 Debes
705 4005 832 4061 ergo
856 3990 934 4045 ire
963 3989 1015 4044 in
1044 3989 1237 4056 lucem,
1269 3990 1416 4046 exire
1440 3991 1508 4046 de
1535 3992 1769 4047 tenebris
1790 4034 1804 4058 ,

220 4082 384 4138 audita
413 4098 544 4138 voce
570 4082 946 4138 medicamenti
979 4081 1226 4137 medicati
1251 4097 1283 4138 a
1310 4083 1581 4152 sapiente;
1619 4093 1674 4138 ut
1695 4085 1806 4153 jam

220 4172 263 4227 in
286 4175 402 4232 luce
427 4175 729 4242 ambulans,
759 4185 814 4230 et
839 4174 1114 4230 exsultans
1145 4174 1292 4229 dicas
1318 4191 1330 4227 :
1366 4175 1493 4240 Qua
1519 4185 1652 4230 retro
1673 4176 1806 4230 obli-

221 4274 306 4333 tus,
334 4269 392 4323 in
421 4285 480 4323 ea
508 4283 621 4339 qua:
645 4279 760 4322 ante
784 4277 899 4322 sunt
927 4276 1155 4321 extentus
1173 4265 1432 4338 (Philipp.
1458 4282 1535 4333 ιιι,
1553 4267 1664 4338 13).
1694 4267 1807 4322 Νοιι

221 4359 372 4416 dixit:
408 4362 537 4430 Qute
583 4371 726 4416 retro
761 4361 988 4427 oblitus,
1027 4369 1081 4414 et
1106 4375 1172 4413 ex
1202 4359 1553 4429 praesentibus
1573 4359 1808 4414 delecta-

225 4458 311 4503 tus.
333 4456 471 4508 Cum
493 4453 641 4516 dicit,
669 4452 796 4520 Qua:
814 4463 948 4508 retro
969 4451 1172 4515 oblitus,
1204 4467 1306 4504 non
1330 4449 1599 4505 obturat-"it
1621 4465 1805 4505 aurem

223 4542 280 4596 de
300 4547 501 4606 cauda;
527 4562 648 4600 cum
674 4545 818 4611 dicit,
849 4543 914 4598 In
942 4562 1000 4599 ea
1025 4559 1137 4614 quae
1155 4553 1270 4596 ante
1294 4551 1408 4596 sunt
1437 4551 1686 4608 extentus,
1721 4541 1806 4598 bis

225 4645 266 4687 et
290 4633 636 4704 prtescutibus
657 4650 758 4688 non
789 4636 1104 4692 obsurduit:
1134 4636 1326 4690 merito
1347 4635 1589 4701 audiens,
1616 4637 1807 4691 t'nerito

227 4726 529 4792 prmdicans,
561 4724 752 4778 merito
773 4730 1002 4777 exsultat
1027 4728 1201 4790 lingua
1227 4727 1365 4798 ejus,
1399 4727 1694 4798 praedicans
1716 4744 1807 4782 ve-

227 4817 421 4874 ritatem
462 4819 515 4872 in
549 4817 666 4872 luce
706 4831 862 4882 nova,
913 4815 1153 4885 deposita
1198 4823 1377 4870 vetere
1404 4822 1597 4871 tunica.
1633 4819 1699 4874 Et
1737 4821 1806 4876 ad

227 4907 313 4964 hoc
340 4911 483 4965 enim
509 4909 651 4964 valet
671 4909 863 4962 astutia
893 4907 1175 4977 serpentis,
1199 4905 1265 4961 ad
1292 4922 1449 4976 quam
1475 4921 1572 4961 nos
1597 4907 1808 4964 imitan-

225 4999 331 5055 dam
357 5002 613 5057 Dominus
635 5001 962 5056 exhortatur.
993 5001 1080 5054 Ait
1099 5000 1274 5054 enim:
1307 4999 1481 5054 Estote
1500 5001 1654 5055 astuti
1675 5003 1806 5058 sicut

224 5106 460 5163 serpentes
490 5093 698 5164 (Matth.
731 5109 790 5160 Χ,
825 5093 934 5164 18).
963 5092 1100 5160 Quid
1129 5102 1229 5159 est,
1262 5093 1418 5146 astuti
1441 5094 1569 5147 sicut
1597 5110 1804 5165 serpen-

226 5188 326 5242 tes?
352 5187 496 5243 Oil‘er
532 5187 708 5241 omnia
737 5185 975 5241 membra
1009 5195 1090 5239 tua
1124 5185 1471 5254 percutienti,
1513 5184 1804 5242 dummodo

223 5289 369 5348 caput
414 5280 674 5349 integrum
725 5293 924 5333 serves.
968 5275 1133 5344 Caput
1174 5276 1285 5341 viri,
1331 5273 1561 5331 Christus
1606 5276 1649 5348 (l
1682 5277 1800 5332 Cor.

225 5386 310 5436 ιι,
339 5374 416 5447 3).
463 5373 568 5429 Sed
596 5380 781 5443 gravat
817 5371 966 5442 quasi
1015 5369 1219 5440 pondus
1262 5370 1390 5423 corii
1430 5369 1704 5439 cujusdam
1747 5378 1804 5426 et

227 5466 363 5528 quasi
389 5475 598 5521 senecta
625 5465 820 5520 veteris
847 5463 1096 5517 hominis.
1123 5460 1255 5516 Audi
1289 5461 1600 5532 Apostolum
1621 5460 1804 5516 dicen-

230 5556 344 5613 lem.
391 5554 640 5610 Exuentes
677 5571 760 5609 vos
790 5563 999 5609 ueterem
1027 5554 1296 5615 hominem,
1330 5563 1376 5606 et
1419 5552 1680 5606 induentes
1705 5569 1802 5606 no-

227 5653 329 5694 tum
357 5645 568 5716 (Coloss.
600 5665 652 5702 ut
675 5689 689 5714 ,
717 5647 752 5703 9
772 5689 787 5715 ,
823 5647 934 5716 l0).
968 5645 1037 5701 Et
1083 5646 1352 5717 quomodo
1377 5661 1515 5701 exuo
1535 5687 1548 5710 ,
1585 5647 1759 5716 inquis
1783 5688 1798 5710 ,

226 5741 448 5792 veterem
472 5740 785 5796 hominem?
818 5738 1029 5794 Imitare
1064 5739 1313 5793 astutiam
1352 5738 1633 5808 serpentis.
1663 5737 1800 5805 Quid

281 5907 301 5982 ξ
331 5911 404 5982 §ic
426 5923 523 5967 Mss.
558 5917 670 5969 [Δά.
697 5932 832 5982 vero,
857 5931 1086 5982 ergonon
1102 5917 1153 5969 in
1173 5915 1440 5982 prmterita.

281 5969 302 6002 ³
329 5973 404 6023 sic
427 5982 506 6025 uss
550 5986 605 6027 At
626 5981 758 6039 aut,
790 5969 1026 6042 fruendis.

458 6059 679 6125 Sacr.
733 6067 1009 6128 Aucusr.
1059 6045 1162 6130 IV.

1321 434 1723 491 ENARRA'I‘IO
1762 435 1823 489 IN
1865 435 2182 493 PSALMUM
2219 438 2374 494 LVII.

3389 440 3496 499 68$

1909 554 2050 610 enim
2099 554 2224 612 facit
2267 570 2508 627 serpens,
2555 563 2612 611 ut
2633 566 2792 612 exuat
2836 572 2895 614 se
2941 574 3177 616 veterem
3220 560 3495 618 tunicam?

1907 647 2152 704 Coarctat
2180 664 2238 704 se
2276 665 2369 721 per
2399 649 2636 706 foramen
2676 660 2980 721 angustum.
3021 653 3090 709 Et
3117 655 3224 720 ubi,
3276 655 3451 726 inquis
3477 696 3493 720 ,

1911 741 2122 797 invenio
2149 742 2248 797 hoc
2279 742 2515 799 foramen
2546 745 2870 815 angustum?
2907 745 3042 800 Audi
3077 763 3090 798 :
3132 747 3287 802 Arcto
3328 757 3374 802 et
3404 765 3498 800 an-

1909 844 2054 904 gusta
2065 844 2138 888 est
2151 836 2228 889 via
2247 851 2360 906 qua
2379 836 2515 889 ducit
2539 836 2604 889 ad
2625 836 2798 901 vitam,
2828 844 2874 889 et
2901 836 3051 904 pauci
3075 847 3192 890 sunt
3215 839 3302 908 qui
3326 839 3467 908 ingre
3481 869 3497 879 -

1909 926 2117 980 diuntur
2139 944 2228 998 per
2253 944 2365 982 eam
2386 926 2596 998 (Matth.
2630 944 2737 992 vn,
2768 927 2880 1000 14).
2913 927 3246 985 Reformidas
3271 945 3409 996 eam,
3440 941 3494 984 et

1911 1032 2018 1071 non
2046 1018 2126 1073 vis
2166 1019 2440 1074 ambulare
2460 1062 2474 1085 ,
2497 1021 2620 1091 quia
2650 1020 2804 1091 pauci
2827 1020 2992 1075 sunt?
3024 1019 3099 1075 Ibi
3130 1021 3373 1090 ponenda
3414 1030 3500 1076 est

1911 1120 2061 1164 vetus
2093 1112 2290 1176 tunica,
2321 1122 2374 1168 et
2399 1113 2525 1168 alibi
2564 1113 2685 1183 poni
2715 1129 2818 1168 non
2848 1122 3042 1184 patest.
3070 1115 3178 1169 Aut
3219 1116 3262 1168 si
3293 1116 3374 1169 vis
3402 1130 3498 1169 ve-

1912 1209 2106 1258 tustate
2138 1204 2402 1274 impediri,
2444 1207 2690 1276 gravari,
2720 1206 2923 1277 premi,
2953 1206 3063 1260 noli
3092 1207 3168 1261 ire
3196 1221 3290 1276 per
3333 1221 3498 1275 angu-

1910 1306 2064 1352 stam.
2091 1296 2146 1352 Si
2175 1308 2350 1353 autem
2379 1300 2616 1370 gravaris
2637 1308 2900 1356 vetustate
2925 1299 3150 1370 quadam
3182 1300 3382 1370 peccati
3429 1300 3501 1354 tui
3537 1316 3545 1354 ι

1909 1406 1964 1451 et
1991 1396 2271 1466 prmterita:
2301 1397 2422 1452 vitae
2441 1438 2455 1463 ,
2486 1397 2710 1453 transire
2731 1413 2834 1453 non
2863 1406 3030 1467 potes.
3060 1397 3193 1466 Quia
3223 1411 3350 1467 ergo
3380 1411 3500 1450 cor-

1910 1505 2010 1561 pus
2029 1491 2170 1560 quod
2191 1493 2566 1562 corrumpitur,
2590 1501 2839 1563 aggravat
2859 1491 3087 1546 animam
3113 1490 3267 1560 (Sap.
3289 1507 3361 1551 ιιι,
3389 1491 3499 1560 15);

1910 1583 1995 1636 vel
2036 1583 2352 1653 cupiditates
2384 1584 2690 1654 corporales
2729 1600 2835 1639 non
2864 1594 3126 1666 premant,
3178 1583 3258 1638 vel
3299 1599 3501 1639 eoucu-
3534 1641 3538 1646 _

1911 1672 2184 1744 piscentiae
2213 1675 2389 1732 carnis
2414 1686 2693 1732 cxuantur.
2720 1676 2874 1733 Unde
2919 1689 3185 1732 exuuntur
3204 1719 3217 1739 ,
3245 1677 3348 1730 nisi
3376 1675 3501 1732 ieris

1911 1780 2008 1837 per
2030 1776 2304 1837 angustam
2335 1769 2376 1835 ¹,
2407 1769 2508 1822 nisi
2540 1767 2702 1824 fueris
2727 1778 2934 1823 astutus
2962 1779 3021 1826 ut
3046 1771 3307 1838 serpens?

1984 1859 2070 1912 ll.
2113 1857 2288 1932 [vers.
2324 1860 2373 1913 7.
2405 1857 2425 1932 ]
2456 1859 2594 1914 Deus
2639 1861 2869 1914 contrivit
2910 1859 3081 1915 dentes
3127 1876 3299 1914 eorum
3330 1862 3383 1914 in
3417 1875 3505 1914 ore

1910 1949 2158 2020 ipsorum.
2186 1949 2463 2018 Quorum?
2491 1950 2692 2019 Quibus
2718 1951 3008 2019 indignatio
3044 1960 3125 2006 est
3155 1950 3291 2005 sicut
3311 1948 3502 2006 simili;-

1913 2042 2039 2097 tudo
2064 2043 2329 2113 serpentis
2352 2085 2368 2110 ,
2401 2052 2455 2098 et
2481 2043 2682 2111 asltidis
2711 2043 3009 2098 obturantis
3035 2057 3196 2098 aures
3222 2057 3348 2097 suas
3372 2080 3391 2110 ,
3437 2055 3506 2096 ne

1911 2139 2088 2194 audiat
2121 2154 2307 2194 vocem
2334 2140 2734 2203 incantantium,
2770 2148 2822 2194 et
2858 2138 3228 2194 medicamenti
3257 2136 3506 2195 medicati

1911 2246 1941 2286 a
1970 2233 2227 2301 sapiente.
2256 2232 2390 2300 Quid
2417 2232 2518 2284 illis
2549 2229 2672 2285 fecit
2706 2230 2998 2286 Dominus?
3034 2228 3280 2285 Contrivit
3329 2231 3506 2285 dentes

1913 2339 2088 2378 eorum
2120 2325 2176 2377 in
2208 2339 2292 2377 ore
2315 2325 2559 2394 ipsorum.
2593 2323 2811 2377 Factum
2837 2331 2952 2386 est;
2983 2321 3084 2376 hoc
3113 2323 3286 2391 primo
3308 2321 3504 2376 factum

1912 2426 2016 2484 est,
2035 2426 2088 2472 et
2106 2418 2264 2472 modo
2286 2418 2360 2471 ﬁt.
2379 2418 2484 2473 Sed
2501 2416 2790 2478 sufﬁceret,
2810 2414 3000 2471 fratres
3015 2415 3503 2482 mei,utdiceretur,

1916 2509 2052 2565 Deus
2091 2512 2320 2566 contriuit
2349 2511 2520 2566 dentes
2559 2527 2754 2565 eorum.
2797 2510 2976 2579 Quare
3000 2552 3014 2574 ,
3048 2510 3100 2564 in
3126 2527 3211 2564 ore
3234 2511 3508 2581 ipsorum?

1912 2597 2180 2653 Nolcbant
2204 2599 2389 2654 audire
2414 2600 2605 2669 legem,
2636 2597 2886 2654 nolebant
2904 2598 3088 2653 audire
3117 2607 3382 2669 praecepta
3412 2613 3506 2653 ve-

1911 2693 2084 2748 ritatis
2139 2708 2168 2747 a
2217 2693 2430 2748 Christo
2485 2691 2786 2760 Pharisaei,
2831 2692 3032 2747 similes
3083 2692 3315 2762 serpenti
3347 2690 3421 2746 illi
3449 2699 3504 2745 et

1911 2785 2102 2855 aspidi.
2153 2785 2444 2840 Praeteritis
2471 2786 2614 2839 enim
2645 2785 2757 2840 suis
2802 2786 3035 2856 peccatis
3078 2783 3503 2849 delectabantur,

1912 2888 1962 2933 ot
1987 2885 2306 2949 praesentem
2333 2877 2495 2932 vitam
2527 2877 2778 2935 nolebant
2807 2878 3051 2932 amittere
3075 2918 3089 2942 ,
3119 2877 3172 2931 id
3199 2885 3282 2932 est
3308 2875 3504 2946 gaudia

1914 2978 2126 3025 terrena
2152 2985 2250 3040 pro
2273 2970 2481 3042 gaudiis
2509 2970 2744 3024 aeternis.
2776 2969 2946 3025 Unam
2973 2985 3158 3024 aurem
3187 2968 3506 3023 claudebant

1911 3079 1978 3119 ex
1999 3064 2354 3119 de.eetatione
2373 3063 2786 3135 praeteritorum,
2811 3061 3032 3116 alteram
3063 3076 3129 3116 ex
3152 3060 3506 3116 delectatione

1913 3158 2256 3226 praesentium
2279 3156 2299 3186 '
2333 3172 2345 3207 :
2379 3154 2499 3209 ideo
2548 3153 2800 3210 nolebant
2835 3153 3038 3208 audire.
3067 3151 3199 3206 Nam
3246 3151 3387 3207 unde
3425 3160 3508 3206 est

1911 3248 2040 3304 illud
2074 3267 2086 3304 :
2121 3249 2182 3304 Si
2206 3250 2547 3304 dimiserimus
2577 3264 2691 3302 eum
2713 3289 2726 3311 ,
2754 3246 2948 3301 uenient
2973 3246 3229 3313 Romani,
3257 3255 3303 3300 et
3330 3243 3507 3302 tollent

1911 3342 2054 3396 nobis
2103 3353 2148 3396 et
2200 3343 2365 3398 locum
2405 3351 2453 3395 et
2481 3339 2729 3412 gentem(
2767 3339 2924 3395 Joan.
2952 3357 3008 3395 xl
3032 3383 3046 3407 ,
3103 3338 3262 3412 48)?
3312 3337 3508 3409 Utique

1915 3435 2172 3490 nolebant
2244 3434 2467 3505 perdere
2521 3435 2696 3488 locum
2732 3476 2746 3498 ,
2806 3433 2872 3487 ad
2937 3445 3130 3487 terram
3199 3431 3509 3487 colliserunt

1912 3539 2092 3583 aurem
2142 3542 2326 3591 suam;
2376 3535 2428 3581 et
2487 3527 2604 3580 ideo
2659 3525 2944 3580 noluerunt
2999 3523 3182 3578 audire
3213 3522 3372 3578 verba
3417 3523 3506 3576 illa

1914 3619 2175 3674 medicata
2222 3633 2252 3672 a
2303 3617 2565 3688 sapiente.
2623 3618 2828 3671 Dictum
2880 3626 2962 3670 est
3005 3615 3070 3669 de
3113 3614 3217 3670 illis
3259 3625 3313 3671 et
3360 3613 3503 3684 quod

1913 3710 2057 3765 avari
2104 3717 2256 3764 erant
2302 3717 2356 3763 et
2405 3718 2673 3763 amatores
2732 3707 2966 3778 pecunia:
3001 3724 3014 3761 :
3045 3716 3100 3761 et
3157 3705 3330 3760 onmis
3399 3707 3507 3760 vita

1917 3820 2144 3868 eorum,
2197 3804 2357 3858 etiam
2407 3803 2716 3872 praeterita,
2769 3801 3032 3872 descripta
3085 3809 3166 3856 est
3218 3801 3504 3855 aDomino

1913 3896 1965 3950 in
1992 3897 2296 3967 Evangelia.
2324 3895 2423 3962 Qui
2453 3895 2578 3964 legit
2604 3894 2884 3965 diligenter
2906 3894 3276 3963 Evangelium,
3303 3893 3508 3948 invenit

1914 3989 2054 4044 unde
2081 3990 2152 4044 illi
2196 3991 2382 4044 ambas
2410 4004 2567 4043 aures
2596 3989 2938 4043 obturabant.
2971 3987 3214 4042 lntendat
3258 3970 3506 4043 Charitas

1918 4081 2101 4136 Vestra
2135 4101 2148 4137 :
2186 4082 2441 4136 Dominus
2464 4080 2590 4149 quid
2621 4081 2782 4135 fecit?
2804 4081 3046 4135 Contrivit
3067 4081 3239 4135 dentes
3260 4098 3430 4135 eorum
3453 4082 3506 4134 in

1912 4191 1997 4229 ore
2033 4175 2280 4244 ipsorum.
2318 4174 2454 4240 Quid
2502 4184 2604 4238 est,
2652 4174 2705 4226 in
2747 4190 2842 4228 ore
2861 4174 3128 4244 ipsorum?
3159 4173 3227 4228 Ut
3265 4190 3360 4228 ore
3411 4188 3508 4228 suo

1911 4277 2099 4321 contra
2141 4281 2198 4320 se
2231 4264 2640 4335 pronuntiarent
2668 4283 2679 4318 :
2711 4266 2886 4333 coegit
2933 4265 3052 4317 illos
3083 4279 3177 4317 ore
3222 4279 3320 4316 suo
3361 4263 3411 4316 in
3446 4277 3506 4318 se

1912 4358 2231 4413 sententiam
2278 4357 2478 4412 dicere.
2527 4356 2852 4410 Calumniari
2901 4355 3151 4410 videbant
3191 4357 3238 4409 ei
3289 4364 3507 4424 propter

1913 4451 2168 4505 tributum
2197 4465 2336 4504 :non
2365 4449 2500 4503 dixit
2525 4448 2631 4514 ille,
2663 4448 2811 4503 Licet
2839 4447 3065 4502 reddere
3087 4447 3364 4507 tributum,
3388 4457 3500 4513 aut,

1912 4560 2017 4599 non
2047 4545 2172 4598 licet
2197 4542 2442 4598 reddere.
2476 4542 2544 4597 Et
2589 4543 2799 4596 volebat
2829 4541 3020 4596 dentes
3057 4557 3270 4606 eorum,
3307 4541 3502 4610 quibus

1913 4636 2186 4692 inhiabant
2229 4645 2284 4690 ut
2315 4634 2643 4699 morderent,
2678 4648 2990 4699 conterere;
3032 4634 3124 4689 sed
3155 4635 3205 4688 in
3235 4649 3330 4689 ore
3362 4635 3506 4702 ipso-

1911 4746 2028 4785 rum
2067 4730 2300 4785 volebat.
2337 4729 2393 4784 Si
2425 4729 2646 4791 diceret,
2679 4729 2927 4782 Solvatur
2966 4726 3165 4781 Cmsari
3206 4726 3500 4790 tributum;

1910 4823 2365 4876 calumniarentur
2399 4821 2472 4876 illi
2517 4820 2658 4890 quod
2703 4819 3066 4873 inaledixisset
3108 4819 3250 4888 genti
3283 4817 3500 4873 Jud:eo-

1913 4930 2052 4982 rum,
2075 4930 2192 4968 eam
2223 4913 2553 4968 tributariam
2589 4911 2848 4964 faciendo.
2881 4909 2958 4963 Ex
2988 4919 3205 4978 peccato
3219 4911 3369 4964 ’enim
3403 4910 3500 4963 tri—

1911 5006 2098 5061 butum
2130 5005 2424 5061 reddebant
2459 5003 2742 5066 humiliati,
2775 5003 2912 5056 sicut
2943 5003 3048 5056 illis
3102 5003 3152 5056 in
3194 5001 3334 5072 Lege
3363 5017 3499 5070 prae-

1910 5099 2110 5154 dictum
2164 5106 2300 5152 erat.
2345 5095 2614 5151 Tenemus
2656 5094 2824 5158 illum,
2874 5093 3042 5159 aiunt,
3099 5093 3496 5148 maledictorem

1909 5193 2082 5262 gentis
2103 5199 2323 5256 nostrae,
2357 5189 2400 5244 si
2425 5203 2520 5242 nos
2545 5188 2767 5259 jusserit
2794 5187 3050 5242 tributum
3082 5185 3387 5256 persolvere
3413 5202 3425 5237 :
3449 5185 3497 5240 si

1910 5293 2090 5338 autem
2133 5281 2355 5346 dixerit,
2406 5278 2582 5336 Nolite
2626 5279 2858 5343 solvere,
2915 5289 3156 5333 tenemus
3195 5291 3317 5330 eum
3356 5274 3497 5346 quod

1909 5376 2296 5432 contradixerit
2325 5373 2482 5429 nobis
2509 5374 2734 5428 devotos
2761 5388 2882 5428 esse
2907 5371 3124 5427 Cmsari.
3153 5368 3336 5423 Talem
3370 5369 3501 5423 bici-

1909 5473 2074 5541 pitem
2121 5470 2368 5540 laqueum
2411 5469 2560 5534 quasi
2603 5467 2864 5537 capiendo
2917 5465 3141 5520 Domino
3183 5475 3496 5532 posuerunt.

1909 5565 2012 5620 Sed
2034 5565 2098 5618 ad
2126 5580 2282 5633 quem
2314 5561 2608 5617 venerant?
2634 5563 2730 5627 Qui
2760 5568 2980 5615 noverat
3001 5565 3284 5612 conterere
3310 5557 3500 5611 dentes

1907 5669 2090 5712 eorum
2121 5655 2172 5709 in
2222 5669 2316 5708 ore
2354 5636 2609 5722 ipsorum.
2661 5651 2921 5705 Ostendite
2949 5649 3069 5701 mihi
3099 5664 3379 5714 nummum,
3413 5648 3497 5702 in-

1970 5793 1986 5822 ¹
2023 5793 2094 5840 sic
2121 5799 2222 5839 Mss.
2253 5796 2298 5837 Al
2324 5789 2436 5836 uid.
2463 5788 2554 5850 hoc
2576 5786 2700 5844 loco,
2731 5796 2817 5846 per
2841 5789 3112 5850 angustum.
3297 5839 3307 5850 .

1971 5855 1990 5885 ¹
2025 5861 2151 5907 Mss,
2179 5851 2232 5901 id
2257 5858 2325 5900 est
2358 5849 2540 5911 gaudia
2564 5844 2772 5911 terrena.
2796 5853 2868 5895 Ex
2905 5844 3104 5911 gaudiis
3126 5844 3331 5911 terrenis
3355 5854 3501 5892 tutam

1904 5930 2071 5965 aurem
2091 5902 2394 5974 claudebant,
2421 5926 2484 5962 ex
2507 5909 2815 5962 delectatione
2849 5902 3202 5970 prieteritorum
3237 5902 3444 5956 alteram
3474 5936 3496 5957 ο

1905 5978 2028 6037 ideo,
2059 5988 2154 6029 etc.

2662 6052 3177 6133 {i’ingt-dettx.)
