  <div class='ocr_page' id='page_1' title='image "/cluster/home/n/w/nwhite01/storage/ocr_20150623/36/hvd.32044015471469/349.png"; bbox 0 0 4038 6482; ppageno 0'>
   <div class='ocr_carea' id='block_1_1' title="bbox 509 476 612 532">
    <p class='ocr_par' dir='ltr' id='par_1_1' title="bbox 509 476 612 532">
     <span class='ocr_line' id='line_1_1' title="bbox 509 476 612 532; baseline 0.01 -1"><span class='ocrx_word' id='word_1_1' title='bbox 509 476 612 532; x_wconf 72' lang='lat'><strong>687</strong></span> 
     </span>
    </p>
   </div>
   <div class='ocr_carea' id='block_1_2' title="bbox 507 584 2091 660">
    <p class='ocr_par' dir='ltr' id='par_1_2' title="bbox 507 584 2091 660">
     <span class='ocr_line' id='line_1_2' title="bbox 507 584 2091 660; baseline -0.005 -16"><span class='ocrx_word' id='word_1_2' title='bbox 507 590 639 645; x_wconf 85' lang='lat' dir='ltr'><strong>mihi</strong></span> <span class='ocrx_word' id='word_1_3' title='bbox 683 588 909 660; x_wconf 80' lang='lat' dir='ltr'><strong>aliquis:</strong></span> <span class='ocrx_word' id='word_1_4' title='bbox 940 589 1076 645; x_wconf 90' lang='lat' dir='ltr'><strong>Sunt</strong></span> <span class='ocrx_word' id='word_1_5' title='bbox 1099 598 1153 644; x_wconf 90' lang='lat' dir='ltr'><strong>et</strong></span> <span class='ocrx_word' id='word_1_6' title='bbox 1196 589 1281 644; x_wconf 90' lang='lat' dir='ltr'><strong>hic</strong></span> <span class='ocrx_word' id='word_1_7' title='bbox 1305 602 1478 660; x_wconf 62' lang='lat' dir='ltr'><strong>pusum</strong></span> <span class='ocrx_word' id='word_1_8' title='bbox 1502 630 1515 653; x_wconf 94' lang='lat'><strong>,</strong></span> <span class='ocrx_word' id='word_1_9' title='bbox 1556 601 1798 644; x_wconf 81' lang='lat' dir='ltr'><strong>carceres</strong></span> <span class='ocrx_word' id='word_1_10' title='bbox 1820 629 1835 656; x_wconf 96' lang='lat'><strong>,</strong></span> <span class='ocrx_word' id='word_1_11' title='bbox 1864 584 2047 641; x_wconf 81' lang='lat' dir='ltr'><strong>exsilia</strong></span> <span class='ocrx_word' id='word_1_12' title='bbox 2076 626 2091 649; x_wconf 92' lang='lat'><strong>,</strong></span> 
     </span>
    </p>
   </div>
   <div class='ocr_carea' id='block_1_3' title="bbox 509 680 2089 755">
    <p class='ocr_par' dir='ltr' id='par_1_3' title="bbox 509 680 2089 755">
     <span class='ocr_line' id='line_1_3' title="bbox 509 680 2089 755; baseline -0.003 -19"><span class='ocrx_word' id='word_1_13' title='bbox 509 690 774 739; x_wconf 83' lang='lat' dir='ltr'><strong>tormenta</strong></span> <span class='ocrx_word' id='word_1_14' title='bbox 799 724 814 749; x_wconf 93' lang='lat'><strong>,</strong></span> <span class='ocrx_word' id='word_1_15' title='bbox 847 691 1049 740; x_wconf 92' lang='lat' dir='ltr'><strong>mortes</strong></span> <span class='ocrx_word' id='word_1_16' title='bbox 1071 725 1084 750; x_wconf 94' lang='lat'><strong>,</strong></span> <span class='ocrx_word' id='word_1_17' title='bbox 1114 684 1320 740; x_wconf 87' lang='lat' dir='ltr'><strong>diversa</strong></span> <span class='ocrx_word' id='word_1_18' title='bbox 1351 699 1545 755; x_wconf 78' lang='lat' dir='ltr'><strong>genera</strong></span> <span class='ocrx_word' id='word_1_19' title='bbox 1571 683 1813 738; x_wconf 91' lang='lat' dir='ltr'><strong>dolorum</strong></span> <span class='ocrx_word' id='word_1_20' title='bbox 1840 689 1894 736; x_wconf 91' lang='lat' dir='ltr'><strong>et</strong></span> <span class='ocrx_word' id='word_1_21' title='bbox 1918 680 2089 734; x_wconf 81' lang='lat' dir='ltr'><strong>tribu-</strong></span> 
     </span>
    </p>
   </div>
   <div class='ocr_carea' id='block_1_4' title="bbox 506 776 2092 851">
    <p class='ocr_par' dir='ltr' id='par_1_4' title="bbox 506 776 2092 851">
     <span class='ocr_line' id='line_1_4' title="bbox 506 776 2092 851; baseline -0.003 -18"><span class='ocrx_word' id='word_1_22' title='bbox 506 777 784 834; x_wconf 80' lang='lat' dir='ltr'><strong>lstionum.</strong></span> <span class='ocrx_word' id='word_1_23' title='bbox 807 778 943 836; x_wconf 89' lang='lat' dir='ltr'><strong>Sunt</strong></span> <span class='ocrx_word' id='word_1_24' title='bbox 964 779 1180 851; x_wconf 85' lang='lat' dir='ltr'><strong>quidem</strong></span> <span class='ocrx_word' id='word_1_25' title='bbox 1209 789 1265 837; x_wconf 88' lang='lat' dir='ltr'><strong>et</strong></span> <span class='ocrx_word' id='word_1_26' title='bbox 1288 781 1417 847; x_wconf 89' lang='lat' dir='ltr'><strong>ista,</strong></span> <span class='ocrx_word' id='word_1_27' title='bbox 1441 788 1495 834; x_wconf 93' lang='lat' dir='ltr'><strong>et</strong></span> <span class='ocrx_word' id='word_1_28' title='bbox 1525 778 1618 835; x_wconf 90' lang='lat' dir='ltr'><strong>Dei</strong></span> <span class='ocrx_word' id='word_1_29' title='bbox 1647 776 1847 849; x_wconf 91' lang='lat' dir='ltr'><strong>judicio</strong></span> <span class='ocrx_word' id='word_1_30' title='bbox 1877 777 2092 846; x_wconf 86' lang='lat' dir='ltr'><strong>dispen-</strong></span> 
     </span>
    </p>
   </div>
   <div class='ocr_carea' id='block_1_5' title="bbox 506 866 2088 942">
    <p class='ocr_par' dir='ltr' id='par_1_5' title="bbox 506 866 2088 942">
     <span class='ocr_line' id='line_1_5' title="bbox 506 866 2088 942; baseline 0 -19"><span class='ocrx_word' id='word_1_31' title='bbox 506 876 731 938; x_wconf 89' lang='lat' dir='ltr'><strong>santur;</strong></span> <span class='ocrx_word' id='word_1_32' title='bbox 759 870 854 927; x_wconf 85' lang='lat' dir='ltr'><strong>sed</strong></span> <span class='ocrx_word' id='word_1_33' title='bbox 881 870 1064 926; x_wconf 91' lang='lat' dir='ltr'><strong>multis</strong></span> <span class='ocrx_word' id='word_1_34' title='bbox 1111 871 1178 927; x_wconf 91' lang='lat' dir='ltr'><strong>ad</strong></span> <span class='ocrx_word' id='word_1_35' title='bbox 1226 870 1594 942; x_wconf 76' lang='lat' dir='ltr'><strong>probationem</strong></span> <span class='ocrx_word' id='word_1_36' title='bbox 1617 910 1631 936; x_wconf 93' lang='lat'><strong>,</strong></span> <span class='ocrx_word' id='word_1_37' title='bbox 1664 869 1843 924; x_wconf 88' lang='lat' dir='ltr'><strong>multis</strong></span> <span class='ocrx_word' id='word_1_38' title='bbox 1892 866 1958 923; x_wconf 88' lang='lat' dir='ltr'><strong>ad</strong></span> <span class='ocrx_word' id='word_1_39' title='bbox 1994 866 2088 923; x_wconf 86' lang='lat' dir='ltr'><strong>da-</strong></span> 
     </span>
    </p>
   </div>
   <div class='ocr_carea' id='block_1_6' title="bbox 511 961 2095 1036">
    <p class='ocr_par' dir='ltr' id='par_1_6' title="bbox 511 961 2095 1036">
     <span class='ocr_line' id='line_1_6' title="bbox 511 961 2095 1036; baseline -0.001 -18"><span class='ocrx_word' id='word_1_40' title='bbox 511 965 859 1021; x_wconf 89' lang='lat' dir='ltr'><strong>mnationem.</strong></span> <span class='ocrx_word' id='word_1_41' title='bbox 899 965 1151 1022; x_wconf 84' lang='lat' dir='ltr'><strong>Videmus</strong></span> <span class='ocrx_word' id='word_1_42' title='bbox 1177 974 1351 1021; x_wconf 88' lang='lat' dir='ltr'><strong>tamen</strong></span> <span class='ocrx_word' id='word_1_43' title='bbox 1405 964 1691 1036; x_wconf 86' lang='lat' dir='ltr'><strong>aliquando</strong></span> <span class='ocrx_word' id='word_1_44' title='bbox 1720 964 1772 1017; x_wconf 94' lang='lat' dir='ltr'><strong>in</strong></span> <span class='ocrx_word' id='word_1_45' title='bbox 1812 962 1895 1017; x_wconf 88' lang='lat' dir='ltr'><strong>his</strong></span> <span class='ocrx_word' id='word_1_46' title='bbox 1920 961 2095 1031; x_wconf 64' lang='lat' dir='ltr'><strong>paruis</strong></span> 
     </span>
    </p>
   </div>
   <div class='ocr_carea' id='block_1_7' title="bbox 509 1054 2089 1129">
    <p class='ocr_par' dir='ltr' id='par_1_7' title="bbox 509 1054 2089 1129">
     <span class='ocr_line' id='line_1_7' title="bbox 509 1054 2089 1129; baseline -0.001 -19"><span class='ocrx_word' id='word_1_47' title='bbox 509 1056 679 1126; x_wconf 84' lang='lat' dir='ltr'><strong>iustos</strong></span> <span class='ocrx_word' id='word_1_48' title='bbox 704 1054 866 1128; x_wconf 89' lang='lat' dir='ltr'><strong>afﬂigi</strong></span> <span class='ocrx_word' id='word_1_49' title='bbox 891 1099 904 1123; x_wconf 94' lang='lat'><strong>,</strong></span> <span class='ocrx_word' id='word_1_50' title='bbox 936 1066 990 1113; x_wconf 89' lang='lat' dir='ltr'><strong>et</strong></span> <span class='ocrx_word' id='word_1_51' title='bbox 1015 1058 1082 1113; x_wconf 90' lang='lat' dir='ltr'><strong>ab</strong></span> <span class='ocrx_word' id='word_1_52' title='bbox 1113 1058 1194 1114; x_wconf 87' lang='lat' dir='ltr'><strong>his</strong></span> <span class='ocrx_word' id='word_1_53' title='bbox 1224 1058 1396 1129; x_wconf 66' lang='lat' dir='ltr'><strong>pinnis</strong></span> <span class='ocrx_word' id='word_1_54' title='bbox 1443 1057 1671 1128; x_wconf 89' lang='lat' dir='ltr'><strong>iujustos</strong></span> <span class='ocrx_word' id='word_1_55' title='bbox 1699 1072 1817 1111; x_wconf 84' lang='lat' dir='ltr'><strong>esse.</strong></span> <span class='ocrx_word' id='word_1_56' title='bbox 1845 1056 2050 1110; x_wconf 87' lang='lat' dir='ltr'><strong>alienos</strong></span> <span class='ocrx_word' id='word_1_57' title='bbox 2076 1072 2089 1107; x_wconf 90' lang='lat'>:</span> 
     </span>
    </p>
   </div>
   <div class='ocr_carea' id='block_1_8' title="bbox 506 1148 2089 1222">
    <p class='ocr_par' dir='ltr' id='par_1_8' title="bbox 506 1148 2089 1222">
     <span class='ocr_line' id='line_1_8' title="bbox 506 1148 2089 1222; baseline -0.001 -18"><span class='ocrx_word' id='word_1_58' title='bbox 506 1148 651 1205; x_wconf 90' lang='lat' dir='ltr'><strong>unde</strong></span> <span class='ocrx_word' id='word_1_59' title='bbox 676 1158 995 1206; x_wconf 87' lang='lat' dir='ltr'><strong>nutaverunt</strong></span> <span class='ocrx_word' id='word_1_60' title='bbox 1015 1151 1176 1222; x_wconf 83' lang='lat' dir='ltr'><strong>pedes</strong></span> <span class='ocrx_word' id='word_1_61' title='bbox 1206 1151 1281 1206; x_wconf 91' lang='lat' dir='ltr'><strong>illi</strong></span> <span class='ocrx_word' id='word_1_62' title='bbox 1309 1194 1321 1217; x_wconf 93' lang='lat'><strong>,</strong></span> <span class='ocrx_word' id='word_1_63' title='bbox 1350 1150 1441 1221; x_wconf 87' lang='lat' dir='ltr'><strong>qui</strong></span> <span class='ocrx_word' id='word_1_64' title='bbox 1471 1159 1653 1220; x_wconf 87' lang='lat' dir='ltr'><strong>postea</strong></span> <span class='ocrx_word' id='word_1_65' title='bbox 1680 1150 1971 1221; x_wconf 89' lang='lat' dir='ltr'><strong>gratulatus</strong></span> <span class='ocrx_word' id='word_1_66' title='bbox 1998 1148 2089 1212; x_wconf 88' lang='lat' dir='ltr'><strong>ait,</strong></span> 
     </span>
    </p>
   </div>
   <div class='ocr_carea' id='block_1_9' title="bbox 510 1242 2091 1313">
    <p class='ocr_par' dir='ltr' id='par_1_9' title="bbox 510 1242 2091 1313">
     <span class='ocr_line' id='line_1_9' title="bbox 510 1242 2091 1313; baseline -0.001 -17"><span class='ocrx_word' id='word_1_67' title='bbox 510 1242 680 1310; x_wconf 88' lang='lat' dir='ltr'><strong>Quam</strong></span> <span class='ocrx_word' id='word_1_68' title='bbox 703 1243 863 1300; x_wconf 88' lang='lat' dir='ltr'><strong>bonus</strong></span> <span class='ocrx_word' id='word_1_69' title='bbox 887 1242 1051 1300; x_wconf 80' lang='lat' dir='ltr'><strong>Israel</strong></span> <span class='ocrx_word' id='word_1_70' title='bbox 1080 1244 1212 1301; x_wconf 85' lang='lat' dir='ltr'><strong>Deus</strong></span> <span class='ocrx_word' id='word_1_71' title='bbox 1240 1247 1386 1301; x_wconf 81' lang='lat' dir='ltr'><strong>rectis</strong></span> <span class='ocrx_word' id='word_1_72' title='bbox 1411 1245 1605 1301; x_wconf 87' lang='lat' dir='ltr'><strong>corde!</strong></span> <span class='ocrx_word' id='word_1_73' title='bbox 1636 1243 1692 1300; x_wconf 80' lang='grc' dir='ltr'><em>Μ</em></span> <span class='ocrx_word' id='word_1_74' title='bbox 1697 1245 1739 1299; x_wconf 88' lang='lat' dir='ltr'><strong>ei</strong></span> <span class='ocrx_word' id='word_1_75' title='bbox 1768 1253 1940 1299; x_wconf 88' lang='lat' dir='ltr'><strong>autem</strong></span> <span class='ocrx_word' id='word_1_76' title='bbox 1967 1257 2091 1313; x_wconf 84' lang='lat' dir='ltr'><strong>pene</strong></span> 
     </span>
    </p>
   </div>
   <div class='ocr_carea' id='block_1_10' title="bbox 506 1338 2094 1410">
    <p class='ocr_par' dir='ltr' id='par_1_10' title="bbox 506 1338 2094 1410">
     <span class='ocr_line' id='line_1_10' title="bbox 506 1338 2094 1410; baseline -0.001 -19"><span class='ocrx_word' id='word_1_77' title='bbox 506 1339 745 1393; x_wconf 78' lang='lat' dir='ltr'><strong>commoti</strong></span> <span class='ocrx_word' id='word_1_78' title='bbox 767 1349 885 1393; x_wconf 89' lang='lat' dir='ltr'><strong>sunt</strong></span> <span class='ocrx_word' id='word_1_79' title='bbox 909 1339 1087 1407; x_wconf 85' lang='lat' dir='ltr'><strong>pedes,</strong></span> <span class='ocrx_word' id='word_1_80' title='bbox 1118 1342 1238 1410; x_wconf 82' lang='lat' dir='ltr'><strong>quia</strong></span> <span class='ocrx_word' id='word_1_81' title='bbox 1264 1340 1425 1395; x_wconf 64' lang='grc' dir='ltr'><strong>κειαυί</strong></span> <span class='ocrx_word' id='word_1_82' title='bbox 1449 1341 1502 1394; x_wconf 91' lang='lat' dir='ltr'><strong>in</strong></span> <span class='ocrx_word' id='word_1_83' title='bbox 1526 1338 1891 1409; x_wconf 76' lang='lat' dir='ltr'><strong>peccatoribus,</strong></span> <span class='ocrx_word' id='word_1_84' title='bbox 1920 1351 2094 1409; x_wconf 84' lang='lat' dir='ltr'><strong>pacem</strong></span> 
     </span>
    </p>
   </div>
   <div class='ocr_carea' id='block_1_11' title="bbox 508 1431 2089 1500">
    <p class='ocr_par' dir='ltr' id='par_1_11' title="bbox 508 1431 2089 1500">
     <span class='ocr_line' id='line_1_11' title="bbox 508 1431 2089 1500; baseline -0.001 -15"><span class='ocrx_word' id='word_1_85' title='bbox 508 1439 829 1500; x_wconf 85' lang='lat' dir='ltr'><strong>peccaton</strong></span> <span class='ocrx_word' id='word_1_86' title='bbox 853 1432 1297 1489; x_wconf 82' lang='lat' dir='ltr'><strong>intuens.Viderat</strong></span> <span class='ocrx_word' id='word_1_87' title='bbox 1314 1434 1455 1489; x_wconf 90' lang='lat' dir='ltr'><strong>enim</strong></span> <span class='ocrx_word' id='word_1_88' title='bbox 1480 1433 1783 1489; x_wconf 83' lang='lat' dir='ltr'><strong>felicitatem</strong></span> <span class='ocrx_word' id='word_1_89' title='bbox 1806 1431 2089 1500; x_wconf 87' lang='lat' dir='ltr'><strong>malorum,</strong></span> 
     </span>
    </p>
   </div>
   <div class='ocr_carea' id='block_1_12' title="bbox 506 1524 2090 1599">
    <p class='ocr_par' dir='ltr' id='par_1_12' title="bbox 506 1524 2090 1599">
     <span class='ocr_line' id='line_1_12' title="bbox 506 1524 2090 1599; baseline 0.001 -18"><span class='ocrx_word' id='word_1_90' title='bbox 506 1533 563 1581; x_wconf 89' lang='lat' dir='ltr'><strong>et</strong></span> <span class='ocrx_word' id='word_1_91' title='bbox 587 1524 884 1583; x_wconf 89' lang='lat' dir='ltr'><strong>delectatus</strong></span> <span class='ocrx_word' id='word_1_92' title='bbox 912 1537 1027 1582; x_wconf 90' lang='lat' dir='ltr'><strong>erat</strong></span> <span class='ocrx_word' id='word_1_93' title='bbox 1049 1543 1169 1583; x_wconf 87' lang='lat' dir='ltr'><strong>esse</strong></span> <span class='ocrx_word' id='word_1_94' title='bbox 1201 1528 1403 1594; x_wconf 90' lang='lat' dir='ltr'><strong>malus,</strong></span> <span class='ocrx_word' id='word_1_95' title='bbox 1436 1528 1623 1585; x_wconf 90' lang='lat' dir='ltr'><strong>videns</strong></span> <span class='ocrx_word' id='word_1_96' title='bbox 1650 1543 1874 1599; x_wconf 91' lang='lat' dir='ltr'><strong>regnare</strong></span> <span class='ocrx_word' id='word_1_97' title='bbox 1899 1526 2090 1593; x_wconf 92' lang='lat' dir='ltr'><strong>malos,</strong></span> 
     </span>
    </p>
   </div>
   <div class='ocr_carea' id='block_1_13' title="bbox 508 1618 2091 1693">
    <p class='ocr_par' dir='ltr' id='par_1_13' title="bbox 508 1618 2091 1693">
     <span class='ocr_line' id='line_1_13' title="bbox 508 1618 2091 1693; baseline 0.001 -19"><span class='ocrx_word' id='word_1_98' title='bbox 508 1618 647 1675; x_wconf 85' lang='lat' dir='ltr'><strong>bene</strong></span> <span class='ocrx_word' id='word_1_99' title='bbox 672 1620 775 1676; x_wconf 87' lang='lat' dir='ltr'><strong>illis</strong></span> <span class='ocrx_word' id='word_1_100' title='bbox 804 1635 923 1677; x_wconf 87' lang='lat' dir='ltr'><strong>esse</strong></span> <span class='ocrx_word' id='word_1_101' title='bbox 943 1664 957 1687; x_wconf 96' lang='lat'><strong>,</strong></span> <span class='ocrx_word' id='word_1_102' title='bbox 1007 1622 1281 1678; x_wconf 75' lang='lat' dir='ltr'><strong>abundare</strong></span> <span class='ocrx_word' id='word_1_103' title='bbox 1313 1638 1407 1679; x_wconf 91' lang='lat' dir='ltr'><strong>eos</strong></span> <span class='ocrx_word' id='word_1_104' title='bbox 1439 1624 1492 1678; x_wconf 94' lang='lat' dir='ltr'><strong>in</strong></span> <span class='ocrx_word' id='word_1_105' title='bbox 1537 1623 1685 1678; x_wconf 91' lang='lat' dir='ltr'><strong>omni</strong></span> <span class='ocrx_word' id='word_1_106' title='bbox 1729 1623 1882 1693; x_wconf 92' lang='lat' dir='ltr'><strong>copia</strong></span> <span class='ocrx_word' id='word_1_107' title='bbox 1913 1636 2091 1677; x_wconf 89' lang='lat' dir='ltr'><strong>rerum</strong></span> 
     </span>
    </p>
   </div>
   <div class='ocr_carea' id='block_1_14' title="bbox 509 1713 2095 1788">
    <p class='ocr_par' dir='ltr' id='par_1_14' title="bbox 509 1713 2095 1788">
     <span class='ocr_line' id='line_1_14' title="bbox 509 1713 2095 1788; baseline 0.004 -24"><span class='ocrx_word' id='word_1_108' title='bbox 509 1713 903 1783; x_wconf 86' lang='lat' dir='ltr'><strong>temporalium,</strong></span> <span class='ocrx_word' id='word_1_109' title='bbox 934 1714 1108 1784; x_wconf 89' lang='lat' dir='ltr'><strong>qualia</strong></span> <span class='ocrx_word' id='word_1_110' title='bbox 1135 1714 1308 1771; x_wconf 88' lang='lat' dir='ltr'><strong>adhuc</strong></span> <span class='ocrx_word' id='word_1_111' title='bbox 1336 1716 1452 1787; x_wconf 89' lang='lat' dir='ltr'><strong>ipse</strong></span> <span class='ocrx_word' id='word_1_112' title='bbox 1482 1717 1731 1788; x_wconf 87' lang='lat' dir='ltr'><strong>parvulus</strong></span> <span class='ocrx_word' id='word_1_113' title='bbox 1756 1715 2095 1772; x_wconf 85' lang='lat' dir='ltr'><strong>desiderabat</strong></span> 
     </span>
    </p>
   </div>
   <div class='ocr_carea' id='block_1_15' title="bbox 506 1804 2094 1881">
    <p class='ocr_par' dir='ltr' id='par_1_15' title="bbox 506 1804 2094 1881">
     <span class='ocr_line' id='line_1_15' title="bbox 506 1804 2094 1881; baseline 0.004 -23"><span class='ocrx_word' id='word_1_114' title='bbox 506 1820 534 1857; x_wconf 85' lang='lat' dir='ltr'><strong>a</strong></span> <span class='ocrx_word' id='word_1_115' title='bbox 564 1804 791 1860; x_wconf 91' lang='lat' dir='ltr'><strong>Domino</strong></span> <span class='ocrx_word' id='word_1_116' title='bbox 818 1824 830 1859; x_wconf 91' lang='lat'>:</span> <span class='ocrx_word' id='word_1_117' title='bbox 860 1815 912 1861; x_wconf 91' lang='lat' dir='ltr'><strong>et</strong></span> <span class='ocrx_word' id='word_1_118' title='bbox 939 1815 1261 1864; x_wconf 84' lang='lat' dir='ltr'><strong>nutaverant</strong></span> <span class='ocrx_word' id='word_1_119' title='bbox 1287 1808 1359 1864; x_wconf 91' lang='lat' dir='ltr'><strong>illi</strong></span> <span class='ocrx_word' id='word_1_120' title='bbox 1388 1810 1553 1881; x_wconf 85' lang='lat' dir='ltr'><strong>pedes</strong></span> <span class='ocrx_word' id='word_1_121' title='bbox 1578 1854 1592 1878; x_wconf 94' lang='lat'><strong>,</strong></span> <span class='ocrx_word' id='word_1_122' title='bbox 1624 1825 1899 1880; x_wconf 80' lang='lat' dir='ltr'><strong>usquequo</strong></span> <span class='ocrx_word' id='word_1_123' title='bbox 1940 1808 2094 1864; x_wconf 88' lang='lat' dir='ltr'><strong>vide-</strong></span> 
     </span>
    </p>
   </div>
   <div class='ocr_carea' id='block_1_16' title="bbox 509 1896 2089 1972">
    <p class='ocr_par' dir='ltr' id='par_1_16' title="bbox 509 1896 2089 1972">
     <span class='ocr_line' id='line_1_16' title="bbox 509 1896 2089 1972; baseline 0.004 -23"><span class='ocrx_word' id='word_1_124' title='bbox 509 1902 592 1950; x_wconf 87' lang='lat' dir='ltr'><strong>ret</strong></span> <span class='ocrx_word' id='word_1_125' title='bbox 619 1896 745 1967; x_wconf 89' lang='lat' dir='ltr'><strong>quid</strong></span> <span class='ocrx_word' id='word_1_126' title='bbox 774 1897 830 1952; x_wconf 90' lang='lat' dir='ltr'><strong>in</strong></span> <span class='ocrx_word' id='word_1_127' title='bbox 861 1897 1020 1954; x_wconf 88' lang='lat' dir='ltr'><strong>ﬂnem</strong></span> <span class='ocrx_word' id='word_1_128' title='bbox 1061 1900 1143 1956; x_wconf 87' lang='lat' dir='ltr'><strong>vel</strong></span> <span class='ocrx_word' id='word_1_129' title='bbox 1185 1902 1505 1972; x_wconf 87' lang='lat' dir='ltr'><strong>sperandum</strong></span> <span class='ocrx_word' id='word_1_130' title='bbox 1546 1904 1633 1958; x_wconf 86' lang='lat' dir='ltr'><strong>vel</strong></span> <span class='ocrx_word' id='word_1_131' title='bbox 1677 1903 1970 1959; x_wconf 90' lang='lat' dir='ltr'><strong>timendum</strong></span> <span class='ocrx_word' id='word_1_132' title='bbox 2002 1903 2089 1957; x_wconf 89' lang='lat' dir='ltr'><strong>sit.</strong></span> 
     </span>
    </p>
   </div>
   <div class='ocr_carea' id='block_1_17' title="bbox 507 1986 2089 2063">
    <p class='ocr_par' dir='ltr' id='par_1_17' title="bbox 507 1986 2089 2063">
     <span class='ocr_line' id='line_1_17' title="bbox 507 1986 2089 2063; baseline 0.005 -22"><span class='ocrx_word' id='word_1_133' title='bbox 507 1986 596 2042; x_wconf 87' lang='lat' dir='ltr'><strong>Ait</strong></span> <span class='ocrx_word' id='word_1_134' title='bbox 623 1989 769 2045; x_wconf 92' lang='lat' dir='ltr'><strong>enim</strong></span> <span class='ocrx_word' id='word_1_135' title='bbox 797 1990 850 2046; x_wconf 91' lang='lat' dir='ltr'><strong>in</strong></span> <span class='ocrx_word' id='word_1_136' title='bbox 877 1992 1068 2047; x_wconf 91' lang='lat' dir='ltr'><strong>eodem</strong></span> <span class='ocrx_word' id='word_1_137' title='bbox 1096 1993 1302 2063; x_wconf 88' lang='lat' dir='ltr'><strong>psalmo</strong></span> <span class='ocrx_word' id='word_1_138' title='bbox 1336 2012 1350 2051; x_wconf 89' lang='lat'><strong>:</strong></span> <span class='ocrx_word' id='word_1_139' title='bbox 1384 1993 1495 2049; x_wconf 83' lang='lat' dir='ltr'><strong>Hoc</strong></span> <span class='ocrx_word' id='word_1_140' title='bbox 1535 1996 1676 2050; x_wconf 90' lang='lat' dir='ltr'><strong>labor</strong></span> <span class='ocrx_word' id='word_1_141' title='bbox 1719 2005 1793 2050; x_wconf 90' lang='lat' dir='ltr'><strong>est</strong></span> <span class='ocrx_word' id='word_1_142' title='bbox 1830 2004 1946 2049; x_wconf 84' lang='lat' dir='ltr'><strong>ante</strong></span> <span class='ocrx_word' id='word_1_143' title='bbox 1973 2011 2052 2049; x_wconf 89' lang='lat' dir='ltr'><strong>me</strong></span> <span class='ocrx_word' id='word_1_144' title='bbox 2074 2036 2089 2061; x_wconf 95' lang='lat'><strong>,</strong></span> 
     </span>
    </p>
   </div>
   <div class='ocr_carea' id='block_1_18' title="bbox 506 2079 2097 2159">
    <p class='ocr_par' dir='ltr' id='par_1_18' title="bbox 506 2079 2097 2159">
     <span class='ocr_line' id='line_1_18' title="bbox 506 2079 2097 2159; baseline 0.004 -25"><span class='ocrx_word' id='word_1_145' title='bbox 506 2079 667 2136; x_wconf 85' lang='lat' dir='ltr'><strong>donec</strong></span> <span class='ocrx_word' id='word_1_146' title='bbox 714 2083 961 2140; x_wconf 87' lang='lat' dir='ltr'><strong>introeant</strong></span> <span class='ocrx_word' id='word_1_147' title='bbox 1003 2087 1057 2139; x_wconf 87' lang='lat' dir='ltr'><strong>in</strong></span> <span class='ocrx_word' id='word_1_148' title='bbox 1107 2087 1451 2141; x_wconf 88' lang='lat' dir='ltr'><strong>sanctuariunt</strong></span> <span class='ocrx_word' id='word_1_149' title='bbox 1479 2086 1614 2156; x_wconf 91' lang='lat' dir='ltr'><strong>Dei,</strong></span> <span class='ocrx_word' id='word_1_150' title='bbox 1647 2096 1693 2143; x_wconf 86' lang='lat' dir='ltr'><strong>et</strong></span> <span class='ocrx_word' id='word_1_151' title='bbox 1736 2086 2015 2159; x_wconf 79' lang='lat' dir='ltr'><strong>intelligam</strong></span> <span class='ocrx_word' id='word_1_152' title='bbox 2043 2087 2097 2141; x_wconf 86' lang='lat' dir='ltr'><strong>in</strong></span> 
     </span>
    </p>
   </div>
   <div class='ocr_carea' id='block_1_19' title="bbox 510 2174 2097 2255">
    <p class='ocr_par' dir='ltr' id='par_1_19' title="bbox 510 2174 2097 2255">
     <span class='ocr_line' id='line_1_19' title="bbox 510 2174 2097 2255; baseline 0.006 -29"><span class='ocrx_word' id='word_1_153' title='bbox 510 2174 781 2229; x_wconf 84' lang='lat' dir='ltr'><strong>novissima</strong></span> <span class='ocrx_word' id='word_1_154' title='bbox 805 2176 826 2247; x_wconf 92' lang='lat'>(</span> <span class='ocrx_word' id='word_1_155' title='bbox 847 2174 993 2232; x_wconf 90' lang='lat' dir='ltr'><strong>Psal.</strong></span> <span class='ocrx_word' id='word_1_156' title='bbox 1018 2193 1162 2233; x_wconf 78' lang='lat' dir='ltr'><strong>um</strong></span> <span class='ocrx_word' id='word_1_157' title='bbox 1186 2221 1199 2245; x_wconf 93' lang='lat'><strong>,</strong></span> <span class='ocrx_word' id='word_1_158' title='bbox 1232 2180 1257 2233; x_wconf 82' lang='lat' dir='ltr'><strong>l</strong></span> <span class='ocrx_word' id='word_1_159' title='bbox 1285 2221 1299 2246; x_wconf 96' lang='lat'><strong>,</strong></span> <span class='ocrx_word' id='word_1_160' title='bbox 1324 2178 1360 2233; x_wconf 77' lang='grc'><strong>2</strong></span> <span class='ocrx_word' id='word_1_161' title='bbox 1384 2222 1399 2248; x_wconf 86' lang='grc'><em>,</em></span> <span class='ocrx_word' id='word_1_162' title='bbox 1433 2181 1466 2234; x_wconf 79' lang='grc'>5</span> <span class='ocrx_word' id='word_1_163' title='bbox 1486 2221 1500 2245; x_wconf 92' lang='grc'><strong><em>,</em></strong></span> <span class='ocrx_word' id='word_1_164' title='bbox 1533 2180 1602 2238; x_wconf 76' lang='grc'><strong>16</strong></span> <span class='ocrx_word' id='word_1_165' title='bbox 1624 2222 1638 2247; x_wconf 93' lang='grc'><strong><em>,</em></strong></span> <span class='ocrx_word' id='word_1_166' title='bbox 1664 2181 1728 2235; x_wconf 80' lang='grc'><strong>17</strong></span> <span class='ocrx_word' id='word_1_167' title='bbox 1752 2178 1795 2255; x_wconf 91' lang='grc'><strong>).</strong></span> <span class='ocrx_word' id='word_1_168' title='bbox 1824 2179 1940 2234; x_wconf 86' lang='lat' dir='ltr'><strong>Non</strong></span> <span class='ocrx_word' id='word_1_169' title='bbox 1968 2195 2097 2251; x_wconf 81' lang='lat' dir='ltr'><strong>ergo</strong></span> 
     </span>
    </p>
   </div>
   <div class='ocr_carea' id='block_1_20' title="bbox 506 2267 2098 2344">
    <p class='ocr_par' dir='ltr' id='par_1_20' title="bbox 506 2267 2098 2344">
     <span class='ocr_line' id='line_1_20' title="bbox 506 2267 2098 2344; baseline 0.003 -23"><span class='ocrx_word' id='word_1_170' title='bbox 506 2281 699 2335; x_wconf 86' lang='lat' dir='ltr'><strong>poenas</strong></span> <span class='ocrx_word' id='word_1_171' title='bbox 725 2267 1017 2325; x_wconf 83' lang='lat' dir='ltr'><strong>inferorum</strong></span> <span class='ocrx_word' id='word_1_172' title='bbox 1043 2312 1058 2337; x_wconf 94' lang='lat'><strong>,</strong></span> <span class='ocrx_word' id='word_1_173' title='bbox 1086 2286 1192 2326; x_wconf 90' lang='lat' dir='ltr'><strong>non</strong></span> <span class='ocrx_word' id='word_1_174' title='bbox 1223 2287 1408 2342; x_wconf 88' lang='lat' dir='ltr'><strong>poenas</strong></span> <span class='ocrx_word' id='word_1_175' title='bbox 1434 2273 1573 2329; x_wconf 92' lang='lat' dir='ltr'><strong>illius</strong></span> <span class='ocrx_word' id='word_1_176' title='bbox 1604 2283 1723 2344; x_wconf 89' lang='lat' dir='ltr'><strong>post</strong></span> <span class='ocrx_word' id='word_1_177' title='bbox 1750 2275 2098 2327; x_wconf 86' lang='lat' dir='ltr'><strong>resurrectio-</strong></span> 
     </span>
    </p>
   </div>
   <div class='ocr_carea' id='block_1_21' title="bbox 507 2358 2099 2435">
    <p class='ocr_par' dir='ltr' id='par_1_21' title="bbox 507 2358 2099 2435">
     <span class='ocr_line' id='line_1_21' title="bbox 507 2358 2099 2435; baseline 0.006 -25"><span class='ocrx_word' id='word_1_178' title='bbox 507 2371 634 2412; x_wconf 87' lang='lat' dir='ltr'><strong>nem</strong></span> <span class='ocrx_word' id='word_1_179' title='bbox 676 2358 814 2430; x_wconf 88' lang='lat' dir='ltr'><strong>ignis</strong></span> <span class='ocrx_word' id='word_1_180' title='bbox 839 2363 1045 2430; x_wconf 62' lang='lat' dir='ltr'><strong>aeterni,</strong></span> <span class='ocrx_word' id='word_1_181' title='bbox 1063 2378 1171 2418; x_wconf 91' lang='lat' dir='ltr'><strong>non</strong></span> <span class='ocrx_word' id='word_1_182' title='bbox 1190 2378 1381 2432; x_wconf 86' lang='lat' dir='ltr'><strong>poenas</strong></span> <span class='ocrx_word' id='word_1_183' title='bbox 1407 2365 1537 2420; x_wconf 90' lang='lat' dir='ltr'><strong>istas</strong></span> <span class='ocrx_word' id='word_1_184' title='bbox 1560 2380 1679 2435; x_wconf 80' lang='lat' dir='ltr'><strong>quae</strong></span> <span class='ocrx_word' id='word_1_185' title='bbox 1701 2364 1877 2420; x_wconf 90' lang='lat' dir='ltr'><strong>adhuc</strong></span> <span class='ocrx_word' id='word_1_186' title='bbox 1919 2364 1973 2418; x_wconf 93' lang='lat' dir='ltr'><strong>in</strong></span> <span class='ocrx_word' id='word_1_187' title='bbox 1996 2363 2099 2420; x_wconf 90' lang='lat' dir='ltr'><strong>hoc</strong></span> 
     </span>
    </p>
   </div>
   <div class='ocr_carea' id='block_1_22' title="bbox 508 2450 2100 2528">
    <p class='ocr_par' dir='ltr' id='par_1_22' title="bbox 508 2450 2100 2528">
     <span class='ocr_line' id='line_1_22' title="bbox 508 2450 2100 2528; baseline 0.006 -25"><span class='ocrx_word' id='word_1_188' title='bbox 508 2450 707 2505; x_wconf 67' lang='lat' dir='ltr'><strong>saeculo</strong></span> <span class='ocrx_word' id='word_1_189' title='bbox 739 2453 1051 2521; x_wconf 68' lang='lat' dir='ltr'><strong>promiscum</strong></span> <span class='ocrx_word' id='word_1_190' title='bbox 1080 2464 1204 2511; x_wconf 91' lang='lat' dir='ltr'><strong>sunt</strong></span> <span class='ocrx_word' id='word_1_191' title='bbox 1224 2455 1384 2528; x_wconf 87' lang='lat' dir='ltr'><strong>justis</strong></span> <span class='ocrx_word' id='word_1_192' title='bbox 1414 2465 1469 2512; x_wconf 90' lang='lat' dir='ltr'><strong>et</strong></span> <span class='ocrx_word' id='word_1_193' title='bbox 1495 2456 1736 2528; x_wconf 90' lang='lat' dir='ltr'><strong>injustis,</strong></span> <span class='ocrx_word' id='word_1_194' title='bbox 1774 2467 1829 2512; x_wconf 93' lang='lat' dir='ltr'><strong>et</strong></span> <span class='ocrx_word' id='word_1_195' title='bbox 1862 2456 2100 2527; x_wconf 84' lang='lat' dir='ltr'><strong>plerum-</strong></span> 
     </span>
    </p>
   </div>
   <div class='ocr_carea' id='block_1_23' title="bbox 507 2542 2099 2619">
    <p class='ocr_par' dir='ltr' id='par_1_23' title="bbox 507 2542 2099 2619">
     <span class='ocr_line' id='line_1_23' title="bbox 507 2542 2099 2619; baseline 0.006 -25"><span class='ocrx_word' id='word_1_196' title='bbox 507 2554 612 2609; x_wconf 85' lang='lat' dir='ltr'><strong>que</strong></span> <span class='ocrx_word' id='word_1_197' title='bbox 634 2542 907 2611; x_wconf 85' lang='lat' dir='ltr'><strong>graviores</strong></span> <span class='ocrx_word' id='word_1_198' title='bbox 924 2545 1189 2617; x_wconf 88' lang='lat' dir='ltr'><strong>justorum</strong></span> <span class='ocrx_word' id='word_1_199' title='bbox 1216 2563 1376 2618; x_wconf 88' lang='lat' dir='ltr'><strong>quam</strong></span> <span class='ocrx_word' id='word_1_200' title='bbox 1406 2548 1756 2619; x_wconf 89' lang='lat' dir='ltr'><strong>injustorum:</strong></span> <span class='ocrx_word' id='word_1_201' title='bbox 1790 2547 1885 2604; x_wconf 88' lang='lat' dir='ltr'><strong>sed</strong></span> <span class='ocrx_word' id='word_1_202' title='bbox 1916 2549 2099 2604; x_wconf 92' lang='lat' dir='ltr'><strong>nescio</strong></span> 
     </span>
    </p>
   </div>
   <div class='ocr_carea' id='block_1_24' title="bbox 507 2639 2097 2711">
    <p class='ocr_par' dir='ltr' id='par_1_24' title="bbox 507 2639 2097 2711">
     <span class='ocr_line' id='line_1_24' title="bbox 507 2639 2097 2711; baseline 0.004 -23"><span class='ocrx_word' id='word_1_203' title='bbox 507 2648 667 2703; x_wconf 90' lang='lat' dir='ltr'><strong>quam</strong></span> <span class='ocrx_word' id='word_1_204' title='bbox 696 2649 909 2706; x_wconf 72' lang='lat' dir='ltr'><strong>pmnam</strong></span> <span class='ocrx_word' id='word_1_205' title='bbox 950 2641 1233 2710; x_wconf 83' lang='lat' dir='ltr'><strong>praesentis</strong></span> <span class='ocrx_word' id='word_1_206' title='bbox 1276 2641 1400 2696; x_wconf 67' lang='lat' dir='ltr'><strong>vitae</strong></span> <span class='ocrx_word' id='word_1_207' title='bbox 1424 2642 1539 2696; x_wconf 88' lang='lat' dir='ltr'><strong>vult</strong></span> <span class='ocrx_word' id='word_1_208' title='bbox 1567 2640 1945 2697; x_wconf 88' lang='lat' dir='ltr'><strong>commendare</strong></span> <span class='ocrx_word' id='word_1_209' title='bbox 1974 2639 2097 2711; x_wconf 84' lang='lat' dir='ltr'><strong>Spi-</strong></span> 
     </span>
    </p>
   </div>
   <div class='ocr_carea' id='block_1_25' title="bbox 508 2731 2097 2807">
    <p class='ocr_par' dir='ltr' id='par_1_25' title="bbox 508 2731 2097 2807">
     <span class='ocr_line' id='line_1_25' title="bbox 508 2731 2097 2807; baseline 0.005 -23"><span class='ocrx_word' id='word_1_210' title='bbox 508 2731 644 2786; x_wconf 87' lang='lat' dir='ltr'><strong>ritus</strong></span> <span class='ocrx_word' id='word_1_211' title='bbox 669 2731 781 2787; x_wconf 89' lang='lat' dir='ltr'><strong>Dei.</strong></span> <span class='ocrx_word' id='word_1_212' title='bbox 828 2733 1108 2790; x_wconf 85' lang='lat' dir='ltr'><strong>Advertite</strong></span> <span class='ocrx_word' id='word_1_213' title='bbox 1130 2777 1144 2800; x_wconf 97' lang='lat'><strong>,</strong></span> <span class='ocrx_word' id='word_1_214' title='bbox 1188 2735 1369 2791; x_wconf 83' lang='lat' dir='ltr'><strong>audite</strong></span> <span class='ocrx_word' id='word_1_215' title='bbox 1398 2736 1502 2791; x_wconf 89' lang='lat' dir='ltr'><strong>hoc</strong></span> <span class='ocrx_word' id='word_1_216' title='bbox 1532 2751 1619 2791; x_wconf 88' lang='lat' dir='ltr'><strong>me</strong></span> <span class='ocrx_word' id='word_1_217' title='bbox 1649 2735 1914 2791; x_wconf 89' lang='lat' dir='ltr'><strong>dicturum</strong></span> <span class='ocrx_word' id='word_1_218' title='bbox 1954 2734 2097 2807; x_wconf 91' lang='lat' dir='ltr'><strong>quod</strong></span> 
     </span>
    </p>
   </div>
   <div class='ocr_carea' id='block_1_26' title="bbox 510 2824 2096 2898">
    <p class='ocr_par' dir='ltr' id='par_1_26' title="bbox 510 2824 2096 2898">
     <span class='ocr_line' id='line_1_26' title="bbox 510 2824 2096 2898; baseline 0.005 -22"><span class='ocrx_word' id='word_1_219' title='bbox 510 2824 780 2878; x_wconf 77' lang='lat' dir='ltr'><strong>noveratis</strong></span> <span class='ocrx_word' id='word_1_220' title='bbox 801 2839 821 2878; x_wconf 91' lang='lat'><strong><em>:</em></strong></span> <span class='ocrx_word' id='word_1_221' title='bbox 850 2824 946 2880; x_wconf 90' lang='lat' dir='ltr'><strong>sed</strong></span> <span class='ocrx_word' id='word_1_222' title='bbox 974 2825 1180 2882; x_wconf 90' lang='lat' dir='ltr'><strong>dulcius</strong></span> <span class='ocrx_word' id='word_1_223' title='bbox 1204 2836 1287 2883; x_wconf 91' lang='lat' dir='ltr'><strong>est</strong></span> <span class='ocrx_word' id='word_1_224' title='bbox 1315 2842 1435 2883; x_wconf 92' lang='lat' dir='ltr'><strong>cum</strong></span> <span class='ocrx_word' id='word_1_225' title='bbox 1464 2828 1515 2881; x_wconf 91' lang='lat' dir='ltr'><strong>in</strong></span> <span class='ocrx_word' id='word_1_226' title='bbox 1535 2827 1748 2882; x_wconf 85' lang='lat' dir='ltr'><strong>Psalmo</strong></span> <span class='ocrx_word' id='word_1_227' title='bbox 1774 2827 2096 2898; x_wconf 86' lang='lat' dir='ltr'><strong>ostenditur,</strong></span> 
     </span>
    </p>
   </div>
   <div class='ocr_carea' id='block_1_27' title="bbox 515 2919 2102 2994">
    <p class='ocr_par' dir='ltr' id='par_1_27' title="bbox 515 2919 2102 2994">
     <span class='ocr_line' id='line_1_27' title="bbox 515 2919 2102 2994; baseline 0.005 -21"><span class='ocrx_word' id='word_1_228' title='bbox 515 2919 605 2988; x_wconf 90' lang='lat' dir='ltr'><strong>qui</strong></span> <span class='ocrx_word' id='word_1_229' title='bbox 629 2919 889 2975; x_wconf 84' lang='lat' dir='ltr'><strong>obscurus</strong></span> <span class='ocrx_word' id='word_1_230' title='bbox 911 2930 1195 2992; x_wconf 88' lang='lat' dir='ltr'><strong>antequam</strong></span> <span class='ocrx_word' id='word_1_231' title='bbox 1226 2921 1623 2990; x_wconf 88' lang='lat' dir='ltr'><strong>ostenderetur,</strong></span> <span class='ocrx_word' id='word_1_232' title='bbox 1650 2924 2102 2994; x_wconf 85' lang='lat' dir='ltr'><strong>putabatur.Ecce</strong></span> 
     </span>
    </p>
   </div>
   <div class='ocr_carea' id='block_1_28' title="bbox 511 3009 2100 3088">
    <p class='ocr_par' dir='ltr' id='par_1_28' title="bbox 511 3009 2100 3088">
     <span class='ocr_line' id='line_1_28' title="bbox 511 3009 2100 3088; baseline 0.005 -24"><span class='ocrx_word' id='word_1_233' title='bbox 511 3009 652 3064; x_wconf 87' lang='lat' dir='ltr'><strong>enim</strong></span> <span class='ocrx_word' id='word_1_234' title='bbox 686 3009 898 3081; x_wconf 88' lang='lat' dir='ltr'><strong>profero</strong></span> <span class='ocrx_word' id='word_1_235' title='bbox 926 3029 1043 3081; x_wconf 72' lang='lat' dir='ltr'><strong>qua:</strong></span> <span class='ocrx_word' id='word_1_236' title='bbox 1069 3018 1179 3084; x_wconf 84' lang='lat' dir='ltr'><strong>jam</strong></span> <span class='ocrx_word' id='word_1_237' title='bbox 1207 3016 1511 3069; x_wconf 89' lang='lat' dir='ltr'><strong>noveratis:</strong></span> <span class='ocrx_word' id='word_1_238' title='bbox 1542 3013 1637 3070; x_wconf 92' lang='lat' dir='ltr'><strong>sed</strong></span> <span class='ocrx_word' id='word_1_239' title='bbox 1664 3017 1787 3087; x_wconf 87' lang='lat' dir='ltr'><strong>quia</strong></span> <span class='ocrx_word' id='word_1_240' title='bbox 1820 3017 1943 3073; x_wconf 90' lang='lat' dir='ltr'><strong>inde</strong></span> <span class='ocrx_word' id='word_1_241' title='bbox 1972 3033 2100 3088; x_wconf 83' lang='lat' dir='ltr'><strong>pro-</strong></span> 
     </span>
    </p>
   </div>
   <div class='ocr_carea' id='block_1_29' title="bbox 514 3100 2101 3174">
    <p class='ocr_par' dir='ltr' id='par_1_29' title="bbox 514 3100 2101 3174">
     <span class='ocr_line' id='line_1_29' title="bbox 514 3100 2101 3174; baseline 0.007 -19"><span class='ocrx_word' id='word_1_242' title='bbox 514 3100 789 3171; x_wconf 81' lang='lat' dir='ltr'><strong>feruntur,</strong></span> <span class='ocrx_word' id='word_1_243' title='bbox 827 3104 916 3159; x_wconf 87' lang='lat' dir='ltr'><strong>ubi</strong></span> <span class='ocrx_word' id='word_1_244' title='bbox 945 3106 1179 3161; x_wconf 91' lang='lat' dir='ltr'><strong>nondum</strong></span> <span class='ocrx_word' id='word_1_245' title='bbox 1207 3123 1267 3162; x_wconf 87' lang='lat' dir='ltr'><strong>ea</strong></span> <span class='ocrx_word' id='word_1_246' title='bbox 1294 3107 1586 3174; x_wconf 86' lang='lat' dir='ltr'><strong>videbatis,</strong></span> <span class='ocrx_word' id='word_1_247' title='bbox 1615 3107 1675 3163; x_wconf 87' lang='lat' dir='ltr'><strong>ﬂt</strong></span> <span class='ocrx_word' id='word_1_248' title='bbox 1701 3119 1757 3163; x_wconf 91' lang='lat' dir='ltr'><strong>ut</strong></span> <span class='ocrx_word' id='word_1_249' title='bbox 1784 3110 1943 3164; x_wconf 92' lang='lat' dir='ltr'><strong>etiam</strong></span> <span class='ocrx_word' id='word_1_250' title='bbox 1978 3122 2101 3166; x_wconf 87' lang='lat' dir='ltr'><strong>nota</strong></span> 
     </span>
    </p>
   </div>
   <div class='ocr_carea' id='block_1_30' title="bbox 514 3198 2096 3273">
    <p class='ocr_par' dir='ltr' id='par_1_30' title="bbox 514 3198 2096 3273">
     <span class='ocr_line' id='line_1_30' title="bbox 514 3198 2096 3273; baseline 0.005 -26"><span class='ocrx_word' id='word_1_251' title='bbox 514 3202 764 3265; x_wconf 89' lang='lat' dir='ltr'><strong>tanquam</strong></span> <span class='ocrx_word' id='word_1_252' title='bbox 791 3213 929 3252; x_wconf 88' lang='lat' dir='ltr'><strong>nova</strong></span> <span class='ocrx_word' id='word_1_253' title='bbox 958 3198 1246 3255; x_wconf 86' lang='lat' dir='ltr'><strong>delectent.</strong></span> <span class='ocrx_word' id='word_1_254' title='bbox 1291 3201 1485 3257; x_wconf 88' lang='lat' dir='ltr'><strong>Audite</strong></span> <span class='ocrx_word' id='word_1_255' title='bbox 1522 3216 1731 3271; x_wconf 74' lang='lat' dir='ltr'><strong>pmnam</strong></span> <span class='ocrx_word' id='word_1_256' title='bbox 1767 3202 2051 3273; x_wconf 89' lang='lat' dir='ltr'><strong>impiorum</strong></span> <span class='ocrx_word' id='word_1_257' title='bbox 2083 3218 2096 3255; x_wconf 90' lang='lat'><strong>:</strong></span> 
     </span>
    </p>
   </div>
   <div class='ocr_carea' id='block_1_31' title="bbox 514 3286 2104 3365">
    <p class='ocr_par' dir='ltr' id='par_1_31' title="bbox 514 3286 2104 3365">
     <span class='ocr_line' id='line_1_31' title="bbox 514 3286 2104 3365; baseline 0.005 -24"><span class='ocrx_word' id='word_1_258' title='bbox 514 3286 662 3343; x_wconf 84' lang='lat' dir='ltr'><strong>Sicut</strong></span> <span class='ocrx_word' id='word_1_259' title='bbox 703 3305 848 3359; x_wconf 87' lang='lat' dir='ltr'><strong>cera,</strong></span> <span class='ocrx_word' id='word_1_260' title='bbox 894 3291 1106 3362; x_wconf 90' lang='lat' dir='ltr'><strong>inquit,</strong></span> <span class='ocrx_word' id='word_1_261' title='bbox 1149 3292 1420 3364; x_wconf 86' lang='lat' dir='ltr'><strong>liquefacta</strong></span> <span class='ocrx_word' id='word_1_262' title='bbox 1480 3294 1790 3364; x_wconf 82' lang='lat' dir='ltr'><strong>auferentur.</strong></span> <span class='ocrx_word' id='word_1_263' title='bbox 1841 3293 1964 3349; x_wconf 79' lang='lat' dir='ltr'><strong>Dixi</strong></span> <span class='ocrx_word' id='word_1_264' title='bbox 2007 3309 2104 3365; x_wconf 88' lang='lat' dir='ltr'><strong>per</strong></span> 
     </span>
    </p>
   </div>
   <div class='ocr_carea' id='block_1_32' title="bbox 513 3383 2100 3458">
    <p class='ocr_par' dir='ltr' id='par_1_32' title="bbox 513 3383 2100 3458">
     <span class='ocr_line' id='line_1_32' title="bbox 513 3383 2100 3458; baseline 0.004 -22"><span class='ocrx_word' id='word_1_265' title='bbox 513 3383 970 3453; x_wconf 87' lang='lat' dir='ltr'><strong>concupiscentias</strong></span> <span class='ocrx_word' id='word_1_266' title='bbox 1017 3399 1142 3441; x_wconf 89' lang='lat' dir='ltr'><strong>suas</strong></span> <span class='ocrx_word' id='word_1_267' title='bbox 1185 3384 1287 3440; x_wconf 89' lang='lat' dir='ltr'><strong>hoc</strong></span> <span class='ocrx_word' id='word_1_268' title='bbox 1337 3387 1415 3441; x_wconf 90' lang='lat' dir='ltr'><strong>eis</strong></span> <span class='ocrx_word' id='word_1_269' title='bbox 1463 3388 1599 3442; x_wconf 89' lang='lat' dir='ltr'><strong>fieri.</strong></span> <span class='ocrx_word' id='word_1_270' title='bbox 1654 3386 2100 3458; x_wconf 88' lang='lat' dir='ltr'><strong>Concupiscentia</strong></span> 
     </span>
    </p>
   </div>
   <div class='ocr_carea' id='block_1_33' title="bbox 516 3476 2102 3551">
    <p class='ocr_par' dir='ltr' id='par_1_33' title="bbox 516 3476 2102 3551">
     <span class='ocr_line' id='line_1_33' title="bbox 516 3476 2102 3551; baseline 0.005 -22"><span class='ocrx_word' id='word_1_271' title='bbox 516 3476 699 3545; x_wconf 85' lang='lat' dir='ltr'><strong>mala‘,</strong></span> <span class='ocrx_word' id='word_1_272' title='bbox 743 3477 894 3547; x_wconf 90' lang='lat' dir='ltr'><strong>quasi</strong></span> <span class='ocrx_word' id='word_1_273' title='bbox 934 3476 1098 3533; x_wconf 86' lang='lat' dir='ltr'><strong>ardor</strong></span> <span class='ocrx_word' id='word_1_274' title='bbox 1122 3487 1205 3534; x_wconf 81' lang='lat' dir='ltr'><strong>est.</strong></span> <span class='ocrx_word' id='word_1_275' title='bbox 1232 3487 1286 3532; x_wconf 91' lang='lat' dir='ltr'><strong>et</strong></span> <span class='ocrx_word' id='word_1_276' title='bbox 1307 3479 1323 3510; x_wconf 86' lang='grc'>¹</span> <span class='ocrx_word' id='word_1_277' title='bbox 1354 3479 1509 3550; x_wconf 85' lang='lat' dir='ltr'><strong>ignis.</strong></span> <span class='ocrx_word' id='word_1_278' title='bbox 1541 3479 1682 3551; x_wconf 88' lang='lat' dir='ltr'><strong>Ignis</strong></span> <span class='ocrx_word' id='word_1_279' title='bbox 1710 3482 1978 3537; x_wconf 89' lang='lat' dir='ltr'><strong>consumit</strong></span> <span class='ocrx_word' id='word_1_280' title='bbox 2006 3496 2102 3537; x_wconf 80' lang='lat' dir='ltr'><strong>ve-</strong></span> 
     </span>
    </p>
   </div>
   <div class='ocr_carea' id='block_1_34' title="bbox 513 3552 2105 3637">
    <p class='ocr_par' dir='ltr' id='par_1_34' title="bbox 513 3552 2105 3637">
     <span class='ocr_line' id='line_1_34' title="bbox 513 3552 2105 3637; baseline 0.004 -13"><span class='ocrx_word' id='word_1_281' title='bbox 513 3552 672 3637; x_wconf 75' lang='lat' dir='ltr'><strong>stem,</strong></span> <span class='ocrx_word' id='word_1_282' title='bbox 701 3568 868 3625; x_wconf 89' lang='lat' dir='ltr'><strong>libido</strong></span> <span class='ocrx_word' id='word_1_283' title='bbox 904 3569 1152 3626; x_wconf 84' lang='lat' dir='ltr'><strong>adulterii</strong></span> <span class='ocrx_word' id='word_1_284' title='bbox 1182 3586 1286 3625; x_wconf 92' lang='lat' dir='ltr'><strong>non</strong></span> <span class='ocrx_word' id='word_1_285' title='bbox 1312 3574 1580 3627; x_wconf 86' lang='lat' dir='ltr'><strong>consumit</strong></span> <span class='ocrx_word' id='word_1_286' title='bbox 1604 3573 1881 3628; x_wconf 83' lang='lat' dir='ltr'><strong>animam?</strong></span> <span class='ocrx_word' id='word_1_287' title='bbox 1910 3575 1986 3630; x_wconf 91' lang='lat' dir='ltr'><strong>De</strong></span> <span class='ocrx_word' id='word_1_288' title='bbox 2013 3588 2105 3631; x_wconf 87' lang='lat' dir='ltr'><strong>co-</strong></span> 
     </span>
    </p>
   </div>
   <div class='ocr_carea' id='block_1_35' title="bbox 512 3661 2105 3735">
    <p class='ocr_par' dir='ltr' id='par_1_35' title="bbox 512 3661 2105 3735">
     <span class='ocr_line' id='line_1_35' title="bbox 512 3661 2105 3735; baseline 0.005 -21"><span class='ocrx_word' id='word_1_289' title='bbox 512 3661 678 3731; x_wconf 90' lang='lat' dir='ltr'><strong>gitato</strong></span> <span class='ocrx_word' id='word_1_290' title='bbox 720 3661 983 3718; x_wconf 86' lang='lat' dir='ltr'><strong>adulterio</strong></span> <span class='ocrx_word' id='word_1_291' title='bbox 1020 3678 1144 3719; x_wconf 91' lang='lat' dir='ltr'><strong>cum</strong></span> <span class='ocrx_word' id='word_1_292' title='bbox 1182 3664 1489 3735; x_wconf 89' lang='lat' dir='ltr'><strong>loqueretur</strong></span> <span class='ocrx_word' id='word_1_293' title='bbox 1513 3663 1791 3735; x_wconf 84' lang='lat' dir='ltr'><strong>Scriptura</strong></span> <span class='ocrx_word' id='word_1_294' title='bbox 1820 3667 1897 3722; x_wconf 90' lang='lat' dir='ltr'><strong>ait</strong></span> <span class='ocrx_word' id='word_1_295' title='bbox 1928 3684 1943 3721; x_wconf 90' lang='lat'><strong>:</strong></span> <span class='ocrx_word' id='word_1_296' title='bbox 1972 3666 2105 3723; x_wconf 85' lang='lat' dir='ltr'><strong>Alli-</strong></span> 
     </span>
    </p>
   </div>
   <div class='ocr_carea' id='block_1_36' title="bbox 513 3752 2103 3825">
    <p class='ocr_par' dir='ltr' id='par_1_36' title="bbox 513 3752 2103 3825">
     <span class='ocr_line' id='line_1_36' title="bbox 513 3752 2103 3825; baseline 0.007 -20"><span class='ocrx_word' id='word_1_297' title='bbox 513 3752 651 3823; x_wconf 89' lang='lat' dir='ltr'><strong>gabit</strong></span> <span class='ocrx_word' id='word_1_298' title='bbox 687 3752 801 3823; x_wconf 84' lang='lat' dir='ltr'><strong>quis</strong></span> <span class='ocrx_word' id='word_1_299' title='bbox 840 3754 1008 3825; x_wconf 89' lang='lat' dir='ltr'><strong>ignem</strong></span> <span class='ocrx_word' id='word_1_300' title='bbox 1029 3756 1085 3809; x_wconf 87' lang='lat' dir='ltr'><strong>in</strong></span> <span class='ocrx_word' id='word_1_301' title='bbox 1124 3756 1242 3810; x_wconf 86' lang='lat' dir='ltr'><strong>sinu</strong></span> <span class='ocrx_word' id='word_1_302' title='bbox 1278 3773 1369 3811; x_wconf 92' lang='lat' dir='ltr'><strong>suo</strong></span> <span class='ocrx_word' id='word_1_303' title='bbox 1394 3800 1409 3821; x_wconf 94' lang='lat'><strong>,</strong></span> <span class='ocrx_word' id='word_1_304' title='bbox 1440 3766 1488 3810; x_wconf 88' lang='lat' dir='ltr'><strong>et</strong></span> <span class='ocrx_word' id='word_1_305' title='bbox 1527 3759 1821 3813; x_wconf 84' lang='lat' dir='ltr'><strong>vestimenta</strong></span> <span class='ocrx_word' id='word_1_306' title='bbox 1865 3777 1960 3815; x_wconf 90' lang='lat' dir='ltr'><strong>sua</strong></span> <span class='ocrx_word' id='word_1_307' title='bbox 2002 3778 2103 3816; x_wconf 89' lang='lat' dir='ltr'><strong>non</strong></span> 
     </span>
    </p>
   </div>
   <div class='ocr_carea' id='block_1_37' title="bbox 516 3844 2100 3921">
    <p class='ocr_par' dir='ltr' id='par_1_37' title="bbox 516 3844 2100 3921">
     <span class='ocr_line' id='line_1_37' title="bbox 516 3844 2100 3921; baseline 0.006 -23"><span class='ocrx_word' id='word_1_308' title='bbox 516 3844 815 3900; x_wconf 77' lang='lat' dir='ltr'><strong>comburet?</strong></span> <span class='ocrx_word' id='word_1_309' title='bbox 835 3844 1027 3902; x_wconf 88' lang='lat' dir='ltr'><strong>Gestas</strong></span> <span class='ocrx_word' id='word_1_310' title='bbox 1050 3848 1105 3903; x_wconf 89' lang='lat' dir='ltr'><strong>in</strong></span> <span class='ocrx_word' id='word_1_311' title='bbox 1136 3849 1257 3904; x_wconf 90' lang='lat' dir='ltr'><strong>sinu</strong></span> <span class='ocrx_word' id='word_1_312' title='bbox 1286 3864 1514 3919; x_wconf 86' lang='lat' dir='ltr'><strong>prunas,</strong></span> <span class='ocrx_word' id='word_1_313' title='bbox 1545 3850 1849 3921; x_wconf 90' lang='lat' dir='ltr'><strong>perforatur</strong></span> <span class='ocrx_word' id='word_1_314' title='bbox 1881 3853 2057 3908; x_wconf 91' lang='lat' dir='ltr'><strong>tunica</strong></span> <span class='ocrx_word' id='word_1_315' title='bbox 2083 3869 2100 3908; x_wconf 88' lang='lat'><strong>:</strong></span> 
     </span>
    </p>
   </div>
   <div class='ocr_carea' id='block_1_38' title="bbox 516 3940 2103 4017">
    <p class='ocr_par' dir='ltr' id='par_1_38' title="bbox 516 3940 2103 4017">
     <span class='ocr_line' id='line_1_38' title="bbox 516 3940 2103 4017; baseline 0.006 -23"><span class='ocrx_word' id='word_1_316' title='bbox 516 3946 695 4009; x_wconf 84' lang='lat' dir='ltr'><strong>gestas</strong></span> <span class='ocrx_word' id='word_1_317' title='bbox 722 3940 778 3995; x_wconf 91' lang='lat' dir='ltr'><strong>in</strong></span> <span class='ocrx_word' id='word_1_318' title='bbox 803 3940 1126 4011; x_wconf 89' lang='lat' dir='ltr'><strong>cogitatione</strong></span> <span class='ocrx_word' id='word_1_319' title='bbox 1148 3944 1168 3973; x_wconf 83' lang='grc'><strong>¹</strong></span> <span class='ocrx_word' id='word_1_320' title='bbox 1201 3941 1516 3999; x_wconf 88' lang='lat' dir='ltr'><strong>adulterium</strong></span> <span class='ocrx_word' id='word_1_321' title='bbox 1532 3986 1549 4013; x_wconf 95' lang='lat'><strong>,</strong></span> <span class='ocrx_word' id='word_1_322' title='bbox 1577 3953 1633 4001; x_wconf 93' lang='lat' dir='ltr'><strong>et</strong></span> <span class='ocrx_word' id='word_1_323' title='bbox 1654 3945 1859 4017; x_wconf 85' lang='lat' dir='ltr'><strong>integra</strong></span> <span class='ocrx_word' id='word_1_324' title='bbox 1882 3956 1965 4003; x_wconf 90' lang='lat' dir='ltr'><strong>est</strong></span> <span class='ocrx_word' id='word_1_325' title='bbox 1985 3948 2103 4003; x_wconf 90' lang='lat' dir='ltr'><strong>ani-</strong></span> 
     </span>
    </p>
   </div>
   <div class='ocr_carea' id='block_1_39' title="bbox 512 4028 1203 4110">
    <p class='ocr_par' dir='ltr' id='par_1_39' title="bbox 512 4028 1203 4110">
     <span class='ocr_line' id='line_1_39' title="bbox 512 4028 1203 4110; baseline 0.004 -22"><span class='ocrx_word' id='word_1_326' title='bbox 512 4047 599 4089; x_wconf 89' lang='lat' dir='ltr'><strong>ma</strong></span> <span class='ocrx_word' id='word_1_327' title='bbox 627 4031 818 4105; x_wconf 74' lang='lat' dir='ltr'><strong>(Prov.</strong></span> <span class='ocrx_word' id='word_1_328' title='bbox 845 4049 928 4101; x_wconf 74' lang='lat' dir='ltr'><strong>v1,</strong></span> <span class='ocrx_word' id='word_1_329' title='bbox 953 4028 1155 4110; x_wconf 74' lang='lat'><strong>27—29)</strong></span> <span class='ocrx_word' id='word_1_330' title='bbox 1180 4038 1203 4091; x_wconf 91' lang='lat'><strong>?</strong></span> 
     </span>
    </p>
   </div>
   <div class='ocr_carea' id='block_1_40' title="bbox 585 4125 2103 4204">
    <p class='ocr_par' dir='ltr' id='par_1_40' title="bbox 585 4125 2103 4204">
     <span class='ocr_line' id='line_1_40' title="bbox 585 4125 2103 4204; baseline 0.006 -23"><span class='ocrx_word' id='word_1_331' title='bbox 585 4125 675 4183; x_wconf 80' lang='grc'><strong>18.</strong></span> <span class='ocrx_word' id='word_1_332' title='bbox 697 4126 802 4185; x_wconf 87' lang='lat' dir='ltr'><strong>Sed</strong></span> <span class='ocrx_word' id='word_1_333' title='bbox 831 4127 964 4184; x_wconf 89' lang='lat' dir='ltr'><strong>istas</strong></span> <span class='ocrx_word' id='word_1_334' title='bbox 995 4143 1180 4199; x_wconf 77' lang='lat' dir='ltr'><strong>ptenas</strong></span> <span class='ocrx_word' id='word_1_335' title='bbox 1218 4131 1371 4201; x_wconf 89' lang='lat' dir='ltr'><strong>pauci</strong></span> <span class='ocrx_word' id='word_1_336' title='bbox 1418 4130 1641 4187; x_wconf 88' lang='lat' dir='ltr'><strong>vident:</strong></span> <span class='ocrx_word' id='word_1_337' title='bbox 1691 4142 1971 4204; x_wconf 83' lang='lat' dir='ltr'><strong>propterea</strong></span> <span class='ocrx_word' id='word_1_338' title='bbox 2011 4148 2103 4191; x_wconf 90' lang='lat' dir='ltr'><strong>eas</strong></span> 
     </span>
    </p>
   </div>
   <div class='ocr_carea' id='block_1_41' title="bbox 510 4219 2103 4295">
    <p class='ocr_par' dir='ltr' id='par_1_41' title="bbox 510 4219 2103 4295">
     <span class='ocr_line' id='line_1_41' title="bbox 510 4219 2103 4295; baseline 0.004 -21"><span class='ocrx_word' id='word_1_339' title='bbox 510 4219 745 4275; x_wconf 86' lang='lat' dir='ltr'><strong>maxime</strong></span> <span class='ocrx_word' id='word_1_340' title='bbox 787 4219 1130 4275; x_wconf 88' lang='lat' dir='ltr'><strong>commendat</strong></span> <span class='ocrx_word' id='word_1_341' title='bbox 1170 4221 1399 4291; x_wconf 90' lang='lat' dir='ltr'><strong>Spiritus</strong></span> <span class='ocrx_word' id='word_1_342' title='bbox 1447 4222 1563 4277; x_wconf 90' lang='lat' dir='ltr'><strong>Dei.</strong></span> <span class='ocrx_word' id='word_1_343' title='bbox 1609 4222 1745 4278; x_wconf 85' lang='lat' dir='ltr'><strong>Audi</strong></span> <span class='ocrx_word' id='word_1_344' title='bbox 1786 4226 2103 4295; x_wconf 83' lang='lat' dir='ltr'><strong>Apostolum</strong></span> 
     </span>
    </p>
   </div>
   <div class='ocr_carea' id='block_1_42' title="bbox 512 4312 2097 4390">
    <p class='ocr_par' dir='ltr' id='par_1_42' title="bbox 512 4312 2097 4390">
     <span class='ocr_line' id='line_1_42' title="bbox 512 4312 2097 4390; baseline 0.004 -21"><span class='ocrx_word' id='word_1_345' title='bbox 512 4312 779 4370; x_wconf 84' lang='lat' dir='ltr'><strong>dicentem</strong></span> <span class='ocrx_word' id='word_1_346' title='bbox 809 4332 823 4369; x_wconf 90' lang='lat'><strong>:</strong></span> <span class='ocrx_word' id='word_1_347' title='bbox 869 4313 1108 4368; x_wconf 84' lang='lat' dir='ltr'><strong>Tradidit</strong></span> <span class='ocrx_word' id='word_1_348' title='bbox 1134 4316 1249 4369; x_wconf 90' lang='lat' dir='ltr'><strong>illos</strong></span> <span class='ocrx_word' id='word_1_349' title='bbox 1278 4315 1417 4371; x_wconf 82' lang='lat' dir='ltr'><strong>Deus</strong></span> <span class='ocrx_word' id='word_1_350' title='bbox 1443 4317 1495 4371; x_wconf 86' lang='lat' dir='ltr'><strong>in</strong></span> <span class='ocrx_word' id='word_1_351' title='bbox 1521 4321 1959 4390; x_wconf 82' lang='lat' dir='ltr'><strong>concupisrentias</strong></span> <span class='ocrx_word' id='word_1_352' title='bbox 1979 4337 2097 4376; x_wconf 86' lang='lat' dir='ltr'><strong>cor-</strong></span> 
     </span>
    </p>
   </div>
   <div class='ocr_carea' id='block_1_43' title="bbox 511 4408 2102 4484">
    <p class='ocr_par' dir='ltr' id='par_1_43' title="bbox 511 4408 2102 4484">
     <span class='ocr_line' id='line_1_43' title="bbox 511 4408 2102 4484; baseline 0.003 -20"><span class='ocrx_word' id='word_1_353' title='bbox 511 4408 592 4465; x_wconf 85' lang='lat' dir='ltr'><strong>dis</strong></span> <span class='ocrx_word' id='word_1_354' title='bbox 611 4426 800 4465; x_wconf 85' lang='lat' dir='ltr'><strong>eorum.</strong></span> <span class='ocrx_word' id='word_1_355' title='bbox 838 4410 978 4467; x_wconf 86' lang='lat' dir='ltr'><strong>Ecce</strong></span> <span class='ocrx_word' id='word_1_356' title='bbox 1010 4412 1145 4481; x_wconf 89' lang='lat' dir='ltr'><strong>ignis</strong></span> <span class='ocrx_word' id='word_1_357' title='bbox 1166 4454 1181 4479; x_wconf 97' lang='lat'><strong>,</strong></span> <span class='ocrx_word' id='word_1_358' title='bbox 1213 4427 1242 4466; x_wconf 90' lang='lat' dir='ltr'><strong>a</strong></span> <span class='ocrx_word' id='word_1_359' title='bbox 1273 4413 1425 4483; x_wconf 88' lang='lat' dir='ltr'><strong>cujus</strong></span> <span class='ocrx_word' id='word_1_360' title='bbox 1451 4414 1585 4470; x_wconf 88' lang='lat' dir='ltr'><strong>facie</strong></span> <span class='ocrx_word' id='word_1_361' title='bbox 1612 4423 1864 4484; x_wconf 86' lang='lat' dir='ltr'><strong>tanquam</strong></span> <span class='ocrx_word' id='word_1_362' title='bbox 1890 4428 2013 4469; x_wconf 89' lang='lat' dir='ltr'><strong>cera</strong></span> <span class='ocrx_word' id='word_1_363' title='bbox 2034 4414 2102 4467; x_wconf 90' lang='lat' dir='ltr'><strong>li-</strong></span> 
     </span>
    </p>
   </div>
   <div class='ocr_carea' id='block_1_44' title="bbox 512 4504 2126 4582">
    <p class='ocr_par' dir='ltr' id='par_1_44' title="bbox 512 4504 2126 4582">
     <span class='ocr_line' id='line_1_44' title="bbox 512 4504 2126 4582; baseline 0.002 -24"><span class='ocrx_word' id='word_1_364' title='bbox 512 4513 807 4574; x_wconf 90' lang='lat' dir='ltr'><strong>quescunt:</strong></span> <span class='ocrx_word' id='word_1_365' title='bbox 850 4504 1128 4560; x_wconf 90' lang='lat' dir='ltr'><strong>solvuntur</strong></span> <span class='ocrx_word' id='word_1_366' title='bbox 1158 4506 1302 4561; x_wconf 90' lang='lat' dir='ltr'><strong>enim</strong></span> <span class='ocrx_word' id='word_1_367' title='bbox 1328 4522 1356 4559; x_wconf 89' lang='lat' dir='ltr'><strong>a</strong></span> <span class='ocrx_word' id='word_1_368' title='bbox 1400 4507 1627 4576; x_wconf 90' lang='lat' dir='ltr'><strong>quadam</strong></span> <span class='ocrx_word' id='word_1_369' title='bbox 1672 4508 1971 4563; x_wconf 87' lang='lat' dir='ltr'><strong>constantia</strong></span> <span class='ocrx_word' id='word_1_370' title='bbox 2009 4522 2126 4582; x_wconf 22' lang='lat' dir='ltr'><strong>ea-A</strong></span> 
     </span>
    </p>
   </div>
   <div class='ocr_carea' id='block_1_45' title="bbox 512 4594 2104 4675">
    <p class='ocr_par' dir='ltr' id='par_1_45' title="bbox 512 4594 2104 4675">
     <span class='ocr_line' id='line_1_45' title="bbox 512 4594 2104 4675; baseline 0.002 -25"><span class='ocrx_word' id='word_1_371' title='bbox 512 4594 711 4650; x_wconf 87' lang='lat' dir='ltr'><strong>stitatis</strong></span> <span class='ocrx_word' id='word_1_372' title='bbox 732 4612 748 4662; x_wconf 87' lang='lat'><strong>;</strong></span> <span class='ocrx_word' id='word_1_373' title='bbox 768 4606 1054 4665; x_wconf 86' lang='lat' dir='ltr'><strong>propterea</strong></span> <span class='ocrx_word' id='word_1_374' title='bbox 1070 4605 1124 4675; x_wconf 79' lang='lat' dir='ltr'><strong>et</strong></span> <span class='ocrx_word' id='word_1_375' title='bbox 1138 4597 1235 4667; x_wconf 82' lang='lat' dir='ltr'><strong>ipsi</strong></span> <span class='ocrx_word' id='word_1_376' title='bbox 1248 4597 1499 4652; x_wconf 89' lang='lat' dir='ltr'><strong>euntesin</strong></span> <span class='ocrx_word' id='word_1_377' title='bbox 1514 4598 1760 4655; x_wconf 90' lang='lat' dir='ltr'><strong>libidines</strong></span> <span class='ocrx_word' id='word_1_378' title='bbox 1778 4614 1925 4664; x_wconf 89' lang='lat' dir='ltr'><strong>suas,</strong></span> <span class='ocrx_word' id='word_1_379' title='bbox 1943 4599 2104 4653; x_wconf 91' lang='lat' dir='ltr'><strong>soluti</strong></span> 
     </span>
    </p>
   </div>
   <div class='ocr_carea' id='block_1_46' title="bbox 512 4684 2105 4763">
    <p class='ocr_par' dir='ltr' id='par_1_46' title="bbox 512 4684 2105 4763">
     <span class='ocr_line' id='line_1_46' title="bbox 512 4684 2105 4763; baseline 0.006 -23"><span class='ocrx_word' id='word_1_380' title='bbox 512 4684 727 4743; x_wconf 74' lang='lat' dir='ltr'><strong>et-ﬂuxi</strong></span> <span class='ocrx_word' id='word_1_381' title='bbox 770 4687 1037 4744; x_wconf 89' lang='lat' dir='ltr'><strong>dicuntur.</strong></span> <span class='ocrx_word' id='word_1_382' title='bbox 1062 4689 1216 4745; x_wconf 89' lang='lat' dir='ltr'><strong>Unde</strong></span> <span class='ocrx_word' id='word_1_383' title='bbox 1243 4690 1407 4744; x_wconf 85' lang='lat' dir='ltr'><strong>ﬂuxi?</strong></span> <span class='ocrx_word' id='word_1_384' title='bbox 1446 4691 1587 4745; x_wconf 90' lang='lat' dir='ltr'><strong>unde</strong></span> <span class='ocrx_word' id='word_1_385' title='bbox 1616 4692 1815 4746; x_wconf 79' lang='lat' dir='ltr'><strong>soluti?</strong></span> <span class='ocrx_word' id='word_1_386' title='bbox 1859 4692 1941 4747; x_wconf 89' lang='lat' dir='ltr'><strong>Ab</strong></span> <span class='ocrx_word' id='word_1_387' title='bbox 1984 4693 2105 4763; x_wconf 89' lang='lat' dir='ltr'><strong>igne</strong></span> 
     </span>
    </p>
   </div>
   <div class='ocr_carea' id='block_1_47' title="bbox 513 4782 2107 4853">
    <p class='ocr_par' dir='ltr' id='par_1_47' title="bbox 513 4782 2107 4853">
     <span class='ocr_line' id='line_1_47' title="bbox 513 4782 2107 4853; baseline 0.004 -18"><span class='ocrx_word' id='word_1_388' title='bbox 513 4782 1084 4851; x_wconf 84' lang='lat' dir='ltr'><strong>concupiscentiarum.</strong></span> <span class='ocrx_word' id='word_1_389' title='bbox 1115 4782 1346 4837; x_wconf 83' lang='lat' dir='ltr'><strong>Tradidit</strong></span> <span class='ocrx_word' id='word_1_390' title='bbox 1374 4784 1488 4838; x_wconf 90' lang='lat' dir='ltr'><strong>illos</strong></span> <span class='ocrx_word' id='word_1_391' title='bbox 1518 4784 1649 4840; x_wconf 86' lang='lat' dir='ltr'><strong>Deus</strong></span> <span class='ocrx_word' id='word_1_392' title='bbox 1675 4787 1727 4839; x_wconf 86' lang='lat' dir='ltr'><strong>in</strong></span> <span class='ocrx_word' id='word_1_393' title='bbox 1754 4787 2107 4853; x_wconf 85' lang='lat' dir='ltr'><strong>concupiscen-</strong></span> 
     </span>
    </p>
   </div>
   <div class='ocr_carea' id='block_1_48' title="bbox 514 4870 2105 4946">
    <p class='ocr_par' dir='ltr' id='par_1_48' title="bbox 514 4870 2105 4946">
     <span class='ocr_line' id='line_1_48' title="bbox 514 4870 2105 4946; baseline 0.004 -21"><span class='ocrx_word' id='word_1_394' title='bbox 514 4870 612 4926; x_wconf 89' lang='lat' dir='ltr'><strong>tias</strong></span> <span class='ocrx_word' id='word_1_395' title='bbox 636 4871 805 4927; x_wconf 85' lang='lat' dir='ltr'><strong>cordis</strong></span> <span class='ocrx_word' id='word_1_396' title='bbox 834 4890 1009 4928; x_wconf 92' lang='lat' dir='ltr'><strong>eorum</strong></span> <span class='ocrx_word' id='word_1_397' title='bbox 1046 4916 1062 4941; x_wconf 91' lang='lat'><strong>,</strong></span> <span class='ocrx_word' id='word_1_398' title='bbox 1092 4884 1146 4927; x_wconf 87' lang='lat' dir='ltr'><strong>ut</strong></span> <span class='ocrx_word' id='word_1_399' title='bbox 1173 4874 1366 4946; x_wconf 88' lang='lat' dir='ltr'><strong>faciant</strong></span> <span class='ocrx_word' id='word_1_400' title='bbox 1391 4892 1501 4942; x_wconf 63' lang='lat' dir='ltr'><strong>quae</strong></span> <span class='ocrx_word' id='word_1_401' title='bbox 1527 4892 1626 4929; x_wconf 89' lang='lat' dir='ltr'><strong>non</strong></span> <span class='ocrx_word' id='word_1_402' title='bbox 1651 4877 1981 4943; x_wconf 88' lang='lat' dir='ltr'><strong>conveniunt,</strong></span> <span class='ocrx_word' id='word_1_403' title='bbox 2025 4894 2105 4931; x_wconf 83' lang='lat' dir='ltr'><strong>re-</strong></span> 
     </span>
    </p>
   </div>
   <div class='ocr_carea' id='block_1_49' title="bbox 514 4963 2097 5042">
    <p class='ocr_par' dir='ltr' id='par_1_49' title="bbox 514 4963 2097 5042">
     <span class='ocr_line' id='line_1_49' title="bbox 514 4963 2097 5042; baseline 0.004 -22"><span class='ocrx_word' id='word_1_404' title='bbox 514 4963 678 5038; x_wconf 87' lang='lat' dir='ltr'><strong>pletos</strong></span> <span class='ocrx_word' id='word_1_405' title='bbox 701 4967 838 5021; x_wconf 87' lang='lat' dir='ltr'><strong>omni</strong></span> <span class='ocrx_word' id='word_1_406' title='bbox 864 4967 1221 5037; x_wconf 84' lang='lat' dir='ltr'><strong>iniquitate.Et</strong></span> <span class='ocrx_word' id='word_1_407' title='bbox 1246 4979 1524 5025; x_wconf 86' lang='lat' dir='ltr'><strong>enumerat</strong></span> <span class='ocrx_word' id='word_1_408' title='bbox 1549 4970 1711 5024; x_wconf 88' lang='lat' dir='ltr'><strong>multa</strong></span> <span class='ocrx_word' id='word_1_409' title='bbox 1739 4987 1857 5041; x_wconf 77' lang='lat' dir='ltr'><strong>qua:</strong></span> <span class='ocrx_word' id='word_1_410' title='bbox 1882 4983 2097 5042; x_wconf 86' lang='lat' dir='ltr'><strong>peccata</strong></span> 
     </span>
    </p>
   </div>
   <div class='ocr_carea' id='block_1_50' title="bbox 513 5060 2107 5134">
    <p class='ocr_par' dir='ltr' id='par_1_50' title="bbox 513 5060 2107 5134">
     <span class='ocr_line' id='line_1_50' title="bbox 513 5060 2107 5134; baseline 0.004 -21"><span class='ocrx_word' id='word_1_411' title='bbox 513 5068 680 5127; x_wconf 89' lang='lat' dir='ltr'><strong>sunt,</strong></span> <span class='ocrx_word' id='word_1_412' title='bbox 726 5068 779 5115; x_wconf 91' lang='lat' dir='ltr'><strong>et</strong></span> <span class='ocrx_word' id='word_1_413' title='bbox 824 5073 1011 5129; x_wconf 67' lang='lat' dir='ltr'><strong>poenas</strong></span> <span class='ocrx_word' id='word_1_414' title='bbox 1054 5060 1182 5115; x_wconf 88' lang='lat' dir='ltr'><strong>dicit</strong></span> <span class='ocrx_word' id='word_1_415' title='bbox 1225 5078 1345 5119; x_wconf 89' lang='lat' dir='ltr'><strong>esse</strong></span> <span class='ocrx_word' id='word_1_416' title='bbox 1393 5072 1751 5134; x_wconf 87' lang='lat' dir='ltr'><strong>peccatorum.</strong></span> <span class='ocrx_word' id='word_1_417' title='bbox 1788 5063 1919 5117; x_wconf 84' lang='lat' dir='ltr'><strong>Nam</strong></span> <span class='ocrx_word' id='word_1_418' title='bbox 1977 5064 2107 5120; x_wconf 86' lang='lat' dir='ltr'><strong>dicit</strong></span> 
     </span>
    </p>
   </div>
   <div class='ocr_carea' id='block_1_51' title="bbox 514 5153 2103 5227">
    <p class='ocr_par' dir='ltr' id='par_1_51' title="bbox 514 5153 2103 5227">
     <span class='ocr_line' id='line_1_51' title="bbox 514 5153 2103 5227; baseline 0.004 -22"><span class='ocrx_word' id='word_1_419' title='bbox 514 5153 742 5223; x_wconf 90' lang='lat' dir='ltr'><strong>primam</strong></span> <span class='ocrx_word' id='word_1_420' title='bbox 774 5168 990 5223; x_wconf 77' lang='lat' dir='ltr'><strong>ptenam</strong></span> <span class='ocrx_word' id='word_1_421' title='bbox 1033 5155 1334 5224; x_wconf 89' lang='lat' dir='ltr'><strong>superbiam</strong></span> <span class='ocrx_word' id='word_1_422' title='bbox 1364 5175 1377 5210; x_wconf 92' lang='lat'>:</span> <span class='ocrx_word' id='word_1_423' title='bbox 1426 5156 1535 5211; x_wconf 91' lang='lat' dir='ltr'><strong>imo</strong></span> <span class='ocrx_word' id='word_1_424' title='bbox 1573 5171 1679 5210; x_wconf 93' lang='lat' dir='ltr'><strong>non</strong></span> <span class='ocrx_word' id='word_1_425' title='bbox 1711 5170 1924 5227; x_wconf 64' lang='lat' dir='ltr'><strong>poenam</strong></span> <span class='ocrx_word' id='word_1_426' title='bbox 1952 5198 1967 5225; x_wconf 92' lang='lat'><strong>,</strong></span> <span class='ocrx_word' id='word_1_427' title='bbox 2009 5156 2103 5212; x_wconf 91' lang='lat' dir='ltr'><strong>sed</strong></span> 
     </span>
    </p>
   </div>
   <div class='ocr_carea' id='block_1_52' title="bbox 517 5245 2106 5316">
    <p class='ocr_par' dir='ltr' id='par_1_52' title="bbox 517 5245 2106 5316">
     <span class='ocr_line' id='line_1_52' title="bbox 517 5245 2106 5316; baseline 0.004 -20"><span class='ocrx_word' id='word_1_428' title='bbox 517 5245 752 5312; x_wconf 92' lang='lat' dir='ltr'><strong>primum</strong></span> <span class='ocrx_word' id='word_1_429' title='bbox 779 5253 1057 5314; x_wconf 88' lang='lat' dir='ltr'><strong>peccatum</strong></span> <span class='ocrx_word' id='word_1_430' title='bbox 1087 5247 1409 5316; x_wconf 88' lang='lat' dir='ltr'><strong>superbiam.</strong></span> <span class='ocrx_word' id='word_1_431' title='bbox 1438 5247 1675 5301; x_wconf 88' lang='lat' dir='ltr'><strong>Primum</strong></span> <span class='ocrx_word' id='word_1_432' title='bbox 1706 5259 1982 5316; x_wconf 87' lang='lat' dir='ltr'><strong>peccatum</strong></span> <span class='ocrx_word' id='word_1_433' title='bbox 2014 5264 2106 5303; x_wconf 89' lang='lat' dir='ltr'><strong>su-</strong></span> 
     </span>
    </p>
   </div>
   <div class='ocr_carea' id='block_1_53' title="bbox 514 5335 2103 5412">
    <p class='ocr_par' dir='ltr' id='par_1_53' title="bbox 514 5335 2103 5412">
     <span class='ocr_line' id='line_1_53' title="bbox 514 5335 2103 5412; baseline 0.004 -23"><span class='ocrx_word' id='word_1_434' title='bbox 514 5335 700 5403; x_wconf 81' lang='lat' dir='ltr'><strong>perbia</strong></span> <span class='ocrx_word' id='word_1_435' title='bbox 732 5344 851 5390; x_wconf 90' lang='lat' dir='ltr'><strong>est:</strong></span> <span class='ocrx_word' id='word_1_436' title='bbox 882 5335 1063 5391; x_wconf 89' lang='lat' dir='ltr'><strong>ultima</strong></span> <span class='ocrx_word' id='word_1_437' title='bbox 1092 5354 1248 5409; x_wconf 87' lang='lat' dir='ltr'><strong>poena</strong></span> <span class='ocrx_word' id='word_1_438' title='bbox 1278 5349 1362 5392; x_wconf 90' lang='lat' dir='ltr'><strong>est</strong></span> <span class='ocrx_word' id='word_1_439' title='bbox 1388 5339 1525 5410; x_wconf 90' lang='lat' dir='ltr'><strong>ignis</strong></span> <span class='ocrx_word' id='word_1_440' title='bbox 1553 5349 1784 5395; x_wconf 81' lang='lat' dir='ltr'><strong>aeternus</strong></span> <span class='ocrx_word' id='word_1_441' title='bbox 1806 5381 1824 5406; x_wconf 88' lang='lat'><strong>,</strong></span> <span class='ocrx_word' id='word_1_442' title='bbox 1854 5350 1947 5396; x_wconf 89' lang='lat' dir='ltr'><strong>aut</strong></span> <span class='ocrx_word' id='word_1_443' title='bbox 1969 5342 2103 5412; x_wconf 88' lang='lat' dir='ltr'><strong>ignis</strong></span> 
     </span>
    </p>
   </div>
   <div class='ocr_carea' id='block_1_54' title="bbox 512 5426 2102 5506">
    <p class='ocr_par' dir='ltr' id='par_1_54' title="bbox 512 5426 2102 5506">
     <span class='ocr_line' id='line_1_54' title="bbox 512 5426 2102 5506; baseline 0.004 -23"><span class='ocrx_word' id='word_1_444' title='bbox 512 5426 788 5495; x_wconf 86' lang='lat' dir='ltr'><strong>infernus;</strong></span> <span class='ocrx_word' id='word_1_445' title='bbox 816 5429 928 5499; x_wconf 87' lang='lat' dir='ltr'><strong>jam</strong></span> <span class='ocrx_word' id='word_1_446' title='bbox 953 5430 1096 5483; x_wconf 84' lang='lat' dir='ltr'><strong>enim</strong></span> <span class='ocrx_word' id='word_1_447' title='bbox 1124 5430 1509 5487; x_wconf 88' lang='lat' dir='ltr'><strong>damnatorum.</strong></span> <span class='ocrx_word' id='word_1_448' title='bbox 1539 5433 1683 5489; x_wconf 86' lang='lat' dir='ltr'><strong>Inter</strong></span> <span class='ocrx_word' id='word_1_449' title='bbox 1711 5434 1840 5490; x_wconf 92' lang='lat' dir='ltr'><strong>illud</strong></span> <span class='ocrx_word' id='word_1_450' title='bbox 1873 5434 2102 5506; x_wconf 89' lang='lat' dir='ltr'><strong>primum</strong></span> 
     </span>
    </p>
   </div>
   <div class='ocr_carea' id='block_1_55' title="bbox 511 5523 2102 5602">
    <p class='ocr_par' dir='ltr' id='par_1_55' title="bbox 511 5523 2102 5602">
     <span class='ocr_line' id='line_1_55' title="bbox 511 5523 2102 5602; baseline 0.008 -28"><span class='ocrx_word' id='word_1_451' title='bbox 511 5530 787 5589; x_wconf 85' lang='lat' dir='ltr'><strong>peccatum</strong></span> <span class='ocrx_word' id='word_1_452' title='bbox 812 5532 870 5579; x_wconf 90' lang='lat' dir='ltr'><strong>et</strong></span> <span class='ocrx_word' id='word_1_453' title='bbox 898 5523 1038 5580; x_wconf 90' lang='lat' dir='ltr'><strong>hanc</strong></span> <span class='ocrx_word' id='word_1_454' title='bbox 1065 5523 1305 5579; x_wconf 88' lang='lat' dir='ltr'><strong>ultimam</strong></span> <span class='ocrx_word' id='word_1_455' title='bbox 1335 5541 1544 5595; x_wconf 66' lang='lat' dir='ltr'><strong>poenam</strong></span> <span class='ocrx_word' id='word_1_456' title='bbox 1564 5569 1582 5595; x_wconf 91' lang='lat'><strong>,</strong></span> <span class='ocrx_word' id='word_1_457' title='bbox 1605 5529 1779 5586; x_wconf 88' lang='lat' dir='ltr'><strong>media</strong></span> <span class='ocrx_word' id='word_1_458' title='bbox 1803 5547 1922 5602; x_wconf 67' lang='lat' dir='ltr'><strong>quae</strong></span> <span class='ocrx_word' id='word_1_459' title='bbox 1955 5539 2102 5598; x_wconf 89' lang='lat' dir='ltr'><strong>sunt,</strong></span> 
     </span>
    </p>
   </div>
   <div class='ocr_carea' id='block_1_56' title="bbox 510 5619 2103 5696">
    <p class='ocr_par' dir='ltr' id='par_1_56' title="bbox 510 5619 2103 5696">
     <span class='ocr_line' id='line_1_56' title="bbox 510 5619 2103 5696; baseline 0.005 -25"><span class='ocrx_word' id='word_1_460' title='bbox 510 5624 566 5671; x_wconf 92' lang='lat' dir='ltr'><strong>et</strong></span> <span class='ocrx_word' id='word_1_461' title='bbox 590 5628 805 5687; x_wconf 84' lang='lat' dir='ltr'><strong>peccata</strong></span> <span class='ocrx_word' id='word_1_462' title='bbox 842 5629 967 5674; x_wconf 88' lang='lat' dir='ltr'><strong>sunt</strong></span> <span class='ocrx_word' id='word_1_463' title='bbox 990 5628 1045 5675; x_wconf 91' lang='lat' dir='ltr'><strong>et</strong></span> <span class='ocrx_word' id='word_1_464' title='bbox 1074 5635 1263 5690; x_wconf 64' lang='lat' dir='ltr'><strong>pinnas.</strong></span> <span class='ocrx_word' id='word_1_465' title='bbox 1292 5619 1422 5676; x_wconf 88' lang='lat' dir='ltr'><strong>Tam</strong></span> <span class='ocrx_word' id='word_1_466' title='bbox 1448 5623 1613 5677; x_wconf 89' lang='lat' dir='ltr'><strong>multa</strong></span> <span class='ocrx_word' id='word_1_467' title='bbox 1642 5625 1785 5679; x_wconf 89' lang='lat' dir='ltr'><strong>enim</strong></span> <span class='ocrx_word' id='word_1_468' title='bbox 1810 5625 1940 5681; x_wconf 92' lang='lat' dir='ltr'><strong>dicit</strong></span> <span class='ocrx_word' id='word_1_469' title='bbox 1960 5626 2103 5696; x_wconf 59' lang='lat' dir='ltr'><strong>Apo.</strong></span> 
     </span>
    </p>
   </div>
   <div class='ocr_carea' id='block_1_57' title="bbox 509 5707 2101 5785">
    <p class='ocr_par' dir='ltr' id='par_1_57' title="bbox 509 5707 2101 5785">
     <span class='ocr_line' id='line_1_57' title="bbox 509 5707 2101 5785; baseline 0.006 -23"><span class='ocrx_word' id='word_1_470' title='bbox 509 5707 678 5765; x_wconf 85' lang='lat' dir='ltr'><strong>stolus</strong></span> <span class='ocrx_word' id='word_1_471' title='bbox 719 5708 836 5765; x_wconf 90' lang='lat' dir='ltr'><strong>ﬂeri</strong></span> <span class='ocrx_word' id='word_1_472' title='bbox 887 5712 956 5767; x_wconf 85' lang='lat' dir='ltr'><strong>ab</strong></span> <span class='ocrx_word' id='word_1_473' title='bbox 994 5712 1073 5769; x_wconf 89' lang='lat' dir='ltr'><strong>eis</strong></span> <span class='ocrx_word' id='word_1_474' title='bbox 1099 5755 1114 5779; x_wconf 93' lang='lat'><strong>,</strong></span> <span class='ocrx_word' id='word_1_475' title='bbox 1143 5728 1263 5785; x_wconf 72' lang='lat' dir='ltr'><strong>qute</strong></span> <span class='ocrx_word' id='word_1_476' title='bbox 1298 5724 1520 5785; x_wconf 89' lang='lat' dir='ltr'><strong>peccata</strong></span> <span class='ocrx_word' id='word_1_477' title='bbox 1567 5724 1691 5770; x_wconf 91' lang='lat' dir='ltr'><strong>sunt</strong></span> <span class='ocrx_word' id='word_1_478' title='bbox 1728 5715 2101 5781; x_wconf 85' lang='lat' dir='ltr'><strong>detestabilia;</strong></span> 
     </span>
    </p>
   </div>
   <div class='ocr_carea' id='block_1_58' title="bbox 513 5794 2102 5887">
    <p class='ocr_par' dir='ltr' id='par_1_58' title="bbox 513 5794 2102 5887">
     <span class='ocr_line' id='line_1_58' title="bbox 513 5794 2102 5887; baseline 0.009 -35"><span class='ocrx_word' id='word_1_479' title='bbox 513 5803 573 5853; x_wconf 77' lang='lat' dir='ltr'><strong>et</strong></span> <span class='ocrx_word' id='word_1_480' title='bbox 593 5804 775 5857; x_wconf 82' lang='lat' dir='ltr'><strong>tamen</strong></span> <span class='ocrx_word' id='word_1_481' title='bbox 803 5794 993 5872; x_wconf 52' lang='lat' dir='ltr'><strong>pinnas</strong></span> <span class='ocrx_word' id='word_1_482' title='bbox 1018 5819 1110 5862; x_wconf 83' lang='lat' dir='ltr'><strong>eas</strong></span> <span class='ocrx_word' id='word_1_483' title='bbox 1132 5804 1281 5887; x_wconf 85' lang='lat' dir='ltr'><strong>dicit.</strong></span> <span class='ocrx_word' id='word_1_484' title='bbox 1322 5805 1539 5877; x_wconf 79' lang='lat' dir='ltr'><strong>PrOpter</strong></span> <span class='ocrx_word' id='word_1_485' title='bbox 1559 5807 1681 5873; x_wconf 85' lang='lat' dir='ltr'><strong>hoc,</strong></span> <span class='ocrx_word' id='word_1_486' title='bbox 1732 5808 1934 5879; x_wconf 90' lang='lat' dir='ltr'><strong>inquit,</strong></span> <span class='ocrx_word' id='word_1_487' title='bbox 1967 5809 2102 5866; x_wconf 83' lang='lat' dir='ltr'><strong>Deus</strong></span> 
     </span>
    </p>
   </div>
   <div class='ocr_carea' id='block_1_59' title="bbox 575 5930 1677 6000">
    <p class='ocr_par' dir='ltr' id='par_1_59' title="bbox 575 5930 1677 6000">
     <span class='ocr_line' id='line_1_59' title="bbox 575 5930 1677 6000; baseline 0.006 -21"><span class='ocrx_word' id='word_1_488' title='bbox 575 5932 594 6000; x_wconf 66' lang='grc' dir='ltr'><strong>ξ</strong></span> <span class='ocrx_word' id='word_1_489' title='bbox 628 5930 703 6000; x_wconf 79' lang='lat' dir='ltr'><strong>sic</strong></span> <span class='ocrx_word' id='word_1_490' title='bbox 736 5937 844 5981; x_wconf 72' lang='lat' dir='ltr'><strong>ltus.</strong></span> <span class='ocrx_word' id='word_1_491' title='bbox 874 5938 929 5982; x_wconf 74' lang='lat' dir='ltr'><strong>At</strong></span> <span class='ocrx_word' id='word_1_492' title='bbox 949 5934 1013 5984; x_wconf 85' lang='lat' dir='ltr'><strong>ab</strong></span> <span class='ocrx_word' id='word_1_493' title='bbox 1035 5936 1148 5984; x_wconf 81' lang='lat' dir='ltr'><strong>Edd.</strong></span> <span class='ocrx_word' id='word_1_494' title='bbox 1170 5938 1312 6000; x_wconf 80' lang='lat' dir='ltr'><strong>abest</strong></span> <span class='ocrx_word' id='word_1_495' title='bbox 1344 5937 1594 6000; x_wconf 86' lang='lat' dir='ltr'><strong>particula,</strong></span> <span class='ocrx_word' id='word_1_496' title='bbox 1618 5944 1677 5989; x_wconf 82' lang='lat' dir='ltr'><strong>et.</strong></span> 
     </span>
    </p>
   </div>
   <div class='ocr_carea' id='block_1_60' title="bbox 574 5988 1509 6067">
    <p class='ocr_par' dir='ltr' id='par_1_60' title="bbox 574 5988 1509 6067">
     <span class='ocr_line' id='line_1_60' title="bbox 574 5988 1509 6067; baseline 0.005 -23"><span class='ocrx_word' id='word_1_497' title='bbox 574 5988 595 6025; x_wconf 73' lang='grc'><strong>⁸</strong></span> <span class='ocrx_word' id='word_1_498' title='bbox 627 5994 701 6044; x_wconf 71' lang='lat' dir='ltr'><strong>Sic</strong></span> <span class='ocrx_word' id='word_1_499' title='bbox 721 6005 896 6067; x_wconf 81' lang='lat' dir='ltr'><strong>omnes</strong></span> <span class='ocrx_word' id='word_1_500' title='bbox 914 6001 1019 6046; x_wconf 76' lang='lat' dir='ltr'><strong>llas.</strong></span> <span class='ocrx_word' id='word_1_501' title='bbox 1047 6003 1102 6049; x_wconf 82' lang='grc' dir='ltr'><strong>Αι</strong></span> <span class='ocrx_word' id='word_1_502' title='bbox 1118 5998 1252 6059; x_wconf 79' lang='lat' dir='ltr'><strong>Edd.,</strong></span> <span class='ocrx_word' id='word_1_503' title='bbox 1280 6011 1329 6049; x_wconf 83' lang='lat' dir='ltr'><strong>tu</strong></span> <span class='ocrx_word' id='word_1_504' title='bbox 1346 5988 1509 6050; x_wconf 68' lang='lat' dir='ltr'><strong>corde.</strong></span> 
     </span>
    </p>
   </div>
   <div class='ocr_carea' id='block_1_61' title="bbox 1743 464 2552 530">
    <p class='ocr_par' dir='ltr' id='par_1_61' title="bbox 1743 464 2552 530">
     <span class='ocr_line' id='line_1_61' title="bbox 1743 464 2552 530; baseline -0.006 0"><span class='ocrx_word' id='word_1_505' title='bbox 1743 473 1798 530; x_wconf 90' lang='lat' dir='ltr'><strong>S.</strong></span> <span class='ocrx_word' id='word_1_506' title='bbox 1842 464 2209 528; x_wconf 75' lang='lat' dir='ltr'><strong>AUGUSTINI</strong></span> <span class='ocrx_word' id='word_1_507' title='bbox 2249 466 2552 525; x_wconf 85' lang='lat' dir='ltr'><strong>EPISCOPI</strong></span> 
     </span>
    </p>
   </div>
   <div class='ocr_carea' id='block_1_62' title="bbox 3684 480 3792 539">
    <p class='ocr_par' dir='ltr' id='par_1_62' title="bbox 3684 480 3792 539">
     <span class='ocr_line' id='line_1_62' title="bbox 3684 480 3792 539; baseline 0 0"><span class='ocrx_word' id='word_1_508' title='bbox 3684 480 3792 539; x_wconf 81' lang='lat'><strong>688</strong></span> 
     </span>
    </p>
   </div>
   <div class='ocr_carea' id='block_1_63' title="bbox 2207 583 3792 659">
    <p class='ocr_par' dir='ltr' id='par_1_63' title="bbox 2207 583 3792 659">
     <span class='ocr_line' id='line_1_63' title="bbox 2207 583 3792 659; baseline 0.011 -24"><span class='ocrx_word' id='word_1_509' title='bbox 2207 583 2413 637; x_wconf 86' lang='lat' dir='ltr'><strong>tradidit</strong></span> <span class='ocrx_word' id='word_1_510' title='bbox 2442 600 2524 638; x_wconf 91' lang='lat' dir='ltr'><strong>eos</strong></span> <span class='ocrx_word' id='word_1_511' title='bbox 2551 584 2606 638; x_wconf 90' lang='lat' dir='ltr'><strong>in</strong></span> <span class='ocrx_word' id='word_1_512' title='bbox 2634 584 3062 656; x_wconf 88' lang='lat' dir='ltr'><strong>concupiscentias</strong></span> <span class='ocrx_word' id='word_1_513' title='bbox 3088 588 3252 643; x_wconf 82' lang='lat' dir='ltr'><strong>cordis</strong></span> <span class='ocrx_word' id='word_1_514' title='bbox 3280 606 3472 659; x_wconf 88' lang='lat' dir='ltr'><strong>eorum,</strong></span> <span class='ocrx_word' id='word_1_515' title='bbox 3493 592 3547 647; x_wconf 90' lang='lat' dir='ltr'><strong>in</strong></span> <span class='ocrx_word' id='word_1_516' title='bbox 3568 593 3792 652; x_wconf 86' lang='lat' dir='ltr'><strong>immun-</strong></span> 
     </span>
    </p>
   </div>
   <div class='ocr_carea' id='block_1_64' title="bbox 2201 675 3791 760">
    <p class='ocr_par' dir='ltr' id='par_1_64' title="bbox 2201 675 3791 760">
     <span class='ocr_line' id='line_1_64' title="bbox 2201 675 3791 760; baseline 0.011 -31"><span class='ocrx_word' id='word_1_517' title='bbox 2201 675 2377 731; x_wconf 86' lang='lat' dir='ltr'><strong>ditiam</strong></span> <span class='ocrx_word' id='word_1_518' title='bbox 2404 720 2419 747; x_wconf 94' lang='lat'><strong>,</strong></span> <span class='ocrx_word' id='word_1_519' title='bbox 2468 687 2522 733; x_wconf 84' lang='lat' dir='ltr'><strong>ut</strong></span> <span class='ocrx_word' id='word_1_520' title='bbox 2549 680 2739 752; x_wconf 83' lang='lat' dir='ltr'><strong>faciant</strong></span> <span class='ocrx_word' id='word_1_521' title='bbox 2767 696 2881 751; x_wconf 76' lang='lat' dir='ltr'><strong>qua:</strong></span> <span class='ocrx_word' id='word_1_522' title='bbox 2909 698 3008 735; x_wconf 88' lang='lat' dir='ltr'><strong>non</strong></span> <span class='ocrx_word' id='word_1_523' title='bbox 3033 683 3352 739; x_wconf 84' lang='lat' dir='ltr'><strong>conveniunt.</strong></span> <span class='ocrx_word' id='word_1_524' title='bbox 3384 686 3453 741; x_wconf 87' lang='lat' dir='ltr'><strong>Et</strong></span> <span class='ocrx_word' id='word_1_525' title='bbox 3478 704 3547 745; x_wconf 89' lang='lat' dir='ltr'><strong>ne</strong></span> <span class='ocrx_word' id='word_1_526' title='bbox 3574 700 3791 760; x_wconf 84' lang='lat' dir='ltr'><strong>putaret</strong></span> 
     </span>
    </p>
   </div>
   <div class='ocr_carea' id='block_1_65' title="bbox 2201 770 3792 849">
    <p class='ocr_par' dir='ltr' id='par_1_65' title="bbox 2201 770 3792 849">
     <span class='ocr_line' id='line_1_65' title="bbox 2201 770 3792 849; baseline 0.009 -26"><span class='ocrx_word' id='word_1_527' title='bbox 2201 770 2479 841; x_wconf 91' lang='lat' dir='ltr'><strong>quisquam</strong></span> <span class='ocrx_word' id='word_1_528' title='bbox 2510 771 2645 843; x_wconf 90' lang='lat' dir='ltr'><strong>ipsis</strong></span> <span class='ocrx_word' id='word_1_529' title='bbox 2673 772 2847 844; x_wconf 73' lang='lat' dir='ltr'><strong>poenis</strong></span> <span class='ocrx_word' id='word_1_530' title='bbox 2873 781 3078 829; x_wconf 85' lang='lat' dir='ltr'><strong>tantum</strong></span> <span class='ocrx_word' id='word_1_531' title='bbox 3105 790 3163 830; x_wconf 90' lang='lat' dir='ltr'><strong>se</strong></span> <span class='ocrx_word' id='word_1_532' title='bbox 3192 773 3353 848; x_wconf 86' lang='lat' dir='ltr'><strong>afﬂigi</strong></span> <span class='ocrx_word' id='word_1_533' title='bbox 3383 779 3578 849; x_wconf 87' lang='lat' dir='ltr'><strong>quibus</strong></span> <span class='ocrx_word' id='word_1_534' title='bbox 3629 782 3792 838; x_wconf 89' lang='lat' dir='ltr'><strong>modo</strong></span> 
     </span>
    </p>
   </div>
   <div class='ocr_carea' id='block_1_66' title="bbox 2199 862 3788 941">
    <p class='ocr_par' dir='ltr' id='par_1_66' title="bbox 2199 862 3788 941">
     <span class='ocr_line' id='line_1_66' title="bbox 2199 862 3788 941; baseline 0.007 -22"><span class='ocrx_word' id='word_1_535' title='bbox 2199 862 2514 934; x_wconf 89' lang='lat' dir='ltr'><strong>delectatur,</strong></span> <span class='ocrx_word' id='word_1_536' title='bbox 2537 877 2588 922; x_wconf 90' lang='lat' dir='ltr'><strong>et</strong></span> <span class='ocrx_word' id='word_1_537' title='bbox 2617 883 2721 923; x_wconf 92' lang='lat' dir='ltr'><strong>non</strong></span> <span class='ocrx_word' id='word_1_538' title='bbox 2751 869 2959 925; x_wconf 90' lang='lat' dir='ltr'><strong>timeret</strong></span> <span class='ocrx_word' id='word_1_539' title='bbox 2983 870 3125 941; x_wconf 85' lang='lat' dir='ltr'><strong>quod</strong></span> <span class='ocrx_word' id='word_1_540' title='bbox 3153 880 3440 928; x_wconf 87' lang='lat' dir='ltr'><strong>venturum</strong></span> <span class='ocrx_word' id='word_1_541' title='bbox 3462 881 3549 929; x_wconf 87' lang='lat' dir='ltr'><strong>est</strong></span> <span class='ocrx_word' id='word_1_542' title='bbox 3574 873 3628 928; x_wconf 91' lang='lat' dir='ltr'><strong>iu</strong></span> <span class='ocrx_word' id='word_1_543' title='bbox 3656 873 3788 941; x_wconf 83' lang='lat' dir='ltr'><strong>ﬁne,</strong></span> 
     </span>
    </p>
   </div>
   <div class='ocr_carea' id='block_1_67' title="bbox 2200 962 3791 1040">
    <p class='ocr_par' dir='ltr' id='par_1_67' title="bbox 2200 962 3791 1040">
     <span class='ocr_line' id='line_1_67' title="bbox 2200 962 3791 1040; baseline 0.004 -25"><span class='ocrx_word' id='word_1_544' title='bbox 2200 962 2640 1017; x_wconf 78' lang='lat' dir='ltr'><strong>commemoravit</strong></span> <span class='ocrx_word' id='word_1_545' title='bbox 2683 962 2921 1018; x_wconf 90' lang='lat' dir='ltr'><strong>ultimam</strong></span> <span class='ocrx_word' id='word_1_546' title='bbox 2956 980 3172 1034; x_wconf 80' lang='lat' dir='ltr'><strong>pcenam</strong></span> <span class='ocrx_word' id='word_1_547' title='bbox 3203 985 3217 1022; x_wconf 92' lang='lat'><strong>:</strong></span> <span class='ocrx_word' id='word_1_548' title='bbox 3250 965 3348 1034; x_wconf 87' lang='lat' dir='ltr'><strong>Qui</strong></span> <span class='ocrx_word' id='word_1_549' title='bbox 3375 984 3489 1022; x_wconf 89' lang='lat' dir='ltr'><strong>cum</strong></span> <span class='ocrx_word' id='word_1_550' title='bbox 3530 968 3791 1040; x_wconf 84' lang='lat' dir='ltr'><strong>justitiam</strong></span> 
     </span>
    </p>
   </div>
   <div class='ocr_carea' id='block_1_68' title="bbox 2200 1049 3794 1132">
    <p class='ocr_par' dir='ltr' id='par_1_68' title="bbox 2200 1049 3794 1132">
     <span class='ocr_line' id='line_1_68' title="bbox 2200 1049 3794 1132; baseline 0.008 -28"><span class='ocrx_word' id='word_1_551' title='bbox 2200 1049 2299 1105; x_wconf 85' lang='lat' dir='ltr'><strong>Dei</strong></span> <span class='ocrx_word' id='word_1_552' title='bbox 2327 1054 2671 1124; x_wconf 82' lang='lat' dir='ltr'><strong>cognovissent</strong></span> <span class='ocrx_word' id='word_1_553' title='bbox 2697 1096 2710 1117; x_wconf 97' lang='lat'><strong>,</strong></span> <span class='ocrx_word' id='word_1_554' title='bbox 2743 1071 2844 1110; x_wconf 89' lang='lat' dir='ltr'><strong>non</strong></span> <span class='ocrx_word' id='word_1_555' title='bbox 2875 1056 3229 1112; x_wconf 68' lang='lat' dir='ltr'><strong>intellexerunt</strong></span> <span class='ocrx_word' id='word_1_556' title='bbox 3254 1100 3269 1124; x_wconf 97' lang='lat'><strong>,</strong></span> <span class='ocrx_word' id='word_1_557' title='bbox 3306 1058 3516 1130; x_wconf 89' lang='lat' dir='ltr'><strong>inquit,</strong></span> <span class='ocrx_word' id='word_1_558' title='bbox 3548 1062 3794 1132; x_wconf 86' lang='lat' dir='ltr'><strong>quoniam</strong></span> 
     </span>
    </p>
   </div>
   <div class='ocr_carea' id='block_1_69' title="bbox 2197 1137 3790 1225">
    <p class='ocr_par' dir='ltr' id='par_1_69' title="bbox 2197 1137 3790 1225">
     <span class='ocr_line' id='line_1_69' title="bbox 2197 1137 3790 1225; baseline 0.004 -26"><span class='ocrx_word' id='word_1_559' title='bbox 2197 1147 2283 1216; x_wconf 87' lang='lat' dir='ltr'><strong>qui</strong></span> <span class='ocrx_word' id='word_1_560' title='bbox 2312 1163 2370 1201; x_wconf 90' lang='lat' dir='ltr'><strong>ea</strong></span> <span class='ocrx_word' id='word_1_561' title='bbox 2397 1137 2571 1219; x_wconf 87' lang='lat' dir='ltr'><strong>agunt,</strong></span> <span class='ocrx_word' id='word_1_562' title='bbox 2596 1148 2736 1220; x_wconf 80' lang='lat' dir='ltr'><strong>digni</strong></span> <span class='ocrx_word' id='word_1_563' title='bbox 2759 1159 2879 1205; x_wconf 88' lang='lat' dir='ltr'><strong>sunt</strong></span> <span class='ocrx_word' id='word_1_564' title='bbox 2901 1159 3093 1217; x_wconf 90' lang='lat' dir='ltr'><strong>morte;</strong></span> <span class='ocrx_word' id='word_1_565' title='bbox 3130 1168 3231 1206; x_wconf 89' lang='lat' dir='ltr'><strong>non</strong></span> <span class='ocrx_word' id='word_1_566' title='bbox 3259 1153 3423 1207; x_wconf 89' lang='lat' dir='ltr'><strong>solum</strong></span> <span class='ocrx_word' id='word_1_567' title='bbox 3452 1153 3537 1222; x_wconf 87' lang='lat' dir='ltr'><strong>qui</strong></span> <span class='ocrx_word' id='word_1_568' title='bbox 3563 1154 3790 1225; x_wconf 85' lang='lat' dir='ltr'><strong>faciunt,</strong></span> 
     </span>
    </p>
   </div>
   <div class='ocr_carea' id='block_1_70' title="bbox 2199 1238 3795 1319">
    <p class='ocr_par' dir='ltr' id='par_1_70' title="bbox 2199 1238 3795 1319">
     <span class='ocr_line' id='line_1_70' title="bbox 2199 1238 3795 1319; baseline 0.006 -28"><span class='ocrx_word' id='word_1_569' title='bbox 2199 1238 2288 1292; x_wconf 88' lang='lat' dir='ltr'><strong>sed</strong></span> <span class='ocrx_word' id='word_1_570' title='bbox 2312 1240 2464 1293; x_wconf 86' lang='lat' dir='ltr'><strong>etiam</strong></span> <span class='ocrx_word' id='word_1_571' title='bbox 2493 1241 2578 1311; x_wconf 90' lang='lat' dir='ltr'><strong>qui</strong></span> <span class='ocrx_word' id='word_1_572' title='bbox 2606 1243 2917 1297; x_wconf 84' lang='lat' dir='ltr'><strong>consentiunt</strong></span> <span class='ocrx_word' id='word_1_573' title='bbox 2949 1245 3268 1315; x_wconf 83' lang='lat' dir='ltr'><strong>facientibus.</strong></span> <span class='ocrx_word' id='word_1_574' title='bbox 3296 1244 3395 1313; x_wconf 88' lang='lat' dir='ltr'><strong>Qui</strong></span> <span class='ocrx_word' id='word_1_575' title='bbox 3422 1262 3480 1301; x_wconf 86' lang='lat' dir='ltr'><strong>ea</strong></span> <span class='ocrx_word' id='word_1_576' title='bbox 3510 1257 3671 1319; x_wconf 83' lang='lat' dir='ltr'><strong>agunt</strong></span> <span class='ocrx_word' id='word_1_577' title='bbox 3713 1247 3795 1301; x_wconf 87' lang='lat' dir='ltr'><strong>di-</strong></span> 
     </span>
    </p>
   </div>
   <div class='ocr_carea' id='block_1_71' title="bbox 2199 1333 3793 1412">
    <p class='ocr_par' dir='ltr' id='par_1_71' title="bbox 2199 1333 3793 1412">
     <span class='ocr_line' id='line_1_71' title="bbox 2199 1333 3793 1412; baseline 0.007 -26"><span class='ocrx_word' id='word_1_578' title='bbox 2199 1333 2287 1404; x_wconf 87' lang='lat' dir='ltr'><strong>gni</strong></span> <span class='ocrx_word' id='word_1_579' title='bbox 2304 1343 2419 1388; x_wconf 90' lang='lat' dir='ltr'><strong>sunt</strong></span> <span class='ocrx_word' id='word_1_580' title='bbox 2434 1337 2779 1406; x_wconf 81' lang='lat' dir='ltr'><strong>morte:quae?</strong></span> <span class='ocrx_word' id='word_1_581' title='bbox 2796 1337 2924 1405; x_wconf 58' lang='lat' dir='ltr'><strong>Quas</strong></span> <span class='ocrx_word' id='word_1_582' title='bbox 2942 1338 3184 1408; x_wconf 83' lang='lat' dir='ltr'><strong>superius</strong></span> <span class='ocrx_word' id='word_1_583' title='bbox 3203 1342 3529 1395; x_wconf 85' lang='lat' dir='ltr'><strong>enumeravit</strong></span> <span class='ocrx_word' id='word_1_584' title='bbox 3545 1341 3596 1396; x_wconf 89' lang='lat' dir='ltr'><strong>in</strong></span> <span class='ocrx_word' id='word_1_585' title='bbox 3619 1341 3793 1412; x_wconf 68' lang='lat' dir='ltr'><strong>poenis</strong></span> 
     </span>
    </p>
   </div>
   <div class='ocr_carea' id='block_1_72' title="bbox 2201 1428 3794 1504">
    <p class='ocr_par' dir='ltr' id='par_1_72' title="bbox 2201 1428 3794 1504">
     <span class='ocr_line' id='line_1_72' title="bbox 2201 1428 3794 1504; baseline 0.003 -22"><span class='ocrx_word' id='word_1_586' title='bbox 2201 1440 2353 1482; x_wconf 89' lang='lat' dir='ltr'><strong>esse:</strong></span> <span class='ocrx_word' id='word_1_587' title='bbox 2387 1443 2509 1482; x_wconf 89' lang='lat' dir='ltr'><strong>nam</strong></span> <span class='ocrx_word' id='word_1_588' title='bbox 2536 1428 2745 1482; x_wconf 79' lang='lat' dir='ltr'><strong>tradidit</strong></span> <span class='ocrx_word' id='word_1_589' title='bbox 2772 1430 2889 1483; x_wconf 88' lang='lat' dir='ltr'><strong>illos</strong></span> <span class='ocrx_word' id='word_1_590' title='bbox 2923 1428 3058 1484; x_wconf 88' lang='lat' dir='ltr'><strong>Deus</strong></span> <span class='ocrx_word' id='word_1_591' title='bbox 3083 1473 3096 1493; x_wconf 89' lang='lat'><strong>,</strong></span> <span class='ocrx_word' id='word_1_592' title='bbox 3125 1429 3261 1485; x_wconf 80' lang='lat' dir='ltr'><strong>dixit</strong></span> <span class='ocrx_word' id='word_1_593' title='bbox 3291 1473 3306 1498; x_wconf 93' lang='lat'><strong>,</strong></span> <span class='ocrx_word' id='word_1_594' title='bbox 3350 1432 3399 1485; x_wconf 89' lang='lat' dir='ltr'><strong>in</strong></span> <span class='ocrx_word' id='word_1_595' title='bbox 3430 1434 3794 1504; x_wconf 84' lang='lat' dir='ltr'><strong>concupiscen-</strong></span> 
     </span>
    </p>
   </div>
   <div class='ocr_carea' id='block_1_73' title="bbox 2201 1519 3795 1594">
    <p class='ocr_par' dir='ltr' id='par_1_73' title="bbox 2201 1519 3795 1594">
     <span class='ocr_line' id='line_1_73' title="bbox 2201 1519 3795 1594; baseline 0.006 -21"><span class='ocrx_word' id='word_1_596' title='bbox 2201 1519 2296 1575; x_wconf 84' lang='lat' dir='ltr'><strong>tias</strong></span> <span class='ocrx_word' id='word_1_597' title='bbox 2321 1521 2488 1574; x_wconf 80' lang='lat' dir='ltr'><strong>cordis</strong></span> <span class='ocrx_word' id='word_1_598' title='bbox 2521 1537 2727 1589; x_wconf 89' lang='lat' dir='ltr'><strong>eorum,</strong></span> <span class='ocrx_word' id='word_1_599' title='bbox 2755 1531 2808 1575; x_wconf 90' lang='lat' dir='ltr'><strong>ut</strong></span> <span class='ocrx_word' id='word_1_600' title='bbox 2838 1524 3027 1594; x_wconf 86' lang='lat' dir='ltr'><strong>faciant</strong></span> <span class='ocrx_word' id='word_1_601' title='bbox 3069 1539 3183 1594; x_wconf 67' lang='lat' dir='ltr'><strong>qua</strong></span> <span class='ocrx_word' id='word_1_602' title='bbox 3220 1540 3322 1579; x_wconf 86' lang='lat' dir='ltr'><strong>non</strong></span> <span class='ocrx_word' id='word_1_603' title='bbox 3367 1527 3687 1580; x_wconf 86' lang='lat' dir='ltr'><strong>conveniunt.</strong></span> <span class='ocrx_word' id='word_1_604' title='bbox 3724 1525 3795 1582; x_wconf 90' lang='lat' dir='ltr'><strong>Ut</strong></span> 
     </span>
    </p>
   </div>
   <div class='ocr_carea' id='block_1_74' title="bbox 2198 1614 3790 1687">
    <p class='ocr_par' dir='ltr' id='par_1_74' title="bbox 2198 1614 3790 1687">
     <span class='ocr_line' id='line_1_74' title="bbox 2198 1614 3790 1687; baseline 0.003 -18"><span class='ocrx_word' id='word_1_605' title='bbox 2198 1614 2408 1670; x_wconf 88' lang='lat' dir='ltr'><strong>adulter</strong></span> <span class='ocrx_word' id='word_1_606' title='bbox 2436 1615 2542 1683; x_wconf 90' lang='lat' dir='ltr'><strong>sit,</strong></span> <span class='ocrx_word' id='word_1_607' title='bbox 2565 1615 2675 1687; x_wconf 88' lang='lat' dir='ltr'><strong>jam</strong></span> <span class='ocrx_word' id='word_1_608' title='bbox 2712 1630 2870 1687; x_wconf 67' lang='lat' dir='ltr'><strong>paena</strong></span> <span class='ocrx_word' id='word_1_609' title='bbox 2913 1626 3030 1683; x_wconf 87' lang='lat' dir='ltr'><strong>est;</strong></span> <span class='ocrx_word' id='word_1_610' title='bbox 3072 1626 3130 1673; x_wconf 93' lang='lat' dir='ltr'><strong>ut</strong></span> <span class='ocrx_word' id='word_1_611' title='bbox 3173 1618 3406 1673; x_wconf 82' lang='lat' dir='ltr'><strong>mendax</strong></span> <span class='ocrx_word' id='word_1_612' title='bbox 3432 1661 3446 1684; x_wconf 94' lang='lat'><strong>,</strong></span> <span class='ocrx_word' id='word_1_613' title='bbox 3475 1630 3535 1675; x_wconf 91' lang='lat' dir='ltr'><strong>ut</strong></span> <span class='ocrx_word' id='word_1_614' title='bbox 3574 1635 3790 1687; x_wconf 88' lang='lat' dir='ltr'><strong>avarus,</strong></span> 
     </span>
    </p>
   </div>
   <div class='ocr_carea' id='block_1_75' title="bbox 2200 1707 3792 1782">
    <p class='ocr_par' dir='ltr' id='par_1_75' title="bbox 2200 1707 3792 1782">
     <span class='ocr_line' id='line_1_75' title="bbox 2200 1707 3792 1782; baseline 0.002 -19"><span class='ocrx_word' id='word_1_615' title='bbox 2200 1717 2258 1764; x_wconf 91' lang='lat' dir='ltr'><strong>ut</strong></span> <span class='ocrx_word' id='word_1_616' title='bbox 2294 1707 2682 1776; x_wconf 83' lang='lat' dir='ltr'><strong>fraudulentus,</strong></span> <span class='ocrx_word' id='word_1_617' title='bbox 2712 1719 2771 1765; x_wconf 91' lang='lat' dir='ltr'><strong>ut</strong></span> <span class='ocrx_word' id='word_1_618' title='bbox 2798 1709 3096 1775; x_wconf 87' lang='lat' dir='ltr'><strong>homicida,</strong></span> <span class='ocrx_word' id='word_1_619' title='bbox 3116 1709 3225 1781; x_wconf 90' lang='lat' dir='ltr'><strong>jam</strong></span> <span class='ocrx_word' id='word_1_620' title='bbox 3256 1726 3429 1782; x_wconf 68' lang='lat' dir='ltr'><strong>paena:</strong></span> <span class='ocrx_word' id='word_1_621' title='bbox 3456 1721 3604 1767; x_wconf 89' lang='lat' dir='ltr'><strong>sunt.</strong></span> <span class='ocrx_word' id='word_1_622' title='bbox 3624 1711 3792 1782; x_wconf 88' lang='lat' dir='ltr'><strong>Cujus</strong></span> 
     </span>
    </p>
   </div>
   <div class='ocr_carea' id='block_1_76' title="bbox 2201 1794 3792 1873">
    <p class='ocr_par' dir='ltr' id='par_1_76' title="bbox 2201 1794 3792 1873">
     <span class='ocr_line' id='line_1_76' title="bbox 2201 1794 3792 1873; baseline 0.002 -16"><span class='ocrx_word' id='word_1_623' title='bbox 2201 1794 2404 1872; x_wconf 84' lang='lat' dir='ltr'><strong>peccati</strong></span> <span class='ocrx_word' id='word_1_624' title='bbox 2434 1802 2650 1873; x_wconf 64' lang='lat' dir='ltr'><strong>poenae?</strong></span> <span class='ocrx_word' id='word_1_625' title='bbox 2695 1802 2895 1857; x_wconf 88' lang='lat' dir='ltr'><strong>Prioris</strong></span> <span class='ocrx_word' id='word_1_626' title='bbox 2935 1804 3218 1873; x_wconf 85' lang='lat' dir='ltr'><strong>apostasiae</strong></span> <span class='ocrx_word' id='word_1_627' title='bbox 3243 1843 3259 1871; x_wconf 89' lang='lat'><strong>,</strong></span> <span class='ocrx_word' id='word_1_628' title='bbox 3301 1802 3442 1859; x_wconf 92' lang='lat' dir='ltr'><strong>illius</strong></span> <span class='ocrx_word' id='word_1_629' title='bbox 3480 1803 3747 1873; x_wconf 75' lang='lat' dir='ltr'><strong>superbia:</strong></span> <span class='ocrx_word' id='word_1_630' title='bbox 3778 1794 3792 1860; x_wconf 73' lang='grc' dir='ltr'><em>ἐ</em></span> 
     </span>
    </p>
   </div>
   <div class='ocr_carea' id='block_1_77' title="bbox 2200 1892 3795 1967">
    <p class='ocr_par' dir='ltr' id='par_1_77' title="bbox 2200 1892 3795 1967">
     <span class='ocr_line' id='line_1_77' title="bbox 2200 1892 3795 1967; baseline 0.001 -19"><span class='ocrx_word' id='word_1_631' title='bbox 2200 1892 2413 1948; x_wconf 85' lang='lat' dir='ltr'><strong>Initium</strong></span> <span class='ocrx_word' id='word_1_632' title='bbox 2464 1896 2656 1966; x_wconf 85' lang='lat' dir='ltr'><strong>peccati</strong></span> <span class='ocrx_word' id='word_1_633' title='bbox 2700 1896 2918 1950; x_wconf 76' lang='lat' dir='ltr'><strong>hominis</strong></span> <span class='ocrx_word' id='word_1_634' title='bbox 2946 1905 3234 1967; x_wconf 88' lang='lat' dir='ltr'><strong>apostatare</strong></span> <span class='ocrx_word' id='word_1_635' title='bbox 3258 1914 3290 1949; x_wconf 92' lang='lat' dir='ltr'><strong>a</strong></span> <span class='ocrx_word' id='word_1_636' title='bbox 3321 1895 3467 1962; x_wconf 86' lang='lat' dir='ltr'><strong>Deo;</strong></span> <span class='ocrx_word' id='word_1_637' title='bbox 3496 1905 3552 1951; x_wconf 90' lang='lat' dir='ltr'><strong>et</strong></span> <span class='ocrx_word' id='word_1_638' title='bbox 3590 1897 3795 1950; x_wconf 87' lang='lat' dir='ltr'><strong>initium</strong></span> 
     </span>
    </p>
   </div>
   <div class='ocr_carea' id='block_1_78' title="bbox 2200 1986 3792 2061">
    <p class='ocr_par' dir='ltr' id='par_1_78' title="bbox 2200 1986 3792 2061">
     <span class='ocr_line' id='line_1_78' title="bbox 2200 1986 3792 2061; baseline 0.003 -22"><span class='ocrx_word' id='word_1_639' title='bbox 2200 1986 2363 2043; x_wconf 87' lang='lat' dir='ltr'><strong>omnis</strong></span> <span class='ocrx_word' id='word_1_640' title='bbox 2378 1987 2569 2059; x_wconf 85' lang='lat' dir='ltr'><strong>peccati</strong></span> <span class='ocrx_word' id='word_1_641' title='bbox 2583 1988 2814 2058; x_wconf 87' lang='lat' dir='ltr'><strong>superbia</strong></span> <span class='ocrx_word' id='word_1_642' title='bbox 2832 1986 3017 2059; x_wconf 86' lang='lat' dir='ltr'><strong>(Eccli.</strong></span> <span class='ocrx_word' id='word_1_643' title='bbox 3042 1989 3598 2061; x_wconf 71' lang='lat' dir='ltr'><strong>x,14,15).Propterea</strong></span> <span class='ocrx_word' id='word_1_644' title='bbox 3616 1990 3792 2060; x_wconf 89' lang='lat' dir='ltr'><strong>ipsum</strong></span> 
     </span>
    </p>
   </div>
   <div class='ocr_carea' id='block_1_79' title="bbox 2200 2079 3795 2152">
    <p class='ocr_par' dir='ltr' id='par_1_79' title="bbox 2200 2079 3795 2152">
     <span class='ocr_line' id='line_1_79' title="bbox 2200 2079 3795 2152; baseline 0.002 -20"><span class='ocrx_word' id='word_1_645' title='bbox 2200 2087 2475 2148; x_wconf 88' lang='lat' dir='ltr'><strong>peccatum</strong></span> <span class='ocrx_word' id='word_1_646' title='bbox 2503 2079 2650 2148; x_wconf 86' lang='lat' dir='ltr'><strong>prius</strong></span> <span class='ocrx_word' id='word_1_647' title='bbox 2677 2079 2839 2133; x_wconf 83' lang='lat' dir='ltr'><strong>dixit:</strong></span> <span class='ocrx_word' id='word_1_648' title='bbox 2869 2079 3095 2146; x_wconf 86' lang='lat' dir='ltr'><strong>Quicum</strong></span> <span class='ocrx_word' id='word_1_649' title='bbox 3123 2081 3464 2152; x_wconf 83' lang='lat' dir='ltr'><strong>cognovissent</strong></span> <span class='ocrx_word' id='word_1_650' title='bbox 3478 2079 3666 2146; x_wconf 88' lang='lat' dir='ltr'><strong>Deum,</strong></span> <span class='ocrx_word' id='word_1_651' title='bbox 3690 2099 3795 2136; x_wconf 86' lang='lat' dir='ltr'><strong>non</strong></span> 
     </span>
    </p>
   </div>
   <div class='ocr_carea' id='block_1_80' title="bbox 2200 2169 3795 2247">
    <p class='ocr_par' dir='ltr' id='par_1_80' title="bbox 2200 2169 3795 2247">
     <span class='ocr_line' id='line_1_80' title="bbox 2200 2169 3795 2247; baseline 0.004 -22"><span class='ocrx_word' id='word_1_652' title='bbox 2200 2180 2255 2225; x_wconf 90' lang='lat' dir='ltr'><strong>ut</strong></span> <span class='ocrx_word' id='word_1_653' title='bbox 2282 2169 2448 2226; x_wconf 88' lang='lat' dir='ltr'><strong>Deum</strong></span> <span class='ocrx_word' id='word_1_654' title='bbox 2477 2172 2887 2245; x_wconf 81' lang='lat' dir='ltr'><strong>gloriﬁcaverunt</strong></span> <span class='ocrx_word' id='word_1_655' title='bbox 2906 2214 2924 2242; x_wconf 90' lang='lat'><strong>,</strong></span> <span class='ocrx_word' id='word_1_656' title='bbox 2952 2185 3041 2229; x_wconf 86' lang='lat' dir='ltr'><strong>aut</strong></span> <span class='ocrx_word' id='word_1_657' title='bbox 3068 2175 3262 2246; x_wconf 85' lang='lat' dir='ltr'><strong>gratias</strong></span> <span class='ocrx_word' id='word_1_658' title='bbox 3286 2185 3493 2247; x_wconf 81' lang='lat' dir='ltr'><strong>egerunt</strong></span> <span class='ocrx_word' id='word_1_659' title='bbox 3513 2193 3535 2245; x_wconf 88' lang='lat'><strong><em>;</em></strong></span> <span class='ocrx_word' id='word_1_660' title='bbox 3554 2177 3645 2232; x_wconf 87' lang='lat' dir='ltr'><strong>sed</strong></span> <span class='ocrx_word' id='word_1_661' title='bbox 3671 2195 3795 2232; x_wconf 81' lang='lat' dir='ltr'><strong>eva-</strong></span> 
     </span>
    </p>
   </div>
   <div class='ocr_carea' id='block_1_81' title="bbox 2201 2266 3798 2338">
    <p class='ocr_par' dir='ltr' id='par_1_81' title="bbox 2201 2266 3798 2338">
     <span class='ocr_line' id='line_1_81' title="bbox 2201 2266 3798 2338; baseline 0.004 -21"><span class='ocrx_word' id='word_1_662' title='bbox 2201 2275 2417 2320; x_wconf 86' lang='lat' dir='ltr'><strong>nuerunt</strong></span> <span class='ocrx_word' id='word_1_663' title='bbox 2447 2267 2500 2319; x_wconf 88' lang='lat' dir='ltr'><strong>in</strong></span> <span class='ocrx_word' id='word_1_664' title='bbox 2529 2266 2919 2338; x_wconf 87' lang='lat' dir='ltr'><strong>cogitationibus</strong></span> <span class='ocrx_word' id='word_1_665' title='bbox 2948 2268 3054 2321; x_wconf 85' lang='lat' dir='ltr'><strong>suis</strong></span> <span class='ocrx_word' id='word_1_666' title='bbox 3074 2309 3088 2333; x_wconf 91' lang='lat'><strong>,</strong></span> <span class='ocrx_word' id='word_1_667' title='bbox 3136 2277 3182 2322; x_wconf 90' lang='lat' dir='ltr'><strong>et</strong></span> <span class='ocrx_word' id='word_1_668' title='bbox 3211 2270 3533 2323; x_wconf 85' lang='lat' dir='ltr'><strong>obscuratum</strong></span> <span class='ocrx_word' id='word_1_669' title='bbox 3563 2280 3632 2324; x_wconf 88' lang='lat' dir='ltr'><strong>est</strong></span> <span class='ocrx_word' id='word_1_670' title='bbox 3670 2270 3798 2324; x_wconf 87' lang='lat' dir='ltr'><strong>insi-</strong></span> 
     </span>
    </p>
   </div>
   <div class='ocr_carea' id='block_1_82' title="bbox 2202 2358 3796 2430">
    <p class='ocr_par' dir='ltr' id='par_1_82' title="bbox 2202 2358 3796 2430">
     <span class='ocr_line' id='line_1_82' title="bbox 2202 2358 3796 2430; baseline 0.004 -19"><span class='ocrx_word' id='word_1_671' title='bbox 2202 2358 2343 2429; x_wconf 84' lang='lat' dir='ltr'><strong>piens</strong></span> <span class='ocrx_word' id='word_1_672' title='bbox 2381 2376 2468 2413; x_wconf 84' lang='lat' dir='ltr'><strong>cor</strong></span> <span class='ocrx_word' id='word_1_673' title='bbox 2496 2359 2825 2415; x_wconf 85' lang='lat' dir='ltr'><strong>eorum..lam</strong></span> <span class='ocrx_word' id='word_1_674' title='bbox 2854 2360 2951 2413; x_wconf 88' lang='lat' dir='ltr'><strong>ista</strong></span> <span class='ocrx_word' id='word_1_675' title='bbox 2975 2375 3132 2430; x_wconf 64' lang='lat' dir='ltr'><strong>paena</strong></span> <span class='ocrx_word' id='word_1_676' title='bbox 3163 2370 3247 2416; x_wconf 90' lang='lat' dir='ltr'><strong>est</strong></span> <span class='ocrx_word' id='word_1_677' title='bbox 3267 2360 3573 2417; x_wconf 80' lang='lat' dir='ltr'><strong>obscuratio</strong></span> <span class='ocrx_word' id='word_1_678' title='bbox 3594 2363 3796 2418; x_wconf 88' lang='lat' dir='ltr'><strong>cordis.</strong></span> 
     </span>
    </p>
   </div>
   <div class='ocr_carea' id='block_1_83' title="bbox 2203 2447 3795 2524">
    <p class='ocr_par' dir='ltr' id='par_1_83' title="bbox 2203 2447 3795 2524">
     <span class='ocr_line' id='line_1_83' title="bbox 2203 2447 3795 2524; baseline 0.004 -21"><span class='ocrx_word' id='word_1_679' title='bbox 2203 2447 2309 2504; x_wconf 87' lang='lat' dir='ltr'><strong>Sed</strong></span> <span class='ocrx_word' id='word_1_680' title='bbox 2350 2448 2490 2505; x_wconf 91' lang='lat' dir='ltr'><strong>unde</strong></span> <span class='ocrx_word' id='word_1_681' title='bbox 2518 2448 2781 2522; x_wconf 80' lang='lat' dir='ltr'><strong>contigit?</strong></span> <span class='ocrx_word' id='word_1_682' title='bbox 2822 2448 3057 2505; x_wconf 84' lang='lat' dir='ltr'><strong>Dicentes</strong></span> <span class='ocrx_word' id='word_1_683' title='bbox 3099 2453 3231 2506; x_wconf 87' lang='lat' dir='ltr'><strong>enim</strong></span> <span class='ocrx_word' id='word_1_684' title='bbox 3278 2470 3332 2508; x_wconf 87' lang='lat' dir='ltr'><strong>se</strong></span> <span class='ocrx_word' id='word_1_685' title='bbox 3370 2470 3476 2508; x_wconf 87' lang='lat' dir='ltr'><strong>esse</strong></span> <span class='ocrx_word' id='word_1_686' title='bbox 3502 2455 3754 2524; x_wconf 82' lang='lat' dir='ltr'><strong>sapientes</strong></span> <span class='ocrx_word' id='word_1_687' title='bbox 3778 2498 3795 2523; x_wconf 90' lang='lat'><strong>,</strong></span> 
     </span>
    </p>
   </div>
   <div class='ocr_carea' id='block_1_84' title="bbox 2203 2542 3803 2616">
    <p class='ocr_par' dir='ltr' id='par_1_84' title="bbox 2203 2542 3803 2616">
     <span class='ocr_line' id='line_1_84' title="bbox 2203 2542 3803 2616; baseline 0.003 -19"><span class='ocrx_word' id='word_1_688' title='bbox 2203 2544 2343 2599; x_wconf 88' lang='lat' dir='ltr'><strong>stulti</strong></span> <span class='ocrx_word' id='word_1_689' title='bbox 2371 2545 2492 2614; x_wconf 82' lang='lat' dir='ltr'><strong>facti</strong></span> <span class='ocrx_word' id='word_1_690' title='bbox 2521 2553 2638 2598; x_wconf 88' lang='lat' dir='ltr'><strong>sunt</strong></span> <span class='ocrx_word' id='word_1_691' title='bbox 2667 2542 2844 2615; x_wconf 85' lang='lat' dir='ltr'><strong>(Rom.</strong></span> <span class='ocrx_word' id='word_1_692' title='bbox 2879 2561 2932 2613; x_wconf 85' lang='lat'><strong>1,</strong></span> <span class='ocrx_word' id='word_1_693' title='bbox 2964 2544 3314 2616; x_wconf 71' lang='lat' dir='ltr'><strong>21-29).Quia</strong></span> <span class='ocrx_word' id='word_1_694' title='bbox 3342 2562 3372 2601; x_wconf 86' lang='lat' dir='ltr'><strong>a</strong></span> <span class='ocrx_word' id='word_1_695' title='bbox 3400 2562 3458 2602; x_wconf 90' lang='lat' dir='ltr'><strong>se</strong></span> <span class='ocrx_word' id='word_1_696' title='bbox 3488 2546 3687 2603; x_wconf 88' lang='lat' dir='ltr'><strong>habere</strong></span> <span class='ocrx_word' id='word_1_697' title='bbox 3716 2547 3803 2603; x_wconf 85' lang='lat' dir='ltr'><strong>di-</strong></span> 
     </span>
    </p>
   </div>
   <div class='ocr_carea' id='block_1_85' title="bbox 2204 2637 3803 2712">
    <p class='ocr_par' dir='ltr' id='par_1_85' title="bbox 2204 2637 3803 2712">
     <span class='ocr_line' id='line_1_85' title="bbox 2204 2637 3803 2712; baseline 0.003 -19"><span class='ocrx_word' id='word_1_698' title='bbox 2204 2638 2398 2694; x_wconf 87' lang='lat' dir='ltr'><strong>cebant</strong></span> <span class='ocrx_word' id='word_1_699' title='bbox 2422 2637 2565 2709; x_wconf 92' lang='lat' dir='ltr'><strong>quod</strong></span> <span class='ocrx_word' id='word_1_700' title='bbox 2596 2652 2626 2692; x_wconf 89' lang='lat' dir='ltr'><strong>a</strong></span> <span class='ocrx_word' id='word_1_701' title='bbox 2657 2637 2767 2694; x_wconf 92' lang='lat' dir='ltr'><strong>Deo</strong></span> <span class='ocrx_word' id='word_1_702' title='bbox 2796 2647 3150 2710; x_wconf 88' lang='lat' dir='ltr'><strong>acceperant;</strong></span> <span class='ocrx_word' id='word_1_703' title='bbox 3175 2648 3265 2695; x_wconf 93' lang='lat' dir='ltr'><strong>aut</strong></span> <span class='ocrx_word' id='word_1_704' title='bbox 3291 2638 3336 2696; x_wconf 89' lang='lat' dir='ltr'><strong>si</strong></span> <span class='ocrx_word' id='word_1_705' title='bbox 3364 2648 3732 2712; x_wconf 87' lang='lat' dir='ltr'><strong>cognoverunt</strong></span> <span class='ocrx_word' id='word_1_706' title='bbox 3768 2657 3803 2698; x_wconf 85' lang='lat' dir='ltr'><strong>a</strong></span> 
     </span>
    </p>
   </div>
   <div class='ocr_carea' id='block_1_86' title="bbox 2204 2731 3793 2805">
    <p class='ocr_par' dir='ltr' id='par_1_86' title="bbox 2204 2731 3793 2805">
     <span class='ocr_line' id='line_1_86' title="bbox 2204 2731 3793 2805; baseline 0.002 -19"><span class='ocrx_word' id='word_1_707' title='bbox 2204 2746 2311 2801; x_wconf 87' lang='lat' dir='ltr'><strong>quo</strong></span> <span class='ocrx_word' id='word_1_708' title='bbox 2351 2737 2715 2801; x_wconf 85' lang='lat' dir='ltr'><strong>acceperunt,</strong></span> <span class='ocrx_word' id='word_1_709' title='bbox 2759 2746 2868 2785; x_wconf 93' lang='lat' dir='ltr'><strong>non</strong></span> <span class='ocrx_word' id='word_1_710' title='bbox 2912 2746 3033 2786; x_wconf 91' lang='lat' dir='ltr'><strong>eum</strong></span> <span class='ocrx_word' id='word_1_711' title='bbox 3068 2731 3505 2803; x_wconf 81' lang='lat' dir='ltr'><strong>glorificaverunt</strong></span> <span class='ocrx_word' id='word_1_712' title='bbox 3529 2748 3559 2787; x_wconf 90' lang='lat' dir='ltr'><strong>a</strong></span> <span class='ocrx_word' id='word_1_713' title='bbox 3587 2748 3694 2805; x_wconf 90' lang='lat' dir='ltr'><strong>quo</strong></span> <span class='ocrx_word' id='word_1_714' title='bbox 3731 2747 3793 2789; x_wconf 86' lang='lat' dir='ltr'><strong>se</strong></span> 
     </span>
    </p>
   </div>
   <div class='ocr_carea' id='block_1_87' title="bbox 2204 2822 3803 2894">
    <p class='ocr_par' dir='ltr' id='par_1_87' title="bbox 2204 2822 3803 2894">
     <span class='ocr_line' id='line_1_87' title="bbox 2204 2822 3803 2894; baseline 0.003 -17"><span class='ocrx_word' id='word_1_715' title='bbox 2204 2824 2477 2893; x_wconf 88' lang='lat' dir='ltr'><strong>accepisse</strong></span> <span class='ocrx_word' id='word_1_716' title='bbox 2517 2831 2887 2894; x_wconf 87' lang='lat' dir='ltr'><strong>cognoverunt</strong></span> <span class='ocrx_word' id='word_1_717' title='bbox 2928 2839 2944 2890; x_wconf 90' lang='lat'><strong>;</strong></span> <span class='ocrx_word' id='word_1_718' title='bbox 2995 2822 3099 2880; x_wconf 91' lang='lat' dir='ltr'><strong>hoc</strong></span> <span class='ocrx_word' id='word_1_719' title='bbox 3143 2834 3224 2880; x_wconf 91' lang='lat' dir='ltr'><strong>est</strong></span> <span class='ocrx_word' id='word_1_720' title='bbox 3247 2852 3269 2892; x_wconf 67' lang='grc' dir='ltr'><em>ς</em></span> <span class='ocrx_word' id='word_1_721' title='bbox 3317 2824 3551 2881; x_wconf 86' lang='lat' dir='ltr'><strong>Dicentes</strong></span> <span class='ocrx_word' id='word_1_722' title='bbox 3598 2843 3652 2881; x_wconf 88' lang='lat' dir='ltr'><strong>se</strong></span> <span class='ocrx_word' id='word_1_723' title='bbox 3690 2843 3803 2882; x_wconf 85' lang='lat' dir='ltr'><strong>esse</strong></span> 
     </span>
    </p>
   </div>
   <div class='ocr_carea' id='block_1_88' title="bbox 2204 2917 3803 2993">
    <p class='ocr_par' dir='ltr' id='par_1_88' title="bbox 2204 2917 3803 2993">
     <span class='ocr_line' id='line_1_88' title="bbox 2204 2917 3803 2993; baseline 0.002 -22"><span class='ocrx_word' id='word_1_724' title='bbox 2204 2918 2474 2989; x_wconf 83' lang='lat' dir='ltr'><strong>sapientes.</strong></span> <span class='ocrx_word' id='word_1_725' title='bbox 2499 2919 2566 2973; x_wconf 86' lang='lat' dir='ltr'><strong>Et</strong></span> <span class='ocrx_word' id='word_1_726' title='bbox 2603 2917 2677 2974; x_wconf 91' lang='lat' dir='ltr'><strong>ibi</strong></span> <span class='ocrx_word' id='word_1_727' title='bbox 2703 2919 2883 2976; x_wconf 89' lang='lat' dir='ltr'><strong>statim</strong></span> <span class='ocrx_word' id='word_1_728' title='bbox 2919 2934 3077 2990; x_wconf 85' lang='lat' dir='ltr'><strong>poena</strong></span> <span class='ocrx_word' id='word_1_729' title='bbox 3104 2928 3286 2976; x_wconf 88' lang='lat' dir='ltr'><strong>secuta</strong></span> <span class='ocrx_word' id='word_1_730' title='bbox 3313 2929 3395 2976; x_wconf 89' lang='lat' dir='ltr'><strong>est</strong></span> <span class='ocrx_word' id='word_1_731' title='bbox 3425 2938 3439 2975; x_wconf 92' lang='lat'><strong>:</strong></span> <span class='ocrx_word' id='word_1_732' title='bbox 3473 2920 3636 2977; x_wconf 87' lang='lat' dir='ltr'><strong>Stutti</strong></span> <span class='ocrx_word' id='word_1_733' title='bbox 3678 2921 3803 2993; x_wconf 81' lang='lat' dir='ltr'><strong>facti</strong></span> 
     </span>
    </p>
   </div>
   <div class='ocr_carea' id='block_1_89' title="bbox 2205 3012 3804 3086">
    <p class='ocr_par' dir='ltr' id='par_1_89' title="bbox 2205 3012 3804 3086">
     <span class='ocr_line' id='line_1_89' title="bbox 2205 3012 3804 3086; baseline 0.001 -18"><span class='ocrx_word' id='word_1_734' title='bbox 2205 3023 2339 3075; x_wconf 88' lang='lat' dir='ltr'><strong>sunt,</strong></span> <span class='ocrx_word' id='word_1_735' title='bbox 2376 3023 2425 3068; x_wconf 91' lang='lat' dir='ltr'><strong>et</strong></span> <span class='ocrx_word' id='word_1_736' title='bbox 2452 3013 2773 3069; x_wconf 87' lang='lat' dir='ltr'><strong>obscuratum</strong></span> <span class='ocrx_word' id='word_1_737' title='bbox 2797 3024 2871 3069; x_wconf 89' lang='lat' dir='ltr'><strong>est</strong></span> <span class='ocrx_word' id='word_1_738' title='bbox 2894 3014 3137 3086; x_wconf 86' lang='lat' dir='ltr'><strong>insipiens</strong></span> <span class='ocrx_word' id='word_1_739' title='bbox 3163 3031 3250 3070; x_wconf 89' lang='lat' dir='ltr'><strong>cor</strong></span> <span class='ocrx_word' id='word_1_740' title='bbox 3272 3030 3463 3070; x_wconf 84' lang='lat' dir='ltr'><strong>eorum.</strong></span> <span class='ocrx_word' id='word_1_741' title='bbox 3492 3012 3731 3069; x_wconf 86' lang='lat' dir='ltr'><strong>Dicentes</strong></span> <span class='ocrx_word' id='word_1_742' title='bbox 3752 3031 3804 3069; x_wconf 82' lang='lat' dir='ltr'><strong>se</strong></span> 
     </span>
    </p>
   </div>
   <div class='ocr_carea' id='block_1_90' title="bbox 2206 3105 3804 3189">
    <p class='ocr_par' dir='ltr' id='par_1_90' title="bbox 2206 3105 3804 3189">
     <span class='ocr_line' id='line_1_90' title="bbox 2206 3105 3804 3189; baseline -0.001 -29"><span class='ocrx_word' id='word_1_743' title='bbox 2206 3122 2313 3161; x_wconf 88' lang='lat' dir='ltr'><strong>esse</strong></span> <span class='ocrx_word' id='word_1_744' title='bbox 2343 3106 2617 3177; x_wconf 89' lang='lat' dir='ltr'><strong>sapientes,</strong></span> <span class='ocrx_word' id='word_1_745' title='bbox 2646 3105 2791 3189; x_wconf 78' lang='lat' dir='ltr'><strong>stulti</strong></span> <span class='ocrx_word' id='word_1_746' title='bbox 2820 3107 2943 3178; x_wconf 87' lang='lat' dir='ltr'><strong>facti</strong></span> <span class='ocrx_word' id='word_1_747' title='bbox 2958 3116 3094 3161; x_wconf 89' lang='lat' dir='ltr'><strong>sunt.</strong></span> <span class='ocrx_word' id='word_1_748' title='bbox 3127 3107 3296 3163; x_wconf 86' lang='lat' dir='ltr'><strong>Parva</strong></span> <span class='ocrx_word' id='word_1_749' title='bbox 3340 3106 3435 3161; x_wconf 85' lang='lat' dir='ltr'><strong>ista</strong></span> <span class='ocrx_word' id='word_1_750' title='bbox 3486 3120 3646 3176; x_wconf 73' lang='lat' dir='ltr'><strong>pmna</strong></span> <span class='ocrx_word' id='word_1_751' title='bbox 3673 3107 3804 3161; x_wconf 82' lang='lat' dir='ltr'><strong>est?</strong></span> 
     </span>
    </p>
   </div>
   <div class='ocr_carea' id='block_1_91' title="bbox 2206 3198 3897 3271">
    <p class='ocr_par' dir='ltr' id='par_1_91' title="bbox 2206 3198 3897 3271">
     <span class='ocr_line' id='line_1_91' title="bbox 2206 3198 3897 3271; baseline 0 -16"><span class='ocrx_word' id='word_1_752' title='bbox 2206 3198 2275 3255; x_wconf 88' lang='lat' dir='ltr'><strong>Ut</strong></span> <span class='ocrx_word' id='word_1_753' title='bbox 2301 3199 2369 3254; x_wconf 92' lang='lat' dir='ltr'><strong>de</strong></span> <span class='ocrx_word' id='word_1_754' title='bbox 2399 3199 2498 3255; x_wconf 90' lang='lat' dir='ltr'><strong>ista</strong></span> <span class='ocrx_word' id='word_1_755' title='bbox 2526 3200 2639 3255; x_wconf 89' lang='lat' dir='ltr'><strong>sola</strong></span> <span class='ocrx_word' id='word_1_756' title='bbox 2670 3200 2955 3271; x_wconf 91' lang='lat' dir='ltr'><strong>loquamur</strong></span> <span class='ocrx_word' id='word_1_757' title='bbox 2987 3242 3002 3267; x_wconf 89' lang='lat'><strong>,</strong></span> <span class='ocrx_word' id='word_1_758' title='bbox 3047 3199 3352 3256; x_wconf 90' lang='lat' dir='ltr'><strong>obscuratio</strong></span> <span class='ocrx_word' id='word_1_759' title='bbox 3375 3200 3553 3255; x_wconf 90' lang='lat' dir='ltr'><strong>cordis</strong></span> <span class='ocrx_word' id='word_1_760' title='bbox 3580 3242 3598 3268; x_wconf 91' lang='lat'><strong>,</strong></span> <span class='ocrx_word' id='word_1_761' title='bbox 3629 3214 3804 3255; x_wconf 64' lang='lat' dir='ltr'><strong>excae-</strong></span> <span class='ocrx_word' id='word_1_762' title='bbox 3880 3213 3897 3221; x_wconf 81' lang='grc'><strong>’</strong></span> 
     </span>
    </p>
   </div>
   <div class='ocr_carea' id='block_1_92' title="bbox 2206 3291 3798 3364">
    <p class='ocr_par' dir='ltr' id='par_1_92' title="bbox 2206 3291 3798 3364">
     <span class='ocr_line' id='line_1_92' title="bbox 2206 3291 3798 3364; baseline -0.002 -16"><span class='ocrx_word' id='word_1_763' title='bbox 2206 3292 2345 3348; x_wconf 92' lang='lat' dir='ltr'><strong>catio</strong></span> <span class='ocrx_word' id='word_1_764' title='bbox 2373 3292 2569 3348; x_wconf 90' lang='lat' dir='ltr'><strong>mentis</strong></span> <span class='ocrx_word' id='word_1_765' title='bbox 2592 3307 2754 3364; x_wconf 87' lang='lat' dir='ltr'><strong>parva</strong></span> <span class='ocrx_word' id='word_1_766' title='bbox 2782 3301 2866 3348; x_wconf 91' lang='lat' dir='ltr'><strong>est</strong></span> <span class='ocrx_word' id='word_1_767' title='bbox 2894 3294 3095 3363; x_wconf 69' lang='lat' dir='ltr'><strong>poena?</strong></span> <span class='ocrx_word' id='word_1_768' title='bbox 3120 3293 3175 3349; x_wconf 89' lang='lat' dir='ltr'><strong>Si</strong></span> <span class='ocrx_word' id='word_1_769' title='bbox 3202 3292 3322 3364; x_wconf 90' lang='lat' dir='ltr'><strong>quis</strong></span> <span class='ocrx_word' id='word_1_770' title='bbox 3358 3293 3553 3347; x_wconf 88' lang='lat' dir='ltr'><strong>furtum</strong></span> <span class='ocrx_word' id='word_1_771' title='bbox 3574 3291 3798 3359; x_wconf 85' lang='lat' dir='ltr'><strong>faciens,</strong></span> 
     </span>
    </p>
   </div>
   <div class='ocr_carea' id='block_1_93' title="bbox 2205 3384 3804 3456">
    <p class='ocr_par' dir='ltr' id='par_1_93' title="bbox 2205 3384 3804 3456">
     <span class='ocr_line' id='line_1_93' title="bbox 2205 3384 3804 3456; baseline -0.001 -16"><span class='ocrx_word' id='word_1_772' title='bbox 2205 3386 2386 3440; x_wconf 86' lang='lat' dir='ltr'><strong>statim</strong></span> <span class='ocrx_word' id='word_1_773' title='bbox 2414 3385 2629 3441; x_wconf 90' lang='lat' dir='ltr'><strong>oculum</strong></span> <span class='ocrx_word' id='word_1_774' title='bbox 2656 3384 2995 3456; x_wconf 88' lang='lat' dir='ltr'><strong>perdidisset,</strong></span> <span class='ocrx_word' id='word_1_775' title='bbox 3022 3399 3209 3440; x_wconf 89' lang='lat' dir='ltr'><strong>omnes</strong></span> <span class='ocrx_word' id='word_1_776' title='bbox 3222 3384 3461 3441; x_wconf 87' lang='lat' dir='ltr'><strong>dicerent</strong></span> <span class='ocrx_word' id='word_1_777' title='bbox 3478 3385 3642 3440; x_wconf 89' lang='lat' dir='ltr'><strong>Deum</strong></span> <span class='ocrx_word' id='word_1_778' title='bbox 3675 3399 3804 3454; x_wconf 74' lang='lat' dir='ltr'><strong>pra:-</strong></span> 
     </span>
    </p>
   </div>
   <div class='ocr_carea' id='block_1_94' title="bbox 2207 3478 3804 3548">
    <p class='ocr_par' dir='ltr' id='par_1_94' title="bbox 2207 3478 3804 3548">
     <span class='ocr_line' id='line_1_94' title="bbox 2207 3478 3804 3548; baseline -0.005 -9"><span class='ocrx_word' id='word_1_779' title='bbox 2207 3493 2413 3540; x_wconf 89' lang='lat' dir='ltr'><strong>sentem</strong></span> <span class='ocrx_word' id='word_1_780' title='bbox 2439 3481 2761 3539; x_wconf 84' lang='lat' dir='ltr'><strong>vindicasse.</strong></span> <span class='ocrx_word' id='word_1_781' title='bbox 2816 3480 3041 3537; x_wconf 89' lang='lat' dir='ltr'><strong>Oculum</strong></span> <span class='ocrx_word' id='word_1_782' title='bbox 3095 3480 3272 3535; x_wconf 89' lang='lat' dir='ltr'><strong>cordis</strong></span> <span class='ocrx_word' id='word_1_783' title='bbox 3308 3479 3506 3546; x_wconf 87' lang='lat' dir='ltr'><strong>amisit,</strong></span> <span class='ocrx_word' id='word_1_784' title='bbox 3539 3488 3595 3533; x_wconf 91' lang='lat' dir='ltr'><strong>et</strong></span> <span class='ocrx_word' id='word_1_785' title='bbox 3626 3478 3675 3532; x_wconf 90' lang='lat' dir='ltr'><strong>ei</strong></span> <span class='ocrx_word' id='word_1_786' title='bbox 3709 3493 3804 3548; x_wconf 87' lang='lat' dir='ltr'><strong>pe-</strong></span> 
     </span>
    </p>
   </div>
   <div class='ocr_carea' id='block_1_95' title="bbox 2206 3571 3803 3649">
    <p class='ocr_par' dir='ltr' id='par_1_95' title="bbox 2206 3571 3803 3649">
     <span class='ocr_line' id='line_1_95' title="bbox 2206 3571 3803 3649; baseline -0.005 -16"><span class='ocrx_word' id='word_1_787' title='bbox 2206 3580 2442 3649; x_wconf 81' lang='lat' dir='ltr'><strong>percisse</strong></span> <span class='ocrx_word' id='word_1_788' title='bbox 2470 3581 2686 3647; x_wconf 85' lang='lat' dir='ltr'><strong>putatur</strong></span> <span class='ocrx_word' id='word_1_789' title='bbox 2713 3574 2883 3629; x_wconf 85' lang='lat' dir='ltr'><strong>Deus!</strong></span> <span class='ocrx_word' id='word_1_790' title='bbox 2919 3573 3064 3629; x_wconf 86' lang='lat' dir='ltr'><strong>Sicut</strong></span> <span class='ocrx_word' id='word_1_791' title='bbox 3094 3588 3210 3627; x_wconf 82' lang='lat' dir='ltr'><strong>cera</strong></span> <span class='ocrx_word' id='word_1_792' title='bbox 3253 3572 3524 3643; x_wconf 86' lang='lat' dir='ltr'><strong>liquefacta</strong></span> <span class='ocrx_word' id='word_1_793' title='bbox 3561 3571 3803 3640; x_wconf 76' lang='lat' dir='ltr'><strong>auferen—</strong></span> 
     </span>
    </p>
   </div>
   <div class='ocr_carea' id='block_1_96' title="bbox 2206 3678 3798 3833">
    <p class='ocr_par' dir='ltr' id='par_1_96' title="bbox 2206 3678 3798 3833">
     <span class='ocr_line' id='line_1_96' title="bbox 2206 3678 3798 3833; baseline -0.006 -15"><span class='ocrx_word' id='word_1_794' title='bbox 2206 3678 2366 3833; x_wconf 49' lang='grc' dir='ltr'><strong>Ἲς).</strong></span> <span class='ocrx_word' id='word_1_795' title='bbox 2411 3758 2758 3833; x_wconf 84' lang='lat' dir='ltr'><strong>Supercecidit</strong></span> <span class='ocrx_word' id='word_1_796' title='bbox 2779 3757 2913 3831; x_wconf 86' lang='lat' dir='ltr'><strong>ignis</strong></span> <span class='ocrx_word' id='word_1_797' title='bbox 2930 3798 2945 3824; x_wconf 97' lang='lat'><strong>,</strong></span> <span class='ocrx_word' id='word_1_798' title='bbox 2978 3765 3025 3812; x_wconf 87' lang='lat' dir='ltr'><strong>et</strong></span> <span class='ocrx_word' id='word_1_799' title='bbox 3044 3772 3146 3811; x_wconf 89' lang='lat' dir='ltr'><strong>non</strong></span> <span class='ocrx_word' id='word_1_800' title='bbox 3170 3755 3403 3811; x_wconf 78' lang='lat' dir='ltr'><strong>viderunt</strong></span> <span class='ocrx_word' id='word_1_801' title='bbox 3430 3755 3611 3811; x_wconf 89' lang='lat' dir='ltr'><strong>solem.</strong></span> <span class='ocrx_word' id='word_1_802' title='bbox 3638 3753 3798 3810; x_wconf 79' lang='lat' dir='ltr'><strong>Vide-</strong></span> 
     </span>
    </p>
   </div>
   <div class='ocr_carea' id='block_1_97' title="bbox 2251 3848 3799 3926">
    <p class='ocr_par' dir='ltr' id='par_1_97' title="bbox 2251 3848 3799 3926">
     <span class='ocr_line' id='line_1_97' title="bbox 2251 3848 3799 3926; baseline -0.006 -15"><span class='ocrx_word' id='word_1_803' title='bbox 2251 3848 2571 3926; x_wconf 83' lang='lat' dir='ltr'><strong>squomodo</strong></span> <span class='ocrx_word' id='word_1_804' title='bbox 2615 3854 2746 3910; x_wconf 91' lang='lat' dir='ltr'><strong>dicit</strong></span> <span class='ocrx_word' id='word_1_805' title='bbox 2791 3852 3077 3924; x_wconf 85' lang='lat' dir='ltr'><strong>quamdam</strong></span> <span class='ocrx_word' id='word_1_806' title='bbox 3124 3865 3337 3920; x_wconf 60' lang='lat' dir='ltr'><strong>poenam</strong></span> <span class='ocrx_word' id='word_1_807' title='bbox 3387 3848 3799 3906; x_wconf 89' lang='lat' dir='ltr'><strong>obscurationis.</strong></span> 
     </span>
    </p>
   </div>
   <div class='ocr_carea' id='block_1_98' title="bbox 2174 3940 3799 4019">
    <p class='ocr_par' dir='ltr' id='par_1_98' title="bbox 2174 3940 3799 4019">
     <span class='ocr_line' id='line_1_98' title="bbox 2174 3940 3799 4019; baseline -0.003 -18"><span class='ocrx_word' id='word_1_808' title='bbox 2174 3940 2354 4019; x_wconf 58' lang='lat' dir='ltr'><strong>.I’Ignis</strong></span> <span class='ocrx_word' id='word_1_809' title='bbox 2402 3945 2729 4019; x_wconf 88' lang='lat' dir='ltr'><strong>supercecidit</strong></span> <span class='ocrx_word' id='word_1_810' title='bbox 2757 3960 2775 3999; x_wconf 91' lang='lat'><strong><em>:</em></strong></span> <span class='ocrx_word' id='word_1_811' title='bbox 2799 3944 2935 4016; x_wconf 87' lang='lat' dir='ltr'><strong>ignis</strong></span> <span class='ocrx_word' id='word_1_812' title='bbox 2983 3942 3249 4013; x_wconf 84' lang='lat' dir='ltr'><strong>superbiae</strong></span> <span class='ocrx_word' id='word_1_813' title='bbox 3270 3983 3289 4009; x_wconf 92' lang='lat'><strong>,</strong></span> <span class='ocrx_word' id='word_1_814' title='bbox 3333 3940 3470 4019; x_wconf 86' lang='lat' dir='ltr'><strong>ignis</strong></span> <span class='ocrx_word' id='word_1_815' title='bbox 3517 3940 3762 3996; x_wconf 84' lang='lat' dir='ltr'><strong>fumosus</strong></span> <span class='ocrx_word' id='word_1_816' title='bbox 3785 3981 3799 4005; x_wconf 87' lang='lat'><strong>,</strong></span> 
     </span>
    </p>
   </div>
   <div class='ocr_carea' id='block_1_99' title="bbox 2207 4032 3802 4113">
    <p class='ocr_par' dir='ltr' id='par_1_99' title="bbox 2207 4032 3802 4113">
     <span class='ocr_line' id='line_1_99' title="bbox 2207 4032 3802 4113; baseline -0.008 -16"><span class='ocrx_word' id='word_1_817' title='bbox 2207 4041 2346 4113; x_wconf 88' lang='lat' dir='ltr'><strong>ignis</strong></span> <span class='ocrx_word' id='word_1_818' title='bbox 2368 4037 2847 4110; x_wconf 58' lang='lat' dir='ltr'><strong>concupiscentiae,</strong></span> <span class='ocrx_word' id='word_1_819' title='bbox 2885 4036 3023 4107; x_wconf 91' lang='lat' dir='ltr'><strong>ignis</strong></span> <span class='ocrx_word' id='word_1_820' title='bbox 3050 4032 3363 4113; x_wconf 46' lang='lat' dir='ltr'><strong>iracundum</strong></span> <span class='ocrx_word' id='word_1_821' title='bbox 3391 4034 3633 4101; x_wconf 85' lang='lat' dir='ltr'><strong>Quantus</strong></span> <span class='ocrx_word' id='word_1_822' title='bbox 3660 4032 3802 4104; x_wconf 90' lang='lat' dir='ltr'><strong>ignis</strong></span> 
     </span>
    </p>
   </div>
   <div class='ocr_carea' id='block_1_100' title="bbox 2207 4125 3803 4205">
    <p class='ocr_par' dir='ltr' id='par_1_100' title="bbox 2207 4125 3803 4205">
     <span class='ocr_line' id='line_1_100' title="bbox 2207 4125 3803 4205; baseline -0.008 -11"><span class='ocrx_word' id='word_1_823' title='bbox 2207 4138 2335 4194; x_wconf 83' lang='lat' dir='ltr'><strong>est?</strong></span> <span class='ocrx_word' id='word_1_824' title='bbox 2372 4137 2547 4205; x_wconf 89' lang='lat' dir='ltr'><strong>Super</strong></span> <span class='ocrx_word' id='word_1_825' title='bbox 2573 4148 2734 4205; x_wconf 89' lang='lat' dir='ltr'><strong>quem</strong></span> <span class='ocrx_word' id='word_1_826' title='bbox 2760 4130 3045 4197; x_wconf 89' lang='lat' dir='ltr'><strong>ceciderit,</strong></span> <span class='ocrx_word' id='word_1_827' title='bbox 3079 4144 3187 4184; x_wconf 91' lang='lat' dir='ltr'><strong>non</strong></span> <span class='ocrx_word' id='word_1_828' title='bbox 3215 4125 3419 4184; x_wconf 79' lang='lat' dir='ltr'><strong>videbit</strong></span> <span class='ocrx_word' id='word_1_829' title='bbox 3447 4128 3645 4183; x_wconf 88' lang='lat' dir='ltr'><strong>solem.</strong></span> <span class='ocrx_word' id='word_1_830' title='bbox 3672 4125 3803 4181; x_wconf 79' lang='lat' dir='ltr'><strong>Ideo</strong></span> 
     </span>
    </p>
   </div>
   <div class='ocr_carea' id='block_1_101' title="bbox 2207 4222 3804 4294">
    <p class='ocr_par' dir='ltr' id='par_1_101' title="bbox 2207 4222 3804 4294">
     <span class='ocr_line' id='line_1_101' title="bbox 2207 4222 3804 4294; baseline -0.009 -7"><span class='ocrx_word' id='word_1_831' title='bbox 2207 4232 2408 4286; x_wconf 91' lang='lat' dir='ltr'><strong>dictum</strong></span> <span class='ocrx_word' id='word_1_832' title='bbox 2434 4238 2516 4285; x_wconf 85' lang='lat' dir='ltr'><strong>est</strong></span> <span class='ocrx_word' id='word_1_833' title='bbox 2539 4248 2551 4283; x_wconf 89' lang='lat'><strong>:</strong></span> <span class='ocrx_word' id='word_1_834' title='bbox 2587 4227 2709 4282; x_wconf 86' lang='lat' dir='ltr'><strong>Non</strong></span> <span class='ocrx_word' id='word_1_835' title='bbox 2728 4226 2925 4281; x_wconf 89' lang='lat' dir='ltr'><strong>occidat</strong></span> <span class='ocrx_word' id='word_1_836' title='bbox 2955 4224 3033 4279; x_wconf 88' lang='lat' dir='ltr'><strong>sol</strong></span> <span class='ocrx_word' id='word_1_837' title='bbox 3060 4240 3212 4294; x_wconf 84' lang='lat' dir='ltr'><strong>super</strong></span> <span class='ocrx_word' id='word_1_838' title='bbox 3240 4222 3557 4292; x_wconf 83' lang='lat' dir='ltr'><strong>iracundiam</strong></span> <span class='ocrx_word' id='word_1_839' title='bbox 3585 4229 3804 4275; x_wconf 77' lang='lat' dir='ltr'><strong>vestram</strong></span> 
     </span>
    </p>
   </div>
   <div class='ocr_carea' id='block_1_102' title="bbox 2211 4312 3805 4398">
    <p class='ocr_par' dir='ltr' id='par_1_102' title="bbox 2211 4312 3805 4398">
     <span class='ocr_line' id='line_1_102' title="bbox 2211 4312 3805 4398; baseline -0.009 -18"><span class='ocrx_word' id='word_1_840' title='bbox 2211 4326 2426 4398; x_wconf 76' lang='lat' dir='ltr'><strong>(Ephes.</strong></span> <span class='ocrx_word' id='word_1_841' title='bbox 2455 4339 2529 4392; x_wconf 77' lang='grc' dir='ltr'><strong>ιν,</strong></span> <span class='ocrx_word' id='word_1_842' title='bbox 2573 4321 2691 4392; x_wconf 78' lang='lat'><strong>26).</strong></span> <span class='ocrx_word' id='word_1_843' title='bbox 2723 4320 2893 4391; x_wconf 87' lang='lat' dir='ltr'><strong>Ergo,</strong></span> <span class='ocrx_word' id='word_1_844' title='bbox 2918 4318 3109 4373; x_wconf 81' lang='lat' dir='ltr'><strong>fratres</strong></span> <span class='ocrx_word' id='word_1_845' title='bbox 3127 4358 3143 4383; x_wconf 94' lang='lat'><strong>,</strong></span> <span class='ocrx_word' id='word_1_846' title='bbox 3172 4314 3351 4387; x_wconf 92' lang='lat' dir='ltr'><strong>ignem</strong></span> <span class='ocrx_word' id='word_1_847' title='bbox 3375 4313 3530 4369; x_wconf 80' lang='lat' dir='ltr'><strong>malae</strong></span> <span class='ocrx_word' id='word_1_848' title='bbox 3547 4312 3805 4382; x_wconf 65' lang='lat' dir='ltr'><strong>concupio</strong></span> 
     </span>
    </p>
   </div>
   <div class='ocr_carea' id='block_1_103' title="bbox 2208 4407 3806 4480">
    <p class='ocr_par' dir='ltr' id='par_1_103' title="bbox 2208 4407 3806 4480">
     <span class='ocr_line' id='line_1_103' title="bbox 2208 4407 3806 4480; baseline -0.01 -6"><span class='ocrx_word' id='word_1_849' title='bbox 2208 4417 2426 4474; x_wconf 73' lang='lat' dir='ltr'><strong>scentiae</strong></span> <span class='ocrx_word' id='word_1_850' title='bbox 2454 4417 2639 4470; x_wconf 90' lang='lat' dir='ltr'><strong>timete</strong></span> <span class='ocrx_word' id='word_1_851' title='bbox 2658 4454 2674 4480; x_wconf 97' lang='lat'><strong>,</strong></span> <span class='ocrx_word' id='word_1_852' title='bbox 2704 4412 2747 4467; x_wconf 90' lang='lat' dir='ltr'><strong>si</strong></span> <span class='ocrx_word' id='word_1_853' title='bbox 2779 4428 2888 4467; x_wconf 89' lang='lat' dir='ltr'><strong>non</strong></span> <span class='ocrx_word' id='word_1_854' title='bbox 2916 4409 3076 4465; x_wconf 84' lang='lat' dir='ltr'><strong>vultis</strong></span> <span class='ocrx_word' id='word_1_855' title='bbox 3104 4407 3367 4480; x_wconf 83' lang='lat' dir='ltr'><strong>liqueﬁeri</strong></span> <span class='ocrx_word' id='word_1_856' title='bbox 3395 4407 3534 4463; x_wconf 89' lang='lat' dir='ltr'><strong>sicut</strong></span> <span class='ocrx_word' id='word_1_857' title='bbox 3560 4410 3686 4462; x_wconf 83' lang='lat' dir='ltr'><strong>cera</strong></span> <span class='ocrx_word' id='word_1_858' title='bbox 3705 4445 3721 4470; x_wconf 90' lang='lat'><strong>,</strong></span> <span class='ocrx_word' id='word_1_859' title='bbox 3748 4412 3806 4459; x_wconf 91' lang='lat' dir='ltr'><strong>et</strong></span> 
     </span>
    </p>
   </div>
   <div class='ocr_carea' id='block_1_104' title="bbox 2208 4500 3798 4582">
    <p class='ocr_par' dir='ltr' id='par_1_104' title="bbox 2208 4500 3798 4582">
     <span class='ocr_line' id='line_1_104' title="bbox 2208 4500 3798 4582; baseline -0.011 -15"><span class='ocrx_word' id='word_1_860' title='bbox 2208 4511 2387 4582; x_wconf 89' lang='lat' dir='ltr'><strong>perire</strong></span> <span class='ocrx_word' id='word_1_861' title='bbox 2418 4524 2449 4563; x_wconf 91' lang='lat' dir='ltr'><strong>a</strong></span> <span class='ocrx_word' id='word_1_862' title='bbox 2474 4508 2609 4563; x_wconf 89' lang='lat' dir='ltr'><strong>facie</strong></span> <span class='ocrx_word' id='word_1_863' title='bbox 2640 4507 2755 4562; x_wconf 87' lang='lat' dir='ltr'><strong>Dei.</strong></span> <span class='ocrx_word' id='word_1_864' title='bbox 2779 4503 3095 4576; x_wconf 89' lang='lat' dir='ltr'><strong>Supercadit</strong></span> <span class='ocrx_word' id='word_1_865' title='bbox 3122 4503 3264 4559; x_wconf 82' lang='lat' dir='ltr'><strong>enim</strong></span> <span class='ocrx_word' id='word_1_866' title='bbox 3296 4502 3434 4573; x_wconf 89' lang='lat' dir='ltr'><strong>ignis</strong></span> <span class='ocrx_word' id='word_1_867' title='bbox 3464 4500 3582 4564; x_wconf 89' lang='lat' dir='ltr'><strong>iste,</strong></span> <span class='ocrx_word' id='word_1_868' title='bbox 3615 4508 3669 4552; x_wconf 88' lang='lat' dir='ltr'><strong>et</strong></span> <span class='ocrx_word' id='word_1_869' title='bbox 3700 4510 3798 4551; x_wconf 86' lang='lat' dir='ltr'><strong>so-</strong></span> 
     </span>
    </p>
   </div>
   <div class='ocr_carea' id='block_1_105' title="bbox 2208 4594 3805 4667">
    <p class='ocr_par' dir='ltr' id='par_1_105' title="bbox 2208 4594 3805 4667">
     <span class='ocr_line' id='line_1_105' title="bbox 2208 4594 3805 4667; baseline -0.011 -8"><span class='ocrx_word' id='word_1_870' title='bbox 2208 4603 2311 4661; x_wconf 85' lang='lat' dir='ltr'><strong>lem</strong></span> <span class='ocrx_word' id='word_1_871' title='bbox 2337 4618 2442 4658; x_wconf 91' lang='lat' dir='ltr'><strong>non</strong></span> <span class='ocrx_word' id='word_1_872' title='bbox 2473 4600 2738 4656; x_wconf 89' lang='lat' dir='ltr'><strong>videbitis.</strong></span> <span class='ocrx_word' id='word_1_873' title='bbox 2759 4598 2927 4667; x_wconf 87' lang='lat' dir='ltr'><strong>Quem</strong></span> <span class='ocrx_word' id='word_1_874' title='bbox 2956 4595 3169 4654; x_wconf 78' lang='lat' dir='ltr'><strong>solem?</strong></span> <span class='ocrx_word' id='word_1_875' title='bbox 3195 4594 3311 4651; x_wconf 86' lang='lat' dir='ltr'><strong>Non</strong></span> <span class='ocrx_word' id='word_1_876' title='bbox 3342 4594 3500 4649; x_wconf 90' lang='lat' dir='ltr'><strong>istum</strong></span> <span class='ocrx_word' id='word_1_877' title='bbox 3527 4604 3690 4660; x_wconf 91' lang='lat' dir='ltr'><strong>quem</strong></span> <span class='ocrx_word' id='word_1_878' title='bbox 3723 4599 3805 4642; x_wconf 80' lang='lat' dir='ltr'><strong>te-</strong></span> 
     </span>
    </p>
   </div>
   <div class='ocr_carea' id='block_1_106' title="bbox 2209 4680 3799 4762">
    <p class='ocr_par' dir='ltr' id='par_1_106' title="bbox 2209 4680 3799 4762">
     <span class='ocr_line' id='line_1_106' title="bbox 2209 4680 3799 4762; baseline -0.011 -12"><span class='ocrx_word' id='word_1_879' title='bbox 2209 4710 2329 4750; x_wconf 91' lang='lat' dir='ltr'><strong>cum</strong></span> <span class='ocrx_word' id='word_1_880' title='bbox 2352 4693 2534 4748; x_wconf 91' lang='lat' dir='ltr'><strong>vident</strong></span> <span class='ocrx_word' id='word_1_881' title='bbox 2575 4700 2629 4748; x_wconf 88' lang='lat' dir='ltr'><strong>et</strong></span> <span class='ocrx_word' id='word_1_882' title='bbox 2662 4706 2855 4762; x_wconf 88' lang='lat' dir='ltr'><strong>pecora</strong></span> <span class='ocrx_word' id='word_1_883' title='bbox 2876 4731 2890 4755; x_wconf 92' lang='lat'><strong>,</strong></span> <span class='ocrx_word' id='word_1_884' title='bbox 2922 4700 2978 4745; x_wconf 90' lang='lat' dir='ltr'><strong>et</strong></span> <span class='ocrx_word' id='word_1_885' title='bbox 3009 4702 3205 4742; x_wconf 61' lang='lat' dir='ltr'><strong>ntuscae</strong></span> <span class='ocrx_word' id='word_1_886' title='bbox 3227 4725 3244 4750; x_wconf 93' lang='lat'><strong>,</strong></span> <span class='ocrx_word' id='word_1_887' title='bbox 3298 4691 3355 4737; x_wconf 90' lang='lat' dir='ltr'><strong>et</strong></span> <span class='ocrx_word' id='word_1_888' title='bbox 3379 4680 3507 4735; x_wconf 88' lang='lat' dir='ltr'><strong>boni</strong></span> <span class='ocrx_word' id='word_1_889' title='bbox 3536 4689 3591 4736; x_wconf 92' lang='lat' dir='ltr'><strong>et</strong></span> <span class='ocrx_word' id='word_1_890' title='bbox 3632 4680 3799 4744; x_wconf 90' lang='lat' dir='ltr'><strong>mali;</strong></span> 
     </span>
    </p>
   </div>
   <div class='ocr_carea' id='block_1_107' title="bbox 2208 4772 3804 4858">
    <p class='ocr_par' dir='ltr' id='par_1_107' title="bbox 2208 4772 3804 4858">
     <span class='ocr_line' id='line_1_107' title="bbox 2208 4772 3804 4858; baseline -0.008 -17"><span class='ocrx_word' id='word_1_891' title='bbox 2208 4788 2330 4858; x_wconf 87' lang='lat' dir='ltr'><strong>quia</strong></span> <span class='ocrx_word' id='word_1_892' title='bbox 2376 4784 2501 4841; x_wconf 89' lang='lat' dir='ltr'><strong>facit</strong></span> <span class='ocrx_word' id='word_1_893' title='bbox 2545 4784 2711 4838; x_wconf 90' lang='lat' dir='ltr'><strong>solem</strong></span> <span class='ocrx_word' id='word_1_894' title='bbox 2754 4794 2908 4836; x_wconf 92' lang='lat' dir='ltr'><strong>suum</strong></span> <span class='ocrx_word' id='word_1_895' title='bbox 2956 4776 3087 4833; x_wconf 89' lang='lat' dir='ltr'><strong>oriri</strong></span> <span class='ocrx_word' id='word_1_896' title='bbox 3120 4790 3280 4848; x_wconf 89' lang='lat' dir='ltr'><strong>super</strong></span> <span class='ocrx_word' id='word_1_897' title='bbox 3321 4774 3490 4830; x_wconf 91' lang='lat' dir='ltr'><strong>bonos</strong></span> <span class='ocrx_word' id='word_1_898' title='bbox 3534 4782 3588 4828; x_wconf 90' lang='lat' dir='ltr'><strong>et</strong></span> <span class='ocrx_word' id='word_1_899' title='bbox 3626 4772 3804 4828; x_wconf 86' lang='lat' dir='ltr'><strong>malos</strong></span> 
     </span>
    </p>
   </div>
   <div class='ocr_carea' id='block_1_108' title="bbox 2214 4866 3807 4953">
    <p class='ocr_par' dir='ltr' id='par_1_108' title="bbox 2214 4866 3807 4953">
     <span class='ocr_line' id='line_1_108' title="bbox 2214 4866 3807 4953; baseline -0.013 -16"><span class='ocrx_word' id='word_1_900' title='bbox 2214 4881 2423 4953; x_wconf 81' lang='lat' dir='ltr'><strong>(Matth.</strong></span> <span class='ocrx_word' id='word_1_901' title='bbox 2456 4895 2510 4945; x_wconf 89' lang='lat' dir='ltr'><strong>v,</strong></span> <span class='ocrx_word' id='word_1_902' title='bbox 2538 4878 2653 4949; x_wconf 76' lang='grc'><strong>45).</strong></span> <span class='ocrx_word' id='word_1_903' title='bbox 2681 4875 2784 4931; x_wconf 91' lang='lat' dir='ltr'><strong>Sed</strong></span> <span class='ocrx_word' id='word_1_904' title='bbox 2813 4883 2895 4929; x_wconf 91' lang='lat' dir='ltr'><strong>est</strong></span> <span class='ocrx_word' id='word_1_905' title='bbox 2924 4872 3064 4928; x_wconf 85' lang='lat' dir='ltr'><strong>alius</strong></span> <span class='ocrx_word' id='word_1_906' title='bbox 3089 4870 3192 4936; x_wconf 89' lang='lat' dir='ltr'><strong>sol,</strong></span> <span class='ocrx_word' id='word_1_907' title='bbox 3224 4868 3293 4925; x_wconf 89' lang='lat' dir='ltr'><strong>de</strong></span> <span class='ocrx_word' id='word_1_908' title='bbox 3319 4883 3425 4939; x_wconf 91' lang='lat' dir='ltr'><strong>quo</strong></span> <span class='ocrx_word' id='word_1_909' title='bbox 3454 4866 3651 4922; x_wconf 92' lang='lat' dir='ltr'><strong>dicturi</strong></span> <span class='ocrx_word' id='word_1_910' title='bbox 3676 4874 3807 4921; x_wconf 86' lang='lat' dir='ltr'><strong>sunt</strong></span> 
     </span>
    </p>
   </div>
   <div class='ocr_carea' id='block_1_109' title="bbox 2210 4958 3809 5041">
    <p class='ocr_par' dir='ltr' id='par_1_109' title="bbox 2210 4958 3809 5041">
     <span class='ocr_line' id='line_1_109' title="bbox 2210 4958 3809 5041; baseline -0.011 -12"><span class='ocrx_word' id='word_1_911' title='bbox 2210 4975 2316 5041; x_wconf 90' lang='lat' dir='ltr'><strong>illi,</strong></span> <span class='ocrx_word' id='word_1_912' title='bbox 2348 4972 2409 5027; x_wconf 85' lang='lat' dir='ltr'><strong>Et</strong></span> <span class='ocrx_word' id='word_1_913' title='bbox 2434 4969 2514 5026; x_wconf 87' lang='lat' dir='ltr'><strong>sol</strong></span> <span class='ocrx_word' id='word_1_914' title='bbox 2554 4987 2656 5024; x_wconf 90' lang='lat' dir='ltr'><strong>non</strong></span> <span class='ocrx_word' id='word_1_915' title='bbox 2681 4978 2819 5022; x_wconf 88' lang='lat' dir='ltr'><strong>ortus</strong></span> <span class='ocrx_word' id='word_1_916' title='bbox 2848 4975 2919 5022; x_wconf 89' lang='lat' dir='ltr'><strong>est</strong></span> <span class='ocrx_word' id='word_1_917' title='bbox 2955 4964 3134 5030; x_wconf 88' lang='lat' dir='ltr'><strong>nobis;</strong></span> <span class='ocrx_word' id='word_1_918' title='bbox 3176 4962 3482 5017; x_wconf 84' lang='lat' dir='ltr'><strong>transierunt</strong></span> <span class='ocrx_word' id='word_1_919' title='bbox 3510 4959 3683 5013; x_wconf 85' lang='lat' dir='ltr'><strong>omnia</strong></span> <span class='ocrx_word' id='word_1_920' title='bbox 3713 4958 3809 5013; x_wconf 79' lang='lat' dir='ltr'><strong>illa</strong></span> 
     </span>
    </p>
   </div>
   <div class='ocr_carea' id='block_1_110' title="bbox 2210 5053 3811 5135">
    <p class='ocr_par' dir='ltr' id='par_1_110' title="bbox 2210 5053 3811 5135">
     <span class='ocr_line' id='line_1_110' title="bbox 2210 5053 3811 5135; baseline -0.01 -16"><span class='ocrx_word' id='word_1_921' title='bbox 2210 5074 2446 5135; x_wconf 88' lang='lat' dir='ltr'><strong>tanquam</strong></span> <span class='ocrx_word' id='word_1_922' title='bbox 2473 5062 2671 5116; x_wconf 88' lang='lat' dir='ltr'><strong>umbra.</strong></span> <span class='ocrx_word' id='word_1_923' title='bbox 2703 5058 2844 5130; x_wconf 89' lang='lat' dir='ltr'><strong>Ergo</strong></span> <span class='ocrx_word' id='word_1_924' title='bbox 2874 5057 3149 5112; x_wconf 77' lang='lat' dir='ltr'><strong>movimus</strong></span> <span class='ocrx_word' id='word_1_925' title='bbox 3176 5070 3209 5108; x_wconf 90' lang='lat' dir='ltr'><strong>a</strong></span> <span class='ocrx_word' id='word_1_926' title='bbox 3240 5054 3323 5109; x_wconf 85' lang='lat' dir='ltr'><strong>via</strong></span> <span class='ocrx_word' id='word_1_927' title='bbox 3352 5053 3572 5107; x_wconf 83' lang='lat' dir='ltr'><strong>ueritatis</strong></span> <span class='ocrx_word' id='word_1_928' title='bbox 3596 5094 3612 5117; x_wconf 89' lang='lat'><strong>,</strong></span> <span class='ocrx_word' id='word_1_929' title='bbox 3645 5059 3694 5106; x_wconf 82' lang='lat' dir='ltr'><strong>et</strong></span> <span class='ocrx_word' id='word_1_930' title='bbox 3709 5053 3811 5123; x_wconf 81' lang='lat' dir='ltr'><strong>ju-</strong></span> 
     </span>
    </p>
   </div>
   <div class='ocr_carea' id='block_1_111' title="bbox 2210 5138 3811 5217">
    <p class='ocr_par' dir='ltr' id='par_1_111' title="bbox 2210 5138 3811 5217">
     <span class='ocr_line' id='line_1_111' title="bbox 2210 5138 3811 5217; baseline -0.011 -3"><span class='ocrx_word' id='word_1_931' title='bbox 2210 5161 2358 5214; x_wconf 71' lang='lat' dir='ltr'><strong>stitia&#39;</strong></span> <span class='ocrx_word' id='word_1_932' title='bbox 2387 5158 2555 5211; x_wconf 88' lang='lat' dir='ltr'><strong>lumen</strong></span> <span class='ocrx_word' id='word_1_933' title='bbox 2583 5172 2682 5208; x_wconf 90' lang='lat' dir='ltr'><strong>non</strong></span> <span class='ocrx_word' id='word_1_934' title='bbox 2711 5152 2839 5206; x_wconf 78' lang='lat' dir='ltr'><strong>luxit</strong></span> <span class='ocrx_word' id='word_1_935' title='bbox 2881 5138 3022 5206; x_wconf 74' lang='lat' dir='ltr'><strong>nobis</strong></span> <span class='ocrx_word' id='word_1_936' title='bbox 3040 5191 3056 5217; x_wconf 94' lang='lat'><strong>,</strong></span> <span class='ocrx_word' id='word_1_937' title='bbox 3088 5158 3135 5205; x_wconf 85' lang='lat' dir='ltr'><strong>et</strong></span> <span class='ocrx_word' id='word_1_938' title='bbox 3158 5147 3236 5204; x_wconf 90' lang='lat' dir='ltr'><strong>sol</strong></span> <span class='ocrx_word' id='word_1_939' title='bbox 3255 5164 3359 5203; x_wconf 89' lang='lat' dir='ltr'><strong>non</strong></span> <span class='ocrx_word' id='word_1_940' title='bbox 3381 5154 3522 5201; x_wconf 87' lang='lat' dir='ltr'><strong>ortus</strong></span> <span class='ocrx_word' id='word_1_941' title='bbox 3546 5152 3621 5198; x_wconf 88' lang='lat' dir='ltr'><strong>est</strong></span> <span class='ocrx_word' id='word_1_942' title='bbox 3659 5143 3811 5198; x_wconf 87' lang='lat' dir='ltr'><strong>nobis</strong></span> 
     </span>
    </p>
   </div>
   <div class='ocr_carea' id='block_1_112' title="bbox 2215 5238 3810 5326">
    <p class='ocr_par' dir='ltr' id='par_1_112' title="bbox 2215 5238 3810 5326">
     <span class='ocr_line' id='line_1_112' title="bbox 2215 5238 3810 5326; baseline -0.011 -18"><span class='ocrx_word' id='word_1_943' title='bbox 2215 5252 2368 5326; x_wconf 90' lang='lat' dir='ltr'><strong>(Sap.</strong></span> <span class='ocrx_word' id='word_1_944' title='bbox 2402 5267 2454 5318; x_wconf 91' lang='lat' dir='ltr'><strong>v,</strong></span> <span class='ocrx_word' id='word_1_945' title='bbox 2483 5250 2620 5319; x_wconf 85' lang='lat'><strong>6,9).</strong></span> <span class='ocrx_word' id='word_1_946' title='bbox 2655 5248 2871 5316; x_wconf 87' lang='lat' dir='ltr'><strong>Quare,</strong></span> <span class='ocrx_word' id='word_1_947' title='bbox 2918 5245 3019 5300; x_wconf 89' lang='lat' dir='ltr'><strong>nisi</strong></span> <span class='ocrx_word' id='word_1_948' title='bbox 3042 5244 3165 5315; x_wconf 88' lang='lat' dir='ltr'><strong>quia</strong></span> <span class='ocrx_word' id='word_1_949' title='bbox 3191 5239 3521 5314; x_wconf 87' lang='lat' dir='ltr'><strong>supercecidit</strong></span> <span class='ocrx_word' id='word_1_950' title='bbox 3545 5238 3715 5309; x_wconf 85' lang='lat' dir='ltr'><strong>ignis,</strong></span> <span class='ocrx_word' id='word_1_951' title='bbox 3758 5247 3810 5292; x_wconf 87' lang='lat' dir='ltr'><strong>et</strong></span> 
     </span>
    </p>
   </div>
   <div class='ocr_carea' id='block_1_113' title="bbox 2213 5329 3807 5407">
    <p class='ocr_par' dir='ltr' id='par_1_113' title="bbox 2213 5329 3807 5407">
     <span class='ocr_line' id='line_1_113' title="bbox 2213 5329 3807 5407; baseline -0.011 -6"><span class='ocrx_word' id='word_1_952' title='bbox 2213 5364 2310 5401; x_wconf 86' lang='lat' dir='ltr'><strong>non</strong></span> <span class='ocrx_word' id='word_1_953' title='bbox 2333 5345 2562 5400; x_wconf 80' lang='lat' dir='ltr'><strong>uiderunt</strong></span> <span class='ocrx_word' id='word_1_954' title='bbox 2599 5341 2798 5397; x_wconf 83' lang='lat' dir='ltr'><strong>solem?</strong></span> <span class='ocrx_word' id='word_1_955' title='bbox 2826 5338 2965 5395; x_wconf 82' lang='lat' dir='ltr'><strong>Vicit</strong></span> <span class='ocrx_word' id='word_1_956' title='bbox 2994 5338 3113 5394; x_wconf 91' lang='lat' dir='ltr'><strong>illos</strong></span> <span class='ocrx_word' id='word_1_957' title='bbox 3135 5333 3566 5407; x_wconf 81' lang='lat' dir='ltr'><strong>concupiscentia</strong></span> <span class='ocrx_word' id='word_1_958' title='bbox 3600 5329 3807 5387; x_wconf 81' lang='lat' dir='ltr'><strong>carnis.</strong></span> 
     </span>
    </p>
   </div>
   <div class='ocr_carea' id='block_1_114' title="bbox 2211 5424 3808 5505">
    <p class='ocr_par' dir='ltr' id='par_1_114' title="bbox 2211 5424 3808 5505">
     <span class='ocr_line' id='line_1_114' title="bbox 2211 5424 3808 5505; baseline -0.014 -11"><span class='ocrx_word' id='word_1_959' title='bbox 2211 5440 2278 5494; x_wconf 84' lang='lat' dir='ltr'><strong>Et</strong></span> <span class='ocrx_word' id='word_1_960' title='bbox 2304 5440 2402 5492; x_wconf 89' lang='lat' dir='ltr'><strong>ista</strong></span> <span class='ocrx_word' id='word_1_961' title='bbox 2428 5432 2856 5505; x_wconf 87' lang='lat' dir='ltr'><strong>concupiscentia</strong></span> <span class='ocrx_word' id='word_1_962' title='bbox 2885 5430 3028 5487; x_wconf 91' lang='lat' dir='ltr'><strong>unde</strong></span> <span class='ocrx_word' id='word_1_963' title='bbox 3044 5430 3230 5486; x_wconf 82' lang='lat' dir='ltr'><strong>venit?</strong></span> <span class='ocrx_word' id='word_1_964' title='bbox 3258 5424 3552 5484; x_wconf 84' lang='lat' dir='ltr'><strong>Attendite.</strong></span> <span class='ocrx_word' id='word_1_965' title='bbox 3584 5424 3662 5479; x_wconf 91' lang='lat' dir='ltr'><strong>De</strong></span> <span class='ocrx_word' id='word_1_966' title='bbox 3696 5433 3808 5477; x_wconf 83' lang='lat' dir='ltr'><strong>tra-</strong></span> 
     </span>
    </p>
   </div>
   <div class='ocr_carea' id='block_1_115' title="bbox 2211 5516 3808 5594">
    <p class='ocr_par' dir='ltr' id='par_1_115' title="bbox 2211 5516 3808 5594">
     <span class='ocr_line' id='line_1_115' title="bbox 2211 5516 3808 5594; baseline -0.011 -9"><span class='ocrx_word' id='word_1_967' title='bbox 2211 5529 2346 5585; x_wconf 88' lang='lat' dir='ltr'><strong>duce</strong></span> <span class='ocrx_word' id='word_1_968' title='bbox 2367 5536 2521 5583; x_wconf 88' lang='lat' dir='ltr'><strong>natus</strong></span> <span class='ocrx_word' id='word_1_969' title='bbox 2562 5541 2623 5583; x_wconf 87' lang='lat' dir='ltr'><strong>es</strong></span> <span class='ocrx_word' id='word_1_970' title='bbox 2650 5540 2771 5581; x_wconf 92' lang='lat' dir='ltr'><strong>cum</strong></span> <span class='ocrx_word' id='word_1_971' title='bbox 2801 5539 2867 5580; x_wconf 89' lang='lat' dir='ltr'><strong>eo</strong></span> <span class='ocrx_word' id='word_1_972' title='bbox 2898 5521 3038 5594; x_wconf 90' lang='lat' dir='ltr'><strong>quod</strong></span> <span class='ocrx_word' id='word_1_973' title='bbox 3073 5522 3256 5578; x_wconf 88' lang='lat' dir='ltr'><strong>vincas</strong></span> <span class='ocrx_word' id='word_1_974' title='bbox 3285 5538 3299 5575; x_wconf 85' lang='lat'><strong>:</strong></span> <span class='ocrx_word' id='word_1_975' title='bbox 3328 5518 3438 5574; x_wconf 89' lang='lat' dir='ltr'><strong>noli</strong></span> <span class='ocrx_word' id='word_1_976' title='bbox 3479 5516 3573 5572; x_wconf 91' lang='lat' dir='ltr'><strong>tibi</strong></span> <span class='ocrx_word' id='word_1_977' title='bbox 3618 5518 3808 5570; x_wconf 83' lang='lat' dir='ltr'><strong>hostes</strong></span> 
     </span>
    </p>
   </div>
   <div class='ocr_carea' id='block_1_116' title="bbox 2212 5607 3809 5688">
    <p class='ocr_par' dir='ltr' id='par_1_116' title="bbox 2212 5607 3809 5688">
     <span class='ocr_line' id='line_1_116' title="bbox 2212 5607 3809 5688; baseline -0.01 -11"><span class='ocrx_word' id='word_1_978' title='bbox 2212 5622 2445 5686; x_wconf 90' lang='lat' dir='ltr'><strong>addere,</strong></span> <span class='ocrx_word' id='word_1_979' title='bbox 2473 5620 2628 5676; x_wconf 90' lang='lat' dir='ltr'><strong>vince</strong></span> <span class='ocrx_word' id='word_1_980' title='bbox 2655 5633 2776 5675; x_wconf 91' lang='lat' dir='ltr'><strong>cum</strong></span> <span class='ocrx_word' id='word_1_981' title='bbox 2809 5632 2914 5688; x_wconf 93' lang='lat' dir='ltr'><strong>quo</strong></span> <span class='ocrx_word' id='word_1_982' title='bbox 2962 5624 3117 5671; x_wconf 88' lang='lat' dir='ltr'><strong>natus</strong></span> <span class='ocrx_word' id='word_1_983' title='bbox 3157 5630 3237 5670; x_wconf 89' lang='lat' dir='ltr'><strong>es.</strong></span> <span class='ocrx_word' id='word_1_984' title='bbox 3281 5612 3362 5669; x_wconf 84' lang='lat' dir='ltr'><strong>Ad</strong></span> <span class='ocrx_word' id='word_1_985' title='bbox 3400 5610 3635 5667; x_wconf 86' lang='lat' dir='ltr'><strong>stadium</strong></span> <span class='ocrx_word' id='word_1_986' title='bbox 3675 5607 3809 5662; x_wconf 66' lang='lat' dir='ltr'><strong>vitae</strong></span> 
     </span>
    </p>
   </div>
   <div class='ocr_carea' id='block_1_117' title="bbox 2211 5702 3805 5785">
    <p class='ocr_par' dir='ltr' id='par_1_117' title="bbox 2211 5702 3805 5785">
     <span class='ocr_line' id='line_1_117' title="bbox 2211 5702 3805 5785; baseline -0.01 -15"><span class='ocrx_word' id='word_1_987' title='bbox 2211 5713 2368 5785; x_wconf 87' lang='lat' dir='ltr'><strong>hujus</strong></span> <span class='ocrx_word' id='word_1_988' title='bbox 2390 5728 2511 5768; x_wconf 92' lang='lat' dir='ltr'><strong>cum</strong></span> <span class='ocrx_word' id='word_1_989' title='bbox 2542 5712 2632 5768; x_wconf 91' lang='lat' dir='ltr'><strong>illo</strong></span> <span class='ocrx_word' id='word_1_990' title='bbox 2661 5710 2875 5776; x_wconf 88' lang='lat' dir='ltr'><strong>venisti,</strong></span> <span class='ocrx_word' id='word_1_991' title='bbox 2900 5706 3231 5780; x_wconf 85' lang='lat' dir='ltr'><strong>congredere</strong></span> <span class='ocrx_word' id='word_1_992' title='bbox 3259 5720 3380 5762; x_wconf 91' lang='lat' dir='ltr'><strong>cum</strong></span> <span class='ocrx_word' id='word_1_993' title='bbox 3407 5719 3475 5761; x_wconf 87' lang='lat' dir='ltr'><strong>eo</strong></span> <span class='ocrx_word' id='word_1_994' title='bbox 3501 5702 3595 5775; x_wconf 91' lang='lat' dir='ltr'><strong>qui</strong></span> <span class='ocrx_word' id='word_1_995' title='bbox 3620 5712 3805 5758; x_wconf 84' lang='lat' dir='ltr'><strong>tecum</strong></span> 
     </span>
    </p>
   </div>
   <div class='ocr_carea' id='block_1_118' title="bbox 2211 5802 3808 5879">
    <p class='ocr_par' dir='ltr' id='par_1_118' title="bbox 2211 5802 3808 5879">
     <span class='ocr_line' id='line_1_118' title="bbox 2211 5802 3808 5879; baseline -0.009 -16"><span class='ocrx_word' id='word_1_996' title='bbox 2211 5806 2489 5879; x_wconf 88' lang='lat' dir='ltr'><strong>processit.</strong></span> <span class='ocrx_word' id='word_1_997' title='bbox 2536 5805 2657 5876; x_wconf 88' lang='lat' dir='ltr'><strong>Ipso</strong></span> <span class='ocrx_word' id='word_1_998' title='bbox 2697 5819 2804 5861; x_wconf 91' lang='lat' dir='ltr'><strong>non</strong></span> <span class='ocrx_word' id='word_1_999' title='bbox 2850 5802 2992 5859; x_wconf 91' lang='lat' dir='ltr'><strong>victo</strong></span> <span class='ocrx_word' id='word_1_1000' title='bbox 3011 5842 3027 5869; x_wconf 91' lang='lat'><strong>,</strong></span> <span class='ocrx_word' id='word_1_1001' title='bbox 3052 5861 3056 5865; x_wconf 62' lang='grc'>,</span> <span class='ocrx_word' id='word_1_1002' title='bbox 3077 5814 3244 5872; x_wconf 86' lang='lat' dir='ltr'><strong>quare</strong></span> <span class='ocrx_word' id='word_1_1003' title='bbox 3271 5804 3808 5877; x_wconf 81' lang='lat' dir='ltr'><strong>provocascatervas</strong></span> 
     </span>
    </p>
   </div>
   <div class='ocr_carea' id='block_1_119' title="bbox 2211 5889 3804 5970">
    <p class='ocr_par' dir='ltr' id='par_1_119' title="bbox 2211 5889 3804 5970">
     <span class='ocr_line' id='line_1_119' title="bbox 2211 5889 3804 5970; baseline -0.008 -15"><span class='ocrx_word' id='word_1_1004' title='bbox 2211 5896 2794 5970; x_wconf 89' lang='lat' dir='ltr'><strong>concupiscentiarum?</strong></span> <span class='ocrx_word' id='word_1_1005' title='bbox 2822 5891 3114 5951; x_wconf 87' lang='lat' dir='ltr'><strong>Delectatio</strong></span> <span class='ocrx_word' id='word_1_1006' title='bbox 3132 5895 3273 5951; x_wconf 90' lang='lat' dir='ltr'><strong>enim</strong></span> <span class='ocrx_word' id='word_1_1007' title='bbox 3300 5889 3551 5961; x_wconf 81' lang='lat' dir='ltr'><strong>carnalis,</strong></span> <span class='ocrx_word' id='word_1_1008' title='bbox 3579 5889 3804 5955; x_wconf 79' lang='lat' dir='ltr'><strong>fratres.</strong></span> 
     </span>
    </p>
   </div>
   <div class='ocr_carea' id='block_1_120' title="bbox 2213 5973 3800 6061">
    <p class='ocr_par' dir='ltr' id='par_1_120' title="bbox 2213 5973 3800 6061">
     <span class='ocr_line' id='line_1_120' title="bbox 2213 5973 3800 6061; baseline -0.009 -11"><span class='ocrx_word' id='word_1_1009' title='bbox 2213 6010 2332 6051; x_wconf 83' lang='lat' dir='ltr'><strong>eum</strong></span> <span class='ocrx_word' id='word_1_1010' title='bbox 2364 5994 2577 6052; x_wconf 88' lang='lat' dir='ltr'><strong>homine</strong></span> <span class='ocrx_word' id='word_1_1011' title='bbox 2604 5991 2856 6049; x_wconf 90' lang='lat' dir='ltr'><strong>nascitur.</strong></span> <span class='ocrx_word' id='word_1_1012' title='bbox 2883 5989 2988 6046; x_wconf 88' lang='lat' dir='ltr'><strong>Sed</strong></span> <span class='ocrx_word' id='word_1_1013' title='bbox 3015 5989 3103 6061; x_wconf 89' lang='lat' dir='ltr'><strong>qui</strong></span> <span class='ocrx_word' id='word_1_1014' title='bbox 3124 5987 3261 6045; x_wconf 88' lang='lat' dir='ltr'><strong>bene</strong></span> <span class='ocrx_word' id='word_1_1015' title='bbox 3287 5983 3562 6051; x_wconf 81' lang='lat' dir='ltr'><strong>eruditur,</strong></span> <span class='ocrx_word' id='word_1_1016' title='bbox 3591 5974 3701 6037; x_wconf 86' lang='lat' dir='ltr'><strong>cito</strong></span> <span class='ocrx_word' id='word_1_1017' title='bbox 3722 5973 3800 6035; x_wconf 43' lang='lat' dir='ltr'><strong>vis</strong></span> 
     </span>
    </p>
   </div>
  </div>
