4038 6470
260 429 358 490 089

261 547 346 601 det
374 546 587 601 hostem
613 558 768 601 suum
789 586 804 613 ,
835 552 891 599 et
915 543 1221 616 aggreditur
1243 549 1300 598 et
1328 542 1589 610 luctatur,
1635 551 1690 596 et
1731 542 1841 596 cito

261 638 419 693 vincit
449 655 463 692 :
489 638 712 692 idoneus
749 646 832 693 est
858 637 1000 692 enim
1028 635 1264 692 nondum
1291 636 1653 692 crescentibus
1671 633 1842 690 hosti-

260 733 375 788 bus.
405 730 512 798 Qui
542 739 720 786 autem
747 731 891 785 illam
931 730 1415 802 ccucupisccntiam
1441 773 1454 796 ,
1485 745 1604 784 cum
1635 744 1736 800 qua
1777 728 1846 784 de

263 823 460 896 peccati
492 823 780 894 propagine
811 833 962 878 natus
987 832 1098 890 est,
1149 823 1443 878 contemnit
1485 823 1702 877 vincere
1725 862 1741 888 ,
1792 831 1848 876 et

261 915 450 971 multas
481 914 658 970 adhuc
683 915 879 970 excitat
917 914 1222 984 exseritque
1251 913 1528 981 libidines,
1561 911 1846 970 difficulter

259 1024 346 1065 eas
375 1015 629 1078 superat,
670 1015 724 1062 et
752 1007 1008 1062 adversus
1028 1022 1086 1062 se
1119 1006 1234 1076 ipse
1280 1005 1516 1072 divisus,
1562 1007 1682 1075 igne
1723 1021 1849 1076 pro-

260 1105 368 1174 prio
395 1111 790 1158 concrematur.
823 1101 897 1156 Ne
938 1101 1115 1172 itaque
1154 1115 1339 1171 speres
1366 1101 1516 1172 quasi
1560 1101 1680 1155 illas
1706 1101 1848 1156 solas

259 1210 443 1266 poenas
466 1193 705 1260 futuras;
733 1202 1028 1266 praesentes
1055 1193 1192 1249 vide.
1222 1192 1575 1265 Supercecidit
1604 1193 1766 1264 ignis,
1799 1202 1846 1246 et

260 1296 356 1333 non
378 1281 616 1333 viderunt
642 1280 816 1334 solem.

322 1373 413 1429 20.
447 1370 718 1447 [verum]
742 1371 1049 1442 Priusquam
1074 1371 1316 1442 producat
1334 1372 1506 1442 spinas
1525 1379 1712 1426 vestras
1724 1370 1848 1423 rha-

258 1482 424 1530 mnus,
441 1476 681 1536 tanquam
701 1465 916 1519 viventes
937 1475 1176 1534 tanquam
1189 1466 1239 1519 in
1251 1465 1328 1518 ira
1341 1465 1580 1519 combibet
1592 1481 1695 1518 eos.
1711 1461 1849 1532 Quid

257 1570 335 1616 est
347 1561 606 1615 rhanmus
621 1560 643 1612 ?
660 1560 943 1629 Spinarum
959 1575 1124 1629 genus
1149 1568 1251 1624 est,
1266 1557 1849 1627 densissimthuzcdam

258 1652 420 1722 spinas
465 1667 588 1708 esse
626 1652 891 1707 dicuntur.
922 1652 1102 1706 Primo
1127 1651 1288 1706 herba
1314 1661 1395 1705 est
1419 1668 1432 1716 ;
1461 1659 1513 1704 et
1537 1665 1658 1704 cum
1686 1649 1850 1704 herba

224 1747 363 1816 Qest,
397 1745 578 1800 mollis
633 1755 686 1799 et
722 1745 941 1816 pulchra
991 1753 1073 1799 est
1104 1761 1118 1797 :
1151 1744 1223 1800 ibi
1275 1754 1398 1800 sunt
1453 1755 1625 1798 tamen
1682 1742 1851 1812 spinae

260 1845 446 1907 postea
493 1851 844 1907 processum.
873 1835 1026 1890 Modo
1046 1852 1176 1907 ergo
1196 1835 1464 1892 delectant
1508 1842 1723 1905 peccata
1743 1875 1757 1899 ,
1798 1843 1850 1890 et

258 1932 400 2000 quasi
431 1945 537 1984 non
567 1939 946 1999 compungunt.
983 1928 1158 1982 llerba
1188 1936 1271 1984 est
1301 1928 1578 1993 rhamnus,
1612 1937 1665 1980 et
1690 1925 1850 1982 modo

261 2031 428 2076 tamen
458 2032 541 2076 est
569 2024 738 2094 spina.
769 2021 1075 2090 Priusquam
1105 2020 1350 2090 producat
1375 2020 1546 2090 spinas
1569 2019 1810 2072 rhamnus
1831 2033 1851 2072 :

258 2119 563 2188 priusquam
611 2117 926 2171 miserarum
969 2115 1382 2170 delectationum
1429 2123 1483 2168 et
1523 2113 1850 2182 voluptatum

257 2210 534 2266 manifesta
564 2217 828 2265 tormenta
861 2208 1169 2280 procedant.
1200 2207 1531 2277 lnterrogent
1557 2221 1616 2261 se
1643 2206 1731 2275 qui
1755 2204 1853 2258 ali-

256 2303 373 2374 quid
402 2311 620 2368 amant,
653 2312 706 2357 et
731 2302 796 2356 ad
825 2302 874 2356 id
906 2302 1185 2372 pervenire
1211 2314 1316 2354 non
1345 2308 1566 2370 possunt
1591 2314 1606 2364 ;
1637 2297 1854 2352 videant

259 2399 295 2452 si
338 2413 443 2451 non
489 2397 795 2452 cruciantur
837 2396 1104 2452 desiderio
1135 2413 1147 2450 :
1181 2404 1382 2450 etcum
1415 2394 1757 2464 pervenerint
1783 2393 1851 2448 ad

259 2489 302 2543 id
333 2489 475 2559 quod
508 2489 690 2544 illicite
720 2489 1063 2552 desiderant,
1092 2487 1371 2542 attendant
1394 2487 1439 2540 si
1470 2502 1575 2541 non
1604 2487 1850 2542 crucian-

259 2591 333 2634 tur
377 2583 589 2636 timore.
624 2580 853 2636 Videant
894 2596 1020 2652 ergo
1051 2579 1138 2635 hic
1169 2593 1354 2650 pmnas
1382 2593 1534 2643 suas,
1561 2588 1848 2649 antequam

256 2673 426 2728 veniat
455 2674 541 2727 illa
571 2673 922 2740 resurrectio,
952 2688 1072 2728 cum
1103 2674 1154 2728 in
1186 2688 1347 2728 carne
1372 2681 1713 2741 resurgentes
1743 2687 1846 2727 non

255 2764 687 2820 immutabuntur.
733 2765 932 2820 Omnes
981 2765 1124 2820 enim
1173 2779 1516 2835 resurgemus
1543 2806 1557 2830 ,
1604 2763 1699 2818 sed
1741 2779 1848 2820 non

254 2875 433 2915 omnes
462 2860 864 2916 immutabimur
891 2861 932 2931 (I
959 2858 1080 2916 Cor.
1105 2876 1192 2923 xv,
1216 2857 1329 2932 5i).
1355 2859 1636 2914 Habebunt
1655 2860 1849 2929 quippe

253 2957 644 3027 corruptionem
682 2956 858 3011 carnis
897 2955 951 3010 in
979 2971 1081 3026 qua
1113 2954 1360 3018 doleant,
1392 2969 1496 3008 nou
1526 2953 1578 3008 in
1607 2968 1706 3023 qua
1734 2949 1846 3008 mo-

253 3048 446 3102 riantur
475 3065 490 3113 ;
520 3048 718 3117 alioqui
749 3056 802 3101 et
833 3046 904 3102 illi
935 3046 1148 3101 dolores
1175 3045 1476 3099 ﬁnirentur.
1506 3044 1653 3098 Tunc
1680 3045 1847 3113 spina:

255 3139 385 3192 illius
406 3138 640 3204 rliamni,
675 3138 725 3192 id
755 3147 856 3200 est,
887 3137 1099 3192 dolores
1124 3152 1310 3191 omnes
1332 3146 1383 3192 et
1409 3136 1846 3206 compunctiones

253 3241 632 3286 tormentorum
685 3232 1062 3302 producentur.
1108 3231 1304 3300 Quales
1348 3231 1528 3300 spinas
1581 3230 1847 3299 patientur

253 3324 318 3378 illi
347 3327 435 3394 qui
465 3325 657 3380 dicturi
689 3335 811 3379 sunt
841 3343 855 3378 :
891 3324 960 3378 Hi
991 3333 1103 3378 sunt
1131 3341 1257 3395 quos
1283 3323 1558 3394 aliquando
1583 3323 1846 3378 habuimus

249 3418 296 3472 in
323 3420 478 3473 risum
508 3419 664 3488 (Sap.
696 3437 726 3471 v
747 3462 761 3482 ,
794 3418 888 3489 5)?
911 3419 1102 3489 Spinas
1133 3419 1554 3488 eompunetiouis
1585 3419 1846 3488 paeniten-

253 3510 330 3565 tia:
348 3554 362 3575 ,
405 3511 499 3566 sed
528 3527 662 3566 sene
691 3522 744 3567 et
774 3512 1114 3566 infructuosm
1137 3552 1153 3575 ,
1182 3512 1318 3565 sicut
1346 3510 1616 3580 spinarum
1644 3509 1842 3564 sterili-

252 3612 342 3658 tas.
391 3602 712 3659 Paenitentia
761 3603 916 3673 hujus
963 3603 1220 3671 temporis
1247 3644 1263 3669 ,
1310 3603 1465 3657 dolor
1509 3602 1842 3658 medicinalis

249 3704 324 3749 est
372 3713 384 3749 :
435 3696 747 3767 paenitentia
796 3696 937 3749 illius
982 3697 1270 3766 temporis,
1299 3694 1453 3750 dolor
1482 3696 1706 3766 poenalis
1737 3705 1838 3751 est.

251 3787 353 3842 Non
389 3790 468 3843 vis
500 3789 615 3843 illas
645 3789 748 3858 pati
776 3788 994 3860 spinas?
1027 3788 1121 3843 Hic
1145 3803 1504 3860 compungcre
1533 3787 1700 3858 spinis
1725 3804 1841 3858 pm-

249 3880 508 3946 nitentizc,
555 3888 614 3934 ut
647 3881 810 3935 facias
855 3880 995 3950 quod
1037 3879 1237 3935 dictum
1269 3890 1351 3935 est
1384 3898 1396 3935 :
1431 3881 1706 3936 Conversus
1732 3897 1843 3936 sum

247 3975 293 4026 in
333 3991 597 4040 aerumna,
645 3991 758 4027 cum
797 3974 1130 4044 conﬁgeretur
1170 3974 1337 4043 spina.
1380 3972 1652 4027 Peccatum
1678 3991 1843 4029 meum

248 4067 482 4136 cOgnovi,
525 4073 570 4120 et
609 4066 920 4130 iniquitatem
965 4082 1128 4119 meam
1157 4083 1256 4119 non
1285 4067 1476 4136 operui.
1512 4065 1632 4119 Dixi
1661 4065 1841 4121 :Pro-

247 4161 479 4214 nuntiabo
523 4160 763 4214 adversus
803 4176 882 4212 me
921 4159 1157 4213 delictum
1195 4177 1358 4214 meum
1392 4159 1608 4214 Domino
1639 4177 1657 4224 ;
1701 4171 1748 4214 et
1787 4169 1841 4215 tu

246 4255 475 4309 remisisti
499 4254 804 4326 impietatem
828 4253 993 4308 cordis
1015 4253 1110 4307 mei
1139 4252 1307 4323 (Psal.
1334 4267 1480 4318 χχιι,
1506 4252 1648 4322 4-6).
1676 4253 1834 4308 Modo

248 4345 323 4401 fac
345 4389 358 4409 ,
407 4346 570 4400 mtido
609 4360 1006 4416 compungere;
1052 4361 1159 4400 non
1195 4345 1247 4399 in
1277 4353 1328 4400 te
1357 4345 1447 4398 fiat
1475 4346 1616 4415 quod
1641 4345 1840 4410 dictum

246 4447 320 4491 est
365 4438 431 4492 de
475 4437 792 4507 quibusdam
833 4437 1270 4504 detestabilibus,
1307 4435 1518 4491 Discissi
1561 4445 1710 4505 sunt,
1752 4455 1841 4494 nec

247 4532 524 4602 compnncti
563 4541 678 4586 sunt
723 4531 892 4603 (Psal.
933 4547 1131 4598 xxxrv,
1165 4531 1274 4600 16).
1309 4530 1582 4585 Attendite
1618 4530 1706 4600 qui
1735 4530 1840 4586 dis-

247 4626 354 4679 cissi
395 4634 543 4687 sunt,
588 4641 676 4678 nec
717 4625 1002 4695 compuncti
1043 4633 1176 4678 sunt.
1222 4623 1423 4678 Videtis
1466 4623 1754 4691 discissos,
1787 4632 1842 4679 et

247 4733 344 4771 non
369 4717 562 4772 videtis
586 4727 953 4787 compunclos.
985 4717 1120 4770 Ecce
1149 4725 1342 4785 praeter
1371 4716 1661 4770 Ecclesium
1692 4725 1836 4784 sunt,

246 4818 298 4864 et
339 4825 443 4864 non
488 4824 583 4864 eos
623 4811 876 4880 panitet,
918 4817 976 4864 ut
1013 4807 1224 4864 rideant
1265 4807 1402 4862 unde
1440 4808 1651 4863 discissi
1693 4818 1836 4864 sunt.

249 4902 505 4959 Producet
535 4915 722 4973 postea
751 4904 931 4972 spinas
957 4918 1141 4958 eorum
1165 4903 1439 4956 rbamnus.
1464 4902 1660 4956 Nolunt
1681 4903 1839 4958 modo

249 4997 439 5054 habere
481 4999 942 5068 compunctionem
963 4997 1331 5052 medicinalem
1357 5011 1372 5062 ;
1400 4996 1667 5050 habebunt
1696 5005 1842 5066 post-

247 5104 303 5142 ca
355 5091 642 5160 poenalem.
678 5089 782 5145 Sed
837 5091 996 5146 etiam
1026 5088 1183 5142 modo
1208 5131 1224 5155 ,
1257 5089 1561 5158 priusquam
1586 5088 1840 5158 producat

247 5180 422 5250 spinas
462 5180 717 5236 rbamnus
739 5223 752 5244 ,
801 5179 1155 5251 supercecidit
1179 5180 1316 5249 ignis
1340 5180 1430 5249 qui
1461 5194 1554 5233 eos
1580 5195 1684 5232 non
1718 5195 1835 5249 per-

249 5273 403 5326 mittit
442 5270 624 5327 videre
668 5272 835 5328 solem
861 5313 876 5338 ,
923 5271 1013 5341 qui
1061 5285 1154 5325 eos
1193 5268 1368 5325 adhuc
1409 5270 1648 5325 viventes
1686 5271 1838 5326 inira

249 5362 336 5418 Dei
362 5363 622 5419 combibit
650 5379 663 5417 :
693 5364 829 5435 ignis
849 5363 1398 5434 concupiscentiarum
1426 5364 1684 5418 malarum
1703 5403 1718 5430 ,
1747 5365 1840 5420 bo-

249 5471 433 5511 norqu
479 5472 764 5523 vanorum,
809 5456 1075 5527 superbia:
1098 5498 1112 5521 ,
1156 5454 1390 5510 avaritia:
1418 5471 1568 5520 suae;
1600 5463 1654 5510 et
1681 5455 1838 5526 quid-

248 5549 368 5618 quid
409 5564 506 5605 eos
532 5551 548 5580 ⁸
590 5549 782 5618 premit
821 5563 889 5603 ne
933 5557 1256 5618 cognoscant
1279 5547 1555 5603 veritatem
1577 5588 1592 5613 ,
1623 5562 1688 5602 ne
1719 5547 1838 5602 victi

249 5641 562 5707 videantur,
609 5658 676 5697 ne
725 5642 972 5712 subjiciat
1019 5642 1140 5697 illos
1177 5642 1260 5696 vel
1303 5641 1414 5711 ipsa
1458 5642 1672 5696 veritas.
1702 5641 1838 5708 Quid

253 5733 386 5787 enim
412 5734 699 5806 gloriosius
719 5777 732 5800 ,
764 5735 972 5801 fratres,
996 5750 1152 5804 quam
1183 5732 1368 5803 subjici
1397 5741 1450 5786 et
1481 5731 1672 5787 vincia
1697 5732 1838 5786 veri-

254 5824 397 5880 tate?
439 5825 666 5896 Superet
711 5835 760 5880 te
802 5827 998 5881 veritas
1039 5825 1341 5890 volentem;
1384 5840 1505 5878 nam
1535 5833 1590 5880 et
1615 5824 1837 5880 invitum

322 5962 340 5992 ι
375 5969 470 6012 Am.
497 5970 551 6014 et
571 5963 737 6028 probae
760 5971 888 6014 notae
911 5971 1036 6025 Mss,
1059 5961 1110 6014 in
1132 5961 1545 6026 quideospremst.

1369 424 1763 484 ENARRATIO
1802 423 1867 483 ΙΝ
1907 423 2229 486 PSALMUM
2269 428 2424 487 LVII.

3441 439 3547 498 690

1954 543 2066 614 ipsa
2089 547 2375 615 superabit.
2409 548 2548 619 Ergo
2572 548 2659 605 ille
2680 551 2813 622 ignis
2842 555 3392 626 concupiscentlarum
3422 570 3539 613 ma-

1953 635 2158 706 larum,
2204 640 2291 709 qui
2323 643 2674 712 supercecidit
2704 653 2759 700 ut
2790 661 2895 701 non
2922 648 3134 704 videant
3162 652 3365 718 solem,
3397 667 3546 708 cotn-
3596 705 3604 717 ,

1952 732 2083 788 bibit
2118 733 2399 789 rbamnum
2425 779 2438 804 ,
2480 737 2783 808 priusquam
2826 740 3078 808 producat
3102 742 3282 812 spinas
3307 759 3492 800 eorum
3526 763 3541 800 :

1954 823 2006 877 id
2035 833 2150 892 est,
2183 827 2414 882 occultat
2441 843 2623 883 eorum
2654 831 2848 885 malam
2879 833 3038 887 vitam
3064 876 3078 900 ,
3110 835 3415 907 priusquam
3446 852 3546 908 pa-

1953 917 2056 972 riat
2094 920 2278 976 eadem
2318 923 2422 977 vita
2468 924 2775 981 manifestos
2817 927 2869 981 in
2901 927 3004 982 fine
3031 930 3295 985 cruciatus
3323 948 3338 998 ;
3367 931 3461 987 sed
3492 933 3546 988 in

1955 1008 2032 1063 ira
2058 1009 2150 1066 Dei
2183 1015 2414 1068 occultat
2443 1016 2723 1071 rliamnum
2754 1019 2890 1089 ignis
2921 1019 3037 1074 iste.
3069 1019 3184 1075 Non
3215 1023 3354 1077 enim
3384 1038 3546 1093 parva

1954 1119 2111 1175 pana
2152 1116 2234 1162 est
2274 1109 2413 1178 quod
2463 1109 2622 1164 modo
2667 1127 2773 1166 non
2801 1111 2984 1168 vident
3007 1114 3174 1168 solem
3195 1155 3210 1181 ,
3241 1130 3341 1170 nec
3368 1117 3548 1186 spinas

1955 1212 2233 1267 poenarum
2273 1200 2502 1256 credunt
2540 1199 2604 1258 ex
2649 1203 2748 1258 hac
2781 1205 2885 1258 vita
2914 1207 3052 1260 mala
3080 1206 3179 1261 sibi
3210 1216 3394 1277 postea
3418 1223 3547 1279 pro-

1955 1306 2219 1348 cessuras.
2272 1293 2378 1348 Vos
2422 1295 2600 1364 enim,
2646 1297 2849 1368 inquit,
2891 1297 3146 1356 rbamnus
3185 1302 3350 1368 estis;
3388 1317 3549 1372 quem

1955 1383 2271 1451 rbamnum,
2312 1381 2488 1441 idest
2529 1403 2625 1442 vos
2662 1389 2841 1459 ipsos,
2887 1391 3156 1459 viventes,
3187 1393 3238 1448 id
3266 1403 3349 1448 est
3373 1395 3549 1452 adhuc

1955 1476 2008 1530 in
2055 1477 2153 1532 bac
2193 1478 2296 1533 vita
2337 1481 2682 1547 constitutos,
2734 1483 3037 1554 priusquam
3069 1486 3120 1539 in
3149 1485 3323 1540 futuro
3346 1487 3548 1557 judicio
3605 1469 3612 1482 ’

1955 1572 2135 1641 spinas
2159 1588 2435 1643 poenarum
2453 1586 2748 1632 vestrarum
2775 1579 3083 1635 manifestas
3105 1581 3380 1650 producat,
3407 1597 3549 1638 nunc

1956 1665 2009 1719 in
2055 1667 2130 1720 ira
2173 1667 2458 1735 combibit,
2507 1670 2556 1724 id
2598 1681 2718 1739 est,
2750 1672 2901 1742 quasi
2926 1673 3262 1728 absorbendo
3290 1689 3548 1745 apparere
3615 1655 3622 1669 ’

1957 1773 2061 1813 non
2089 1760 2232 1815 sinit.
2263 1761 2360 1818 Hic
2385 1763 2562 1834 itaque
2591 1765 2722 1820 ordo
2753 1766 3032 1820 verborum
3055 1809 3067 1830 ,
3101 1776 3354 1836 quantum
3385 1778 3544 1837 puto,

1957 1854 2163 1923 planius
2181 1856 2252 1910 ita
2280 1857 2581 1912 contexitur
2608 1876 2622 1912 :
2647 1857 2993 1929 Supercecidit
3017 1859 3146 1930 ignis
3170 1899 3185 1926 ,
3210 1869 3257 1913 et
3281 1875 3382 1913 non
3405 1860 3546 1914 vidc-

1955 1955 2073 2000 runt
2095 1946 2250 2001 solem
2279 1964 2298 2002 :
2325 1949 2410 2018 qui
2439 1948 2574 2020 ignis
2601 1960 2839 2017 tanquam
2867 1951 2917 2003 in
2940 1951 3044 2016 ira,
3076 1959 3315 2021 tanquam
3335 1952 3548 2006 viventes

1955 2055 2042 2094 vos
2074 2040 2342 2096 rhamnum
2368 2041 2600 2095 combibit
2619 2084 2632 2107 ,
2666 2043 2957 2113 priusquam
2986 2042 3233 2113 producat
3262 2043 3434 2114 spinas
3463 2059 3548 2097 ue-

1956 2144 2086 2188 stras
2113 2149 2130 2187 :
2158 2133 2208 2188 id
2239 2143 2354 2202 est,
2385 2149 2480 2190 vos
2505 2135 2649 2205 ipsos
2675 2152 2806 2205 quos
2834 2135 3115 2191 rhamuum
3141 2136 3376 2204 invenit,
3403 2151 3550 2192 com-

1958 2227 2088 2282 bibit
2121 2236 2243 2283 ante
2285 2238 2510 2284 mortem
2536 2269 2550 2293 ,
2583 2229 2893 2300 priusquam
2925 2229 3064 2284 idem
3091 2231 3344 2285 rbamnus
3370 2230 3551 2300 spinas

1957 2327 2162 2375 vestras
2189 2328 2309 2390 post
2332 2331 2556 2376 mortem
2589 2321 2641 2376 in
2674 2322 2760 2376 illa
2791 2322 2985 2392 poenali
3011 2322 3401 2377 resurrectione
3429 2336 3552 2391 pro-

1955 2412 2131 2468 ducat.
2161 2413 2336 2481 Quare
2364 2425 2540 2469 autem
2572 2429 2676 2469 non
2704 2415 2868 2481 dixit,
2893 2416 3149 2482 viventes,
3172 2416 3286 2481 sed,
3311 2426 3551 2486 tanquam

1956 2505 2203 2572 viventes,
2243 2506 2343 2560 nisi
2386 2507 2507 2576 quia
2547 2505 2677 2562 falsa
2706 2516 2790 2562 est
2815 2506 2929 2562 haec
2954 2508 3058 2561 vita
3092 2508 3414 2577 impiorum?
3442 2508 3549 2564 Ne-

1954 2615 2057 2671 que
2095 2601 2237 2656 euim
2281 2601 2496 2668 vivunt,
2525 2602 2616 2657 sed
2649 2603 2829 2657 vivere
2857 2601 2958 2656 sibi
2989 2602 3253 2657 videntur.
3286 2602 3356 2657 Et
3385 2617 3550 2672 quare

1954 2707 2059 2746 non
2085 2734 2100 2758 ,
2133 2692 2186 2746 in
2217 2692 2294 2746 ira
2315 2735 2328 2760 ,
2361 2693 2454 2748 sed
2477 2734 2491 2759 ,
2517 2703 2756 2762 tanquam
2783 2694 2835 2747 in
2865 2695 2974 2761 ira,
3006 2693 3108 2748 nisi
3137 2694 3260 2764 quia
3288 2694 3550 2763 tranquilw

1953 2783 2038 2839 lus
2065 2783 2169 2839 hoc
2191 2783 2315 2838 facit
2345 2785 2525 2839 Deus?
2551 2784 2683 2839 Nam
2714 2795 2767 2840 et
2793 2785 2894 2840 hoc
2921 2787 3176 2855 scriptum
3203 2796 3283 2841 est
3307 2804 3320 2840 :
3347 2785 3427 2840 Tu
3457 2803 3548 2840 au-

1953 2884 2048 2929 tem
2094 2877 2308 2931 Domine
2337 2877 2573 2931 virtutum
2606 2895 2718 2930 cum
2749 2878 3111 2950 tranquillitate
3129 2879 3336 2948 judicas
3388 2879 3548 2950 (Sap.

1952 2985 2055 3037 ιιι,
2087 2969 2198 3039 i8).
2229 2970 2318 3024 Ille
2337 2985 2464 3040 ergo
2484 2979 2538 3024 et
2565 2985 2684 3024 cum
2715 2971 2949 3024 minatur
2972 3011 2987 3036 ,
3018 2985 3124 3024 non
3153 2971 3416 3025 irascitur.
3439 2970 3546 3024 Ne-

1951 3079 2054 3133 que
2091 3064 2234 3117 enim
2277 3065 2652 3134 perturbatur,
2694 3063 2786 3118 sed
2833 3073 3081 3134 tauquam
3115 3064 3394 3129 irascitur,
3426 3066 3547 3134 quia

1950 3159 2103 3228 punit
2140 3168 2194 3213 et
2217 3158 2468 3212 vindicat.
2504 3159 2567 3212 Et
2596 3158 2684 3229 qui
2711 3157 2904 3226 corrigi
2935 3157 3121 3212 nolunt
3145 3198 3158 3222 ,
3188 3167 3437 3228 tanquam
3474 3159 3548 3211 vi-

1951 3260 2107 3317 vunt,
2139 3251 2231 3307 sed
2260 3267 2363 3304 non
2392 3251 2592 3305 vivunt.
2614 3249 2854 3306 Vindicta
2884 3251 3026 3304 enim
3053 3251 3209 3321 primi
3231 3252 3435 3322 peccati
3458 3294 3471 3316 ,
3497 3261 3549 3306 et

1949 3360 2133 3401 eorum
2165 3362 2280 3416 quae
2310 3345 2658 3412 addiderunt,
2692 3355 2870 3400 manet
2893 3362 3055 3415 super
3078 3361 3172 3400 eos
3200 3364 3214 3401 :
3240 3355 3294 3400 et
3324 3347 3435 3415 ipsa
3459 3361 3549 3400 vo-

1947 3446 2099 3494 catur
2138 3439 2210 3493 ira
2247 3439 2337 3492 Dei
2364 3481 2377 3503 ,
2411 3439 2531 3508 quia
2561 3437 2629 3492 de
2652 3437 2851 3507 judicio
2876 3438 2966 3491 Dei
2995 3438 3157 3491 venit.
3194 3437 3343 3493 Unde
3371 3437 3548 3491 Domi-

1949 3549 2048 3589 nus
2074 3534 2140 3588 de
2170 3549 2272 3587 non
2304 3532 2553 3588 credente
2579 3533 2652 3586 ait
2681 3550 2694 3585 :
2725 3532 2830 3587 Sed
2850 3533 2928 3585 ira
2953 3530 3049 3584 Dei
3076 3541 3241 3585 manet
3264 3547 3416 3602 super
3435 3547 3546 3585 eum

1949 3626 2125 3696 (Joan.
2159 3642 2216 3680 ιιι
2240 3669 2254 3694 ,
2278 3625 2391 3697 36).
2421 3624 2554 3680 Cum
2580 3625 2655 3678 ira
2676 3624 2818 3678 enim
2849 3623 2941 3678 Dei
2969 3624 3222 3678 mortales
3251 3623 3543 3678 nascimur.

1951 3717 2099 3773 Unde
2144 3717 2273 3772 dicit
2310 3716 2599 3787 Apostolus
2641 3733 2654 3768 :
2695 3714 2912 3769 Fuimus
2948 3724 2995 3769 et
3027 3732 3120 3769 nos
3147 3715 3422 3784 aliquando
3451 3733 3546 3769 na.

1948 3821 2064 3865 tura
2103 3811 2199 3880 ﬁlii
2224 3811 2316 3864 ira!
2335 3851 2349 3876 ,
2379 3811 2505 3863 sicut
2532 3818 2581 3862 et
2605 3808 2772 3863 cazteri
2800 3807 3016 3878 (Ephes.
3044 3823 3116 3874 ιι,
3149 3807 3229 3881 5).
3261 3807 3399 3875 Quid
3425 3818 3506 3862 est
3529 3849 3546 3875 ,

1947 3913 2129 3958 natura
2158 3904 2255 3972 filii
2280 3904 2402 3969 irae,
2431 3903 2533 3956 nisi
2563 3902 2684 3972 quia
2714 3910 2986 3970 portamus
3015 3900 3294 3955 nobiscum
3328 3914 3545 3970 poenam

1949 3997 2102 4069 primi
2131 3995 2377 4066 peccati?
2401 3994 2504 4051 Sed
2533 3994 2578 4048 si
2604 4004 2978 4049 convertamus
3006 4008 3103 4049 nos
3127 4035 3142 4060 ,
3176 3992 3411 4049 aufertur
3436 3993 3545 4061 ira,

1949 4091 2214 4160 prmbetur
2243 4089 2429 4160 gratia.
2458 4087 2575 4142 Non
2605 4088 2686 4142 vis
2710 4087 2947 4142 converti
2973 4129 2988 4154 ,
3019 4085 3171 4141 addis
3197 4087 3356 4142 etiam
3388 4100 3549 4156 super

1948 4182 1999 4237 id
2028 4182 2170 4252 quod
2203 4190 2357 4235 natus
2389 4195 2449 4235 es
2483 4198 2496 4234 :
2527 4190 2778 4250 tanquam
2808 4180 2862 4234 in
2891 4178 2968 4233 ira
2992 4177 3316 4254 combiberis
3332 4178 3387 4234 in
3413 4193 3549 4249 prte-

1948 4275 2084 4329 senti
2117 4282 2378 4341 tempore.

2015 4366 2104 4420 21.
2144 4364 2294 4438 [υενε.
2341 4362 2454 4436 11.]
2502 4363 2788 4433 Agnoscite
2837 4376 2964 4431 ergo
3006 4361 3161 4416 istam
3199 4375 3449 4431 pinnam,
3491 4371 3548 4418 et

1945 4458 2170 4531 gaudete
2207 4472 2304 4512 vos
2335 4471 2442 4511 non
2469 4470 2590 4510 esse
2619 4455 2671 4508 in
2701 4454 2799 4509 hac
2823 4467 2980 4523 poena
3004 4467 3193 4507 omnes
3216 4453 3305 4522 qui
3335 4452 3548 4522 profici-

1949 4553 2014 4607 tis
2035 4594 2049 4618 ,
2074 4566 2258 4605 omnes
2280 4551 2368 4620 qui
2392 4548 2683 4619 intelligitis
2707 4556 2760 4602 et
2785 4545 2977 4600 amatis
3001 4544 3280 4600 veritatem
3306 4586 3322 4611 ,
3353 4560 3547 4602 omnes

1945 4643 2034 4716 qui
2075 4645 2190 4714 plus
2235 4644 2286 4696 in
2329 4642 2479 4696 vobis
2509 4641 2668 4695 vultis
2692 4637 2969 4692 victoriam
2996 4635 3234 4692 veritatis
3270 4652 3427 4708 quam
3455 4652 3549 4693 ve-

1945 4745 2108 4792 stram
2131 4778 2144 4801 ,
2173 4736 2262 4807 qui
2287 4751 2393 4790 non
2418 4731 2666 4788 clauditis
2692 4731 2948 4786 adversus
2968 4731 3246 4784 veritatem
3270 4745 3429 4785 aures
3448 4745 3546 4786 ve-

1945 4841 2083 4886 stras
2106 4872 2121 4898 ,
2148 4830 2215 4887 de
2241 4829 2580 4901 praesentium
2608 4827 2962 4882 delectatione
2982 4836 3036 4880 et
3061 4825 3127 4880 de
3150 4827 3545 4897 praeteritorum

1945 4926 2317 4982 recordatione
2339 4966 2354 4992 ,
2397 4939 2463 4978 ne
2499 4922 2615 4978 sitis
2643 4921 2791 4976 canis
2815 4934 3064 4975 reversus
3090 4918 3156 4975 ad
3187 4935 3342 4976 suum
3371 4920 3544 4974 vomi-

1949 5028 2058 5074 tum
2105 5017 2169 5088 (ΙΙ
2217 5017 2362 5071 Petr.
2407 5032 2477 5083 ιι,
2519 5011 2634 5084 22).
2666 5011 2864 5067 Omnes
2891 5012 3022 5067 tales
3049 5011 3140 5082 qui
3167 5013 3336 5079 estis,
3368 5010 3544 5066 videte

1945 5127 2131 5183 poenas
2172 5127 2356 5166 eorum
2399 5109 2488 5178 qui
2516 5107 2646 5162 tales
2672 5120 2779 5160 non
2805 5113 2970 5172 sunt,
2998 5117 3051 5161 et
3077 5105 3322 5176 gaudete.
3353 5103 3544 5160 Adhuc

1947 5207 2232 5261 inferorum
2271 5218 2444 5273 pinum
2473 5216 2582 5256 non
2613 5209 2906 5266 venerunt,
2937 5198 3112 5253 adhuc
3145 5197 3282 5268 ignis
3311 5203 3542 5251 aeternus

1946 5314 2052 5354 non
2080 5297 2225 5352 venit
2255 5314 2267 5348 :
2296 5301 2570 5364 comparet
2594 5293 2684 5363 qui
2713 5290 2921 5362 proﬁcit
2946 5290 2999 5344 in
3026 5289 3137 5344 Deo
3161 5302 3220 5343 se
3240 5286 3399 5343 modo
3419 5302 3539 5341 cum

1945 5391 2108 5461 impio
2133 5431 2147 5456 ,
2190 5403 2389 5445 caecum
2420 5402 2510 5442 cor
2537 5401 2658 5441 cum
2687 5385 2985 5440 illuminato
3007 5379 3207 5446 corde;
3234 5389 3543 5450 comparate

1946 5483 2110 5550 duos,
2150 5481 2414 5536 videntem
2462 5487 2516 5534 et
2555 5494 2659 5533 non
2703 5477 2972 5532 videntem
3016 5474 3072 5528 in
3109 5487 3288 5527 carne.
3318 5471 3387 5526 Et
3414 5471 3541 5541 quid

1946 5591 2194 5647 magnum
2237 5582 2319 5627 est
2362 5572 2494 5626 visio
2535 5569 2758 5626 carnis?
2793 5565 3058 5636 Numquid
3089 5564 3284 5619 Tobias
3312 5564 3544 5620 habebat

1945 5683 2169 5726 carneos
2195 5667 2379 5723 oculos
2401 5666 2424 5718 ?
2446 5665 2611 5720 Filius
2633 5663 2798 5732 ipsius
2830 5659 3057 5714 habebat
3077 5699 3090 5723 ,
3117 5666 3170 5712 et
3196 5657 3284 5711 ilie
3312 5671 3417 5710 non
3447 5655 3541 5710 ha-

1946 5763 2140 5827 bebat;
2182 5771 2235 5817 et
2279 5761 2416 5814 viam
2456 5761 2576 5813 vitae
2621 5769 2795 5811 caicus
2823 5753 3021 5808 videnti
3049 5748 3537 5821 ostendebat(Tob.

1947 5874 1999 5912 tv
2022 5900 2036 5925 ,
2063 5857 2140 5925 1).
2190 5857 2326 5926 Ergo
2366 5855 2519 5908 istam
2565 5865 2774 5921 poenam
2815 5846 3028 5917 quando
3053 5846 3245 5900 videtis
3265 5887 3277 5911 ,
3309 5844 3540 5916 gaudete

1949 5952 2071 6020 quia
2097 5949 2148 6004 in
2174 5949 2260 6003 illa
2290 5962 2394 6002 non
2425 5946 2582 6000 estis.
2613 5944 2901 6011 Propterea
2927 5939 3056 5996 dicit
3076 5939 3350 6010 Scriptura
3381 5956 3392 5994 :
3418 5937 3540 5993 La:-
