4038 6478
273 379 371 436 695

272 512 388 557 tuus
413 508 498 554 est
525 498 616 553 ille
642 510 737 566 pro
776 493 929 551 nobis
952 533 966 558 ,
995 501 1050 548 et
1077 489 1331 560 sanguine
1358 502 1455 542 suo
1485 483 1706 540 redemit
1735 497 1851 537 nos.

269 596 332 650 Et
361 590 526 647 modo
547 604 656 644 nou
680 597 762 644 est
785 593 1068 656 corruptus
1103 582 1292 638 titulus
1322 596 1335 632 :
1370 577 1488 648 quia
1519 578 1605 632 ille
1631 589 1723 630 rex
1752 585 1853 642 est,

271 701 374 742 non
405 696 583 739 so.qu
609 679 862 738 Gentium
886 719 903 746 ,
933 677 1026 733 sed
1055 674 1213 732 etlam
1243 675 1489 744 ipsorum
1529 669 1852 726 Judaeorum.

270 777 403 846 Quid
447 775 635 831 enim?
669 773 810 840 Quia
835 769 1274 826 contradixerunt
1296 765 1460 832 ,ideo
1485 764 1627 832 regis
1656 760 1735 816 sui
1762 759 1856 814 do-

271 870 615 926 minatibnem
636 867 875 924 evertere
894 864 1212 935 potuerunt?
1232 863 1345 916 Rex
1361 869 1442 914 est
1463 868 1516 914 et
1535 865 1692 927 supra
1714 851 1852 910 illos.

271 964 396 1020 Nam
427 964 521 1018 ille
559 978 655 1017 rex
681 961 883 1031 virgam
927 957 1153 1013 ferream
1196 955 1331 1025 gerit
1354 994 1367 1017 ,
1410 967 1512 1023 qua
1542 961 1594 1006 et
1621 950 1768 1020 regit
1803 953 1860 1003 et

270 1056 482 1127 frangit.
521 1054 630 1126 Ego
656 1097 670 1121 ,
703 1053 910 1123 inquit,
953 1052 1247 1105 constitutus
1276 1059 1385 1101 sum
1410 1062 1498 1100 rea:
1533 1046 1594 1099 ab
1622 1053 1680 1098 'e‘o
1708 1053 1859 1114 super

273 1151 396 1206 Sion
422 1160 644 1202 montem
678 1155 908 1200 Sanctum
937 1144 1075 1214 ejus,
1104 1141 1386 1212 pradicant;
1413 1137 1721 1209 pulit-cptum
1754 1135 1858 1187 Do-

270 1242 410 1295 mini.
438 1241 694 1294 ‘Dontinus
721 1238 850 1291 dixit
898 1235 964 1288 ad
1009 1247 1086 1287 me
1131 1248 1148 1287 :
1196 1227 1362 1285 Filius
1391 1245 1530 1282 meus
1560 1244 1614 1282 es
1644 1235 1697 1279 tu
1726 1266 1739 1290 ,
1769 1235 1858 1295 ego

272 1333 414 1388 hodie
441 1332 594 1404 genui
621 1341 686 1385 te.
715 1329 928 1383 Pastum
950 1343 981 1380 a
1008 1343 1086 1380 me
1107 1365 1122 1390 ,
1147 1335 1192 1378 et
1224 1323 1353 1378 dabo
1379 1321 1466 1375 tibi
1500 1330 1666 1392 gentes
1693 1320 1856 1371 hare-

270 1428 472 1480 ditatem
514 1435 653 1478 tuum
674 1461 691 1489 ,
733 1432 781 1476 et
829 1420 1187 1490 possessionem
1233 1424 1371 1470 tuam
1415 1414 1649 1469 terminos
1689 1420 1853 1464 terrm.

269 1519 426 1588 Reges
452 1532 538 1572 eos
578 1518 633 1570 in
663 1517 801 1586 uirga
829 1519 992 1584 ferrea
1019 1553 1034 1580 ,
1065 1522 1112 1566 et
1156 1521 1398 1578 tanquam
1442 1523 1531 1562 vos
1567 1507 1709 1578 ﬁguli
1739 1512 1858 1558 con-

269 1621 388 1664 teres
417 1626 501 1664 eos
533 1609 550 1678 (
575 1607 718 1662 Psal.
753 1623 807 1671 η,
841 1605 995 1675 6-9).
1027 1605 1172 1672 Quos
1199 1602 1388 1673 reget?
1411 1611 1540 1671 quos
1571 1595 1857 1653 conteret?

266 1702 430 1771 Roget
453 1700 790 1767 obedientes,
817 1698 1061 1754 conteret
1090 1697 1415 1752 resistentes.
1447 1693 1608 1763 Ergo,
1638 1689 1720 1744 Ne
1738 1703 1854 1744 cor-

267 1812 472 1863 rumpas
495 1835 510 1862 ,
541 1797 741 1862 optimc
763 1803 824 1847 et
847 1792 1160 1862 prophetice
1195 1807 1206 1842 :
1240 1785 1665 1858 quandoquidem
1697 1794 1749 1839 et
1779 1782 1853 1836 illi

267 1887 432 1943 Judaei
469 1895 847 1956 suggesserunt
894 1895 1021 1938 tunc
1068 1883 1240 1939 Pilato
1264 1923 1278 1947 ,
1313 1890 1367 1935 et
1413 1879 1690 1940 dixerunt,
1729 1873 1854 1928 Noli

265 1981 476 2034 scribere
501 1996 594 2033 rex
627 1978 925 2033 Judwornm
947 2019 962 2043 ,
1003 1977 1088 2032 sed
1117 1969 1289 2030 scribe
1315 2016 1327 2036 ,
1365 1973 1485 2043 quia
1513 1972 1622 2041 ipse
1647 1985 1698 2024 se
1726 1968 1856 2022 dixit

264 2091 426 2146 regem
453 2073 792 2138 ludam;
821 2087 946 2127 nam
978 2073 1077 2126 iste
1103 2071 1304 2133 titulus,
1337 2070 1617 2138 inquiunt,
1653 2067 1852 2122 conﬁr-

264 2167 420 2223 mavit
433 2167 585 2221 iitum
603 2181 782 2236 regem
801 2166 972 2219 nobis.
997 2165 1062 2220 Et
1079 2156 1278 2218 Pilatus
1297 2179 1309 2215 :
1331 2157 1481 2230 Quod
1499 2162 1708 2232 scripsi,
1724 2161 1852 2215 scri-

265 2263 337 2333 psi
363 2261 548 2333 (Joan.
581 2276 700 2327 nx,
719 2260 844 2329 21).
869 2259 936 2313 E‘t
958 2258 1227 2328 impletum
1250 2265 1330 2310 est
1347 2296 1360 2318 ,
1382 2255 1465 2309 Ne
1478 2264 1786 2322 carrumpas.

264 2383 272 2410 τ
325 2357 384 2413 2.
423 2355 536 2412 Nec
571 2356 674 2410 iste
701 2355 848 2411 solus
873 2353 1108 2422 psalmus
1136 2351 1294 2405 habet
1323 2347 1626 2419 hujusmodi
1663 2347 1856 2401 inscri—

265 2453 495 2524 ptionem
516 2489 532 2514 ,
562 2457 626 2504 ut
648 2448 828 2503 titulus
853 2461 974 2516 non
1007 2447 1393 2513 corrumpatur.
1426 2442 1639 2511 Aliquot
1665 2439 1852 2511 psalmi

265 2550 336 2604 sic
372 2545 655 2618 prmnotati
696 2551 819 2598 sunt
847 2541 866 2612 (
890 2538 1034 2597 Psal.
1088 2555 1172 2594 LVt
1196 2552 1362 2593 -ιγιιι
1389 2538 1430 2606 ),
1469 2537 1562 2591 sed
1592 2545 1765 2590 tamen
1800 2534 1851 2587 in

267 2641 508 2698 omnibus
555 2638 735 2707 passio
783 2634 990 2689 Domini
1037 2632 1440 2702 praznuntiatur.
1489 2621 1629 2698 Ergo
1676 2637 1729 2682 et
1767 2627 1853 2682 hic

267 2733 620 2803 intelligamus
667 2727 877 2783 Domini
931 2725 1230 2794 passionem
1256 2765 1269 2786 ,
1320 2727 1374 2777 e‘t
1413 2723 1656 2791 loquatur
1702 2719 1854 2774 nobis

267 2824 505 2882 (Sinistus
529 2829 692 2892 caput
708 2828 771 2876 'et
792 2829 1008 2888 corpus.
1035 2815 1125 2872 Sic
1147 2829 1378 2884 semper,
1403 2813 1491 2868 aut
1516 2827 1682 2882 prope
1709 2825 1851 2866 sem-

268 2935 357 2988 per
381 2917 661 2974 audimus
682 2925 841 2970 voces
863 2911 1060 2966 Christi
1090 2911 1156 2965 de
1185 2907 1394 2964 Pssimo
1420 2951 1433 2974 ,
1465 2917 1522 2961 ut
1553 2922 1654 2960 non
1681 2906 1852 2960 solum

268 3013 562 3068 intueamur
586 3018 746 3078 caput
787 3007 914 3062 illud
955 3019 1119 3060 unum
1167 3003 1513 3059 iaculatorem
1547 3001 1640 3056 Dei
1672 3011 1725 3056 et
1753 3001 1853 3054 ho-

269 3106 463 3161 minum
483 3145 503 3172 ,
533 3103 805 3157 hominem
852 3099 1118 3154 Christum
1162 3097 1351 3153 desum
1381 3095 1440 3167 (1
1469 3093 1614 3157 Tim,
1646 3111 1718 3159 ιι,
1753 3093 1850 3164 5);

270 3198 350 3266 qui
397 3196 560 3252 etiam
601 3192 891 3249 secundum
939 3190 1272 3246 divinitatem
1323 3190 1376 3242 in
1431 3188 1690 3258 principio
1741 3196 1856 3242 erat

271 3289 520 3356 Verbum,
540 3291 682 3345 Deus
701 3288 838 3358 apud
865 3286 1052 3347 De‘um,
1081 3284 1223 3354 quod
1250 3281 1478 3338 Verbum
1510 3298 1634 3338 caro
1659 3281 1854 3336 factum

270 3384 368 3449 est,
389 3391 443 3436 et
467 3379 728 3436 habitavit
755 3380 804 3432 in
829 3378 991 3432 nobis
1020 3376 1201 3448 (Joan.
1225 3391 1260 3437 r,
1295 3376 1346 3436 1,
1377 3373 1499 3442 is),
1529 3388 1652 3429 caro
1678 3389 1742 3429 ex
1767 3387 1854 3428 se-

271 3475 407 3528 mine
434 3471 709 3528 A-braliam
732 3511 747 3535 ,
785 3484 844 3525 ex
896 3470 1098 3524 sermne
1149 3466 1308 3522 David
1347 3466 1422 3520 de
1464 3466 1624 3520 Maria
1655 3463 1858 3536 virgine

273 3565 500 3637 (Matth.
519 3581 559 3632 ι,
589 3566 616 3619 1
644 3566 662 3635 )
687 3563 825 3619 :non
852 3577 980 3630 ergo
1008 3561 1153 3616 illum
1179 3560 1350 3614 Solum
1381 3559 1468 3628 qui
1491 3561 1568 3614 est
1589 3563 1858 3627 caputno-

273 3677 435 3720 Strum
465 3663 764 3734 cogitemus
788 3701 801 3723 ,
832 3657 1043 3729 quando
1087 3655 1331 3710 audimus
1370 3654 1638 3708 Christum
1665 3653 1812 3722 inqui
1839 3669 1854 3716 ;

274 3757 362 3812 sed
387 3756 684 3826 cogitemus
707 3751 978 3808 Christum
1004 3756 1161 3818 caput
1187 3758 1242 3801 et
1270 3757 1461 3815 corpus
1481 3787 1495 3810 ,
1522 3751 1692 3800 totum
1723 3746 1858 3800 inte-

273 3866 418 3924 grum
434 3849 718 3922 (premda'm
741 3848 935 3902 virum.
963 3843 1124 3897 Nobis
1146 3841 1288 3897 enim
1315 3840 1528 3904 dicitur,
1570 3837 1670 3894 Vos
1694 3845 1859 3892 mitem

275 3945 384 3998 estis
404 3944 589 4011 corpus
614 3938 798 3994 Christi
821 3946 868 3990 et
895 3935 1115 3990 membra
1147 3932 1196 4004 (l
1220 3931 1338 3987 Cor.
1365 3943 1461 3995 ιη,
1488 3931 1557 3984 27
1573 3930 1619 4002 ),
1643 3931 1708 3985 ab
1733 3929 1860 4000 apo-

275 4037 409 4090 stolo
439 4033 620 4088 Paulo.
655 4031 722 4086 Et
765 4029 834 4084 de
879 4028 972 4082 illo
1021 4023 1212 4080 dicitur
1256 4024 1323 4079 ab
1364 4023 1552 4078 eodem
1603 4023 1860 4092 Apostolo

277 4132 391 4200 quia
414 4136 498 4184 est
513 4133 674 4197 caput
694 4123 948 4179 Ecclesia:
976 4119 1188 4192 (Ephes.
1214 4129 1250 4184 ι,
1275 4117 1366 4185 22,
1390 4127 1434 4170 et
1455 4115 1650 4173 Geloss.
1679 4132 1718 4182 t,
1745 4115 1856 4187 18).

275 4224 326 4281 Si
354 4227 484 4295 ergo
513 4223 603 4276 ille
631 4226 790 4289 caput
811 4259 827 4284 ,
859 4224 957 4270 nos
999 4217 1235 4283 corpus;
1265 4221 1408 4267 tutus
1435 4211 1676 4266 Christus
1704 4220 1860 4280 caput

279 4328 330 4374 et
369 4329 584 4388 curpus.
619 4310 918 4383 Aliquando
961 4309 1102 4365 enim
1146 4307 1350 4361 invenis
1389 4305 1550 4360 verba
1592 4320 1710 4375 quae
1753 4319 1858 4358 non

278 4415 570 4482 congruant
591 4406 772 4476 capiti,
805 4413 859 4460 et
886 4402 986 4458 nisi
1013 4415 1073 4456 ea
1100 4399 1428 4469 cooptaveris
1449 4398 1679 4467 corpori,
1705 4404 1859 4451 nuta-

278 4503 354 4560 bit
385 4503 686 4559 intellectus
725 4507 847 4554 tuus
879 4512 894 4550 :
927 4505 1108 4550 rursus
1148 4493 1354 4546 invenis
1401 4491 1563 4544 verba
1592 4503 1711 4558 qua:
1754 4503 1861 4542 non

279 4611 396 4670 apta
418 4606 544 4653 sunt
567 4592 800 4665 corpori,
829 4598 883 4646 et
908 4588 1148 4642 Christus
1176 4593 1354 4640 tamen
1383 4583 1630 4652 loquitur.
1659 4581 1729 4634 Ibi
1758 4591 1861 4634 non

280 4693 570 4749 timendum
601 4695 683 4743 cat
711 4693 778 4740 ne
818 4691 962 4739 erret
989 4681 1242 4751 quisque;
1287 4677 1394 4731 cito
1439 4675 1577 4730 enim
1608 4672 1777 4744 pergit
1805 4683 1864 4728 ut

278 4787 436 4858 capiti
465 4789 614 4854 aptet
659 4779 799 4851 quod
839 4771 981 4831 videt
1021 4773 1226 4842 (νοτρογὶ
1261 4785 1365 4824 non
1410 4767 1711 4822 convenire.
1746 4766 1862 4836 Ipse

279 4880 507 4948 denique
531 4878 587 4930 in
614 4887 773 4930 cruce
801 4868 1037 4938 pendens
1062 4907 1074 4928 ,
1105 4880 1167 4919 ex
1199 4874 1420 4932 persona
1446 4859 1684 4928 corporis
1715 4858 1860 4911 loeu-

281 4981 361 5026 tus
387 4979 473 5025 εει
499 4983 518 5021 :
553 4963 693 5019 om
721 4977 886 5026 meus,
920 4959 1056 5012 Deus
1083 4969 1242 5020 meus,
1275 4953 1465 5023 respice
1489 4951 1540 5002 in
1567 4967 1645 5002 me
1665 4991 1679 5016 ,
1712 4963 1866 5018 quare

280 5081 356 5120 me
384 5057 694 5133 dereliquisti
721 5055 740 5129 (
763 5053 915 5110 Psal.
941 5067 1058 5112 xxi,
1089 5049 1144 5112 2,
1175 5058 1219 5101 et
1265 5045 1450 5099 Matth.
1498 5059 1638 5097 xxvii
1667 5084 1678 5104 ,
1712 5041 1866 5112 46)?

282 5159 392 5214 Non
427 5156 570 5213 enim
619 5151 973 5218 dereliquerat
1012 5143 1279 5198 Christum
1306 5180 1319 5202 ,
1362 5153 1390 5191 a
1435 5152 1540 5206 quo
1584 5135 1866 5190 derelictus

285 5267 386 5305 non
413 5257 514 5306 eat.
541 5247 646 5300 Aul
667 5241 792 5297 ve'r'o
813 5240 889 5295 sic
908 5236 973 5291 ad
997 5245 1093 5289 nos
1113 5234 1277 5298 venit,
1301 5240 1357 5285 ut
1380 5229 1527 5283 illum
1553 5228 1826 5282 desereret
1849 5246 1863 5292 ;

283 5351 368 5397 aut
395 5342 474 5397 sic
516 5339 665 5394 illum
706 5334 880 5396 misit,
913 5338 968 5383 ut
996 5327 1062 5380 ah
1112 5326 1201 5380 illo
1245 5318 1576 5378 discederet?
1615 5319 1718 5373 Sed
1746 5320 1867 5387 quia

288 5436 446 5490 homo
464 5433 710 5488 desertus
731 5435 812 5481 est
835 5440 865 5478 a
893 5421 1023 5487 Deo,
1055 5419 1221 5474 Adam
1249 5416 1336 5470 ille
1365 5427 1610 5483 peccans,
1633 5411 1722 5480 qui
1747 5425 1868 5464 cum

289 5528 479 5583 soleret
503 5522 737 5596 gaudere
783 5517 847 5571 ad
905 5514 1092 5570 faciem
1143 5509 1272 5570 Del,
1313 5504 1637 5563 conscientia
1669 5504 1868 5573 peccati

289 5595 571 5675 deterritus
603 5613 736 5684 fugit
776 5623 806 5665 a
854 5605 1048 5678 gaudio
1084 5617 1180 5657 suo
1209 5599 1378 5673 (Gen.
1410 5612 1464 5651 ιη
1484 5638 1499 5661 ,
1532 5597 1565 5650 8
1585 5595 1638 5664 );
1668 5604 1718 5649 et
1751 5609 1872 5647 vere

287 5710 570 5781 dereliquit
609 5707 759 5761 illum
793 5703 934 5757 Deus
955 5737 970 5764 ,
1001 5697 1126 5768 quia
1154 5695 1268 5764 ipse
1293 5689 1531 5746 deseruit
1560 5688 1726 5781 Deum
1762 5705 1773 5739 :
1808 5700 1870 5739 ex

289 5811 392 5874 qut)
422 5777 592 5858 Adam
633 5793 878 5853 Christus
922 5801 1042 5845 cum
1085 5801 1296 5842 carnem
1329 5781 1655 5874 accepisset,
1685 5777 1786 5833 hoc
1809 5791 1874 5831 ex

291 5903 520 5972 persona
547 5892 716 5966 ipsius
740 5887 915 5947 carnis
945 5886 1056 5951 ait,
1087 5881 1209 5954 quia
1237 5881 1361 5935 tunc
1394 5884 1543 5932 vetus
1585 5873 1746 5930 homo
1774 5881 1874 5927 no-

1367 367 1757 423 ENARRATIO
1798 364 1862 421 IN
1899 357 2216 424 PSALMUII
2258 369 2437 427 LVIII.

3439 377 3543 441 σσί

1964 491 2075 539 ster
2099 487 2255 541 simul
2286 489 2525 543 conﬁxus
2550 500 2629 545 est
2654 495 2795 547 cruci
2826 509 2945 550 cum
2975 497 3062 552 illo
3092 493 3271 569 (Rom.
3305 507 3379 570 VI,
3413 502 3507 572 6).

2035 579 2086 634 5.
2131 580 2417 636 Audiamus
2459 593 2586 654 ergo
2629 585 2768 654 quod
2824 571 3106 658 seqhitur:
3145 587 3359 659 Quando
3413 571 3548 652 misit

1964 670 2098 729 εαῡι
2119 715 2134 742 ,
2167 683 2214 728 ct
2241 675 2507 731 custodiuit
2554 677 2760 732 domum
2789 679 2930 749 ejus,
2964 678 3019 738 ut
3061 683 3175 740 eum
3221 685 3545 758 interﬁceret.

1959 765 2077 822 Hoc
2099 765 2208 822 non
2233 768 2299 823 ad
2324 771 2535 825 crucem
2565 771 2916 841 Domitii,"Sed
2945 775 3117 832 tamen
3148 779 3212 834 ad
3245 777 3545 850 passionem

1966 860 2171 916 Domini
2204 864 2450 932 pertinet.
2483 861 2780 920 Crucifix'us
2821 867 2965 922 enim
2995 869 3235 926 Christus
3255 916 3269 937 ,
3310 881 3364 928 et
3397 877 3549 930 inor-

1961 955 2123 1017 tttus,
2156 963 2208 1009 et
2238 957 2475 1024 sepultus
2519 965 2617 1012 est.
2671 957 2801 1014 Erat
2828 957 2956 1030 ergo
2985 961 3072 1016 illa
3119 952 3387 1032 sepultura
3429 963 3551 1022 tan-

1965 1049 2122 1112 quam
2149 1043 2336 1101 domus
2371 1065 2382 1099 :
2412 1048 2477 1102 ad
2507 1050 2665 1118 quam
2711 1047 3114 1109 custodiendam
3159 1055 3302 1111 misit
3329 1057 3550 1126 regnum

1965 1135 2266 1193 Judreorum
2291 1183 2304 1204 ,
2335 1141 2546 1210 quando
2591 1145 2841 1198 custodes
2884 1147 3104 1203 adhibiti
3157 1159 3277 1203 sunt
3307 1151 3553 1220 sepulcro

1964 1229 2161 1285 Christi
2193 1229 2416 1300 (Matth.
2453 1231 2632 1303 πυλὺ,
2683 1235 2808 1305 66).
2842 1237 2932 1292 Est
2978 1241 3191 1309 quidem
3239 1241 3457 1298 histo'ria
3501 1245 3551 1298 in

1966 1321 2237 1391 Scriptura
2284 1324 2623 1395 Regnorum,
2668 1329 2879 1397 quando
2921 1331 3066 1385 misit
3103 1329 3228 1387 Saitl
3275 1333 3341 1387 ad
3371 1342 3550 1388 custo-

1965 1413 2212 1468 diendam
2244 1415 2459 1472 domum
2482 1460 2496 1485 ,
2527 1427 2579 1472 ut
2627 1419 2945 1475 interﬁceret
2985 1422 3151 1477 David
3180 1423 3236 1495 (I
3264 1423 3393 1495 Reg.
3427 1441 3508 1483 χιχ
3536 1466 3551 1489 ,

1966 1507 2064 1578 Η)
2104 1521 2117 1560 :
2153 1509 2245 1562 Sed
2291 1515 2546 1580 quantum
2585 1511 2705 1566 inde
2744 1518 2967 1582 sumpsit
2995 1516 3084 1583 qui
3115 1496 3381 1571 Psalmum
3421 1517 3553 1573 scri-

1964 1600 2089 1668 psit,
2120 1609 2318 1654 tantum
2361 1601 2617 1658 debemus
2643 1603 2906 1659 discutere
2950 1609 3068 1659 cum
3112 1606 3319 1660 titulum
3347 1605 3550 1663 Psalmi

1966 1695 2272 1749 tractamus.
2306 1692 2417 1748 Hoc
2443 1695 2594 1749 nobis
2624 1695 2922 1765 significare
2963 1705 3164 1752 tantum
3198 1699 3398 1766 voluit,
3427 1701 3550 1770 quia

1964 1782 2184 1860 missum
2215 1793 2295 1838 est
2319 1785 2384 1837 ad
2413 1785 2627 1839 domum
2659 1795 2716 1840 ut
2743 1786 3117 1855 custodiretur,
3149 1791 3204 1846 et
3232 1789 3320 1846 ille
3346 1789 3550 1848 interli-

1962 1876 2208 1928 ceretur‘?
2234 1875 2512 1943 Quomodo
2539 1881 2665 1948 ergo
2696 1880 2760 1933 ad
2793 1879 2894 1935 hoc
2919 1881 3178 1936 custodita
3208 1891 3290 1938 est
3313 1878 3504 1938 demus
3529 1925 3548 1952 ,

1961 1968 2004 2021 si
2036 1966 2197 2021 David
2229 1967 2487 2037 ﬁgurabat
2514 1970 2783 2026 Christum
2804 2015 2817 2037 ,
2868 1983 2923 2027 ut
2949 1975 3193 2030 Christus
3224 1970 3548 2033 interliCere4

1961 2067 2073 2125 tur;
2118 2060 2328 2129 quando
2365 2062 2414 2115 in
2463 2061 2734 2131 sepultura
2779 2063 3024 2120 Christus
3059 2067 3260 2136 positus
3297 2083 3403 2122 non
3428 2065 3548 2135 est,

1962 2153 2062 2207 nisi
2094 2154 2147 2207 in
2175 2161 2332 2207 cruce
2361 2154 2710 2210 interfectus?
2755 2157 2914 2212 Refer
2957 2159 3058 2213 hoc
3097 2173 3225 2230 ergo
3266 2160 3334 2215 ad
3357 2157 3554 2231 cor-piri

1960 2244 2156 2299 Christi
2198 2262 2212 2306 ;
2260 2246 2381 2314 quia
2422 2246 2720 2302 interdixere
2758 2246 3024 2303 Christum
3056 2255 3168 2304 erat
3191 2292 3207 2318 ,
3239 2252 3424 2307 tollere
3450 2252 3550 2308 no-

1962 2351 2082 2391 men
2107 2336 2305 2391 Christi
2336 2352 2402 2392 ne
2429 2337 2737 2392 Crederethr
2761 2341 2812 2393 in
2839 2339 3108 2396 Christum
3135 2367 3148 2408 ,
3177 2343 3303 2397 dum
3332 2341 3549 2399 menda-

1959 2429 2099 2484 cium
2128 2430 2443 2500 prtevaleret
2463 2432 2763 2497 custodum,
2793 2435 2882 2503 qui
2908 2437 3143 2505 eorrupti
3170 2437 3292 2492 sun't
3318 2445 3376 2492 ut
3404 2437 3551 2493 dice-

1959 2533 2078 2577 rent
2107 2524 2229 2593 quia
2259 2537 2376 2578 eum
2405 2525 2698 2580 dormirent
2726 2569 2736 2587 ,
2765 2538 3024 2582 venerunt
3047 2528 3290 2599 discipuli
3317 2531 3431 2598 ejus
3455 2571 3470 2596 ,
3499 2540 3551 2585 et

1961 2614 2292 2668 abstulerunt
2333 2631 2454 2670 eum
2484 2615 2708 2688 (Matth.
2742 2633 2942 2684 xxvm,
2992 2619 3114 2690 15).
3167 2619 3279 2676 Hoc
3317 2632 3400 2676 est
3424 2633 3558 2677 vere

1959 2705 2230 2762 Christum
2257 2709 2395 2762 velle
2426 2709 2748 2775 interﬁcere,
2777 2725 2971 2764 nomen
3001 2709 3406 2766 resurrectionis
3433 2711 3550 2781 ejus

1958 2800 2330 2868 exstinguere,
2377 2807 2432 2853 ut
2476 2800 2806 2854 mendacium
2854 2801 3140 2870 Evangelio
3182 2801 3543 2872 przeferretur.

1961 2890 2067 2945 Sed
2096 2891 2363 2962 quomodo
2405 2892 2532 2946 illud
2582 2902 2684 2946 non
2724 2893 2897 2948 t-ll‘ecit
2937 2894 3062 2950 Satil
3087 2935 3102 2962 ,
3137 2903 3192 2948 ut
3221 2893 3550 2951 interimeret

1961 2983 2162 3050 David;
2191 2984 2268 3038 sic
2293 2983 2394 3038 hoc
2415 2997 2517 3040 nec
2537 2986 2706 3055 potuit
2733 2989 2952 3056 regnum
2979 2985 3285 3040 Judaei-um
3306 2985 3543 3054 edicere,

1961 3086 2017 3131 tit
2041 3078 2160 3147 plus
2188 3077 2392 3132 valeret
2420 3079 2782 3133 testim‘Onium
2814 3077 3099 3134 custodum
3128 3078 3505 3135 dortiﬁeh’iﬁfm
3533 3105 3551 3141 .-

1960 3184 2120 3238 quam
2171 3169 2550 3237 Apostolorum
2599 3163 2948 3239 vigilantitnn.
2997 3169 3137 3238 Quid
3179 3169 3322 3226 etum
3373 3159 3550 3227 edocti

1961 3270 2085 3316 sunt
2114 3261 2366 3316 custodes
2412 3269 2472 3316 ut
2513 3261 2791 3316 dicerent?
2821 3262 3016 3317 Danius
3045 3262 3196 3318 vobis
3217 3303 3233 3329 ,
3263 3261 3550 3333 imminut;

1961 3361 2218 3423 quantum
2243 3353 2401 3408 vultis
2433 3355 2706 3424 pecuni:e;
2739 3363 2794 3409 et
2817 3354 2977 3410 dicite
3001 3356 3126 3424 quia
3144 3357 3264 3410 cum
3289 3355 3552 3410 dormire:

1962 3447 2051 3514 tis,
2077 3454 2335 3500 venerunt
2365 3446 2611 3515 discipuli
2638 3446 2770 3516 ejus,-
2805 3455 2858 3502 et
2886 3447 3217 3502 abstuierun‘t
3242 3455 3386 3504 eum.
3414 3448 3554 3503 Ecce

1963 3537 2146 3606 quales
2177 3543 2340 3591 testes
2383 3532 2646 3591 mendacii
2684 3535 2871 3592 contra
2897 3538 3174 3594 veritatem
3215 3544 3270 3593 et
3308 3541 3549 3594 resurre-

1962 3632 2194 3686 ctionem
2224 3629 2422 3685 Christi
2472 3631 2674 3686 inimici
2723 3632 2840 3701 ejus
2885 3632 3132 3702 perSaul
3180 3633 3387 3703 figurati
3423 3633 3551 3703 pro?

1964 3723 2250 3778 duxerunt.
2285 3723 2584 3794 interroga,
2615 3724 2896 3780 inﬁdelitas
2930 3727 2969 3792 ‘,-
2999 3731 3163 3781 tenes
3189 3726 3553 3794 dormientes;

1964 3816 2327 3886 respondeant
2353 3817 2448 3872 tibi
2493 3817 2618 3887 quid
2660 3827 2837 3873 actum
2871 3821 2947 3873 sit
2975 3819 3028 3873 in
3077 3820 3347 3889 sepulcro.
3374 3819 3476 3887 Qui
3505 3821 3553 3875 si

1964 3909 2324 3977 dormiebant,
2355 3911 2494 3966 unde
2516 3911 2783 3966 scierunt?
2807 3903 2865 3968 Si
2889 3913 3195 3982 Vigilabant,
3221 3912 3366 3970 mres
3391 3913 3559 3985 quire

1965 4019 2074 4060 non
2104 4005 2433 4060 tenuerunt?
2465 4005 2611 4058 Dicat
2638 4001 2765 4075 ergo
2790 4003 2932 4075 quad
2959 4007 3217 4076 sequitur.

2037 4099 2089 4151 4.
2135 4095 2281 4170 [vers.
2313 4095 2393 4169 2.]
2424 4094 2561 4150 Erue
2590 4113 2668 4150 me
2695 4093 2758 4150 de
2782 4097 3000 4152 inimicis
3025 4099 3149 4151 meis
3170 4139 3184 4161 ,
3218 4096 3356 4153 Deus
3377 4095 3556 4164 ηωεξ

1967 4199 2012 4243 et
2032 4191 2096 4242 ab
2115 4190 2483 4258 insurgentibus
2503 4201 2655 4258 super
2682 4199 2761 4241 me
2777 4189 2968 4242 redime
2991 4191 3087 4242 me.
3115 4187 3334 4243 Factum
3351 4185 3435 4243 est
3454 4189 3560 4245 ttae

1967 4283 2021 4337 in
2059 4297 2220 4336 carne
2245 4280 2480 4346 Christi,
2512 4282 2567 4334 ﬁt
2595 4289 2649 4334 et
2674 4283 2730 4334 in
2760 4281 2928 4338 nobis.
2966 4281 3148 4351 Neque
3176 4282 3320 4336 enim
3343 4282 3558 4339 εθεςαπι

1967 4372 2166 4428 inimici
2196 4373 2360 4426 nostri
2387 4412 2400 4436 ,
2425 4371 2671 4426 diabolus
2695 4380 2749 4426 et
2774 4371 2948 4442 angeli
2979 4373 3127 4441 ejus,
3159 4372 3435 4442 insurgere
3461 4381 3552 4427 su-

1970 4481 2064 4534 per
2093 4480 2191 4521 nos
2219 4464 2486 4535 quout'lie,
2519 4475 2573 4519 et
2593 4464 2817 4519 iiludere
2841 4465 2978 4520 velle
3005 4464 3300 4520 inﬁrmitati
3321 4474 3374 4522 et
3393 4464 3554 4536 tragic-

1971 4558 2102 4612 litati
2126 4565 2321 4612 nostra:
2339 4596 2354 4620 ,
2382 4557 2802 4625 deceptionihus,
2835 4555 3278 4626 suggestionibns,
3303 4557 3556 4617 mutatio-

1970 4649 2144 4711 nibus,
2179 4659 2232 4703 et
2255 4647 2674 4718 quibuscumque
2704 4648 2908 4717 laqueis
2933 4649 3162 4716 irretire,
3186 4661 3309 4704 cum
3338 4647 3389 4704 in
3416 4656 3562 4706 tum

1970 4742 2142 4796 adhuc
2179 4742 2421 4795 vivimus.
2455 4740 2558 4797 Sed
2591 4756 2692 4796 vox
2717 4752 2894 4796 nostra
2943 4742 3119 4811 vigilet
3159 4741 3226 4797 ad
3277 4743 3474 4807 Deum,-
3506 4749 3562 4801 ut

1972 4837 2162 4891 clamet
2194 4835 2244 4888 in
2272 4835 2528 4890 membris
2566 4834 2760 4889 Christi
2787 4875 2800 4897 ,
2843 4834 2940 4889 sub
2970 4836 3144 4904 capite
3177 4837 3233 4891 in
3261 4837 3402 4894 calo
3425 4847 3560 4893 eon-

1971 4929 2154 4982 stituto
2183 4911 2200 4980 ἷ
2229 4925 2362 4979 Erue
2388 4942 2466 4979 me
2495 4926 2555 4980 de
2584 4925 2796 4978 inimicis
2836 4925 2956 4979 meis
2979 4967 2993 4993 ,
3022 4924 3162 4982 Deus
3196 4941 3338 4983 mm
3357 4945 3376 4994 ',-
3414 4936 3460 4983 et
3497 4927 3564 4983 αι

1971 5019 2338 5092 insurgentibus
2365 5036 2516 5088 super
2541 5033 2618 5071 me
2653 5017 2841 5071 redime
2870 5033 2965 5074 me.

2045 5114 2096 5168 5.
2128 5113 2275 5183 [vers.
2307 5109 2384 5181 5.]
2419 5110 2553 5163 Erue
2582 5123 2658 5163 me
2683 5110 2745 5164 de
2783 5112 3104 5180 operantibus
3131 5113 3480 5183 iniquitatem;
3509 5119 3561 5168 et

1977 5206 2038 5258 de
2071 5204 2189 5258 viris
2218 5201 2523 5270 sanguiuum
2552 5199 2746 5254 salvitm
2786 5217 2863 5256 me
2893 5205 2992 5273 fac.
3027 5202 3192 5256 Erant
3236 5201 3312 5256 illi
3342 5201 3561 5272 quidem

1977 5297 2076 5351 viri
2105 5293 2458 5364 sanguinum,
2487 5293 2575 5362 qui
2620 5293 2822 5363 justum
2852 5295 3192 5362 ceciderunt,
3222 5293 3274 5348 lu
3299 5307 3406 5365 quo
3435 5296 3556 5350 nul-

1977 5391 2080 5444 lam
2123 5387 2332 5456 culpam
2382 5385 2696 5441 invenerunt
2732 5405 2745 5440 :
2778 5388 3048 5443 erant.illi
3078 5387 3178 5441 viri
3217 5387 3561 5458 sanguinum;

1978 5484 2099 5552 quia
2129 5496 2247 5535 cum
2279 5480 2441 5534 vellet
2489 5481 2788 5550 alienigena
2828 5481 2951 5536 lotis
3003 5481 3246 5534 manibus
3288 5481 3563 5537 dimittere

1978 5575 2287 5640 Christum,
2338 5574 2701 5627 clamaverunt
2723 5607 2736 5634 .
2770 5571 3051 5644 Crusiﬁge,
3098 5573 3339 5643 crnclﬁge
3363 5587 3383 5628 :
3410 5567 3568 5629 erant

1981 5668 2078 5722 viri
2111 5669 2462 5737 sanguinum,
2498 5666 2690 5736 quibus
2718 5680 2840 5718 eum
2864 5665 2977 5734 jam
3011 5664 3332 5735 objieeretttr
3356 5665 3566 5720 crimen

1982 5760 2256 5831 sanguinis
2281 5759 2515 5824 Christi,
2548 5757 2940 5826 reaponderunt
2958 5791 2974 5823 ,
3009 5754 3353 5827 propinante!
3383 5751 3567 5827 posse:

2051 5875 2067 5908 ι
2093 5875 2167 5926 sic
2188 5873 2292 5927 tua.
2331 5879 2387 5926 Αι
2419 5873 2556 5937 ωτι,
2576 5866 2895 5935 unusunus.
