4038 6522
416 383 523 442 695

412 503 487 556 ris
515 498 645 565 suis,
676 495 899 568 Sanguis
923 494 1033 564 ejus
1061 507 1215 559 super
1242 504 1356 555 nos,
1382 494 1430 542 et
1456 500 1609 558 super
1633 482 1768 553 ﬁlios
1795 490 1993 535 nostros

417 591 628 651 (Matth.
657 605 820 651 xxvu,
839 587 931 652 25,
956 585 1074 657 25).
1101 582 1208 639 Sed
1239 596 1337 637 nec
1361 580 1412 636 in
1442 577 1557 649 ejus
1586 588 1781 645 corpus
1805 586 1995 627 exsur-

411 700 538 757 gere
569 683 666 737 viri
693 681 1007 753 sanguinum
1033 684 1400 739 cessaverunt,
1436 687 1557 727 nam
1582 679 1637 727 et
1669 676 1790 739 post
1815 681 1999 723 resur-

414 779 707 832 rectionem
767 772 1244 840 ascensionemque
1306 764 1501 820 Christi
1528 806 1543 831 ,
1602 759 2000 833 persecutiones

416 882 570 938 passa
599 876 681 921 est
713 864 943 922 Ecclesia
975 880 990 925 ;
1041 872 1096 916 et
1123 861 1209 916 illa
1238 858 1449 930 quidem
1482 855 1653 926 primo
1681 868 1799 923 qua:
1841 851 1997 907 efflo-

416 960 520 1015 ruit
559 958 628 1015 de
655 967 815 1029 gente
840 954 1143 1011 Judmorum
1169 993 1185 1016 ,
1214 952 1282 1008 de
1325 964 1430 1022 qua
1460 958 1513 1003 et
1540 946 1780 1018 Apostoli
1827 942 1999 999 nostri

412 1052 647 1108 fuerunt.
681 1050 756 1105 lbi
790 1050 959 1119 primo
987 1046 1288 1115 Stephanus
1331 1040 1592 1113 lapidatus
1621 1047 1701 1093 est
1731 1036 1862 1105 (Act.
1899 1051 1996 1101 vn,

414 1144 560 1215 58),
610 1150 664 1198 et
707 1141 848 1212 quod
895 1138 1179 1193 vocabatur
1226 1134 1450 1204 accepit.
1504 1130 1808 1201 Stephanus
1855 1127 1999 1182 enim

415 1239 625 1294 Corona
655 1236 868 1291 dicitur.
921 1232 1198 1288 Ilumiliter
1227 1228 1520 1301 lapidatus,
1560 1224 1656 1282 sed
1696 1222 1997 1279 sublimiter

412 1341 715 1388 coronatus.
767 1326 967 1383 Deinde
1014 1327 1065 1380 in
1096 1324 1355 1380 Gentibus
1383 1324 1798 1377 exsurrexerunt
1837 1327 1998 1384 regna

413 1424 682 1488 Gentium,
707 1431 985 1492 antequam
1014 1420 1066 1473 in
1088 1420 1166 1474 eis
1191 1415 1503 1486 impleretur
1521 1411 1662 1483 quod
1687 1408 1997 1480 praedictum

412 1525 549 1581 erat,
576 1515 872 1570 Adorabunt
899 1529 1012 1566 eum
1041 1527 1214 1566 omnes
1239 1525 1379 1579 reges
1407 1516 1593 1569 terrae;
1632 1518 1804 1558 omnes
1831 1510 1999 1573 gentes

412 1609 625 1666 servient
654 1609 699 1664 ei
723 1606 897 1678 (Psal.
926 1622 1069 1671 LXXI,
1104 1603 1194 1677 ll)
1226 1619 1238 1656 :
1268 1612 1322 1657 et
1349 1600 1561 1656 fremuit
1590 1598 1819 1669 impetus
1849 1595 1998 1667 regni

411 1701 557 1756 illius
600 1699 858 1755 adversus
894 1706 1056 1753 testes
1080 1694 1279 1752 Christi
1302 1710 1318 1759 ;
1345 1692 1545 1748 effusus
1574 1700 1656 1745 est
1682 1703 1906 1759 magnus
1947 1693 1999 1742 et

410 1792 612 1849 multus
632 1801 923 1863 martyrum
948 1788 1162 1859 sanguis
1187 1805 1201 1842 :
1225 1800 1330 1855 quo
1354 1783 1545 1851 effuso,
1570 1790 1819 1853 tanquam
1841 1778 2001 1834 semi-

410 1894 535 1939 nata
587 1898 740 1954 seges
793 1881 1049 1937 Ecclesiae
1111 1878 1336 1935 fertilius
1392 1874 1686 1946 pullulavit,
1720 1881 1773 1929 et
1831 1880 1999 1927 totum

410 1975 694 2042 mundum,
723 1975 863 2051 sicut
891 1988 1032 2029 nunc
1056 1971 1437 2042 conspicimus,
1466 1966 1769 2037 occupavit.
1790 1964 1889 2027 ,Ab
1917 1963 1999 2019 his

409 2085 540 2142 ergo
584 2070 713 2125 viris
759 2069 1075 2140 sanguinum
1121 2067 1325 2123 eruitur
1358 2064 1620 2126 Christus,
1671 2075 1778 2115 non
1827 2058 1998 2113 solum

409 2173 585 2235 caput,
618 2164 711 2219 sed
752 2165 910 2219 etiam
942 2175 1155 2232 corpus.
1198 2160 1242 2215 A
1273 2159 1404 2213 viris
1441 2155 1757 2226 sanguinum
1796 2152 1999 2207 eruitur

410 2259 675 2328 Christus,
721 2267 775 2314 et
819 2259 897 2314 eis
924 2258 1013 2328 qui
1045 2255 1278 2320 fuerunt,
1321 2260 1376 2307 et
1419 2252 1499 2306 eis
1536 2248 1627 2321 qui
1654 2256 1796 2314 sunt,
1841 2255 1895 2301 et
1921 2244 2000 2299 eis

409 2352 499 2423 qui
527 2349 686 2405 futuri
716 2359 860 2417 sunt,
889 2350 1094 2406 eruitur
1122 2346 1364 2401 Christus
1386 2386 1402 2411 ,
1433 2352 1489 2399 et
1512 2341 1601 2413 qui
1632 2339 1919 2411 praecessit,
1946 2345 2000 2392 et

409 2444 500 2515 qui
530 2452 633 2510 est,
663 2451 718 2499 et
742 2443 830 2513 qui
858 2450 1113 2497 venturus
1139 2449 1240 2495 est.
1268 2438 1511 2493 Christus
1549 2435 1693 2491 enim
1723 2442 1806 2489 est
1831 2441 1997 2487 totum

410 2552 607 2609 corpus
634 2535 830 2591 Christi
862 2553 874 2590 :
905 2543 961 2590 et
995 2533 1314 2604 quicumque
1343 2544 1484 2583 nunc
1527 2525 1803 2583 christiani
1848 2524 1993 2591 boni,

409 2639 465 2687 et
494 2631 582 2701 qui
613 2638 736 2685 ante
777 2644 908 2693 nos,
940 2638 994 2683 et
1021 2627 1109 2697 qui
1158 2633 1274 2695 post
1321 2637 1418 2678 nos
1462 2619 1622 2676 futuri
1667 2626 1808 2682 sunt,
1858 2624 1999 2670 totus

408 2721 655 2778 Christus
697 2720 903 2775 eruitur
929 2734 957 2771 a
987 2717 1118 2772 viris
1161 2714 1516 2786 sanguinum;
1557 2725 1656 2767 nec
1684 2717 1837 2764 vacat
1885 2706 1999 2762 hanc

408 2827 534 2882 vox,
567 2814 631 2868 Et
660 2831 691 2868 a
716 2813 836 2868 uiris
858 2813 1163 2883 sanguinum
1189 2809 1385 2864 saluum
1413 2823 1492 2861 me
1517 2806 1618 2875 fac.

480 2906 531 2961 6.
563 2903 728 2979 [vers.
753 2903 845 2977 4.]
890 2904 1020 2972 Quia
1062 2919 1174 2958 ecce
1215 2901 1379 2956 senati
1406 2907 1520 2955 sunt
1549 2896 1770 2951 animam
1813 2909 1995 2948 meam.

409 3000 705 3059 Potuerunt
752 3010 970 3064 tenere,
1016 3003 1306 3069 potuerunt
1351 2992 1629 3054 occidere,
1673 2989 1836 3043 uenali
1880 2994 1999 3041 sunt

409 3093 635 3147 animam
674 3107 856 3146 meam.
893 3088 999 3145 Sed
1037 3088 1124 3142 ubi
1162 3096 1278 3153 est,
1321 3081 1599 3153 Disrupisti
1647 3079 1847 3133 vincula
1885 3092 1999 3131 mea

410 3183 584 3256 (Psal.
613 3198 713 3239 cxv
733 3224 747 3247 ,
776 3181 925 3253 i6)?
968 3180 1069 3237 Ubi
1104 3189 1221 3246 est,
1252 3176 1542 3246 Muscipula
1570 3174 1873 3229 comminuta
1902 3179 1995 3237 est,

410 3284 459 3332 et
483 3292 578 3330 nos
607 3275 736 3329 eruti
765 3273 985 3329 sumus?
1023 3271 1126 3328 Ubi
1150 3281 1233 3326 est
1252 3269 1394 3341 quod
1421 3266 1785 3323 heuedicimus
1808 3265 1995 3330 Deum,

409 3369 497 3440 qui
522 3383 624 3422 non
653 3366 790 3421 dedit
821 3382 912 3420 nos
937 3367 993 3419 in
1031 3364 1342 3419 venationem
1367 3360 1595 3416 dentibus
1624 3373 1794 3414 eorum
1826 3356 1994 3425 (Psal.

330 3460 333 3467 ’
378 3476 594 3532 ψυηι,
624 3461 679 3525 7,
703 3458 802 3531 6)?
832 3458 909 3514 illi
936 3457 1152 3530 quidem
1181 3456 1355 3512 venati
1382 3461 1526 3522 sunt,
1555 3453 1649 3509 sed
1675 3453 1727 3508 in
1754 3450 1998 3507 manibus

411 3552 715 3609 venantium
747 3565 851 3606 non
882 3550 1100 3606 dimittit
1133 3549 1225 3620 qui
1250 3547 1479 3603 custodit
1507 3545 1686 3602 Israel.
1723 3544 1857 3612 Quia
1883 3556 1999 3599 ecce

410 3644 574 3700 renati
613 3653 730 3700 sunt
771 3644 996 3698 animam
1022 3659 1186 3698 meam
1209 3656 1229 3696 :
1254 3642 1509 3695 irruerunt
1534 3655 1686 3708 super
1713 3654 1792 3691 me
1819 3641 1996 3709 fortes.

409 3738 527 3795 Non
555 3748 840 3809 utcumque
867 3734 1247 3793 transeundum
1278 3742 1362 3790 est
1386 3732 1454 3787 ab
1484 3732 1566 3786 his
1591 3729 1817 3786 fortibus
1842 3748 1856 3781 :
1880 3727 1999 3784 dili-

410 3841 599 3903 genter
639 3830 1015 3886 insinuandum
1044 3829 1246 3899 estqui
1290 3827 1398 3882 sint
1435 3825 1600 3880 fortes
1642 3815 1997 3894 insurgentes.

410 3923 603 3980 Fortes
624 3964 639 3986 ,
670 3936 834 3991 super
858 3935 1012 3991 quos,
1046 3919 1147 3974 nisi
1174 3934 1335 3989 super
1362 3916 1626 3983 infirmos,
1654 3930 1814 3985 super
1845 3915 1996 3969 inva-

412 4014 571 4079 lidos,
603 4027 764 4083 super
789 4026 893 4066 non
927 4011 1128 4066 fortes?
1165 4010 1234 4065 Et
1259 4008 1542 4063 laudantur
1571 4015 1750 4062 tamen
1776 4005 1994 4070 infirmi,

416 4117 475 4165 et
500 4108 820 4165 damnantur
850 4106 1034 4162 fortes.
1064 4105 1120 4162 Si
1151 4104 1511 4175 intelligantur
1542 4100 1634 4173 qui
1662 4109 1787 4156 sunt
1810 4099 1996 4167 fortes,

414 4204 587 4277 primo
613 4204 787 4275 ipsum
816 4202 1088 4259 diabolum
1114 4200 1371 4257 Dominus
1395 4197 1584 4253 fortem
1609 4196 1744 4252 dixit
1770 4213 1783 4250 :
1809 4193 1997 4262 Nemo,

416 4298 610 4369 inquit,
643 4306 805 4369 potest
846 4297 1038 4351 intrare
1076 4295 1132 4349 in
1173 4294 1379 4349 domum
1424 4292 1592 4364 fortis,
1637 4299 1683 4344 et
1729 4306 1850 4345 vasa
1891 4290 2002 4359 ejus

416 4390 607 4462 eripere
628 4430 644 4457 ,
676 4388 775 4443 nisi
805 4386 945 4458 prius
985 4386 1264 4457 alligaverit
1306 4388 1484 4456 fortem
1523 4381 1737 4455 (Matth.
1762 4396 1856 4446 xu,
1883 4378 1999 4451 29).

416 4483 667 4554 Alligavit
692 4497 822 4554 ergo
863 4481 1054 4537 fortem
1083 4478 1307 4534 vinculis
1343 4475 1721 4533 dominationis
1754 4489 1903 4537 suae;
1949 4481 2003 4528 et

415 4589 541 4633 vasa
585 4577 703 4647 ejus
744 4576 988 4645 arripuit,
1033 4588 1097 4629 ac
1139 4587 1264 4628 vasa
1310 4586 1407 4627 sua
1454 4569 1596 4626 fecit.
1646 4570 1815 4625 Erant
1860 4569 2001 4625 enim

417 4683 606 4724 omnes
650 4669 813 4737 iniqui
852 4682 978 4723 vasa
1007 4665 1233 4728 diaboli,
1266 4663 1356 4735 qui
1397 4662 1680 4719 credentes
1719 4662 1841 4718 facti
1880 4668 2007 4717 sunt

418 4776 543 4817 vasa
591 4760 789 4816 Christi
835 4777 847 4813 :
895 4760 1086 4830 quibus
1114 4758 1399 4828 Apostolus
1445 4757 1593 4821 dicit,
1638 4754 1831 4810 Fuistis
1872 4756 2005 4811 enim

420 4854 694 4925 aliquando
722 4855 963 4920 tenebrae,
992 4869 1124 4906 nunc
1151 4862 1315 4905 autem
1346 4849 1437 4904 lux
1461 4851 1516 4903 in
1540 4849 1759 4904 Domino
1788 4848 2001 4922 (Ep/tes.

421 4965 476 5013 ν,
504 4948 592 5017 8),
621 4947 707 5019 qui
731 4955 876 4999 notas
906 4947 1024 5017 facit
1050 4945 1251 4999 divitias
1279 4960 1397 4997 suas
1423 4942 1478 4995 in
1502 4958 1624 4995 vasa
1653 4940 2008 4995 misericordia

425 5039 602 5111 (Rom.
632 5055 707 5106 tx,
732 5037 848 5109 25).
878 5038 1107 5092 Possunt
1134 5052 1261 5108 ergo
1295 5035 1383 5091 isti
1421 5034 1590 5091 fortes
1630 5034 1869 5104 intelligi.
1899 5033 2005 5090 Sed

422 5141 547 5190 sunt
588 5132 642 5187 in
691 5129 994 5185 hominibus
1039 5128 1252 5199 quidam
1300 5127 1465 5184 fortes
1509 5127 1909 5197 reprehensibili
1953 5136 2008 5183 et

422 5222 714 5280 damnabili
759 5219 1064 5276 fortitudine
1084 5262 1099 5287 ,
1130 5221 1219 5290 qui
1262 5227 1590 5290 praesumunt
1631 5218 1845 5289 quidem
1867 5260 1881 5286 ,
1912 5219 2006 5275 sed

424 5317 494 5372 de
524 5314 804 5385 temporali
830 5311 1101 5368 felicitate.
1129 5310 1245 5367 Non
1266 5311 1418 5367 vobis
1440 5310 1650 5366 videtur
1678 5311 1837 5365 fuisse
1857 5310 2007 5367 fortis

424 5409 577 5471 dives
601 5408 735 5473 iste,
764 5411 854 5476 qui
886 5421 1025 5461 nunc
1049 5420 1114 5461 ex
1146 5405 1433 5475 Evangelia
1460 5407 1713 5461 recitatus
1738 5414 1841 5472 est,
1873 5421 2008 5476 quo-

390 5492 567 5557 niam
593 5499 852 5556 successit
888 5499 935 5553 ei
967 5498 1114 5570 regio
1139 5501 1193 5554 in
1221 5500 1488 5571 opulentia
1532 5499 1838 5554 fructuum?
1879 5499 2006 5556 Per-

428 5591 673 5649 turbatus
700 5591 980 5647 consilium
1024 5590 1408 5647 reconditionis
1446 5592 1682 5659 invenit,
1711 5603 1770 5649 ut
1796 5591 2011 5648 destru-

424 5684 528 5739 ctis
548 5682 817 5738 veteribus
836 5682 1134 5752 apothecis,
1162 5697 1326 5738 novas
1343 5692 1678 5739 construeret
1702 5684 2007 5753 ampliores,

424 5777 609 5845 eisque
647 5773 953 5844 completis,
996 5774 1190 5830 animae
1227 5790 1339 5831 sua:
1373 5775 1617 5831 diceret:
1652 5775 1822 5831 Habes
1851 5777 2013 5831 multa

427 5866 597 5936 bona,
624 5867 839 5930 anima;
873 5865 1113 5936 epulare,
1149 5866 1470 5937 jucundare,
1503 5870 1688 5923 satiare
1715 5867 1881 5939 (Luc.
1910 5883 2009 5937 xu,

1602 428 1625 443 _
1656 367 1712 425 S.
1752 356 2117 420 AUGUSTINI
2158 358 2454 421 EPISCOPI

3586 369 3699 426 698

2112 475 2321 549 16-19).
2350 480 2570 549 Qualem
2612 481 2804 539 fortem
2845 482 3035 540 vides?
3079 484 3214 539 Ecce
3254 484 3401 540 homo
3449 487 3533 558 qui
3587 503 3693 541 non

2105 575 2272 645 posuit
2299 573 2463 630 Deum
2487 577 2773 646 adiutorem
2804 595 2951 633 suum
2968 620 2984 645 ,
3010 579 3099 633 sed
3126 580 3345 648 sperauit
3369 580 3422 633 in
3450 580 3691 635 multitu-

2104 669 2221 725 dine
2247 670 2532 726 divitiarum
2558 689 2786 727 suarum.
2814 671 2949 728 Vide
2970 687 3128 743 quam
3155 671 3306 729 fortis
3326 673 3396 729 sit
3423 691 3438 729 :
3461 672 3530 728 Et
3555 689 3689 745 prae.

2104 761 2282 826 valuit,
2311 762 2499 834 inquit,
2525 765 2579 818 in
2604 764 2823 818 uanitate
2848 781 2943 819 sua
2969 763 3143 834 (Psal.
3169 782 3239 829 LI,
3266 765 3343 838 9).

2175 853 2227 908 7.
2257 853 2393 910 Sunt
2415 862 2469 909 et
2496 855 2582 909 alii
2611 853 2806 923 fortes,
2833 871 2939 911 non
2966 857 3034 911 de
3061 858 3258 913 divitiis
3275 901 3292 925 ,
3325 872 3429 914 non
3460 858 3528 914 de
3554 859 3691 915 viri-

2104 945 2203 1003 bus
2229 948 2503 1017 corporis,
2532 963 2636 1003 non
2675 948 2743 1004 de
2780 949 2958 1019 aliqua
2997 950 3048 1004 in
3089 958 3330 1020 tempore
3362 951 3691 1020 praecellenti

2104 1038 2339 1106 potentia
2364 1037 2651 1108 dignitatis,
2682 1039 2776 1094 sed
2807 1048 3187 1109 prmsumentes
3213 1040 3281 1096 de
3315 1042 3519 1111 justitia
3558 1057 3682 1098 sua.

2106 1126 2216 1183 Hoc
2243 1144 2412 1199 genus
2438 1129 2656 1186 fortium
2684 1132 3000 1200 cavendum,
3032 1133 3397 1202 metuendum,
3431 1150 3688 1192 avemu-

2103 1218 2253 1284 dum,
2283 1236 2388 1276 non
2415 1222 2723 1279 imitandum
2758 1242 2772 1277 :
2810 1227 3275 1295 prmsumentium,
3307 1228 3553 1299 inquam,
3580 1244 3694 1285 non

2104 1310 2169 1365 de
2194 1326 2446 1382 corpore,
2480 1329 2586 1369 non
2622 1314 2691 1372 de
2717 1317 2907 1386 Opibus
2927 1359 2945 1385 ,
2977 1334 3084 1373 non
3128 1318 3196 1375 de
3222 1334 3454 1391 genere,
3485 1337 3590 1376 non
3619 1321 3692 1377 de

2107 1405 2340 1474 honore;
2371 1410 2549 1464 omnia
2573 1411 2717 1466 enim
2749 1412 2848 1466 ista
2881 1413 3000 1483 quis
3024 1428 3127 1469 non
3154 1414 3332 1470 videat
3354 1417 3691 1487 temporalia,

2104 1497 2242 1581 fluxa
2260 1540 2276 1565 ,
2302 1499 2522 1563 cadnCa,
2553 1502 2825 1558 volatica?
2853 1504 2947 1559 sed
2976 1508 3411 1574 praesumentium
3434 1509 3502 1564 de
3526 1509 3691 1579 justi-

2107 1592 2176 1647 tia
2200 1608 2314 1647 sua.
2343 1593 2488 1651 Talis
2511 1593 2764 1651 fortitudo
2798 1597 3072 1667 impedivit
3097 1599 3311 1656 Judmos
3336 1617 3403 1657 ne
3428 1617 3522 1672 per
3550 1601 3696 1658 fora-

2107 1700 2227 1740 men
2256 1701 2384 1741 acus
2412 1686 2679 1744 intrarent
2703 1690 2723 1759 (
2743 1689 2926 1744 Matth.
2960 1708 3049 1746 xu
3070 1734 3085 1759 ,
3113 1691 3238 1765 24).
3281 1693 3412 1750 Cum
3441 1696 3582 1750 enim
3626 1696 3698 1751 de

2104 1792 2164 1833 se
2188 1787 2520 1847 praesumunt
2556 1779 2699 1851 quod
2735 1781 2864 1851 justi
2906 1782 3047 1849 sint,
3074 1792 3129 1839 et
3159 1793 3407 1855 tanquam
3436 1787 3553 1841 sani
3589 1786 3697 1842 sibi

2104 1869 2382 1937 videntur,
2415 1872 2735 1928 medicinam
2764 1884 3176 1942 recusaverunt,
3213 1888 3268 1933 et
3298 1878 3472 1949 ipsum
3516 1879 3697 1935 medi-

2106 1975 2227 2018 cum
2270 1973 2613 2020 necaverunt.
2661 1965 2818 2022 Tales
2863 1982 2991 2039 ergo
3037 1968 3199 2025 fortes
3219 2011 3235 2036 ,
3280 1986 3387 2026 non
3426 1972 3695 2043 infirmos,

2106 2072 2213 2111 non
2242 2059 2386 2113 venit
2412 2074 2605 2116 vocare
2633 2060 2723 2131 qui
2763 2062 2896 2116 dixit
2927 2079 2940 2118 :
2971 2061 3093 2118 Non
3125 2073 3199 2119 est
3222 2080 3349 2135 opus
3371 2067 3509 2121 sanis
3532 2066 3700 2120 medi-

2106 2166 2225 2218 cus,
2253 2151 2340 2206 sed
2366 2152 2499 2206 male
2525 2153 2837 2210 habentibus.
2869 2154 2992 2210 Non
3031 2158 3145 2212 ueni
3169 2173 3346 2213 uocare
3374 2159 3574 2231 justas,
3600 2159 3699 2214 sed

2106 2252 2389 2313 peccatores
2415 2246 2470 2300 in
2499 2248 2858 2316 paenitentiam.
2893 2248 2981 2304 Isti
3014 2259 3170 2307 erant
3199 2252 3363 2308 fortes
3399 2252 3492 2323 qui
3523 2253 3697 2308 insul-

2108 2337 2293 2393 tahant
2319 2338 2591 2409 discipulis
2623 2340 2838 2407 Christi,
2868 2343 2990 2412 quia
3018 2344 3270 2415 magister
3297 2359 3483 2401 eorum
3509 2344 3576 2400 ad
3605 2347 3687 2402 in.

2106 2430 2290 2487 firmos
2311 2433 2562 2499 intrabat,
2587 2442 2643 2490 et
2670 2434 3052 2491 convivabatur
3078 2452 3201 2492 cum
3231 2437 3690 2506 infirmis..Qttare,

2109 2523 2373 2594 inquiunt,
2398 2526 2638 2597 magister
2656 2538 2816 2582 vester
2836 2544 2948 2581 cum
2975 2528 3258 2600 publicanis
3281 2540 3328 2584 et
3348 2532 3696 2601 peccatoribus

2104 2616 2373 2670 manducat
2402 2616 2421 2686 (
2451 2615 2538 2671 Id.
2584 2633 2667 2685 ιι,
2717 2617 2955 2691 ius)?
2996 2620 3041 2676 o
3092 2620 3257 2677 fortes
3309 2606 3501 2694 quibus
3523 2624 3697 2680 medi-

2105 2723 2201 2765 cus
2239 2724 2372 2781 Opus
2402 2726 2506 2767 non
2552 2714 2676 2767 est!
2718 2712 3001 2770 Fortitudo
3039 2715 3138 2770 ista
3170 2731 3276 2771 non
3305 2717 3548 2773 sanitatis
3583 2727 3694 2786 est,

2103 2803 2200 2859 sed
2234 2803 2476 2860 insaniae.
2503 2805 2637 2861 Nam
2666 2816 2721 2863 et
2752 2806 3071 2877 phreneticis
3099 2809 3232 2866 nihil
3259 2810 3445 2867 fortius
3463 2854 3479 2880 ,
3505 2813 3698 2869 valen-

2103 2894 2269 2950 tiores
2310 2905 2436 2951 sunt
2472 2899 2619 2953 sanis
2646 2916 2661 2953 :
2692 2898 2787 2954 sed
2817 2909 3015 2970 quanto
3061 2902 3296 2973 majores
3337 2905 3496 2972 vires,
3542 2914 3700 2961 tanto

2102 2992 2251 3044 inors
2277 2989 2520 3044 vicinior.
2552 2992 2771 3047 Avertat
2800 3008 2929 3064 ergo
2971 2995 3111 3051 Deus
3155 2995 3224 3050 ab
3265 2997 3560 3054 imitatione
3593 3014 3698 3054 no-

2103 3089 2214 3138 stra
2243 3082 2409 3138 fortes
2438 3084 2585 3140 istos.
2619 3085 2935 3142 Timendum
2963 3096 3048 3144 est
3076 3088 3221 3144 enim
3251 3104 3321 3146 ne
3346 3105 3440 3146 eos
3465 3091 3699 3163 quisque

2104 3175 2229 3230 velit
2272 3174 2489 3232 imitari.
2548 3179 2746 3234 Doctor
2796 3190 2973 3236 autem
3028 3181 3374 3249 humilitatis,
3425 3186 3698 3257 particeps

2105 3276 2306 3324 nostra:
2332 3269 2676 3336 infirmitatis,
2703 3270 2909 3327 donans
2933 3274 3394 3345 participationem
3423 3293 3534 3333 sua:
3557 3278 3701 3334 divi-

2104 3362 2318 3428 nitatis,
2352 3362 2419 3418 ad
2464 3361 2567 3420 hoc
2607 3363 2940 3422 descendens
2978 3375 3037 3425 ut
3075 3368 3219 3423 viam
3259 3369 3478 3426 doceret
3513 3378 3569 3426 et
3604 3371 3697 3427 via

2104 3452 2257 3510 ﬁeret
2283 3452 2464 3527 (Joan.
2493 3471 2604 3523 xw,
2633 3456 2741 3529 6),
2772 3459 3003 3514 maxime
3030 3474 3180 3515 suam
3211 3460 3562 3519 humilitatem
3590 3479 3696 3520 no-

2102 3545 2186 3602 bis
2213 3548 2589 3604 commendare
2617 3549 2864 3620 dignatus
2894 3559 2977 3607 est
3000 3569 3014 3618 ;
3045 3560 3100 3608 et
3128 3552 3251 3608 ideo
3273 3568 3305 3608 a
3331 3568 3488 3609 servo
3514 3554 3697 3625 bapti-

2103 3641 2211 3696 zari
2241 3656 2350 3698 non
2375 3641 2693 3714 dedignatus
2716 3652 2801 3698 est
2831 3643 3041 3715 (Matth.
3072 3660 3148 3710 tu,
3180 3646 3292 3716 15),
3323 3653 3384 3701 ιιι
3411 3660 3509 3701 nos
3531 3646 3698 3703 doce-

2102 3744 2186 3790 ret
2229 3735 2471 3791 couﬁteri
2519 3744 2732 3807 peccata
2783 3746 2984 3804 nostra,
3028 3748 3083 3793 et
3129 3738 3384 3798 infirmari
3423 3750 3481 3796 ut
3524 3740 3696 3797 fortes

2103 3827 2289 3895 simus,
2313 3826 2512 3884 habere
2532 3828 2709 3899 potius
2728 3829 2970 3899 Apostoli
2989 3845 3173 3887 vocem
3197 3831 3444 3901 dicentis,
3473 3833 3697 3900 Quando

2102 3919 2353 3988 infirmor,
2383 3927 2500 3973 tunc
2526 3929 2700 3991 potens
2728 3936 2843 3976 sum
2872 3922 2891 3993 (
2906 3922 2950 3976 ll
2974 3921 3091 3977 Cor.
3115 3938 3224 3991 xu,
3247 3924 3369 3992 10).
3411 3925 3697 3994 Quomodo

2104 4028 2233 4083 ergo
2276 4013 2443 4067 noluit
2486 4027 2607 4068 esse
2650 4011 2823 4069 fortis.
2871 4013 2962 4070 Isti
3003 4025 3183 4073 autem
3226 4017 3315 4087 qui
3368 4015 3532 4073 fortes
3570 4032 3699 4074 esse

2103 4106 2405 4169 voluerunt,
2437 4103 2490 4160 id
2520 4113 2623 4173 est,
2666 4106 2756 4176 qui
2784 4105 2852 4162 de
2893 4121 2986 4162 sua
3025 4106 3220 4163 virtute
3248 4117 3571 4177 praesumere
3600 4125 3699 4165 vo-

2105 4198 2319 4253 luerunt
2346 4205 2598 4268 tanquam
2622 4197 2771 4267 justi,
2802 4197 3139 4255 offenderunt
3178 4200 3231 4255 in
3261 4199 3491 4272 lapidem
3517 4200 3695 4257 offen-

2106 4291 2271 4346 sionis
2300 4289 2474 4362 (Rom.
2506 4305 2581 4357 ιχ,
2612 4290 2705 4361 52)
2734 4308 2749 4348 :
2779 4300 2832 4347 et
2875 4290 3061 4347 haedus
3086 4292 3232 4348 visus
3257 4303 3342 4349 est
3379 4294 3457 4350 eis
3484 4295 3697 4366 Agnus,

2106 4392 2159 4437 et
2199 4383 2320 4453 quia
2357 4382 2520 4437 veluti
2570 4382 2780 4438 haedum
2823 4384 3165 4451 occiderunt,
3214 4386 3282 4441 ab
3310 4388 3461 4458 Agno
3500 4387 3696 4444 redimi

2108 4492 2211 4532 non
2243 4486 2572 4533 meruerunt.
2617 4478 2718 4547 Ipsi
2748 4487 2882 4536 sunt
2925 4494 3053 4550 ergo
3082 4479 3268 4545 fortes,
3297 4482 3386 4552 qui
3424 4483 3701 4537 irruerunt

2096 4569 2267 4644 super
2294 4571 2563 4627 Christum
2585 4613 2599 4638 ,
2625 4572 3066 4630 commendantes
3089 4573 3349 4644 justitiam
3376 4590 3547 4630 suam.
3575 4575 3697 4631 Au-

2107 4664 2217 4719 dite
2242 4666 2405 4720 fortes
2434 4665 2563 4720 istos
2589 4681 2603 4720 :
2625 4663 2755 4719 Cum
2783 4664 2997 4734 quidam
3017 4665 3408 4738 Jerosolymitm
3429 4666 3698 4737 dicerent,

2108 4757 2256 4811 missi
2298 4756 2367 4812 ab
2405 4757 2484 4812 eis
2524 4755 2591 4811 ad
2634 4755 3142 4827 apprehendendum
3170 4758 3459 4826 Christum,
3504 4770 3559 4816 et
3586 4776 3700 4818 non

2110 4849 2369 4905 audentes
2410 4848 2815 4919 apprehendere
2859 4850 3020 4920 (quia
3064 4850 3280 4921 quando
3322 4852 3520 4920 voluit,
3566 4861 3702 4910 tunc

2110 4943 2475 5014 apprehensus
2495 4952 2605 5007 est,
2632 4946 2722 5015 qui
2764 4959 2887 5000 vere
2934 4942 3084 4999 fortis
3129 4944 3266 5016 erat)
3301 4964 3315 5000 :
3346 4945 3516 5013 Quare
3550 4935 3733 5019 ergo,.

2113 5035 2377 5107 inquiunt,
2411 5054 2511 5091 non
2537 5053 2653 5090 eum
2682 5037 2914 5107 potuistis
2941 5036 3319 5107 apprehendere
3336 5039 3363 5092 ?
3390 5037 3457 5093 Et
3482 5054 3702 5110 respon~

2112 5130 2294 5184 derunt
2327 5146 2344 5183 :
2378 5130 2542 5184 Nemo
2575 5146 2799 5201 unquam
2827 5130 3083 5184 hominum
3111 5131 3187 5185 sic
3212 5130 3409 5185 locutus
3438 5140 3544 5199 est,
3571 5131 3705 5187 sicut

2110 5222 2217 5276 ille.
2251 5220 2320 5276 Et
2353 5221 2426 5275 illi
2468 5220 2634 5277 fortes
2665 5240 2679 5276 :
2715 5220 2976 5290 Numquid
3014 5221 3196 5290 aliquis
3227 5220 3607 5277 Pharisaorum
3649 5224 3704 5277 in

2114 5317 2261 5371 illuni
2299 5316 2547 5389 credidit,
2574 5324 2663 5369 aut
2687 5315 2869 5387 aliquis
2895 5315 3209 5380 Scribarum,
3241 5316 3339 5370 nisi
3365 5317 3585 5387 populus
3611 5318 3709 5372 iste

2115 5409 2337 5464 nesciens
2370 5407 2555 5478 Legem
2583 5406 2758 5478 (Joan.
2782 5424 2855 5462 vn
2876 5450 2891 5475 ,
2920 5407 2989 5463 45
3010 5438 3031 5449 -
3054 5407 3124 5463 49
3140 5408 3179 5480 ).
3208 5409 3619 5481 Prmposuerunt
3643 5426 3707 5465 se

2117 5501 2285 5556 tnrha:
2318 5499 2545 5555 infirmae
2573 5500 2640 5556 ad
2670 5500 2935 5556 medicum
2956 5501 3191 5555 currenti
3220 5520 3233 5557 :
3261 5500 3421 5566 unde,
3450 5501 3550 5557 nisi
3575 5504 3705 5573 quia

2117 5596 2215 5666 ipsi
2245 5595 2407 5650 fortes
2428 5594 2614 5650 erant?
2638 5605 2691 5651 et
2714 5593 3024 5651 fortitudine
3042 5610 3158 5663 sua,
3188 5595 3327 5666 quod
3354 5605 3436 5651 est
3460 5596 3701 5665 gravius,

2118 5702 2330 5742 omnem
2361 5688 2519 5742 etiam
2550 5687 2758 5742 turbam
2789 5689 2838 5742 in
2869 5704 2929 5744 se
2954 5688 3321 5757 traduxerunt,
3350 5698 3404 5745 et
3432 5690 3701 5746 medicum

2118 5778 2355 5833 omnium
2388 5779 2713 5834 occiderunt.
2756 5778 2859 5835 Sed
2887 5789 2941 5834 et
2981 5780 3071 5836 ille
3098 5797 3164 5836 eo
3192 5781 3331 5852 quod
3358 5781 3570 5837 occisus
3595 5792 3699 5849 est,

2120 5867 2188 5925 de
2215 5870 2475 5939 sanguine
2513 5884 2612 5927 suo
2637 5869 3083 5929 medicamentum
3121 5873 3248 5930 fecit
3287 5874 3521 5943 παι-οῦς.
3549 5872 3703 5931 Irru-
