4038 6474
194 431 282 489 091
1277 407 1672 467 ENARRATIO
1709 405 1774 464 ΙΝ
1813 405 2136 464 PSALMUM
2174 404 2352 462 LVIII.

196 552 321 601 erunt
350 555 505 609 super
534 553 612 590 me
639 539 812 607 fortes.
859 529 964 584 Hos
994 527 1228 582 maxime
1270 523 1437 578 fortes
1465 520 1760 586 advertite;

195 649 240 692 et
265 635 436 690 videte
464 639 640 683 utrum
671 626 737 680 de
766 623 870 678 ulla
898 635 955 676 re
986 615 1415 690 praesumendum
1447 613 1515 667 sit
1543 610 1766 678 homini,

198 725 393 797 quando
425 737 526 776 nec
546 720 613 774 de
639 715 841 787 justitia
875 708 1300 782 prtesumendum
1329 713 1429 760 est.
1457 703 1574 758 Jam
1600 703 1771 757 videte

199 821 273 875 ubi
313 820 526 888 jaceant
557 815 938 883 praesumentes
971 804 1041 859 de
1070 802 1286 866 divitiis,
1314 799 1382 854 de
1420 798 1619 852 viribus
1645 811 1768 850 cor-

199 886 360 982 poris,
393 909 462 962 de
490 904 767 960 nobilitate
796 897 1006 970 generis
1025 938 1040 963 ,
1083 894 1151 949 de
1189 891 1448 962 dignitate
1478 889 1656 944 saeculi
1679 886 1770 982 ,Asi

198 980 274 1076 qui
320 1003 388 1058 de
430 1003 544 1071 ipsa
587 995 790 1068 justitia
828 1001 1078 1061 tanquam
1118 987 1184 1041 de
1224 1000 1322 1076 sua
1348 980 1767 1076 praesumpserit,

199 1071 343 1150 cadit.
375 1092 646 1145 lrrnerunt
675 1101 827 1155 super
851 1099 932 1136 me
959 1083 1134 1152 fortes.
1164 1077 1244 1131 Ex
1275 1075 1376 1129 illis
1419 1073 1639 1128 fortibus
1676 1071 1773 1124 fuit

199 1188 276 1242 ille
302 1187 444 1240 vires
471 1197 597 1238 suas
622 1180 828 1251 jactans
860 1193 872 1227 :
907 1173 1108 1228 Gratias
1144 1170 1252 1236 tibi,
1302 1166 1504 1236 inquit,
1532 1179 1628 1234 ago
1653 1162 1773 1231 quia

200 1295 287 1333 non
311 1294 426 1331 sum
453 1276 580 1329 sicut
609 1271 772 1326 cteteri
813 1267 1103 1330 hominum,
1141 1260 1320 1331 injusti
1339 1301 1355 1327 ,
1383 1267 1608 1328 raptores
1628 1295 1644 1322 ,
1677 1253 1771 1307 ad-

201 1371 330 1424 ulteri
351 1409 368 1434 ,
395 1369 525 1422 sicut
552 1375 598 1418 et
625 1361 935 1416 Publicanus
959 1359 1052 1411 iste
1079 1373 1092 1409 :
1126 1354 1308 1425 jejuno
1349 1351 1423 1404 bis
1452 1351 1504 1402 in
1545 1345 1770 1410 sabbato,

201 1461 405 1514 decimas
432 1457 498 1510 do
524 1454 746 1509 omnium
772 1465 884 1519 qua:
909 1445 1157 1519 possideo.
1189 1442 1323 1497 Vide
1351 1439 1541 1495 fortem
1571 1439 1774 1505 jactan-

201 1564 291 1607 tem
318 1551 463 1604 vires
493 1561 618 1603 suas
651 1563 664 1598 :
693 1553 875 1600 contra
901 1555 1029 1595 vero
1056 1540 1209 1607 longe
1236 1543 1465 1590 stantem
1502 1531 1770 1586 inﬁrmum

202 1643 438 1708 attende,
487 1649 542 1694 et
597 1636 896 1691 humilitate
953 1631 1410 1702 propinquantum.
1462 1625 1773 1679 Publicanus

203 1747 381 1799 autent,
418 1733 624 1804 inquit,
651 1730 714 1784 de
741 1728 1012 1799 longinquo
1038 1723 1234 1789 stabat,
1263 1732 1309 1775 et
1346 1737 1435 1775 nec
1462 1717 1634 1774 oculos
1659 1732 1776 1771 suos

202 1827 398 1882 audebat
430 1827 485 1878 in
513 1822 692 1878 caelum
731 1822 928 1886 levare,
959 1817 1047 1872 sed
1074 1814 1376 1888 percutiebat
1405 1823 1574 1884 pectus
1604 1827 1773 1876 suum;

203 1924 356 1975 dicens
383 1935 403 1974 :
433 1917 570 1972 Deus
587 1959 601 1980 ,
629 1915 878 1987 propitius
904 1922 1007 1966 esto
1032 1910 1156 1963 mihi
1186 1908 1454 1978 peccatori.
1478 1906 1636 1959 Amen
1663 1904 1775 1958 dico

201 2017 340 2079 vobis,
375 2011 634 2067 descendit
649 2009 964 2080 justi/lentus
986 2004 1300 2058 Publicanus
1325 2000 1415 2056 ille
1441 2000 1599 2070 magis
1624 2014 1777 2068 quam

202 2112 274 2164 ille
300 2107 614 2162 Pharisteus.
654 2102 722 2158 Et
745 2101 866 2156 vide
889 2100 1150 2171 justitiam
1183 2114 1194 2150 :
1234 2095 1366 2162 Quia
1405 2092 1565 2147 omnis
1600 2090 1686 2160 qui
1724 2107 1787 2144 se

203 2201 393 2262 eraltat,
436 2193 824 2258 humiliabitur;
869 2200 916 2245 et
957 2189 1042 2261 qui
1087 2205 1140 2243 se
1180 2185 1432 2250 humiliat,
1475 2181 1777 2237 exaltabitur

205 2292 336 2363 (Luc.
363 2306 494 2345 xvut
515 2332 529 2354 ,
559 2287 723 2343 H-M
743 2287 782 2357 ).
828 2284 1104 2339 lrrnerunt
1132 2281 1218 2336 isti
1265 2279 1450 2342 fortes,
1489 2277 1546 2356 id
1577 2285 1660 2331 est
1689 2291 1778 2329 su-

204 2385 358 2456 perbi,
388 2383 479 2453 qui
512 2383 817 2452 ignorantes
847 2377 938 2432 Dei
965 2375 1241 2446 justitiam,
1273 2382 1325 2426 et
1350 2387 1498 2427 suam
1517 2370 1776 2441 justitiam

204 2477 428 2532 volentes
473 2473 798 2529 constituere
821 2510 837 2536 ,
875 2468 1094 2538 iustitiae
1125 2465 1216 2520 Dei
1249 2481 1354 2519 non
1395 2472 1517 2518 sunt
1553 2461 1774 2530 subjecti

206 2568 362 2638 (Rom.
391 2582 446 2631 x,
475 2566 555 2635 3).

267 2663 315 2715 8.
363 2658 526 2732 [vers.
556 2654 646 2728 5.]
692 2653 829 2723 Quid
859 2651 1092 2708 deinde?
1138 2649 1318 2720 Neque
1355 2648 1616 2722 iniquitas
1642 2663 1774 2712 mea,

206 2771 346 2826 neque
368 2760 630 2822 peccatum
654 2765 838 2811 meum,
867 2745 1106 2801 Domine.
1133 2743 1404 2799 lrrnerunt
1427 2741 1637 2811 quidem
1671 2739 1778 2793 for-

205 2855 275 2902 tes
298 2846 361 2900 de
381 2843 587 2913 justitia
615 2856 710 2895 sua
741 2847 1128 2910 praesumentes
1148 2877 1162 2900 ,
1190 2836 1460 2888 irruerunt
1479 2875 1494 2896 ,
1528 2831 1621 2886 sed
1649 2845 1776 2901 pec-

205 2950 364 2994 catum
399 2938 452 2992 in
491 2952 576 2990 me
611 2949 714 2988 non
746 2933 1084 2986 invenerunt.
1115 2927 1247 2984 Nam
1277 2928 1460 2996 utique
1483 2925 1552 2978 illi
1586 2923 1772 2990 fortes,

206 3032 252 3086 id
288 3040 362 3085 est
387 3029 536 3084 velut
571 3027 699 3096 justi
742 3039 906 3096 quare
938 3029 1154 3092 possent
1196 3019 1444 3090 persequi
1485 3017 1774 3083 Christum,

206 3123 294 3177 nisi
317 3120 462 3193 quasi
495 3116 868 3189 peccatorem?
895 3114 1001 3169 Sed
1043 3124 1217 3167 tamen
1257 3111 1330 3165 illi
1361 3109 1592 3164 viderint
1617 3123 1775 3178 quam

210 3216 358 3269 fortes
383 3215 488 3268 sint
519 3210 847 3266 immanitate
877 3207 1060 3273 febris,
1090 3220 1194 3259 non
1225 3203 1474 3258 ﬁrmitate
1500 3201 1774 3257 sanitatis:

209 3308 418 3362 viderint
441 3305 516 3360 illi
547 3319 704 3374 quam
730 3301 896 3356 fortes
925 3301 1052 3363 sint,
1083 3307 1136 3352 et
1165 3305 1416 3366 tanquam
1445 3294 1568 3365 justi
1591 3303 1774 3346 contra

209 3402 423 3472 iniquum
469 3398 776 3453 saevierunt.
821 3393 924 3449 Sed
958 3402 1131 3446 tamen
1164 3406 1321 3460 neque
1362 3389 1601 3458 iniquitas
1643 3404 1776 3454 mea,

211 3514 350 3568 neque
367 3503 626 3568 peccatum
647 3507 832 3553 meum,
860 3487 1092 3542 Domine.
1119 3485 1243 3540 Sine
1268 3484 1531 3553 iniquitate
1554 3482 1775 3551 cucurri,

211 3599 250 3642 et
276 3588 519 3658 dirigebar
543 3586 585 3640 ¹.
612 3583 692 3639 Illi
714 3597 841 3650 ergo
867 3579 1033 3634 fortes
1061 3587 1364 3631 currentem
1392 3591 1476 3629 tne
1500 3573 1648 3644 sequi
1672 3588 1776 3628 non

211 3686 478 3748 potuerunt
507 3694 520 3729 :
551 3675 674 3731 ideo
714 3680 1047 3744 peccatorem
1078 3674 1432 3739 putaverunt,
1463 3666 1584 3736 quia
1618 3665 1778 3720 vesti-

211 3771 279 3840 gia
307 3785 416 3824 mea
451 3784 557 3823 non
587 3766 852 3820 viderunt.

269 3861 316 3916 9.
359 3858 521 3932 [νει-ι.
549 3854 643 3928 6.]
688 3855 814 3910 Sine
851 3852 1112 3922 iniquitate
1151 3849 1350 3904 cucurri
1373 3889 1385 3912 ,
1415 3857 1460 3902 et
1486 3847 1779 3920 dirigebar:

213 3967 404 4022 exsurge
432 3951 485 4003 in
515 3963 780 4020 occursum
809 3945 966 4006 mihi,
999 3953 1045 3997 et
1070 3941 1198 3996 vide.
1249 3941 1358 3994 Deo
1401 3939 1619 4004 dicitur,
1655 3937 1781 3994 Sine

213 4046 452 4114 iniquitate
497 4041 699 4096 cucurri
719 4083 734 4107 ,
763 4049 811 4094 et
856 4037 1107 4108 dirigebar
1134 4052 1151 4088 :
1180 4051 1390 4106 exsurge
1433 4035 1484 4089 in
1513 4051 1778 4087 occursum

214 4139 337 4205 mihi,
355 4149 401 4191 et
415 4137 548 4191 vide.
579 4134 712 4201 Quid
741 4131 928 4188 enim?
957 4130 1013 4185 Si
1043 4145 1145 4184 non
1163 4137 1440 4193 occurrat,
1467 4129 1645 4183 videre
1674 4145 1777 4183 non

217 4232 405 4300 potest?
433 4230 705 4299 Tanquam
738 4229 779 4280 si
812 4225 1112 4280 ambulares
1139 4224 1299 4284 viam,
1323 4231 1374 4277 et
1396 4221 1462 4276 de
1485 4223 1780 4292 longinquo

215 4323 268 4377 ab
299 4325 476 4393 aliquo
514 4320 762 4390 cognosci
812 4333 916 4372 non
960 4331 1149 4386 posses
1173 4357 1187 4379 ,
1220 4315 1482 4370 clamares
1523 4314 1587 4368 ad
1633 4330 1776 4380 eum,

217 4422 258 4467 et
292 4415 540 4469 diceres:
585 4411 819 4466 Occurre
863 4409 1024 4473 mihi,
1071 4417 1124 4462 et
1170 4406 1292 4461 vide
1333 4405 1777 4476 quemadmodum

217 4506 502 4569 ambulem;
556 4518 676 4557 nam
723 4501 933 4572 quando
963 4500 1030 4554 de
1055 4498 1344 4570 longinquo
1395 4514 1481 4555 me
1525 4498 1778 4566 attendis,

217 4610 436 4665 gressum
469 4610 646 4649 meum
677 4592 858 4647 videre
886 4607 990 4647 non
1037 4601 1207 4662 potes.
1259 4589 1405 4645 Itane
1431 4599 1486 4645 et
1516 4592 1651 4645 Deus
1681 4591 1780 4646 nisi

220 4695 537 4753 occurreret,
583 4699 688 4740 non
742 4684 946 4739 videret
991 4699 1149 4752 quam
1199 4683 1315 4736 sine
1363 4682 1638 4753 iniquitate
1684 4681 1783 4736 iste

221 4781 546 4853 dirigebatur,
571 4788 624 4834 et
648 4793 807 4849 quam
834 4777 951 4831 sine
974 4784 1194 4846 peccato
1217 4775 1504 4829 currebat?
1526 4774 1784 4844 Accipere

222 4874 412 4942 quidem
440 4883 492 4928 et
523 4871 624 4926 hoc
654 4883 935 4939 possumus
957 4910 973 4934 ,
1001 4867 1233 4936 Exsurge
1268 4867 1322 4919 in
1347 4882 1608 4919 occursum
1637 4865 1781 4927 mihi,

223 4966 390 5035 adiuva
408 4981 514 5022 me.
540 4963 691 5031 Quod
713 4972 889 5016 autem
915 4959 1136 5025 addidit,
1159 4967 1206 5011 et
1226 4959 1357 5025 vide,
1385 4956 1784 5027 intelligendum

224 5070 323 5127 est,
350 5061 428 5117 fac
451 5059 618 5115 videri
650 5058 790 5128 quod
819 5071 978 5111 curro
998 5097 1012 5119 ,
1041 5053 1124 5109 fac
1155 5054 1318 5109 videri
1366 5052 1506 5124 quod
1547 5052 1783 5119 dirigor;

225 5166 281 5206 ex
303 5152 386 5207 illa
411 5153 576 5224 ﬁgura
606 5166 707 5221 qua
734 5159 789 5204 et
816 5147 944 5202 illud
973 5146 1169 5201 dictum
1197 5155 1278 5200 est
1301 5145 1565 5199 Abraham
1596 5163 1608 5196 :
1637 5142 1788 5197 Nunc

226 5249 410 5314 cognovi
436 5245 571 5316 quod
596 5245 737 5298 times
763 5240 930 5296 Deum
955 5239 1107 5310 (Gen.
1136 5255 1272 5304 xxtt,
1304 5237 1427 5308 12).
1460 5239 1598 5291 Deus
1638 5236 1785 5303 dicit,

228 5333 364 5392 Nunc
387 5338 636 5409 cognovi:
667 5334 841 5400 unde,
882 5333 981 5386 nisi
1026 5332 1147 5402 quia
1179 5345 1320 5384 nunc
1347 5339 1398 5385 te
1443 5329 1544 5384 feci
1587 5344 1788 5399 cogno-

228 5431 401 5483 scere?
441 5429 654 5499 Ignotus
678 5426 820 5480 enim
851 5423 949 5478 sibi
978 5423 1200 5494 quisque
1227 5430 1308 5476 est
1337 5429 1459 5476 ante
1486 5422 1788 5492 interroga-

230 5518 409 5575 tionem
437 5518 764 5580 tentationis,
790 5517 926 5570 sicut
948 5530 1006 5570 se
1033 5515 1220 5569 Petrus
1241 5513 1612 5581 prmsumcndo
1641 5512 1788 5583 igno-

229 5611 382 5677 raliat,
405 5621 455 5666 et
480 5609 722 5681 negando
751 5607 936 5662 didicit
957 5607 1140 5678 quales
1169 5607 1308 5659 vires
1338 5605 1592 5668 haberet;
1623 5605 1672 5659 in
1696 5619 1789 5659 sua

229 5700 331 5768 ipsa
357 5704 664 5760 titubatione
700 5701 959 5757 intellexit
1001 5700 1136 5756 falso
1177 5714 1296 5754 sese
1340 5713 1786 5768 praesumpsnsse:

287 5859 305 5922 ξ
337 5859 549 5922 Plerique
591 5867 718 5921 Mss,
745 5857 1013 5922 dirigebam
1043 5870 1059 5907 :
1085 5863 1135 5907 et
1164 5857 1292 5922 intra
1313 5856 1437 5916 loco,
1472 5855 1789 5922 dirigebatur,

234 5908 677 5988 hbent,dirigebat~
691 5908 968 5986 {pauloque
991 5927 1114 5981 post,
1140 5919 1316 5984 dirigo,
1341 5908 1444 5982 pro,
1463 5908 1664 5984 dirig'or.

3350 413 3455 472 698

1879 519 2023 575 ﬂevit
2065 519 2272 592 (Matth.
2301 534 2448 584 xxvi,
2480 521 2582 586 '55,
2625 520 2719 588 69,
2752 521 2902 593 75);
2945 533 3000 580 et
3036 525 3216 584 ﬂendo
3261 528 3454 584 meruit

1875 611 2145 666 fructuosa
2185 626 2342 666 nosse
2384 613 2527 683 quod
2572 611 2709 680 fuit,
2742 625 2796 669 et
2835 630 2954 672 esse
2999 619 3140 689 quod
3184 633 3288 674 nou
3335 619 3453 676 fuit.

1875 701 2016 772 Ergo
2061 704 2311 772 probatus
2339 703 2625 770 Abraham,
2674 704 2845 761 factus
2891 718 2974 764 est
3018 711 3261 781 cognitus
3308 712 3454 779 sibi;

1875 801 1930 848 et
1953 794 2153 848 dictum
2184 805 2265 850 est
2290 811 2322 850 a
2349 795 2478 859 Deo,
2515 795 2666 850 Nunc
2691 799 2932 869 cognovi,
2964 799 3066 857 hoc
3090 811 3206 868 est,
3235 819 3375 860 nunc
3404 815 3457 860 te

1875 883 1974 941 feci
2020 901 2361 958 cognoscere.
2413 888 2693 957 Quomodo
2740 891 2891 946 laetus
2944 892 3099 960 dies,
3143 896 3284 966 quod
3331 895 3458 952 facit

1877 978 2065 1046 laetos;
2107 990 2164 1035 et:
2186 982 2355 1037 tristis
2383 983 2683 1038 amaritudo
2703 1026 2716 1047 ,
2749 985 2891 1054 quod
2931 987 3211 1042 contristat
3235 998 3454 1058 gustan-

1877 1079 1982 1125 tem
2016 1089 2029 1124 :
2059 1073 2136 1126 sic
2162 1072 2346 1129 videns
2375 1074 2514 1129 Deus
2534 1117 2548 1141 ,
2581 1075 2760 1129 videre
2787 1076 3006 1132 faciens.
3046 1077 3281 1149 Exsurge
3304 1096 3454 1150 ergo,

1876 1164 2076 1234 inquit,
2104 1165 2156 1219 in
2183 1182 2444 1221 occursum
2471 1168 2629 1235 mihi,
2657 1177 2704 1222 et
2730 1169 2859 1224 vide.
2903 1170 3038 1238 Quid
3079 1181 3190 1237 est,
3220 1181 3266 1226 et
3306 1173 3417 1225 vide
3436 1173 3462 1226 .’

1876 1256 1942 1310 Et
1965 1257 2154 1326 adjuva
2201 1275 2305 1320 me.
2353 1259 2404 1314 id
2442 1269 2524 1314 est
2569 1261 2621 1314 itt
2663 1261 2840 1329 illis‘,
2889 1273 2945 1317 ut
2989 1264 3202 1318 videant
3243 1279 3455 1319 cursum

1877 1364 2087 1418 meum,
2115 1362 2404 1420 sequantur
2430 1369 2534 1417 me,
2567 1369 2670 1407 non
2716 1354 2794 1408 eis
2824 1355 3064 1410 videatur
3090 1371 3308 1426 pravum
3341 1372 3461 1414 esse

1876 1443 2018 1512 quod
2065 1455 2266 1498 rectum
2316 1457 2430 1512 est,
2479 1461 2582 1501 non
2621 1447 2700 1501 eis
2728 1446 2971 1502 videatur
3012 1447 3295 1504 distortum
3342 1465 3463 1505 esse

1876 1535 2018 1605 quod
2047 1545 2192 1592 tenet
2216 1539 2451 1608 regulam
2480 1541 2500 1570 ³
2527 1540 2768 1594 veritatis
2797 1559 2810 1595 :
2843 1542 3096 1610 Quoniam
3121 1543 3229 1597 sine
3273 1545 3459 1614 iniqui-

1878 1638 1979 1683 tate
2007 1632 2235 1698 cucurri,
2265 1641 2311 1685 et
2351 1631 2605 1703 dirigebar
2633 1649 2652 1688 :
2675 1649 2890 1706 exsurge
2923 1636 2978 1690 in
3012 1651 3275 1690 occursum
3313 1638 3460 1704 mihi,

1877 1729 1924 1774 et
1951 1721 2082 1776 vide.

1951 1813 2038 1868 10.
2080 1815 2291 1886 Aliquid
2325 1815 2486 1871 etiam
2526 1831 2611 1872 me
2638 1816 2818 1873 dicere
2847 1817 3098 1873 admonet
3136 1819 3187 1873 in
3219 1819 3320 1874 hoc
3347 1820 3464 1876 loco

1878 1908 2066 1978 capitis
2105 1909 2271 1978 ipsius
2313 1910 2480 1964 nostri
2507 1910 2840 1977 sublimitas;
2870 1913 3120 1981 quoniam
3163 1913 3462 1968 inﬁrmatus

1879 2010 2154 2073 estusque
2195 2003 2263 2057 ad
2298 2012 2549 2068 mortem,
2582 2013 2636 2059 et
2662 2005 2952 2074 assumpsit
2991 2005 3313 2060 inﬁrmitatis
3343 2021 3465 2060 car-

1879 2109 2024 2158 nem,
2055 2103 2111 2149 ut
2154 2096 2326 2164 pullos
2377 2096 2673 2151 Jerusalem
2722 2096 3001 2166 colligeret
3046 2097 3142 2151 sub
3188 2096 3300 2150 alas
3341 2111 3466 2152 suas

1883 2198 2130 2258 tanquam
2174 2189 2367 2260 gallina
2398 2190 2662 2244 inﬁrmata
2700 2206 2821 2244 cum
2868 2191 3119 2260 parvulis.
3163 2189 3278 2244 Non
3323 2191 3466 2245 enim

1881 2280 1935 2335 in
1981 2281 2155 2351 aliqua
2213 2297 2311 2335 ave
2352 2283 2454 2336 hoc
2507 2282 2792 2352 aliquando
2839 2283 3236 2351 conspeximus,
3283 2296 3466 2337 earum

1881 2373 2040 2426 etiam
2067 2389 2184 2443 qua:
2205 2373 2478 2428 nidiﬁcant
2502 2387 2627 2430 ante
2648 2375 2832 2430 oculos
2857 2386 3092 2442 nostros,
3125 2376 3263 2429 sicut
3289 2375 3469 2446 parie-

1880 2471 1994 2519 tum
2039 2480 2302 2534 passeres,
2343 2467 2482 2522 sicut
2511 2467 2822 2523 hirundines
2852 2478 3098 2539 tanquam
3137 2484 3329 2523 annua:
3372 2484 3470 2523 no-

1881 2563 2005 2609 stra:
2047 2557 2304 2626 hospites,
2347 2559 2484 2613 sicut
2523 2560 2763 2626 ciconiae,
2804 2561 2942 2616 sicut
2984 2561 3101 2615 alia:
3149 2571 3309 2631 atque
3349 2561 3469 2617 alia:

1881 2663 2006 2701 aves
2032 2665 2149 2718 quae
2177 2659 2302 2704 ante
2331 2651 2518 2705 oculos
2564 2662 2776 2706 nostros
2813 2652 3105 2718 nidiﬁcant,
3135 2661 3190 2708 et
3228 2653 3342 2707 ovis
3381 2654 3467 2707 in-

1881 2739 2079 2805 sidunt,
2113 2740 2284 2808 pullos
2328 2742 2497 2808 alunt,
2531 2744 2669 2797 sicut
2713 2744 2843 2812 ipsae
2873 2744 3136 2798 columbae
3165 2759 3297 2814 quas
3337 2759 3468 2814 quo-

1882 2834 2008 2888 tidie
2034 2834 2307 2900 videmus;
2339 2835 2568 2906 aliquam
2598 2851 2748 2891 avem
2782 2835 3040 2891 inﬁrmari
3068 2852 3188 2892 cum
3233 2836 3468 2907 parvulis

1880 2942 1985 2980 non
2013 2929 2374 2998 cognovimus,
2408 2944 2513 2983 non
2551 2930 2878 2999 aspeximus,
2915 2945 3022 2985 non
3062 2929 3310 2987 vidimus.
3337 2930 3465 2985 Gal-

1881 3017 1984 3071 lina
2017 3019 2283 3086 quomodo
2309 3017 2408 3073 hoc
2441 3019 2638 3075 habet?
2663 3019 2820 3076 Certe
2843 3030 3022 3074 notam
3053 3036 3165 3075 rem
3187 3022 3466 3092 dico,qu:e

1881 3111 1934 3164 in
1962 3120 2249 3181 conspectu
2281 3123 2465 3166 nostro
2492 3113 2727 3182 quotidie
2749 3121 3026 3168 versatur:
3058 3113 3327 3184 quomodo
3354 3127 3468 3166 rau-

1880 3205 2047 3259 cescit
2092 3219 2224 3271 vox,
2281 3205 2550 3275 quomodo
2598 3204 2659 3260 ﬁt
2706 3205 2970 3275 hispidum
3021 3214 3188 3260 totum
3235 3204 3470 3274 corpus?

1880 3297 2222 3367 deponuntur
2256 3298 2373 3363 illic,
2400 3298 2644 3351 laxantur
2667 3297 2884 3367 plumae,
2909 3305 2964 3353 et
2991 3297 3140 3353 vides
3171 3297 3311 3352 circa
3345 3296 3465 3366 pul-

1881 3392 1960 3446 los
2002 3391 2185 3446 nescio
2210 3391 2335 3461 quid
2364 3402 2643 3462 :egrotum,
2674 3399 2728 3446 et
2756 3406 2818 3445 ea
2844 3401 2927 3446 est
2969 3399 3207 3446 materna
3237 3390 3470 3446 cbaritas

1882 3498 2000 3553 quae
2041 3483 2311 3537 invenitur
2353 3481 2651 3538 inﬁrmitas.
2681 3483 2858 3552 Quare
2887 3499 3015 3554 ergo
3061 3484 3332 3550 Dominus,
3368 3483 3470 3538 nisi

1883 3584 2100 3645 propter
2142 3573 2263 3640 hoc,
2292 3574 2488 3644 gallina
2526 3589 2645 3630 esse
2684 3575 2850 3630 voluit
2893 3576 2945 3629 in
2989 3585 3171 3630 sancta
3198 3573 3470 3646 Scriptura

1882 3668 2105 3722 dicens:
2137 3667 2444 3734 Jerusalem,
2485 3665 2807 3735 Jerusalem,
2852 3669 3042 3738 quoties
3084 3668 3223 3723 uolui
3259 3684 3470 3740 congre-

1882 3776 2004 3830 gare
2025 3760 2158 3828 ﬁlios
2181 3757 2316 3827 tuos,
2346 3770 2583 3830 tanquam
2616 3760 2810 3831 gallina
2836 3761 3002 3830 pullos
3027 3777 3143 3816 suos
3165 3761 3258 3815 sub
3279 3761 3408 3826 alas,
3429 3770 3475 3816 et

1883 3852 2090 3906 noluisti
2138 3851 2274 3923 (Id.
2308 3869 2470 3916 xxnt,
2520 3855 2610 3923 37)
2652 3855 2666 3907 ι
2717 3853 3068 3924 Congrcgavit
3117 3865 3296 3910 autem
3355 3870 3475 3909 om-

1884 3960 1980 4000 nes
2007 3954 2213 4016 gentes,
2239 3954 2489 4017 tanquam
2522 3945 2715 4017 gallina
2748 3947 2920 4017 pullos
2947 3963 3093 4014 suos,
3121 3947 3211 4018 qui
3238 3947 3476 4002 inﬁrma-

1885 4045 1971 4090 tus
1999 4046 2079 4091 est
2107 4049 2325 4106 propter
2361 4051 2480 4104 nos,
2511 4037 2780 4108 accipiens
2807 4052 3022 4093 carnem
3049 4053 3079 4092 a
3110 4038 3283 4102 nobis,
3318 4037 3370 4092 id
3396 4047 3478 4093 est

1885 4142 1914 4180 a
1965 4142 2162 4198 genere
2215 4126 2490 4192 humano;
2531 4129 2843 4194 crucilixus,
2891 4137 3261 4198 contemptus,
3309 4129 3478 4198 alapis

1885 4232 2079 4282 caesus,
2111 4216 2428 4286 ﬂagellatus,
2475 4217 2616 4285 ligno
2646 4232 2960 4287 suspensus,
3008 4217 3191 4272 lancea
3229 4219 3479 4272 vulnera-

1888 4315 1989 4362 tus.
2040 4307 2176 4376 Ergo
2219 4306 2319 4359 hoc
2359 4317 2614 4360 materna:
2646 4306 2966 4362 inﬁrmitatis
2997 4316 3099 4371 est,
3130 4323 3236 4362 non
3264 4309 3475 4364 amissa:

1887 4399 2198 4469 majestatis.
2224 4397 2357 4454 Cum
2381 4414 2508 4468 ergo
2531 4398 2650 4454 talis
2672 4407 2816 4454 esset
2839 4399 3101 4466 Christus,
3130 4409 3184 4454 et
3211 4399 3330 4454 ideo
3353 4414 3476 4454 con-

1888 4501 2137 4562 temptus,
2179 4499 2233 4545 et
2259 4490 2379 4545 ideo
2420 4491 2556 4560 lapis
2587 4490 2896 4547 offensionis
2922 4501 2977 4547 et
3020 4501 3169 4562 petra
3215 4491 3474 4562 scandali,

1887 4595 1940 4641 et
1985 4585 2104 4639 ideo
2148 4586 2296 4639 multi
2341 4583 2678 4640 offenderunt
2717 4587 2770 4640 in
2815 4601 2938 4642 eum
2989 4585 3162 4658 (Rom.
3203 4604 3278 4656 ιχ,
3317 4587 3476 4652 52,et

1888 4677 1908 4732 ι
1939 4674 2082 4730 Petr.
2109 4693 2165 4740 ιι,
2195 4677 2249 4746 8)
2275 4693 2288 4728 :
2325 4692 2447 4731 cum
2479 4676 2602 4730 talis
2628 4691 2757 4748 ergo
2782 4687 2944 4745 esset,
2973 4687 3026 4734 et
3055 4689 3230 4734 tamen
3259 4695 3476 4736 carnem

1889 4771 2004 4825 sine
2047 4781 2262 4841 peccato
2305 4772 2650 4842 suscepisset,
2682 4771 2849 4828 factus
2877 4782 2960 4827 est
2989 4775 3254 4846 particeps
3282 4785 3478 4830 nostra:

1893 4865 2234 4932 inﬁrmitatis,
2265 4881 2371 4920 non
2407 4865 2732 4936 iniquitatis;
2767 4876 2823 4920 ut
2850 4882 2913 4920 cx
2940 4881 3006 4922 eo
3030 4867 3172 4938 quod
3203 4869 3479 4924 nobiscum

1891 4961 2304 5015 communicavit
2333 4959 2717 5025 inﬁrmitatem,
2750 4961 2984 5017 solveret
3022 4972 3259 5019 nostram
3287 4965 3482 5035 iniqui-

1894 5061 2075 5108 tatem.
2101 5053 2244 5120 ldeo,
2277 5053 2403 5109 Sine
2427 5054 2692 5122 iniquitate
2718 5055 2941 5122 cucurri,
2973 5065 3020 5112 et
3040 5056 3314 5129 dirigebar.
3341 5058 3480 5126 Quid

1895 5163 2043 5218 ergo,
2071 5147 2363 5203 secundum
2393 5147 2444 5201 id
2472 5146 2613 5218 quod
2647 5148 2786 5202 Deus
2815 5156 2898 5203 est
2928 5164 3032 5204 non
3061 5160 3143 5206 est
3181 5165 3477 5220 agnoscen-

1895 5243 2015 5311 dus,
2056 5252 2109 5299 et
2151 5243 2278 5297 illud
2322 5242 2493 5296 solum
2538 5243 2590 5296 in
2635 5258 2700 5299 eo
2742 5245 3183 5302 considerandum
3225 5253 3310 5302 est
3337 5246 3477 5318 quod

1898 5346 2114 5407 propter
2135 5350 2231 5390 nos
2257 5335 2420 5390 iactus
2455 5345 2556 5401 est,
2583 5353 2688 5391 non
2716 5337 2842 5392 illud
2871 5354 2975 5409 quo
3005 5353 3101 5393 nos
3127 5337 3290 5393 fecit?
3319 5338 3481 5394 Plane

1897 5429 2056 5483 etiam
2103 5427 2229 5482 illud
2275 5427 2721 5483 considerandum
2765 5438 2880 5496 est;
2925 5430 3047 5502 quia
3090 5445 3339 5501 magnum
3372 5432 3484 5502 pie-

1899 5522 2020 5576 tatis
2059 5521 2311 5576 indicium
2339 5532 2420 5578 est
2452 5537 2612 5578 nosse
2654 5525 2773 5594 quis
2819 5539 2914 5594 pro
2961 5533 3012 5580 te
3037 5523 3164 5595 quid
3208 5525 3480 5583 sustinuit.

1896 5614 2013 5671 Non
2043 5615 2361 5686 quicumque
2405 5633 2618 5688 parvus,
2655 5634 2760 5674 non
2801 5632 2898 5689 pro
2938 5626 2991 5674 te
3027 5634 3239 5690 magno,
3263 5619 3354 5676 sed
3383 5636 3482 5692 pro

1895 5795 2217 5909 ϋιίἓιιεε.
2259 5800 2313 5843 At
2351 5799 2481 5856 Lov.,
2514 5793 2690 5847 etoide
2711 5792 2738 5847 7
2768 5794 2953 5858 Attium
2987 5809 3084 5862 me,
3121 5797 3287 5864 iam,
3324 5802 3399 5874 [σε
3430 5816 3482 5858 σε

1950 5871 2182 5969 ’ξῬἵιΙιειέιι
2201 5924 2329 5981 κει,
2355 5917 2539 5984 regula.
