4038 6464
544 367 650 430 690

548 500 604 549 te
633 489 845 549 inﬁrmo
862 488 961 548 ille
987 503 1248 546 summus.
1280 484 1459 555 Quid?
1487 484 1679 542 Factus
1705 481 1990 555 parvulus:
2024 477 2139 532 Hs-

549 583 764 638 miliavit
801 599 884 650 se,
918 582 1094 652 .[actus
1133 580 1368 636 obedienc
1409 595 1563 649 usque
1602 576 1671 630 ad
1713 582 1942 630 mortem.
1972 568 2140 637 Quis?

547 692 710 747 supra
740 675 860 731 audi
887 694 899 730 :
934 675 1037 744 Qui
1062 691 1177 731 cum
1202 672 1258 728 in
1285 674 1452 743 {orum
1483 669 1582 725 Dei
1604 680 1752 735 esset,
1775 682 1877 722 non
1904 663 2141 734 rapinam

547 769 822 824 arbitratus
860 778 937 825 est
972 782 1086 825 ne
1128 767 1337 838 aqualis
1388 763 1517 819 Deo.
1572 763 1715 833 Engo
1760 756 1981 829 aequalis
2027 755 2140 811 Deo

552 862 874 931 semetipsum
905 859 1199 924 em'nmivit,
1244 862 1460 928 formam
1498 854 1627 909 servi
1672 850 1946 920 accipiens,
1985 849 2036 902 in
2066 845 2142 901 si-

552 936 892 1007 militudinem
911 949 1175 1005 hominum
1201 948 1384 1018 (actus,
1404 955 1452 1001 et
1473 943 1645 1003 habitu
1668 943 1895 997 inuentus
1914 948 1966 994 ut
1988 939 2141 997 homo

554 1041 816 1115 (Philipp.
856 1058 915 1109 Il,
964 1041 1135 1112 6-8):
1176 1048 1231 1096 et
1278 1040 1347 1094 ita
1392 1036 1701 1100 exiuanivit,
1748 1042 1806 1090 ut
1849 1038 2143 1087 assumeret

550 1133 701 1205 quod
728 1149 834 1190 non
858 1141 999 1201 erat.J
1026 1148 1134 1189 non
1167 1142 1224 1193 ut
1250 1131 1522 1195 amitteret
1547 1127 1688 1200 quod
1710 1135 1847 1182 erat.
1864 1120 2141 1193 Quomodo

554 1239 683 1296 ergo
713 1223 1045 1281 exinanivit?
1083 1222 1214 1291 Quia
1264 1222 1359 1277 tibi
1406 1221 1526 1279 talis
1568 1218 1846 1289 apparuit;
1894 1215 2016 1286 quia
2046 1212 2142 1267 tibi

552 1315 864 1387 dignitatem
908 1330 1069 1386 quam
1115 1313 1255 1384 apud
1303 1313 1514 1368 Patrem
1560 1312 1739 1376 habet,
1768 1324 1876 1365 non
1922 1308 2141 1362 demon-

554 1407 776 1474 stravit;
820 1408 942 1478 quia
969 1406 1074 1462 tibi
1102 1421 1243 1461 nunc
1270 1405 1467 1461 obtulit
1497 1402 1883 1466 inﬁrmitatem,
1911 1396 2146 1454 servavit

556 1508 780 1572 purgato
827 1510 1012 1571 postea
1053 1499 1372 1556 claritatem.
1416 1497 1512 1553 Ille
1553 1511 1680 1567 ergo
1718 1494 1861 1552 Patri
1903 1491 2142 1562 aequalis,

560 1596 680 1653 talis
717 1603 799 1650 est
836 1593 1011 1665 factus
1035 1612 1049 1648 :
1074 1604 1131 1650 et
1160 1602 1339 1648 tamen
1380 1592 1433 1647 in
1476 1591 1589 1662 ipsa
1628 1588 1935 1645 inﬁrmitate
1979 1600 2145 1656 agno-

560 1687 793 1743 scendus
839 1696 941 1755 est,
975 1703 1081 1743 non
1110 1687 1338 1753 visione,
1370 1684 1464 1740 sed
1503 1683 1642 1749 ﬁde;
1685 1690 1743 1737 ut
1781 1679 1924 1751 quod
1966 1676 2147 1733 videre

564 1779 798 1835 nondum
852 1795 1167 1851 possumus,
1197 1778 1386 1834 saltem
1426 1776 1744 1845 credamus,
1779 1783 1837 1831 et
1874 1770 2147 1828 credendo

561 1869 702 1941 quod
752 1885 855 1927 non
888 1870 1151 1939 videmus,
1179 1869 1341 1925 etiam
1380 1867 1562 1924 videre
1606 1880 1929 1921 mereamur.
1961 1861 2147 1916 Merito

558 1971 905 2034 posteaquam
951 1962 1277 2032 resurrexit,
1318 1961 1395 2016 ait
1438 1959 1616 2015 Mariae
1652 1956 2016 2029 Magdalenae,
2059 1951 2147 2008 cui

561 2052 807 2125 dignatus
850 2061 932 2108 est
984 2053 1229 2123 primitus
1277 2066 1537 2123 apparere
1573 2066 1586 2105 :
1626 2048 1753 2104 Noli
1796 2064 1875 2102 me
1921 2054 2143 2117 tangere,

558 2145 782 2199 nondum
810 2146 943 2203 enim
967 2145 1175 2201 escendi
1211 2144 1280 2199 ad
1308 2143 1516 2199 Patrem
1543 2142 1720 2217 (Joan.
1748 2157 1846 2209 xx,
1878 2140 1988 2211 l7).
2011 2138 2146 2207 Quid

559 2234 812 2292 esthoc?
854 2234 1019 2292 Paulo
1067 2245 1190 2307 post
1230 2250 1351 2290 eum
1382 2234 1634 2291 mulieres
1679 2233 1983 2303 tetigerunt.
2012 2229 2147 2284 Nam

559 2326 847 2384 redeuntes
870 2344 898 2383 a
928 2338 1294 2393 monumento,
1328 2327 1537 2383 obviam
1578 2326 1676 2381 sibi
1724 2324 1921 2379 factum
1952 2323 2146 2377 adora-

558 2428 771 2484 verunt,
799 2429 852 2474 et
890 2419 1053 2489 pedes
1094 2419 1209 2491 ejus
1239 2428 1524 2475 tenuerunt
1566 2417 1781 2489 (Matth.
1821 2432 2014 2483 xxvnt,
2050 2414 2143 2487 9):

558 2508 804 2579 discipuli
855 2510 1016 2565 etiam
1065 2510 1342 2568 cicatrices
1393 2511 1746 2582 palpaverunt
1792 2508 1939 2581 (Luc.
1995 2525 2142 2576 χχιιι,

558 2599 669 2668 59).
700 2599 835 2666 Quid
881 2610 962 2656 est
1007 2616 1156 2673 ergo,
1190 2599 1316 2657 Noli
1364 2617 1443 2657 me
1490 2610 1711 2673 tangere,
1743 2600 1968 2654 nondum
2011 2600 2145 2655 enim

555 2691 761 2746 ascendi
799 2691 867 2745 ad
912 2690 1154 2762 Patrem;
1197 2693 1321 2760 nisi,
1363 2693 1471 2749 noli
1496 2692 1637 2765 quod
1666 2692 1814 2749 vides
1842 2692 1944 2752 hoc
1969 2694 2143 2749 solum

556 2798 642 2837 me
669 2767 911 2854 credere,
952 2801 1018 2842 ne
1044 2796 1098 2843 et
1129 2785 1213 2843 hic
1252 2794 1527 2845 remaneat
1563 2793 1811 2856 aspectus
1846 2793 1965 2841 tuus
1993 2784 2144 2856 quasi

555 2883 724 2930 tactus
752 2877 909 2935 tuus?
940 2858 1165 2933 Ilutnilis
1185 2878 1327 2934 enim
1351 2877 1443 2934 tibi
1461 2878 1665 2944 videor,
1689 2878 1912 2932 nondum
1939 2877 2144 2933 ascendi

556 2967 624 3021 ad
656 2966 883 3038 Patrem,
918 2952 1059 3026 unde
1087 2978 1142 3027 et
1167 2971 1233 3027 ad
1264 2986 1359 3029 vos
1382 2970 1658 3039 descendi,
1689 2978 1742 3026 et
1768 2970 1892 3026 inde
1921 2985 2025 3026 non
2054 2986 2140 3025 re-

555 3062 714 3127 cessi,
739 3061 973 3118 nondum
1006 3063 1129 3117 illuc
1158 3062 1394 3130 ascendi,
1413 3062 1626 3135 quando
1648 3078 1741 3118 vos
1770 3077 1873 3117 non
1903 3061 2140 3118 deserui.

556 3150 715 3205 Venit
762 3168 866 3207 non
913 3153 1189 3220 recedens,
1236 3153 1477 3210 ascendit
1525 3168 1632 3209 non
1679 3153 1987 3209 deserens‘.
2035 3153 2141 3209 Sed

555 3240 683 3315 quid
726 3254 809 3298 est
846 3244 986 3314 quod
1026 3244 1268 3301 ascendit
1311 3244 1378 3299 ad
1418 3244 1671 3301 Patrem?
1716 3243 1938 3311 Quando
1988 3244 2143 3301 nobis

556 3334 844 3391 innotescit
864 3337 1085 3408 mqualis
1112 3337 1278 3392 Patri.
1306 3334 1415 3393 Nos
1443 3338 1582 3394 enim
1613 3337 1949 3394 ascendimus
1977 3336 2138 3406 proﬁ-

558 3428 770 3498 ciendo,
802 3437 879 3513 ut“
899 3429 1000 3485 hoc
1026 3428 1227 3497 videre,
1258 3440 1315 3485 ut
1352 3429 1454 3497 hoc
1496 3430 1811 3500 intelligere,
1845 3439 1900 3485 ut
1927 3431 2033 3485 hoc
2062 3439 2143 3486 ut.
2195 3463 2198 3466 ~

557 3536 786 3590 cumque
819 3508 1014 3591 capere
1054 3518 1345 3578 valeamus.
1386 3521 1509 3578 Ideo
1536 3538 1663 3593 ergo
1692 3522 1895 3601 distulit
1923 3531 2140 3593 tactum,

560 3628 665 3689 non
692 3614 928 3681 abstulit,
956 3631 1057 3672 ηοω
1087 3600 1302 3687 repulit,
1324 3631 1428 3672 non
1459 3617 1689 3687 negavit.
1718 3600 1961 3671 Nondum
1988 3618 2140 3688 enim,

555 3692 745 3776 inquit,
778 3694 982 3782 escendi
1008 3708 1075 3761 ad
1101 3707 1328 3763 Patrem.
1350 3709 1601 3765 Asummo
1626 3710 1751 3764 coelo
1778 3712 1993 3782 egressio
2011 3713 2140 3782 ejus,

555 3794 685 3850 dicit
704 3782 841 3852 alius
861 3780 1121 3867 l’saltnus,
1143 3808 1191 3855 et
1220 3817 1456 3855 accursus
1475 3801 1585 3873 ejus
1613 3817 1769 3871 usque
1796 3804 1864 3856 ad
1892 3819 2145 3858 suamnam

556 3888 671 3941 caeli
697 3886 868 3959 (Psal.
903 3905 1051 3957 xvm,
1082 3890 1156 3963 7).
1196 3892 1466 3948 Summum
1492 3894 1627 3962 cteli,
1657 3893 1708 3949 id
1745 3904 1848 3963 est,
1877 3911 2142 3952 summum

558 3978 610 4032 in
648 3980 896 4037 omnibus
941 3982 1304 4061 spiritualibus
1348 3985 1507 4042 Pater
1534 3992 1679 4043 est:
1722 3987 1847 4045 inde
1888 4004 2145 4048 excursus

556 4071 690 4142 ejus,
722 4080 779 4128 et
819 4088 1072 4133 occursus
1102 4093 1269 4148 usque
1307 4078 1371 4133 ad
1419 4095 1684 4137 summum
1717 4082 1858 4139 cmli.
1900 4082 2146 4143 Occurrit

558 4178 725 4246 usque
750 4165 818 4221 ad
862 4181 1149 4236 summum,
1182 4187 1285 4227 non
1321 4170 1516 4227 dicitur
1556 4173 1655 4228 nisi
1688 4174 1754 4230 dc
1781 4176 1994 4246 aequali.
2042 4177 2146 4233 De-

555 4242 716 4329 nique
754 4274 878 4315 cum
918 4261 1094 4332 aliqua
1134 4261 1417 4334 inmqualia
1443 4279 1835 4335 comparamus,
1865 4277 1921 4324 et
1943 4268 2141 4339 aliquid

555 4349 719 4408 breve
758 4352 825 4410 ad
855 4353 1051 4427 aliquid
1097 4370 1346 4427 magnum
1391 4358 1739 4428 applicamns,
1770 4359 1952 4415 videre
1972 4378 2145 4431 quan-

556 4450 666 4499 tum
715 4444 781 4499 ad
820 4454 1078 4516 quantum
1123 4447 1212 4514 sit,
1243 4450 1289 4503 si
1334 4450 1592 4519 inmquale
1637 4450 2019 4521 invenerimus,
2069 4455 2140 4509 ita

555 4535 791 4615 solemus
845 4538 1011 4609 loqui,
1035 4539 1148 4595 Non
1193 4542 1425 4598 occurrit
1454 4559 1467 4596 :
1496 4542 1540 4597 si
1586 4552 1764 4599 autem
1811 4547 2015 4615 mquale
2046 4548 2135 4615 sit,

552 4612 815 4683 Occ‘urrit.
847 4629 988 4700 Ergo
1016 4648 1253 4687 occursus
1278 4633 1399 4699 ejus
1425 4650 1583 4704 usque
1609 4634 1679 4689 ad
1713 4652 1964 4690 summum
2004 4639 2139 4704 caeli,

552 4717 673 4788 quia
701 4720 918 4789 aequalis
944 4732 1026 4778 est
1054 4723 1216 4779 Patri.
1250 4722 1434 4779 Talem
1464 4740 1522 4781 se
1559 4726 1770 4781 volebat
1806 4728 2143 4786 innotescere

558 4808 801 4864 ﬁdelibus
824 4813 954 4882 Suis,
986 4814 1076 4883 qui
1107 4814 1348 4870 dixerat:
1385 4813 1509 4870 Noli
1535 4833 1612 4870 me
1640 4826 1863 4889 tangere.
1906 4819 2020 4875 Hoc
2049 4837 2141 4874 vo-

499 4960 508 4973 ,
552 4888 695 4956 lebat
746 4892 990 4972 praestari
1041 4921 1069 4961 a
1117 4907 1272 4962 Patre
1304 4907 1548 4964 ﬁdelibus
1577 4908 1706 4978 suis,
1754 4911 1844 4980 qui
1893 4910 2136 4970 diccbat:

508 4984 513 4992 ’
552 4988 789 5066 Exsurge
834 4995 887 5049 in
926 4984 1184 5059 oceursum
1229 4999 1372 5067 mihi,
1419 5009 1463 5054 et
1492 5000 1640 5064 vide;
1688 5001 1960 5057 innotesce
1997 5008 2137 5074 quod

554 5082 647 5141 tibi
675 5078 897 5156 aequalis
926 5088 1045 5141 sim.
1084 5086 1148 5142 Et
1179 5090 1288 5144 vide
1310 5106 1330 5145 :
1364 5091 1489 5161 quid
1518 5100 1620 5158 est,
1649 5090 1716 5145 Et
1746 5094 1899 5147 vide?
1928 5094 2032 5148 Fac
2058 5097 2136 5152 vi-

552 5178 666 5234 deri
692 5170 833 5249 quod
864 5176 955 5235 tibi
1000 5166 1215 5250 aqualis
1242 5182 1364 5236 sim.
1397 5181 1659 5249 Quamdiu
1696 5183 1822 5238 mihi
1862 5184 2137 5256 Philippus

553 5269 715 5325 dicit:
746 5258 966 5326 Ostende
990 5258 1130 5326 nobis
1172 5269 1400 5341 Patrem,
1438 5284 1485 5328 et
1505 5274 1682 5346 stt/ﬁcit
1712 5275 1897 5329 nobis?
1940 5277 2136 5343 Quam-

553 5362 642 5417 diu
669 5379 767 5435 ego
796 5350 993 5433 dicam,
1029 5364 1192 5419 Tanto
1221 5375 1442 5438 tempore
1479 5366 1727 5421 vobiscum
1765 5384 1898 5433 sum,
1947 5380 1993 5423 et
2042 5370 2136 5425 l’a-

553 5466 686 5512 lrem
729 5475 829 5513 non
854 5452 1056 5514 nastis?
1102 5446 1360 5532 Philippe,
1391 5446 1477 5527 qui
1502 5478 1580 5514 me
1608 5462 1759 5526 videt,
1789 5463 1919 5517 videt
1958 5474 2004 5519 et
2032 5462 2134 5535 Pa-

553 5556 676 5603 trem
706 5567 724 5606 :
752 5568 852 5605 non
881 5544 1044 5605 credis
1073 5540 1190 5623 quia
1219 5570 1309 5623 ego
1337 5552 1391 5606 in
1430 5534 1598 5618 Patre,
1624 5563 1669 5607 et
1702 5551 1855 5608 Pater
1894 5555 1946 5609 in
1968 5572 2043 5610 me
2063 5568 2137 5612 est

556 5634 732 5713 (Joan.
769 5660 878 5713 xrv,
902 5634 1101 5716 8-H)?
1131 5636 1181 5701 et
1228 5636 1402 5699 adhuc
1447 5644 1581 5700 forte
1611 5661 1716 5701 non
1748 5648 1919 5703 credit
1957 5666 2133 5721 requa-

549 5790 739 5913 “;eztsc
771 5798 876 5848 uss.
904 5794 1123 5849 sitadd:
1152 5796 1377 5849 mauolt
1405 5794 1651 5861 recedens,
1683 5794 1881 5853 asceizdt
1913 5804 2005 5853 non
2050 5805 2136 5855 tle-

1783 361 1840 419 S.
1884 352 2248 416 Αυςυδτωι
2289 348 2590 410 EPISCOPI

3723 358 3828 417 τοο

2255 473 2378 528 lem.
2416 472 2646 544 Exsurge
2683 473 2736 527 in
2765 488 3027 531 occursum
3050 475 3196 543 mihi,
3227 486 3277 531 et
3309 478 3439 534 ride.
3483 479 3595 537 Fac
3621 497 3710 538 me
3743 485 3829 540 vi-

2246 563 2382 633 deri,
2407 564 2488 618 fac
2515 574 2565 619 te
2596 564 2784 633 videri,
2812 564 2898 621 fac
2924 576 3107 622 notam
3131 567 3438 627 hominibus
3466 574 3827 644 mqualitatem

2246 668 2504 715 nostram.
2533 659 2647 714 Non
2690 668 2874 729 ptitent
2898 659 3065 716 Iudaei
3093 676 3151 717 se
3178 662 3450 721 hominem
3476 668 3826 726 eruciﬁxisss.

2246 750 2500 818 Quamvis
2524 750 2578 807 in
2607 768 2672 806 eo
2698 767 2803 811 non
2844 751 3154 809 cruciﬁxum
3185 755 3274 823 sit,
3316 756 3420 813 nisi
3470 759 3523 813 in
3569 771 3826 830 quantum

2239 842 2411 899 homo
2430 850 2557 899 erat
2579 860 2593 897 :
2622 850 2803 899 mineo
2833 858 2939 898 non
2976 856 3342 916 cognoverunt
3368 863 3526 919 quem
3552 853 3832 909 cruciﬁxe-

2247 945 2397 992 rant.
2428 936 2485 993 Si
2514 939 2657 992 enim
2688 937 3083 1006 cognovissent,
3128 938 3410 997 Dominum
3461 942 3645 1013 gloria:
3699 960 3832 999 nun-

2246 1042 2407 1097 quam
2450 1026 2843 1082 cruciﬁxissent
2884 1028 2902 1094 (
2916 1026 2935 1081 ι
2964 1025 3083 1085 Cor.
3126 1046 3186 1096 tt,
3228 1030 3306 1101 8).
3354 1031 3505 1089 Hunc
3548 1034 3829 1090 Dominum

2244 1118 2430 1188 gloria:
2459 1128 2518 1173 ut
2549 1119 2794 1175 noverint
2824 1118 3009 1176 ﬁdeles
3046 1121 3189 1190 mei,
3224 1120 3456 1195 Exsurge
3476 1125 3533 1179 in
3571 1139 3827 1181 occsa-ms

2248 1210 2394 1275 mihi,
2424 1222 2469 1265 et
2492 1210 2621 1264 vide.

2322 1303 2408 1357 ll.
2451 1301 2516 1355 Et
2554 1312 2608 1357 tu
2647 1300 2866 1357 Domine
2905 1301 3042 1358 Deus
3067 1304 3329 1374 virtutum,
3366 1305 3508 1363 Deus
3535 1305 3725 1364 Israel.
3755 1308 3831 1367 Τι

2251 1394 2391 1450 Deus
2422 1395 2605 1461 Israel,
2637 1396 2729 1466 qui
2758 1411 2864 1451 non
2890 1398 3094 1466 putaris
3138 1399 3241 1454 nisi
3269 1400 3410 1456 Deus
3453 1400 3619 1458 Israel
3645 1402 3813 1458 solius

2251 1488 2339 1557 qui
2370 1503 2477 1543 non
2522 1488 2726 1559 putaris
2754 1488 2858 1544 nisi
2898 1490 3039 1546 Deus
3080 1491 3236 1546 unius
3256 1492 3435 1561 gentis
3461 1509 3581 1563 qua:
3608 1503 3660 1548 te
3686 1493 3829 1559 colit,

2251 1595 2372 1636 cum
2402 1596 2593 1637 omnes
2621 1591 2809 1653 gentes
2856 1582 2995 1639 idola
3044 1583 3243 1650 colant,
3274 1593 3330 1639 tu
3375 1585 3515 1641 Deus
3543 1585 3729 1654 Israel,
3759 1588 3833 1641 in-

2252 1673 2398 1729 tende
2418 1674 2486 1728 ad
2511 1675 2816 1730 uisitandum
2841 1693 3014 1732 omnes
3052 1688 3241 1748 gentes.
3273 1678 3561 1747 Impleatur
3584 1679 3688 1735 ista
3714 1694 3834 1750 pro-

2253 1767 2453 1835 phetia,
2486 1768 2539 1823 in
2564 1784 2668 1840 qua
2718 1769 2880 1826 Isaias
2910 1787 2979 1826 ex
3012 1786 3237 1841 persona
3279 1780 3368 1827 tua
3410 1772 3703 1844 alloquitur
3729 1774 3836 1833 Ec-

2251 1858 2468 1914 clesiam
2520 1872 2684 1926 tuam,
2742 1870 2982 1916 sanctam
3037 1864 3309 1919 civitatem
3365 1873 3543 1932 tuam,
3600 1865 3835 1922 sterilem

2252 1950 2396 2010 illam
2435 1952 2587 2022 cujus
2636 1953 2785 2008 multi
2813 1954 2910 2023 ﬁlii
2956 1954 3185 2023 desertae,
3225 1956 3386 2025 magis
3411 1972 3565 2027 quam
3594 1955 3705 2027 ejus
3727 1972 3838 2027 qua

2254 2042 2399 2098 habet
2446 2043 2630 2098 virum.
2670 2044 2730 2100 Ei
2763 2045 2958 2116 quippe
3006 2045 3207 2101 dictum
3261 2055 3376 2101 est:
3408 2045 3609 2101 Latere
3651 2047 3837 2103 sterilis

2250 2149 2366 2203 qua:
2391 2150 2494 2188 non
2528 2135 2687 2204 paris,
2718 2151 2925 2204 erumpe
2954 2145 3000 2190 et
3036 2137 3270 2190 exclama
3297 2153 3411 2207 qua:
3445 2154 3547 2191 non
3583 2138 3836 2208 portastis;

2250 2226 2371 2295 quia
2403 2226 2550 2280 multi
2578 2226 2675 2295 ﬁlii
2712 2226 2936 2293 deserar,
2977 2227 3138 2297 nugis
3178 2218 3332 2296 quam
3383 2230 3490 2300 ejus
3529 2244 3646 2299 qua
3690 2229 3839 2284 habet

2251 2315 2410 2370 virum
2432 2332 2453 2371 :
2480 2319 2651 2388 magis
2679 2333 2839 2388 quam
2872 2319 3048 2389 gentis
3068 2318 3270 2375 Judzca:
3294 2336 3411 2391 qua:
3438 2320 3599 2378 habet
3640 2322 3838 2388 virum,

2251 2422 2369 2475 qum
2411 2409 2618 2479 accepit
2660 2407 2894 2480 Legbm;
2929 2411 3101 2482 magis
3146 2426 3302 2482 quam
3350 2412 3466 2481 ejus
3498 2413 3673 2484 gentis
3716 2429 3841 2484 qua:

2252 2496 2437 2553 habuit
2463 2500 2764 2556 evidentem
2789 2516 2989 2571 regem.
3019 2502 3152 2556 Nam
3192 2514 3313 2557 tuus
3338 2518 3432 2557 rex
3459 2504 3605 2572 latet,
3633 2514 3688 2559 et
3718 2505 3839 2575 plu-

2251 2606 2338 2646 res
2364 2592 2455 2646 tibi
2497 2591 2589 2649 ﬁlii
2615 2605 2826 2650 suntex
2861 2595 3073 2651 occulto
3100 2611 3319 2667 sponso.
3355 2595 3498 2668 Ergo
3524 2599 3571 2652 ei
3600 2598 3836 2656 dicitur:

2252 2683 2311 2739 Η
2316 2686 2409 2740 ulti
2453 2686 2548 2755 lilii
2577 2687 2803 2754 desertas,
2839 2692 3001 2759 magis
3023 2706 3173 2760 quam
3201 2692 3309 2761 ejus
3330 2706 3444 2762 ante
3480 2691 3626 2747 habet
3653 2691 3837 2746 virum.

2251 2778 2454 2835 Deinde
2486 2780 2727 2851 adjungit
2768 2780 3073 2853 Propheta:
3110 2782 3282 2837 Dilata
3321 2784 3487 2838 locum
3529 2785 3840 2847 tabernaculi

2251 2873 2344 2940 tui,
2376 2882 2423 2927 et
2450 2874 2595 2927 aulas
2634 2876 2649 2905 ⁸
2679 2885 2791 2930 tuas
2818 2877 3014 2947 conlige
3030 2892 3049 2940 ;
3096 2892 3196 2930 non
3226 2887 3297 2931 est
3324 2876 3460 2945 quod
3487 2894 3669 2947 pareas
3698 2894 3718 2932 :
3754 2894 3840 2933 cx-

2250 2965 2395 3018 tende
2425 2966 2625 3037 longius
2662 2968 2917 3038 funiculos
2947 2977 3078 3032 tuos,
3106 2979 3153 3022 et
3180 2969 3325 3039 palos
3351 2970 3546 3025 validos
3569 2971 3839 3036 constitue,

2249 3056 2398 3110 etiam
2426 3066 2573 3128 atque
2592 3046 2743 3113 etiam
2770 3060 2824 3113 in
2849 3059 3110 3115 dexteram
3138 3071 3285 3133 atque
3313 3063 3595 3121 sinistram.
3622 3063 3677 3118 In
3708 3064 3840 3120 dex-

2250 3156 2362 3203 tera
2390 3156 2513 3203 tene
2540 3150 2728 3217 bonos,
2761 3152 2813 3206 in
2850 3153 3064 3208 sinistra
3097 3163 3219 3210 tene
3263 3155 3432 3210 malos
3454 3154 3671 3227 (Matth.
3706 3172 3841 3223 xxv,

2249 3243 2361 3314 55),
2393 3244 2567 3300 donec
2591 3247 2770 3305 veniat
2801 3248 3157 3303 ventilabrum
3191 3247 3299 3320 (Id.
3345 3265 3425 3317 tn,
3463 3249 3591 3321 I2):
3625 3250 3844 3321 posside

2252 3345 2428 3392 tamen
2470 3354 2657 3395 omnes
2700 3347 2912 3409 gentes.
2946 3341 3244 3397 Invitentur
3268 3343 3333 3397 ad
3375 3344 3587 3413 nuptias
3634 3343 3765 3401 boni
3793 3356 3845 3402 et

2251 3430 2401 3499 mali,
2426 3432 2746 3503 impleantur
2782 3435 2982 3504 nuptia:
3013 3436 3434 3493 recumbentium
3465 3436 3575 3509 (id.
3610 3454 3749 3509 ml,
3789 3439 3843 3508 9,

2252 3521 2343 3592 10)
2373 3540 2386 3577 :
2419 3537 2697 3580 servorum
2727 3535 2811 3581 est
2844 3526 3087 3591 invitare,
3117 3527 3324 3582 Domini
3369 3544 3639 3600 separare.
3670 3530 3844 3587 Etiam

2213 3678 2219 3687 ε
2248 3623 2400 3682 atque
2425 3615 2573 3669 etiam
2602 3616 2655 3670 in
2693 3617 2948 3671 dexteram
2992 3627 3139 3688 atque
3167 3619 3426 3674 sinistram
3469 3622 3707 3676 extende.
3745 3623 3843 3679 Se—

2216 3698 2219 3713 ”
2249 3722 2361 3758 men
2387 3708 2520 3761 enim
2545 3718 2686 3762 tuum
2713 3710 3025 3763 hmreditabit
3064 3723 3256 3782 gentes,
3287 3723 3333 3767 et
3355 3714 3580 3771 civitates
3615 3732 3735 3786 quae
3759 3717 3846 3772 de-

2248 3807 2395 3865 serta:
2436 3810 2599 3867 erant,
2642 3801 2945 3858 inhabitabis
2969 3818 2988 3858 :
3015 3804 3246 3860 desertte
3293 3819 3321 3858 a
3368 3805 3499 3873 Deo,
3549 3807 3789 3867 deserta:
3816 3824 3846 3864 a

2249 3887 2811 3958 Prophetis,'dcsertae
2849 3894 2918 3949 ab
2963 3896 3254 3964 Apostolis,
3285 3897 3513 3955 desertae
3558 3901 3627 3955 ab
3666 3900 3847 3959 Even-

2249 3981 2413 4051 gelio,
2441 3983 2612 4052 plena:
2655 3985 2956 4051 dannopiis.
3008 3988 3241 4046 Civitates
3282 4006 3396 4062 qm
3441 3991 3654 4049 desertis
3703 4005 3849 4050 erant

2251 4074 2577 4131 inhabilnbis.
2625 4076 2746 4134 Non
2770 4089 2843 4136 est
2885 4082 3024 4151 quod
3066 4091 3299 4148 metuas;
3342 4086 3635 4154 prmalebis
3671 4090 3849 4149 enim:

2251 4183 2341 4221 nec
2367 4168 2630 4229 erubescas
2663 4173 2802 4240 quod
2827 4174 3138 4230 detestabilis
3184 4178 3359 4248 fueris.
3391 4178 3551 4250 Ergo,
3593 4182 3722 4251 quia
3771 4185 3848 4238 in-

2250 4271 2573 4319 surrexerunt
2607 4281 2761 4334 super
2805 4282 2883 4318 me
2913 4268 2933 4297 ⁹
2964 4268 3140 4337 fortes,
3184 4286 3247 4323 ne
3288 4272 3589 4338 erubescas;
3629 4275 3849 4342 quando

2249 4362 2434 4409 contra
2462 4370 2656 4412 nomen
2694 4357 3044 4414 christianum
3075 4361 3218 4431 leges
3259 4362 3588 4429 ferelntntur,
3622 4367 3845 4434 quando

2248 4447 2536 4517 ignominia
2586 4459 2639 4506 et
2675 4450 2891 4506 infamia
2914 4461 3032 4507 erat
3069 4467 3188 4510 esse
3212 4454 3585 4512 christianum.
3623 4456 3709 4514 Ne
3734 4472 3849 4514 eru-

2250 4539 2418 4595 bescas
2466 4544 2601 4611 quod
2628 4543 2934 4600 detestabilis
2981 4546 3138 4621 fueris
3173 4549 3562 4618 :confusionent
3612 4553 3753 4607 enim
3794 4554 3847 4607 in

2250 4643 2545 4702 perpetuum
2585 4636 2926 4701 Oblivisceris;
2968 4639 3260 4708 ignominitz
3298 4641 3559 4697 viduitatis
3595 4653 3704 4700 tua
3746 4661 3848 4699 non

2249 4725 2346 4779 eris
2375 4742 2582 4780 memor.
2626 4727 2880 4795 Quoniam
2919 4746 3009 4801 ego
3035 4747 3148 4786 sum
3192 4730 3443 4789 Dominus
3471 4736 3555 4804 qui
3595 4738 3739 4807 facio
3764 4749 3848 4793 te:

2251 4818 2498 4875 Dominus
2546 4837 2727 4877 nomen
2770 4832 2839 4877 est
2866 4824 2947 4887 ei;
2994 4833 3041 4878 et
3079 4826 3163 4894 qui
3209 4827 3336 4884 eruit
3364 4836 3428 4893 te,
3458 4829 3566 4897 ipse
3592 4828 3849 4887 Dominus

2252 4910 2387 4966 Deus
2423 4911 2589 4968 Israel
2621 4915 2865 4970 universes
2896 4925 3043 4971 term
3068 4917 3324 4972 vocabitur
3357 4919 3513 4985 (Isai.
3543 4937 3651 4987 Ltv,
3703 4924 3845 4992 1-5).

2249 5000 2316 5056 Et
2345 5012 2397 5056 ttt
2430 5003 2643 5059 Domine
2689 5004 2826 5059 Deus
2856 5006 3116 5070 uirtutum,
3154 5007 3287 5063 Deus
3316 5008 3504 5077 Israel,
3539 5014 3756 5069 intende
3780 5016 3848 5069 ad

2247 5093 2552 5148 uisitandum
2595 5112 2767 5149 omnes
2805 5106 3010 5166 gentes:
3040 5098 3281 5167 intende,
3318 5101 3556 5173 inquam,
3605 5105 3678 5163 ad
3720 5108 3850 5162 visi-

2249 5184 2466 5241 tandum
2492 5201 2678 5241 omnes
2706 5198 2912 5257 gentes.

2322 5277 2405 5333 η.
2454 5277 2569 5333 Non
2600 5280 2882 5333 miserearis
2909 5282 3134 5335 omnium
3159 5284 3247 5354 qui
3281 5297 3559 5354 operantur
3585 5289 3845 5361 iniquita-

2245 5374 2362 5419 tem.
2412 5366 2507 5421 llic
2538 5368 2691 5438 plane
2719 5370 2921 5423 terruit.
2956 5369 3122 5437 Quem
3171 5388 3279 5428 non
3319 5377 3554 5433 terreat?
3592 5380 3734 5447 Quis
3782 5383 3850 5438 ad

2246 5471 2396 5511 suam
2440 5460 2820 5515 conscientiam
2868 5461 3082 5518 rediens
3112 5478 3217 5521 non
3256 5468 3681 5524 contremiscat?
3713 5473 3850 5540 Quze

2246 5548 2454 5603 etiamsi
2492 5549 2595 5606 sibi
2637 5552 2849 5608 conscia
2877 5563 2961 5609 est
2990 5556 3225 5625 pietatis,
3268 5557 3462 5615 mirum
3502 5560 3603 5617 nisi
3633 5562 3849 5635 aliquid

2312 5748 2329 5811 ξ
2366 5744 2551 5811 Aliquot
2575 5756 2701 5809 Mss,
2735 5752 2931 5804 animas.

2244 5809 2437 5935 nisi}:
3119 5827 3390 5947 ἔντε’
3422 5822 3671 5886 “me
3715 5841 3852 5897 ποατ
