4038 6452
288 432 376 492 7M

285 548 496 604 conscia
540 548 611 603 sit
638 547 797 603 etiam
829 543 1144 617 iniquitatis.
1185 543 1519 617 Quicumque
1560 546 1700 601 enim
1741 560 1867 615 pec-

282 648 458 697 catum
489 638 638 709 facit,
672 648 727 696 et
762 638 1097 710 iniquitatem
1134 639 1261 694 facit
1296 638 1347 709 (l
1378 636 1537 693 Joan.
1577 646 1657 704 tu,
1704 640 1781 709 4).
1814 639 1871 694 Si

281 733 423 789 enim
454 728 769 803 iniquitates
788 730 1178 798 observaveris,
1212 730 1455 798 Domine,
1485 730 1731 798 Domine,
1751 730 1872 801 quis

280 820 566 883 sustinebit
612 818 786 897 (Psai.
831 838 1010 892 cxnx,
1056 820 1134 895 3).
1190 822 1259 877 Et
1302 832 1481 878 tamen
1530 832 1716 880 verum
1764 830 1866 892 ρει,

276 930 378 973 nec
412 914 618 973 frustra
665 916 886 982 dictum,
921 924 1021 972 nec
1069 929 1259 971 vacare
1309 916 1527 971 omnino
1567 923 1742 986 potest
1777 922 1871 972 aut

276 1010 498 1082 poterit,
535 1009 661 1065 Non
684 1010 967 1065 niis‘erear'is
996 1008 1219 1065 omnium
1252 1010 1341 1081 qui
1375 1018 1651 1081 cperantur
1682 1009 1873 1084 iniqui-

272 1110 448 1156 tatem.
477 1098 586 1158 Sed
614 1100 740 1158 ecce
776 1102 1026 1157 misertus
1048 1109 1130 1155 eat
1156 1096 1305 1155 Pauli
1336 1100 1424 1170 qui
1466 1099 1639 1171 primo
1672 1099 1866 1157 Saulus

271 1193 604 1265 operabatur
644 1192 976 1265 iniquitatem
1007 1211 1021 1245 :
1051 1191 1175 1263 quid
1207 1193 1361 1249 enim
1380 1191 1503 1248 fecit
1542 1191 1689 1260 boni,
1725 1194 1867 1250 unde

274 1292 679 1356 promereretur
717 1285 929 1341 Deum?
976 1283 1165 1341 Nonne
1208 1294 1422 1341 sanctos
1460 1284 1576 1355 ejus
1623 1285 1690 1339 ad
1723 1298 1868 1341 mor-

274 1386 380 1431 tem
410 1372 762 1432 attraliebati
803 1392 981 1433 nonne
1028 1378 1281 1448 epistolas
1324 1393 1353 1432 a
1403 1377 1732 1448 principibus
1773 1393 1864 1434 sa-

270 1467 556 1526 cerdotum
584 1469 810 1535 ferebat,
844 1480 903 1527 ut
937 1471 1256 1542 ubicumque
1281 1469 1613 1528 Christianos
1637 1471 1864 1529 invenis-

265 1571 367 1632 set,
388 1560 459 1619 ad
487 1577 708 1636 poenam
732 1564 981 1635 raperet?
1017 1578 1196 1623 nonne
1228 1566 1279 1622 id
1303 1580 1486 1637 agens,
1516 1578 1582 1622 eo
1612 1566 1859 1635 tendens,

260 1654 471 1711 caedem
519 1655 730 1727 spirans
767 1666 821 1712 et
859 1655 1141 1724 anhelans,
1178 1656 1316 1713 sicut
1352 1657 1420 1713 de
1457 1656 1550 1712 illo
1586 1657 1860 1728 Scriptura

212 1816 219 1828 ε
259 1748 588 1817 attestatur,
632 1748 699 1806 de
735 1748 872 1806 uelo
900 1758 1121 1806 vocatus
1160 1759 1243 1806 est
1270 1765 1401 1807 voce
1435 1750 1648 1807 sublimi
1670 1794 1686 1819 ,
1713 1750 1861 1821 deje-

256 1840 416 1904 ctus,
458 1840 712 1908 erectus,
744 1846 1078 1907 excaecatus,
1100 1838 1436 1897 'illuminatus
1456 1884 1470 1908 ,
1500 1841 1741 1905 occisus,
1774 1841 1857 1897 vi-

256 1928 512 1989 viiicatus
532 1973 547 2001 ,
568 1931 810 2004 perditus
830 1976 844 2000 ,
871 1932 1113 1990 redditus
1150 1935 1289 2008 (Act.
1321 1933 1443 2006 Ix)?
1472 1933 1590 2003 Quo
1634 1932 1858 1990 merito?

252 2022 404 2081 Nihil
446 2039 550 2088 nos
591 2025 879 2094 dicamus;
926 2028 1098 2100 ipsum
1146 2029 1323 2100 potius
1367 2026 1647 2085 audiamus
1689 2040 1703 2083 :
1755 2027 1857 2095 Qui

253 2117 407 2188 prius
443 2118 523 2188 fui
542 2159 557 2184 ,
584 2117 793 2189 inquit,
827 2119 1175 2191 blasphemus,
1212 2128 1259 2175 et
1292 2128 1603 2191 persecuta,
1639 2128 1685 2175 et
1714 2120 1854 2192 inju-

253 2210 426 2267 riosus
440 2227 462 2278 ;
476 2210 569 2266 sed
586 2206 981 2266 miscricordiam
1000 2219 1298 2267 consecutus
1319 2228 1430 2266 sum
1451 2210 1497 2284 (i
1514 2210 1648 2266 Tim.
1669 2228 1707 2278 ι,
1736 2212 1848 2284 15).

254 2302 454 2372 Certe,
488 2303 610 2359 Non
639 2304 925 2359 miserearis
953 2305 1177 2359 omnium
1204 2305 1290 2374 qui
1315 2315 1589 2376 operantur
1606 2304 1848 2377 iniquita-

253 2405 387 2463 tem,
429 2394 534 2452 hoc
575 2394 781 2452 duobus
825 2395 999 2451 modis
1047 2396 1265 2468 intelligi
1317 2400 1491 2467 potest
1534 2413 1550 2449 :
1587 2398 1700 2453 sive
1728 2399 1848 2469 quia

251 2488 477 2544 omnino
521 2482 664 2544 nulia
705 2488 919 2558 peccata
960 2489 1216 2560 impunita
1254 2490 1505 2562 relinquit
1531 2491 1708 2556 Deus;
1737 2492 1850 2549 sive

250 2579 400 2651 quod
441 2591 527 2635 est
563 2580 806 2651 quaedam
852 2580 1137 2651 iniquitas,
1184 2590 1340 2652 quam
1384 2581 1477 2657 qui
1524 2592 1844 2653 operantur,

248 2671 477 2727 omnino
522 2676 709 2727 eorum
738 2671 881 2728 Deus
904 2686 1015 2727 non
1045 2672 1349 2729 timeretur.
1381 2668 1687 2729 Secundum
1715 2675 1845 2731 istos

248 2763 387 2820 duos
426 2764 655 2830 modos,
695 2765 933 2822 breviter
969 2772 1224 2837 quantum
1246 2766 1499 2836 temporis
1528 2764 1723 2823 sufﬁcit
1746 2766 1843 2823 ali-

248 2855 378 2928 quid
404 2856 691 2928 loquamur
703 2857 961 2914 Charitati
990 2854 1211 2915 Vestra.

325 2948 411 3004 13.
440 2947 695 3021 Iniquitas
734 2951 945 3020 omnis,
972 2960 1131 3022 parva
1173 2960 1431 3023 magnave
1454 2950 1524 3007 sit
1544 2992 1561 3017 ,
1592 2951 1844 3023 puniatur

245 3054 471 3099 necesse
493 3048 599 3110 est,
628 3048 719 3099 ant
748 3044 818 3100 ab
847 3045 964 3116 ipso
985 3045 1200 3123 homine
1219 3048 1532 3117 pmnitente,
1560 3054 1653 3103 aut
1677 3056 1705 3101 a
1729 3048 1840 3105 Deo

242 3135 574 3192 vindicatae.
613 3135 747 3192 Nam
789 3147 845 3194 et
900 3150 1058 3208 quem
1103 3139 1361 3209 panitet,
1396 3140 1553 3211 punit
1580 3140 1835 3212 seipsum.

242 3226 410 3299 Ergo,
436 3227 652 3295 fratres,
679 3230 960 3300 ptuiiainus
990 3238 1169 3285 nostra
1198 3240 1414 3302 peccata
1434 3232 1519 3300 ,si
1548 3228 1838 3304 quierimus

242 3319 667 3375 misericordium
689 3320 802 3376 Dei.
830 3320 948 3375 Non
973 3329 1151 3392 potest
1170 3323 1311 3379 Deus
1329 3323 1572 3380 misereri
1597 3325 1834 3380 omnium

240 3410 580 3479 operantium
609 3410 939 3482 iniquitatem
963 3412 1116 3483 quasi
1146 3412 1423 3470 blandiens
1453 3416 1705 3485 peccatis,
1739 3424 1832 3472 aut

237 3514 350 3557 non
377 3502 659 3558 eradicans
679 3512 917 3574 peccata.
948 3504 1177 3560 Prorsus
1196 3513 1293 3561 aut
1326 3508 1486 3578 punis
1505 3549 1520 3575 ,
1546 3514 1637 3563 aut
1658 3511 1831 3579 punit.

236 3594 336 3651 Vis
360 3612 471 3652 non
518 3597 698 3668 puniat
716 3599 742 3652 ?
770 3597 924 3663 Puni,
947 3606 1026 3655 tu.
1054 3597 1188 3654 Nam
1217 3608 1273 3656 et
1307 3600 1440 3655 illud
1480 3600 1650 3657 fecisti
1692 3601 1833 3673 quod

236 3689 561 3761 impunitum
590 3698 710 3747 esse
738 3700 844 3747 non
872 3693 1043 3763 possit
1071 3709 1084 3746 :
1114 3690 1211 3748 sed
1241 3707 1273 3748 a
1293 3700 1347 3748 te
1365 3693 1616 3762 puniamr
1632 3688 1829 3766 potius,

236 3793 302 3842 ut
329 3786 493 3842 facias
516 3786 659 3858 quod
682 3787 736 3842 in‘
764 3786 855 3843 illo
884 3787 1093 3859 pssime
1121 3787 1379 3859 scriptum
1407 3799 1506 3853 est,
1539 3787 1834 3843 Praemia-

237 3894 355 3936 rnus
402 3881 587 3951 faciem
628 3882 741 3952 ejus
762 3882 817 3936 in
856 3870 1175 3954 confessions
1217 3879 1389 3952 (Psui.
1423 3895 1565 3948 xciv,
1589 3880 1669 3956 2).
1694 3882 1833 3952 Quid

236 3980 324 4027 est
343 4014 360 4039 ,
391 3969 771 4027 Prcvmiamus'
805 3973 989 4044 faciem
1010 3973 1119 4044 ejus
1139 3973 1166 4027 !
1188 3973 1489 4045 Antequam
1513 3974 1630 4045 ipse
1654 3980 1829 4031 atten-

236 4062 335 4119 dat
355 4070 415 4118 ut
454 4063 676 4135 puniat,
717 4071 771 4118 tu
814 4065 1051 4134 praeveni
1091 4064 1397 4120 conﬁtendo
1426 4074 1480 4122 et
1518 4066 1669 4135 puni.
1712 4065 1831 4126 Non

234 4155 588 4211 iliciuveuiat
614 4155 757 4229 quod
792 4156 999 4227 puniat.
1046 4156 1180 4223 Quia
1208 4171 1331 4212 cum
1362 4166 1416 4212 tn
1456 4158 1614 4227 punis
1639 4158 1832 4228 iniqui-

235 4256 426 4317 tatem,
443 4247 581 4305 facis
599 4250 923 4320 aequitatem.
956 4250 1022 4305 Et
1046 4246 1167 4308 ideo
1197 4250 1270 4305 tui
1301 4250 1644 4307 miserebitur
1668 4250 1829 4318 Dens,

235 4342 363 4413 quia
380 4342 489 4413 jam
519 4350 572 4399 te
599 4353 911 4415 operantem
941 4344 1247 4414 aequitatem
1273 4344 1478 4399 invenit
1505 4343 1664 4401 Deus.
1695 4344 1831 4411 Quid

234 4445 358 4504 est,
390 4446 702 4506 operantem
739 4437 1086 4509 (equitatem?
1127 4436 1261 4503 Quia
1304 4436 1411 4492 hoc
1454 4437 1506 4495 in
1550 4446 1603 4492 te
1647 4436 1831 4503 odisti,

234 4528 381 4599 quod
413 4536 466 4585 et
495 4529 583 4585 ille
606 4528 753 4596 odit;
776 4537 834 4583 ut
877 4528 1099 4599 incipias
1140 4528 1356 4599 placere
1393 4528 1503 4584 Deo
1525 4569 1541 4597 ,
1575 4527 1702 4584 dum
1728 4528 1834 4584 hoc

235 4619 297 4675 in
347 4626 401 4676 te
446 4620 607 4691 punis
645 4618 786 4691 quod
836 4616 1080 4691 displicet
1136 4619 1267 4675 Deo.
1318 4618 1449 4674 Nam
1502 4630 1609 4674 nun
1657 4626 1835 4692 potest

240 4711 566 4783 impunitum
625 4713 855 4784 relinqui
915 4721 1193 4783 peccatum
1255 4728 1269 4766 :
1328 4712 1578 4781 quoniam
1644 4728 1831 4768 verum

237 4810 326 4863 est
346 4849 360 4873 ,
420 4804 542 4861 Non
588 4806 870 4862 miserearis
908 4806 1135 4861 omnium
1161 4804 1247 4875 qui
1270 4813 1551 4876 operantur
1589 4805 1830 4875 iniquita-

240 4910 364 4956 tem.

315 4994 403 5049 14.
425 4990 534 5048 Sed
566 4991 836 5047 videamus
858 4990 968 5061 jam
995 4990 1157 5046 alium
1185 4989 1425 5057 modum,
1446 5003 1552 5060 quo
1572 4988 1688 5044 haec
1712 5004 1834 5045 sen-

226 5086 408 5153 tentia
436 5083 609 5156 possit
654 5083 892 5155 intelligi.
924 5082 1017 5138 Est
1057 5081 1300 5154 quietiam
1357 5080 1608 5152 iniquitas
1631 5122 1646 5146 ,
1672 5096 1833 5152 quam

239 5178 334 5247 qui
380 5185 667 5248 operatur,
722 5186 828 5235 non
865 5184 1037 5246 potest
1076 5174 1191 5230 fieri
1232 5182 1297 5229 ut
1347 5174 1669 5229 misereatur
1715 5172 1833 5242 ejus

243 5270 407 5326 Deus.
437 5269 689 5338 Qumritis
738 5268 875 5323 forte
915 5281 1158 5337 quamam
1193 5266 1285 5321 illa
1311 5266 1423 5321 sit?
1452 5264 1569 5335 Ipsa
1593 5264 1835 5320 defensio

239 5369 608 5435 peccatorum.
656 5359 882 5428 Quando
910 5359 1136 5430 quisque
1178 5356 1418 5414 defendit
1457 5364 1670 5427 peccata
1701 5370 1829 5421 sua,

240 5468 493 5525 magnam
542 5452 876 5523 iniquitatem
926 5459 1225 5521 cperatur:
1273 5449 1375 5504 hoc
1419 5447 1654 5503 defendit
1691 5446 1835 5517 quod

240 5546 388 5601 Dens
407 5544 540 5600 odit.
573 5544 643 5599 Et
678 5542 799 5599 vide
833 5558 992 5614 quam
1038 5555 1323 5613 perverse,
1352 5554 1511 5611 quam
1551 5538 1747 5608 inique.
1778 5538 1832 5593 Si

241 5637 371 5709 quid
413 5635 539 5691 boni
574 5634 800 5703 fecerit,
827 5635 930 5689 sibi
955 5635 1068 5689 vult
1102 5633 1392 5703 imputari;
1424 5632 1469 5686 si
1510 5630 1641 5701 quid
1670 5629 1830 5696 mali,

240 5731 381 5786 Deo.
408 5728 541 5785 Nam
579 5727 681 5784 hoc
722 5728 882 5784 modo
919 5726 1210 5789 defendunt
1256 5724 1501 5781 homines
1527 5731 1741 5794 peccata
1765 5735 1834 5789 ex

240 5822 345 5879 Dei
374 5835 622 5894 persona,
654 5819 793 5893 quod
821 5820 968 5893 pejus
994 5829 1096 5874 est.
1129 5818 1264 5885 Quid
1287 5808 1369 5871 eSt
1400 5818 1499 5871 hoc
1520 5816 1543 5870 ?
1562 5815 1728 5869 Nemo
1753 5821 1835 5868 est

239 5913 342 5987 qui
365 5913 563 5973 audeat
581 5900 782 5979 dicere.
799 5902 1005 5971 Bonum
1046 5921 1130 5970 est
1153 5908 1492 5980 adulterium,
1520 5904 1720 5966 bonum
1746 5912 1832 5969 est

1394 426 1787 487 ENARRATIO
1829 428 1891 486 IN
1924 400 2249 490 istim
2280 424 2465 492 Lvm.

1977 545 2320 603 homicidium
2342 592 2357 617 ,
2384 551 2524 606 bona
2568 550 2711 608 fraus
2743 596 2757 621 ,
2787 552 2984 611 bonum
3029 557 3319 630 pedm
3342 559 3564 618 :‘ttulhts

1978 653 2194 707 prorsus
2241 638 2553 709 hominum;
2584 652 2705 700 nam
2749 648 2841 718 qui
2868 647 3029 703 etiam
3059 651 3162 706 ‘ills
3190 650 3421 719 faciunt,
3451 653 3534 709 cia

1976 726 2129 787 mant
2162 733 2375 804 quando
2420 738 2716 806 patiuntur.
2755 736 2988 795 Omnino
3026 754 3156 813 ergo
3190 750 3310 800 non
3340 746 3560 803 invenis

1973 824 2211 881 animant
2250 836 2359 883 tam
2394 834 2737 900 perversam,
2769 841 2875 888 tam
2914 840 3181 891 extorrem
3226 850 3258 893 ιι
3302 840 3559 896 societate

1972 918 2183 986 generis
2209 916 2428 976 humani
2448 924 2502 977 e‘t
2531 932 2561 976 a
2590 922 2994 994 paftidipatione
3030 928 3557 1000 commutantium

1973 1006 2057 1063 ms
2086 1010 2153 1065 et
2188 1010 2377 1078 Adam,
2424 1014 2509 1070 cui
2538 1014 2787 1071 videatur
2804 1016 3008 1072 bonum
3050 1030 3173 1075 esse
3210 1019 3552 1087 adulterium,

1972 1100 2113 1157 sicut
2137 1101 2266 1170 dixi,
2299 1104 2466 1173 fraus,
2489 1109 2697 1178 rapina,
2722 1109 3036 1179 periurium.
3058 1110 3168 1167 Sed
3196 1112 3466 1183 quomodo
3484 1126 3554 1170 ea

1970 1191 2305 1251 defendunt?
2325 1197 2382 1255 Si
2424 1199 2564 1256 Deus
2585 1201 2845 1259 noluisset
2862 1244 2877 1270 ,
2907 1212 3012 1259 non
3034 1204 3092 1258 id
3118 1202 3388 1262 fecissem.
3415 1206 3554 1273 Quid

1969 1286 2049 1341 vis
2077 1284 2264 1343 faciam
2309 1288 2420 1347 fato
2456 1293 2621 1349 meo?
2664 1294 2780 1349 1am
2827 1297 3020 1365 qum-ris
3065 1296 3194 1368 quid
3242 1298 3315 1353 sit
3335 1296 3501 1354 huius
3535 1317 3550 1353 ε

1967 1380 2139 1435 curris
2181 1381 2248 1436 ad
2295 1383 2497 1438 stellas.
2519 1383 2729 1453 Quen-is
2753 1386 2871 1458 Quis
2908 1387 3100 1444 iecerit
3137 1397 3193 1445 et
3217 1389 3554 1446 ordinaverit

1966 1472 2149 1530 stellas
2179 1491 2193 1529 :
2222 1474 2362 1533 Deus
2387 1482 2486 1533 est.
2516 1479 2657 1552 Ergo
2678 1481 2742 1536 ad
2764 1480 2869 1537 hoc
2892 1490 3168 1554 peccatum
3195 1493 3342 1539 tuum
3365 1483 3552 1540 defen-

1964 1562 2066 1628 dis,
2092 1572 2149 1620 ut
2178 1564 2342 1621 Deum
2365 1580 2605 1627 accuses.
2624 1570 2755 1627 ideo
2782 1581 3068 1629 excusatur
3093 1589 3216 1629 reus
3234 1614 3250 1641 ,
3282 1583 3341 1629 ut
3361 1574 3548 1645 culpe—

1963 1665 2050 1710 tur
2068 1656 2250 1727 judex.
2277 1658 2500 1717 Prorsus
2530 1662 2687 1719 talem
2715 1663 3046 1735 iniquitatem
3066 1666 3406 1735 «permissi
3434 1680 3541 1721 non

1962 1749 2244 1805 miseretur
2269 1752 2429 1808 Deus.
2455 1748 2575 1809 Non
2604 1755 2888 1811 miserearis
2914 1757 3139 1811 omnium
3156 1758 3243 1828 qui
3271 1765 3546 1828 operantur

1959 1839 2291 1911 iniquitatem.
2322 1843 2670 1916 Persequere,
2705 1847 2895 1917 inquit,
2921 1856 3137 1918 peccata
3161 1860 3371 1917 eorum,
3389 1848 3542 1920 Ρυηιὶν

1959 1945 2280 2005 compunge,
2311 1947 2563 1994 converte
2590 1938 2708 1995 illos
2726 1948 2854 1994 ante
2878 1952 2937 1995 se
2958 1980 2973 2005 ,
2994 1940 3083 2011 qui
3112 1956 3174 1996 se
3198 1951 3400 2012 ponunt
3422 1950 3546 2011 post

1958 2036 2017 2078 se
2043 2039 2058 2090 ;
2091 2032 2144 2079 et
2170 2026 2486 2083 erubescant
2507 2028 2576 2084 de
2612 2044 2692 2095 se,
2722 2038 2784 2085 ut
2806 2030 3073 2101 gaudeant
3096 2031 3169 2088 de
3189 2040 3265 2089 te.
3296 2030 3420 2087 Non
3438 2033 3541 2085 mi-

1957 2117 2167 2172 ειηαώ
2186 2119 2413 2173 omnium
2437 2120 2525 2189 qui
2553 2124 2833 2189 aperiantur
2857 2122 3195 2193 iniqtn’tatem.

2054 2208 2143 2265 15.
2188 2208 2341 2282 [verm
2392 2209 2472 2284 7.]
2510 2212 2878 2268 Convertuntur
2906 2214 2983 2269 ad
3026 2230 3305 2283 vesperam.
3347 2213 3541 2271 Nescio

1954 2313 2090 2369 quos
2114 2299 2240 2355 dicit
2263 2301 2534 2371 quondam
2576 2313 2891 2373 operatores
2916 2305 3210 2375 inuolutis
3230 2340 3246 2369 .
3276 2316 3334 2361 et
3363 2319 3537 2375 quon-

1954 2390 2077 2446 dam
2122 2392 2371 2448 tenebras
2392 2432 2409 2461 ,
2438 2395 2680 2451 converti
2710 2395 2780 2451 ad
2802 2407 3101 2467 vesperam.
3138 2396 3279 2465 Quid
3321 2407 3440 2464 est,
3470 2398 3540 2453 ad

1953 2486 2261 2555 vespam!
2306 2486 2520 2543 Postea.
2567 2488 2708 2556 Quid
2736 2498 2819 2545 est
2840 2528 2859 2557 ,
2889 2490 2959 2546 ad
2988 2491 3295 2561 vespa-am?
3328 2490 3535 2551 Serius.

1954 2577 2092 2632 Arms
2113 2577 2258 2633 enim
2282 2577 2582 2634 debuerant
2609 2621 2626 2647 ,
2649 2590 2934 2651 antequam
2958 2582 3234 2639 Christum
3256 2582 3540 2653 cruciﬁge—

1949 2674 2110 2735 rent,
2138 2668 2401 2725 Inedieutn
2444 2685 2756 2742 agnoscere.
2797 2671 2974 2740 Quare
3006 2673 3115 2741 iam
3146 2687 3214 2728 eo
3236 2673 3531 2738 cruciﬁxi»,

1949 2768 2263 2829 resurgente
2285 2798 2301 2826 ,
2330 2760 2382 2817 in
2408 2761 2608 2818 caelum
2635 2762 2959 2821 ascendente
2984 2804 3000 2829 ,
3034 2772 3382 2834 posteaquam
3440 2764 3540 2825 mi-

1946 2849 2016 2905 sit
2042 2848 2296 2921 Spiritum
2325 2866 2479 2907 suum
2526 2863 2766 2909 sanctum
2794 2896 2809 2922 ,
2832 2868 2939 2923 quo
2964 2854 3151 2923 repleti
3190 2865 3316 2910 sunt
3344 2854 3422 2909 illi
3441 2854 3531 2925 qui

1945 2942 1999 2997 in
2024 2954 2129 2998 una
2153 2940 2316 2997 domo
2334 2952 2506 3009 eram,
2531 2951 2886 3014 etctepertmt
2907 2944 3054 3014 loqui
3071 2944 3264 3016 linguis
3288 2945 3526 3011 ninnium

1942 3034 2206 3104 gentium,
2230 3042 2559 3106 expaverunt
2584 3034 2929 3094 oruciiixores
2953 3035 3151 3092 Christi
3178 3054 3193 3093 :
3218 3037 3532 3107 φαινοηοιὶ

1942 3134 2069 3181 sunt
2086 3126 2154 3182 de
2172 3125 2501 3185 conscientia
2527 3141 2641 3192 sua,
2672 3126 2953 3183 consilium
2982 3128 3169 3187 salutis
3192 3128 3260 3185 ab
3294 3128 3529 3199 Aposto-

1940 3215 2008 3273 lis
2038 3217 2375 3286 petiverunt;
2416 3217 2702 3274 audierunt
2722 3254 2739 3283 ,
2767 3218 2913 3289 Agite
2953 3219 3330 3289 pauitantiam,
3360 3227 3407 3279 et
3443 3219 3533 3275 ba-

1942 3308 2159 3380 ptizatur
2187 3310 2530 3380 unusquisque
2569 3319 2790 3367 vestrum
2818 3312 2872 3366 in
2899 3312 3102 3367 nontine
3122 3312 3331 3369 Domini
3370 3313 3532 3367 nostri

1939 3401 2066 3461 ηοω
2102 3400 2326 3469 Christi,
2356 3411 2403 3458 et
2435 3402 2753 3465 «(intuentur
2784 3404 2922 3467 vobis
2957 3413 3177 3473 peccata
3199 3404 3524 3475 vestra_(Act.

1939 3511 1999 3561 lt,
2174 3495 2303 3553 Post
2339 3497 2576 3551 occisum
2622 3496 2896 3553 Christum
2921 3537 2935 3563 ,
2962 3504 3083 3569 post
3107 3496 3334 3553 eifusum
3367 3495 3528 3551 Chri-

1939 3587 2011 3644 sti
2054 3587 2369 3662 ssaguinem
2431 3586 2772 3647 dimittuntur
2804 3598 3022 3659 peccata
3053 3598 3251 3647 vestra.
3301 3588 3395 3653 Ille
3449 3589 3528 3645 sic

1938 3684 2102 3740 voluit
2122 3683 2278 3751 mori,
2305 3692 2362 3742 ut
2384 3685 2642 3755 sanguine
2669 3698 2770 3743 suo
2801 3684 2963 3745 etiam
2989 3683 3252 3741 eii‘usores
3278 3682 3520 3754 ejusdem

1937 3776 2210 3848 sanguinis
2235 3776 2544 3835 redimeret.
2576 3777 2812 3835 Fudistis
2850 3778 3138 3837 saevissime
3158 3818 3176 3845 ,
3205 3776 3370 3843 bibite
3397 3791 3528 3834 con-

1938 3869 2169 3927 ﬁtentes.
2200 3869 2388 3927 Merito
2424 3880 2777 3931 convertantur
2814 3871 2882 3929 ad
2912 3886 3227 3943 vesperam;
3253 3880 3299 3926 et
3330 3873 3520 3942 famem

1936 3963 2197 4034 patiantur
2221 3973 2278 4020 ut
2296 3980 2465 4021 conss.
2492 3963 2671 4023 Canes
2692 3962 2893 4022 Gentes
2914 3962 3087 4025 νιικὶιιδί
3115 3962 3382 4033 dixerunt,
3410 3972 3530 4021 tan-

1936 4069 2096 4126 quam
2121 4042 2444 4115 immundos.
2472 4056 2604 4113 Nam
2622 4058 2746 4137 inde
2763 4067 2817 4119 et
2832 4059 2947 4127 ipso
2974 4056 3252 4125 Dominus,
3265 4071 3386 4113 cum
3410 4064 3529 4126 post

1937 4160 2061 4205 euut
2086 4148 2343 4205 clamaret
2368 4149 2547 4207 Chatta
2556 4165 2669 4205 naua
2689 4149 2932 4220 quaedam
2952 4148 3166 4212 mulier,
3192 4163 3295 4203 non
3316 4145 3523 4210 iudica,

1936 4240 2005 4296 ad
2030 4255 2181 4296 stram
2211 4240 2374 4301 ﬁliam
2394 4242 2684 4297 curandam
2710 4250 3026 4301 convertere
3062 4240 3246 4294 volens
3272 4237 3388 4306 ejus
3418 4236 3517 4291 mi-

1939 4332 2329 4400 sericordiam;
2377 4333 2468 4391 ille
2510 4334 2689 4391 omnia
2733 4332 3037 4403 praevidens
3063 4371 3076 4394 ,
3104 4329 3281 4385 militia
3314 4329 3521 4390 sciens,

1937 4423 2035 4486 80d
2061 4425 2220 4486 ﬁdem
2243 4427 2362 4497 ejus
2385 4425 2674 4489 ostendere
2693 4424 2902 4492 volens,
2924 4422 3131 4478 distulit
3163 4420 3476 4495 beneficium
3507 4460 3521 4485 ,

1938 4530 1993 4580 ot
2029 4536 2149 4579 eam
2186 4517 2484 4589 suspendit.
2524 4516 2592 4575 Et
2638 4515 2905 4588 quomodo
2933 4514 3177 4573 distulit?
3221 4511 3343 4567 Non
3388 4528 3522 4576 sum,

1937 4612 2126 4683 inquit,
2158 4610 2360 4676 missus,
2393 4609 2491 4664 nisi
2511 4608 2579 4663 ad
2596 4623 2711 4665 oves
2731 4622 2844 4678 qua:
2856 4590 3115 4677 perierunt
3139 4605 3318 4659 domus
3340 4602 3521 4658 Israel.

1939 4703 2126 4770 Israel,
2157 4717 2285 4758 oves
2310 4718 2324 4754 :
2350 4699 2553 4757 Gentes
2579 4740 2594 4767 ,
2618 4698 2788 4771 quid?
2826 4696 2946 4752 Non
2973 4706 3045 4751 est
3085 4697 3271 4751 bonum
3299 4737 3314 4764 ,
3347 4712 3527 4766 panem

1940 4798 2162 4867 ﬁliorum
2188 4797 2383 4850 mittere
2401 4795 2630 4848 canibus.
2657 4793 2857 4849 Gentes
2882 4807 3011 4862 ergo
3035 4805 3194 4848 canes
3220 4790 3524 4860 appellavit,

1941 4896 2162 4959 propter
2203 4885 2619 4943 immunditiam.
2660 4883 2797 4952 Quid
2841 4894 3019 4939 autem
3047 4882 3137 4939 illa
3182 4881 3373 4937 mulier
3400 4896 3525 4941 esu-

1939 4980 2127 5037 riens?
2173 4979 2286 5035 Hoc
2323 4979 2491 5055 magis
2520 4994 2625 5037 non
2662 4975 2853 5047 repulit
2895 4994 2908 5029 :
2967 4975 3204 5045 suscepit
3257 4973 3527 5028 humiliter

1940 5070 2273 5136 convicium,
2327 5079 2383 5126 et
2427 5068 2621 5124 meruit
2666 5067 3004 5123 beneficium.
3055 5066 3237 5137 Neque
3283 5065 3422 5118 enim
3475 5072 3528 5116 et

1939 5162 2241 5229 convicium
2286 5158 2415 5219 illud
2452 5156 2738 5217 dicendum
2783 5168 2933 5226 erat,
2963 5158 3104 5228 quod
3134 5173 3163 5210 a
3191 5155 3414 5209 Domino
3436 5151 3520 5207 di-

1940 5264 2083 5315 ctum
2109 5261 2246 5309 erat.
2276 5252 2475 5308 Servus
2504 5250 2550 5306 si
2580 5250 2779 5322 aliquid
2819 5250 2924 5306 tale
2948 5249 3165 5306 domino
3189 5247 3368 5313 dicat,
3391 5258 3525 5299 con-

1943 5350 2135 5405 vicinm
2162 5355 2285 5404 est:
2332 5346 2581 5405 dominus
2621 5354 2799 5403 autem
2844 5360 2966 5401 cum
3009 5342 3113 5423 tale
3149 5339 3345 5410 aliquid
3372 5352 3528 5393 servo

1940 5442 2090 5510 dicit,
2117 5441 2353 5511 dignatio
2380 5440 2554 5510 potius
2579 5439 2682 5496 dici
2710 5447 2904 5513 potest.
2936 5436 3043 5504 Ita,
3072 5434 3262 5504 inquit,
3288 5428 3524 5485 Domine.

1940 5533 2078 5603 Quid
2108 5545 2212 5599 εει,
2235 5531 2349 5587 ita?
2382 5531 2575 5587 Verum
2600 5532 2735 5588 dicis
2759 5572 2773 5596 ,
2800 5543 3020 5607 prorsus
3046 5540 3229 5582 verum
3246 5523 3419 5607 dicis;
3442 5536 3525 5575 ea‘

1943 5627 2025 5681 nis
2051 5640 2152 5695 ego
2176 5640 2316 5681 sum.
2344 5623 2449 5681 Sed
2469 5632 2516 5678 et
2545 5640 2717 5689 canes,
2751 5604 3118 5692 inquit,cdunt
3145 5619 3207 5671 de
3228 5604 3373 5669 micis
3419 5625 3527 5695 qua

1943 5694 2132 5775 cadunt
2161 5718 2223 5773 de
2251 5733 2425 5773 mensa
2447 5716 2770 5771 dominorum
2799 5728 3026 5771 suorum.
3060 5710 3126 5765 Et
3149 5698 3400 5765 continuo
3431 5694 3527 5760 [)0-

1940 5813 2116 5871 minus
2142 5828 2153 5864 :
2188 5810 2233 5861 0
2254 5811 2660 5878 unrtt'er,muqua
2688 5818 2760 5859 est
2784 5805 2912 5874 ﬁdes
2940 5812 3025 5855 tua
3051 5799 3264 5872 (Matth.
3294 5813 3362 5853 xv
3385 5838 3400 5864 ,
3431 5794 3526 5850 2i-

1943 5904 2036 5977 ἓὸ)
2062 5905 2075 5959 !
2101 5901 2419 5964 iamdudum
2448 5899 2600 5959 canis
2621 5939 2637 5969 ,
2666 5895 2826 5955 modo
2861 5895 3072 5954 mulier.
3104 5891 3256 5953 Unde
3277 5891 3392 5966 jam
3407 5904 3528 5951 mu.
