4038 6486
487 535 590 592 lier
636 545 757 605 quae
801 526 965 602 paulo
987 530 1141 605 _ante
1172 518 1365 601 canis?
1399 508 2093 605 Conﬁtendovbumiliter.

487 643 596 685 non
633 602 944 698 repellendo
984 602 1128 693 quod
1180 631 1212 672 a
1252 614 1477 671 Domino
1515 602 1729 666 dictum
1747 614 1884 663 erat.
1934 604 2077 698 Ergo

487 695 888 779 Gentes'canes
911 757 927 782 ,
958 723 1013 769 et
1041 711 1163 768 ideo
1209 707 1529 766 esurientes.
1565 702 1770 758 Bonum
1795 708 1881 755 est
1907 706 1961 752 et
1982 695 2076 751 Ju-

492 813 642 880 dseis,
673 820 731 867 ut
767 813 1060 881 agnoscant
1100 818 1159 861 se
1193 809 1538 873 peccatores;
1570 804 1626 853 et
1649 795 1776 851 licet
1815 795 1885 847 ad
1905 807 2096 863 vespeﬁ

491 924 620 975 ram,
671 910 1066 963 convertantur;
1088 907 1136 952 et
1160 898 1350 967 famem
1371 893 1632 964 patiantur
1655 897 1710 942 ut
1736 902 1907 941 canes.
1940 884 2097 972 Nam’

490 1000 632 1056 male
672 1005 943 1055 saturatus
980 1001 1095 1049 erat
1123 991 1212 1046 ille
1239 990 1330 1060 qui
1374 986 1584 1043 dicebat
1622 1002 1636 1039 :
1678 982 1871 1055 Jejuno
1910 980 1986 1035 bis
2019 995 2076 1035 tu

490 1093 716 1149 sabbato.
742 1091 836 1146 Ille
864 1096 1040 1144 autem
1073 1084 1386 1157 publicanus
1414 1080 1564 1136 canis
1592 1086 1726 1144 erat,
1757 1075 1953 1130 famem
1984 1088 2095 1144 pa-q

490 1187 663 1250 tiens;
692 1193 745 1238 et
772 1181 894 1237 inde
937 1175 1252 1234 beneﬁcium
1300 1171 1512 1228 Domini
1551 1168 1839 1231 esuriebat,
1870 1165 1960 1237 qui
1993 1164 2097 1227 (ιι-ί

491 1277 670 1334 cebat:
692 1274 952 1345 PrOpitius
978 1278 1084 1326 esto
1101 1269 1225 1324 mihi
1249 1265 1503 1338 peccatori
1521 1263 1670 1336 (Luc.
1691 1278 1841 1328 xvm,
1863 1256 2071 1328 12,15),

390 1358 395 1361 ⁷
491 1369 855 1425 Convertuntur
877 1379 1005 1435 ergo
1045 1372 1100 1437 et
1134 1361 1208 1416 illi
1244 1360 1312 1414 ad
1333 1373 1588 1428 vesperam
1622 1363 1723 1423 :ret
1770 1353 1955 1424 famem
1986 1366 2078 1420 pa-

492 1464 683 1519 tiantur
707 1471 761 1515 ut
785 1476 960 1515 canes.
990 1455 1309 1513 Desiderent
1348 1450 1574 1524 gratiam
1612 1448 1741 1515 Dei,
1777 1445 2079 1516 intelligant

491 1573 550 1613 se
576 1563 883 1627 peceatores
925 1572 938 1608 :
987 1553 1153 1607 fortes
1206 1548 1280 1602 illi
1326 1547 1455 1600 tiant
1496 1542 1731 1608 inﬁrmi,
1763 1540 1956 1595 divites
2001 1536 2079 1593 illi

491 1650 619 1705 ﬁant
643 1634 924 1718 pauperes,
948 1644 1075 1714 justi
1104 1641 1177 1696 illi
1202 1646 1494 1710 agnoscant
1522 1652 1579 1691 se
1601 1643 1934 1705 peccatores,
1964 1632 2099 1693 1(ιο-⁴

491 1757 588 1798 nes
614 1741 690 1796 illi
713 1754 875 1795 canes
915 1736 1065 1791 flant.
1099 1734 1465 1790 Convertuntur
1507 1730 1575 1784 ad
1607 1744 1868 1799 vesperam
1891 1744 1907 1791 ;
1932 1735 1980 1781 et
2005 1729 2083 1796 fa-

492 1853 623 1892 mem
678 1836 939 1906 patiantur
994 1840 1049 1885 ut
1070 1846 1252 1894 canes,
1297 1838 1342 1882 et
1407 1824 1737 1881 circumibunt
1778 1822 2077 1887 civitatem,

493 1930 664 1999 Quam
691 1925 1003 1982 civitatem?
1030 1923 1281 1978 Mundam
1310 1922 1468 1976 istum
1502 1961 1518 1987 ,
1548 1933 1706 1990 quem
1760 1914 2078 1987 quibusdam

494 2023 627 2078 locis
662 2029 817 2077 vocat
839 2020 1110 2089 Scriptura
1151 2017 1420 2071 civitatem
1447 2011 1863 2069 circumstantia:
1900 2008 2100 2081 (Psal-

493 2131 622 2183 xxx,
650 2113 741 2177 22,
774 2129 879 2178 ιιι,
912 2112 995 2177 Η,
1027 2119 1075 2165 et
1100 2125 1225 2176 cvn,
1249 2110 1339 2173 ll,
1363 2124 1463 2161 sec.
1490 2103 1655 2177 LXX)
1691 2104 1782 2159 :id
1810 2112 1924 2167 est,
1957 2100 2082 2172 quia

497 2209 552 2265 in
579 2207 843 2267 omnibus,
874 2206 1119 2277 gentibus
1147 2202 1382 2273 undique
1407 2198 1824 2255 circumfuderat
1852 2194 2082 2250 mundus

496 2315 656 2357 unam
706 2307 919 2369 gentem
960 2294 1267 2351 Jndseorum
1288 2334 1301 2358 ,
1329 2292 1418 2347 ubi
1449 2292 1572 2346 talia
1617 2289 1932 2345 dicebantur
1955 2287 1998 2353 ¹,
2029 2294 2084 2342 et

496 2390 864 2461 appellabatur
921 2388 1108 2443 civitas
1146 2385 1578 2442 circumstantiae.
1618 2382 1776 2437 Istam
1814 2380 2082 2438 civitatem

497 2482 852 2539 circumibunt
875 2480 950 2536 illi
980 2481 1090 2551 jam
1110 2494 1272 2535 canes
1301 2478 1419 2533 facti
1467 2476 1781 2532 esurientes.
1806 2472 2085 2543 Quomodo

497 2568 891 2631 circumibunt?
936 2571 1384 2642 Evangelizando.
1434 2569 1627 2626 Saulus
1671 2582 1735 2623 ex
1774 2568 1902 2636 lupo
1936 2569 2085 2621 canis

500 2668 672 2724 lactus
697 2675 781 2723 est
812 2666 878 2721 ad
909 2681 1209 2737 vesperam,
1244 2663 1295 2719 id
1326 2672 1442 2728 est,
1494 2677 1620 2716 sero
1660 2675 1981 2726 conversus,
2012 2660 2083 2717 de

499 2761 653 2816 micis
678 2759 878 2815 domini
905 2758 985 2814 sui
1009 2758 1060 2813 in
1091 2757 1260 2829 gratia
1290 2756 1406 2827 ejus
1446 2754 1683 2810 cucurrit
1708 2795 1723 2822 ,
1753 2762 1811 2809 et
1854 2754 2087 2810 circum-

501 2853 596 2907 ivit
623 2852 913 2907 civitatem.

568 2943 655 2999 l6.
687 2941 838 3015 [vers.
866 2940 946 3015 8.]
978 2940 1110 2996 Ecce
1136 2942 1237 3011 ipsi
1266 2942 1529 3010 loquentur
1551 2942 1604 2995 in
1632 2956 1719 2995 ore
1753 2956 1865 3002 suo,
1895 2948 1943 2993 et
1963 2939 2083 3011 gla-

498 3035 614 3090 dius
648 3036 702 3090 in
739 3034 885 3089 labiis
920 3051 1112 3089 eorum.
1137 3033 1252 3088 iam
1286 3034 1374 3088 ille
1415 3033 1620 3103 gladius
1671 3033 1752 3088 bis
1780 3041 1989 3098 acutus,
2015 3031 2084 3087 de

497 3140 604 3197 quo
646 3126 931 3196 Apostolus
966 3126 1094 3182 dicit
1132 3144 1144 3179 :
1180 3124 1248 3180 Et
1285 3126 1514 3197 gladium
1557 3126 1799 3195 spiritus,
1829 3125 1967 3195 quod
2011 3133 2085 3179 est

498 3211 697 3271 verbum
722 3216 819 3271 Dei
849 3216 1063 3289 (Eplies.
1085 3233 1158 3282 vr,
1185 3218 1297 3287 l7).
1322 3216 1499 3285 Quare
1527 3216 1605 3271 bis
1635 3225 1822 3270 acutus
1838 3216 1862 3269 ?
1881 3215 2082 3284 Quare,

498 3312 598 3366 nisi
630 3311 752 3382 quia
793 3326 859 3366 ex
902 3319 1127 3382 utroque
1167 3311 1509 3366 Testamento
1544 3309 1783 3365 feriens?
1815 3310 1926 3365 Hoc
1974 3310 2087 3382 gla-

497 3404 587 3462 dio
610 3406 997 3473 mactabantur,
1027 3404 1095 3461 de
1124 3405 1316 3476 quibus
1343 3403 1617 3460 dicebatur
1652 3403 1812 3458 Petro
1839 3420 1852 3458 :
1889 3402 2083 3471 Macta,

496 3511 544 3557 et
572 3501 823 3556 manduca
870 3500 1007 3572 (Act.
1036 3517 1091 3568 ι,
1117 3499 1229 3572 15).
1262 3499 1331 3553 Et
1361 3499 1565 3571 gladius
1601 3498 1655 3552 in
1682 3498 1829 3553 labiis
1868 3514 2043 3553 eorum
2063 3512 2084 3553 :

496 3594 735 3666 quoniam
753 3593 867 3664 quis
901 3591 1132 3646 audivit?
1157 3591 1468 3662 Loquentur
1497 3591 1551 3645 in
1570 3605 1664 3646 ore
1682 3606 1781 3645 suo
1806 3609 1820 3645 :
1847 3589 1973 3658 Quis
1991 3606 2085 3644 au-

498 3685 662 3740 divit?
700 3684 753 3740 id
790 3693 902 3749 est,
934 3684 1413 3739 stomachabuntur
1471 3682 1731 3737 adversus
1788 3682 1967 3753 pigros
2014 3681 2081 3737 ad

499 3778 678 3833 iidem.
707 3776 811 3846 Qui
832 3778 989 3847 paulo
1016 3785 1141 3831 ante
1178 3785 1233 3831 et
1272 3775 1372 3846 ipsi
1413 3774 1636 3830 credere
1670 3774 1955 3838 nolebant,
1986 3782 2084 3827 tae-

500 3869 645 3925 dium
670 3869 739 3924 de
762 3885 867 3925 non
893 3869 1233 3924 credentibus
1262 3870 1555 3941 patiuntur.
1583 3868 1649 3922 Et
1677 3883 1804 3923 vere
1825 3911 1839 3935 ,
1865 3867 2079 3944 lustres,

497 3960 777 4032 contingit.
811 3959 972 4016 Vides
993 3960 1264 4016 hominem
1297 3962 1501 4030 pigrum
1529 3970 1816 4030 antequam
1847 3960 1916 4015 sit
1944 3960 2086 4016 ebri-

500 4055 734 4118 stianus;
757 4053 955 4109 clamas
990 4052 1057 4109 ad
1098 4053 1251 4108 illum
1282 4052 1525 4125 quotidie
1546 4095 1560 4118 ,
1590 4054 1677 4108 vix
1708 4054 2039 4109 convertitur
2067 4072 2081 4110 :

497 4156 841 4204 convertatur
862 4189 879 4216 ,
910 4134 974 4203 et
994 4148 1105 4219 jam
1132 4148 1245 4203 vult
1292 4162 1481 4203 omnes
1510 4163 1630 4204 esse
1652 4146 1969 4204 christianos
1988 4190 2002 4216 ,
2031 4156 2087 4204 et

498 4242 722 4299 miratur
746 4241 870 4314 quia
893 4242 1128 4297 nondum
1171 4249 1314 4297 sunt.
1361 4241 1580 4297 Excidit
1620 4242 1693 4297 illi
1726 4242 1867 4313 quod
1894 4240 1960 4297 ad
1989 4256 2087 4298 ve-

498 4352 709 4408 speram
754 4351 1047 4392 conversus
1075 4344 1158 4392 est
1195 4354 1208 4391 :
1253 4336 1346 4392 sed
1373 4337 1496 4407 quia
1536 4335 1710 4392 factus
1735 4345 1817 4391 est
1842 4336 2084 4391 esuriens

501 4429 641 4486 sicut
659 4430 829 4497 canis,
855 4428 1017 4485 habet
1044 4430 1203 4484 etiam
1237 4429 1290 4483 in
1309 4428 1464 4485 labiis
1493 4428 1758 4500 gladium;
1785 4427 1930 4495 dicit,
1957 4428 2084 4495 Quis

496 4523 877 4592 audivit?Quid
908 4532 1016 4589 est,
1052 4522 1178 4591 Quis
1243 4523 1479 4577 audivit?
1503 4522 1636 4591 Quis
1677 4522 1906 4579 credidit
1928 4522 2084 4579 audi-

498 4617 573 4672 tui
625 4624 829 4679 nostro,
881 4625 937 4672 et
966 4615 1243 4671 brachium
1291 4614 1503 4669 Domini
1545 4615 1629 4668 cui
1683 4616 1971 4669 revelatum
2000 4621 2086 4669 est

502 4708 656 4781 (lsai.
696 4725 784 4764 LIII
805 4750 818 4773 ,
853 4710 950 4780 l)?
1002 4708 1255 4774 Quoniam
1290 4710 1401 4778 quis
1441 4707 1672 4762 audivit?
1707 4707 1821 4763 Non
1853 4711 2083 4765 credunt

497 4803 668 4860 Jnd:ei
702 4802 985 4858 :conversi
1013 4810 1137 4857 sunt
1180 4801 1246 4856 ad
1286 4800 1483 4857 Gentes
1525 4810 1579 4855 et
1607 4802 2074 4858 annuntiavcrunl.

499 4895 673 4952 Juda-i
710 4909 813 4949 non
861 4895 1153 4950 credebant
1197 4901 1294 4949 :et
1323 4904 1498 4947 tamen
1540 4909 1634 4963 per
1658 4892 1941 4949 credentes
1981 4894 2078 4949 Ju-

500 4989 646 5044 dmos
668 4986 1016 5057 Evangelium
1041 4986 1357 5042 circumibat
1380 4984 1649 5042 civitatem
1674 5026 1692 5053 ,
1716 4993 1771 5041 et
1787 4984 2035 5042 dicebant
2062 5028 2078 5055 ,

502 5084 754 5155 Quoniam
787 5082 901 5152 quis
927 5081 1157 5135 audivit?
1669 5092 1685 5105 ·

569 5179 656 5234 17.
690 5175 841 5251 [vers.
865 5173 945 5248 9.]
970 5175 1032 5230 Et
1062 5183 1135 5239 tu,
1166 5173 1403 5242 Domine,
1432 5173 1680 5229 deridebis
1718 5189 1821 5229 eos.
1853 5172 1977 5239 Quis
1996 5190 2082 5228 au-

496 5271 619 5326 divit
640 5269 667 5325 ?
689 5267 889 5325 Omnes
928 5274 1115 5338 gentes
1142 5266 1447 5322 christiana:
1493 5267 1682 5321 futurae
1721 5274 1886 5333 sunt,
1908 5275 1961 5320 et
1985 5281 2082 5321 vos

493 5365 692 5431 dicitis,
723 5364 848 5432 Quis
886 5361 1113 5417 audivit?
1137 5358 1274 5429 Quid
1296 5369 1407 5427 est,
1435 5359 1685 5415 deridebis
1725 5360 1848 5414 eos?
1876 5358 1980 5414 Pro
2010 5361 2085 5414 ni-

496 5458 601 5513 hilo
648 5456 849 5512 habebis
894 5471 1065 5510 omnes
1105 5462 1277 5525 gentes
1305 5469 1323 5506 :
1354 5451 1487 5506 nihil
1532 5461 1657 5507 ante
1698 5460 1749 5507 te
1781 5453 1918 5515 erit;
1957 5452 2079 5522 quia

472 5538 804 5605 alacilliinum
829 5547 934 5604 erit
962 5556 1019 5600 ut
1043 5544 1265 5601 credant
1290 5559 1344 5600 ιιι
1365 5553 1417 5600 te
1444 5558 1635 5600 omnes
1654 5550 1864 5616 gentes.

576 5641 662 5699 l8.
687 5639 840 5715 [νοτε.
876 5637 990 5712 10.]
1018 5637 1390 5694 Fortitudinem
1419 5653 1580 5691 meam
1605 5636 1676 5691 ad
1700 5647 1749 5692 te
1776 5637 2075 5692 custodiam.

498 5734 577 5792 ltli
619 5735 761 5790 enim
808 5733 974 5789 fortes
1023 5732 1143 5788 ideo
1194 5731 1521 5795 ceciderunt,
1552 5716 1686 5800 quia
1713 5727 2078 5785 fortitudinem

492 5845 644 5888 suam
669 5830 735 5885 ad
764 5838 815 5885 te
839 5843 945 5883 non
967 5827 1334 5883 custodierunt
1365 5842 1377 5879 :
1410 5822 1463 5879 id
1483 5833 1584 5888 est,
1615 5823 1689 5883 illi
1717 5824 1806 5895 qui
1845 5839 2079 5896 superne

558 5944 579 5982 ⁸
610 5945 747 6007 κω..
767 5940 1072 6008 gerebatur.
1099 5948 1155 5992 At
1186 5946 1313 6003 Mss,
1335 5936 1631 5992 dicebantur.

1764 390 1821 450 S.
1863 381 2226 483 AUGUSTINI
2264 385 2569 448 EPISCOPI
2622 432 2627 437 -

3670 395 3791 457 7θὸ

2184 502 2588 561 insurrexerunt
2611 516 2665 561 et
2682 506 2971 573 irruerunt,
2987 506 3055 563 de
3069 521 3129 563 se
3156 521 3631 583 prtesumpserunt.
3646 514 3777 587 Ego

2183 606 2358 654 autem
2382 600 2729 670 fortitudinem
2756 620 2919 687 meam
2946 607 3015 659 ad
3044 614 3091 661 te
3113 609 3435 665 custodiam:
3467 612 3590 683 quia
3612 612 3656 667 si
3687 627 3787 668 re-

2182 694 2337 763 cedo,
2364 697 2534 766 cado;
2562 698 2609 756 si
2637 700 2856 768 accedo,
2889 701 3075 781 fortior
3118 703 3208 759 lio.
3246 704 3439 762 Videte
3467 708 3610 762 enim
3638 708 3781 779 quid

2183 799 2286 856 est,
2332 791 2560 861 fratres,
2614 793 2668 849 in
2709 796 2885 851 anima
2927 797 3177 852 humana.
3229 798 3345 855 Non
3390 800 3553 858 habet
3589 817 3655 857 ex
3703 816 3778 860 se

2185 882 2386 952 lumen,
2436 902 2542 942 non
2570 887 2730 944 habet
2774 905 2838 944 ex
2892 905 2951 946 se
2974 892 3162 949 vires:
3200 901 3370 951 totum
3419 905 3594 951 autem
3623 897 3782 968 quod

2188 980 2468 1046 pulchrum
2492 982 2645 1037 estin
2676 983 2852 1038 anima
2882 1025 2898 1052 ,
2931 985 3100 1041 virtus
3145 994 3201 1042 et
3232 987 3493 1058 sapientia
3526 999 3647 1053 est;
3675 989 3784 1045 sed

2187 1090 2287 1130 nec
2315 1076 2453 1145 sapit
2479 1076 2614 1142 sibi,
2638 1091 2739 1131 nec
2778 1076 2921 1132 valet
2961 1078 3082 1146 sibi,
3130 1094 3230 1136 nec
3270 1081 3382 1150 ipsa
3412 1081 3510 1136 sibi
3543 1082 3631 1136 lux
3661 1091 3778 1151 est,

2187 1181 2287 1222 nec
2316 1168 2427 1236 ipsa
2453 1167 2555 1222 sibi
2600 1168 2768 1223 virtus
2803 1177 2901 1224 est.
2932 1169 3029 1225 Est
3063 1171 3305 1242 quaedam
3348 1173 3499 1244 origo
3547 1172 3784 1244 forisque

2186 1259 2416 1326 virtutis,
2445 1268 2528 1315 est
2549 1260 2792 1330 quasdam
2822 1260 2975 1316 radix
3003 1262 3295 1331 sapientiae,
3328 1273 3410 1319 est
3429 1264 3696 1335 qumdam,
3717 1272 3786 1320 ut

2187 1350 2258 1407 ita
2285 1350 2481 1420 dicam,
2512 1354 2556 1407 si
2588 1360 2643 1408 et
2672 1353 2773 1407 hoc
2794 1352 3077 1409 dicendum
3108 1363 3211 1421 est,
3239 1356 3385 1426 regio
3427 1355 3784 1411 incommuta-

2186 1442 2309 1498 bilis
2337 1445 2578 1500 veritatis
2607 1462 2621 1499 :
2650 1445 2718 1500 ab
2761 1445 2858 1500 hac
2904 1446 3077 1501 anima
3135 1448 3392 1503 recedens
3440 1450 3779 1517 tenebratur,

2187 1535 2447 1591 accedens
2474 1537 2818 1592 illuminatur.
2846 1539 3100 1594 Accedite
3129 1539 3196 1594 ad
3223 1555 3376 1608 eum,
3400 1549 3461 1601 et
3500 1542 3782 1597 illumina-

2187 1629 2314 1684 mini
2346 1628 2513 1699 (Psal.
2547 1646 2730 1696 xxxul,
2759 1630 2997 1701 6);quia
3045 1632 3346 1687 recedendo
3399 1634 3777 1691 tenebramini.

2188 1720 2329 1791 Ergo
2352 1721 2700 1791 fortitudinem
2723 1739 2883 1776 meam
2904 1723 2971 1775 ad
2999 1732 3044 1777 te
3070 1725 3353 1778 custodiam
3379 1740 3399 1779 :
3418 1739 3527 1779 non
3553 1740 3582 1778 a
3609 1734 3664 1780 lc
3689 1740 3786 1781 re-

2187 1815 2396 1882 cedam,
2429 1831 2535 1869 non
2566 1815 2634 1871 de
2679 1831 2763 1870 me
2797 1831 3138 1896 praesumam.
3178 1804 3551 1873 Fortitudinem
3612 1835 3783 1874 meam

2189 1910 2257 1963 ad
2283 1920 2328 1964 te
2365 1912 2666 1974 custodiam,
2716 1913 2835 1982 quia
2872 1911 3011 1968 Deus
3058 1922 3318 1983 susceptor
3363 1931 3621 1989 menses.
3671 1915 3784 1973 Ubi

2188 2003 2330 2058 enim
2360 2017 2528 2069 eram,
2564 2013 2619 2059 et
2646 2005 2731 2059 ubi
2761 2006 2925 2060 sum?
2967 2006 3107 2061 unde.
3160 2022 3245 2061 me
3299 2008 3783 2080 suscepisti?quas

2189 2096 2493 2167 iniquitates
2520 2111 2667 2153 meas
2687 2096 2969 2153 dimisisti?
2987 2099 3074 2154 ubi
3093 2099 3383 2169 jacebam?
3411 2115 3517 2170 quo
3563 2109 3783 2156 erectus

2189 2191 2347 2245 sum?
2398 2190 2542 2263 Ergo
2585 2192 2699 2247 haec
2750 2193 3061 2249 meminisse
3116 2193 3285 2250 debeo
3316 2194 3503 2265 ;quod
3530 2195 3546 2226 ¹
3578 2195 3630 2249 in
3670 2196 3784 2250 alio

2189 2282 2394 2351 psalmo
2419 2282 2633 2339 dicitur.
2667 2284 2921 2349 Quoniam
2947 2295 3089 2355 pater
3116 2302 3254 2340 meus
3282 2294 3331 2340 et
3355 2294 3517 2340 mater
3558 2304 3671 2341 mea
3699 2290 3784 2342 de-

2189 2372 2498 2444 reliquerunt
2536 2393 2651 2441 me;
2690 2375 2942 2431 Dominus
2979 2387 3145 2432 autem
3194 2380 3475 2448 assumpsit
3504 2377 3784 2450 me(Psal.

2189 2481 2332 2531 xxvu,
2364 2467 2452 2537 10)
2478 2468 2502 2521 ‘l
2532 2466 2908 2523 Fortitudinem
2934 2486 3097 2525 meam
3149 2470 3217 2525 ad
3245 2481 3292 2525 te
3329 2471 3624 2538 custodiam,
3650 2473 3785 2542 quia

2190 2555 2329 2612 Deus
2342 2566 2598 2630 susceptor
2624 2577 2763 2616 meus
2786 2578 2856 2616 ss.

2265 2651 2349 2708 l9.
2380 2651 2529 2725 [vers.
2564 2651 2676 2727 11.]
2707 2652 2847 2709 Deus
2874 2671 3033 2722 meus,
3070 2656 3415 2711 misericordia
3446 2659 3554 2727 ejus
3584 2673 3787 2728 prame-

2191 2746 2291 2801 niet
2316 2763 2411 2800 me.
2445 2746 2585 2802 Ecce
2612 2747 2741 2818 quid
2767 2757 2869 2817 est,
2900 2748 3273 2806 Fortitudinem
3310 2744 3480 2805 meam'
3515 2751 3584 2805 ad
3619 2761 3668 2805 te
3690 2768 3787 2806 cu-

2189 2839 2447 2894 stodiam:
2478 2840 2545 2896 de
2569 2856 2655 2896 me
2682 2842 2902 2896 omnino
2933 2842 3063 2897 nihil
3093 2858 3434 2913 praesumam.
3472 2842 3613 2911 Quid
3639 2845 3788 2900 enim

2189 2932 2342 2987 attuli
2375 2933 2518 3002 boni,
2541 2943 2599 2989 ut
2619 2935 2722 2989 mei
2752 2936 3082 2991 miserereris
3104 2944 3158 2990 et
3180 2935 3628 3005 mejustilieares?
3645 2936 3787 3005 Quid

2191 3022 2244 3077 in
2277 3039 2362 3079 me
2390 3024 2657 3092 invenisti,
2692 3027 2791 3080 nisi
2817 3027 2931 3082 sola
2973 3028 3232 3097 peccata?
3260 3027 3433 3083 Tuum
3460 3028 3593 3082 nihil
3637 3028 3788 3084 aliud

2193 3120 2291 3174 nisi
2318 3127 2502 3174 natura
2524 3136 2682 3191 quam
2703 3122 2897 3177 creasti
2931 3139 2945 3177 :
2972 3129 3187 3189 caetera,
3234 3122 3372 3176 mala
3396 3137 3515 3177 mea
3541 3137 3662 3193 qua:
3690 3121 3788 3177 de-

2193 3212 2385 3268 levisti.
2417 3213 2532 3269 Non
2559 3230 2659 3287 ego
2708 3216 2855 3286 prior
2883 3215 2949 3271 ad
2979 3225 3031 3271 te
3058 3216 3357 3279 exsurrexi,
3388 3214 3484 3271 sed
3508 3224 3563 3270 tu
3593 3215 3660 3270 ad
3696 3231 3803 3283 me

2191 3306 2528 3362 excitandum
2555 3309 2779 3373 venisti;
2832 3324 2953 3363 nam
2985 3308 3327 3363 misericordia
3366 3310 3478 3380 ejus
3508 3311 3780 3379 praveniet

2190 3413 2288 3452 me.
2319 3398 2615 3471 Antequam
2653 3400 2849 3471 aliquid
2894 3400 3019 3455 boni
3054 3415 3155 3471 ego
3177 3399 3388 3467 faciam,
3430 3401 3781 3457 misericordia

2190 3490 2301 3561 ejus
2322 3493 2586 3561 prwveniet
2614 3509 2709 3547 me.
2741 3492 2880 3560 Quid
2920 3491 3009 3548 hic
3036 3491 3380 3564 respondebit
3419 3491 3599 3548 infelix
3621 3493 3782 3548 Pela-

2188 3584 2343 3655 gius?
2702 3601 2713 3607 ‘

2260 3679 2350 3737 20.
2379 3678 2528 3754 [vers.
2567 3680 2773 3755 £244.]
2804 3681 2944 3738 Deus
2986 3698 3126 3739 meus
3160 3682 3519 3738 demonstravit
3557 3682 3683 3735 mihi
3726 3682 3782 3736 in

2189 3776 2406 3829 inimicis
2426 3776 2568 3830 meis.
2593 3776 2729 3845 Quid
2753 3776 2869 3831 ait?
2900 3777 3164 3845 Quantam
3195 3776 3338 3831 circa
3364 3791 3450 3831 me
3474 3774 3782 3830 exhibuerit

2191 3866 2634 3933 misericordiam,
2687 3867 2741 3923 in
2786 3868 3014 3923 inimicis
3052 3867 3186 3924 meis
3211 3866 3339 3922 mihi
3370 3867 3777 3923 demonstravit.

2189 3960 2411 4017 Relictis
2443 3969 2718 4031 comparet
2762 3976 2820 4017 se
2846 3961 3119 4025 collectus,
3158 3968 3227 4027 et,
3258 3961 3486 4031 repulsis
3528 3960 3733 4015 electus
3761 3977 3776 4014 :

2190 4063 2465 4126 comparet
2508 4068 2569 4110 se
2608 4054 2750 4110 vasis
2794 4055 2889 4111 ira:
2938 4069 3030 4110 vas
3059 4049 3470 4119 misericordiae;
3501 4063 3556 4110 et
3600 4052 3782 4109 videat

2189 4148 2313 4220 quia
2341 4164 2406 4204 ex
2435 4163 2537 4204 una
2570 4163 2744 4205 massa
2785 4147 2908 4205 fecit
2937 4148 3077 4204 Deus
3119 4149 3263 4203 aliud
3305 4165 3391 4204 vas
3431 4150 3484 4202 in
3514 4150 3778 4215 honorem,

2190 4241 2334 4297 aliud
2361 4242 2413 4295 in
2438 4242 2812 4297 contumeliam.
2852 4240 2991 4310 Quid
3028 4249 3132 4308 est,
3180 4241 3534 4295 demonstravit
3571 4241 3695 4295 mihi
3726 4241 3781 4295 in

2189 4336 2406 4390 inimicis
2446 4336 2615 4389 meis?
2660 4335 2720 4390 Si
2747 4335 2879 4390 enim
2906 4332 3047 4389 Deus
3076 4336 3244 4389 volens
3271 4333 3528 4389 ostendere
3551 4335 3705 4401 iram,
3734 4340 3782 4385 et

2190 4429 2533 4485 demonstrare
2564 4429 2835 4499 potentiam
2863 4444 3028 4494 suam,
3052 4427 3218 4481 attulit
3245 4431 3297 4480 in
3338 4427 3495 4480 multa
3535 4426 3782 4495 patientia

2188 4538 2309 4577 vasa
2331 4523 2441 4590 irae,
2472 4537 2584 4589 qua?
2604 4524 2823 4593 perfecta
2851 4529 2970 4575 sunt
3002 4520 3057 4574 in
3085 4519 3435 4589 perditionem,
3475 4527 3529 4572 et
3554 4524 3782 4589 propter

2188 4614 2316 4684 quid
2348 4614 2491 4668 hoc?
2519 4612 2585 4669 Ut
2615 4621 2757 4666 notas
2779 4617 2965 4683 faceret
2990 4611 3194 4665 divitias
3213 4626 3331 4664 suas
3364 4610 3416 4663 in
3438 4626 3555 4663 vasa
3575 4609 3781 4663 miseri-

2188 4706 2376 4762 cordia:
2414 4706 2587 4777 (Rom.
2620 4720 2698 4770 Ix,
2719 4703 2908 4773 21-25)
2944 4722 2956 4758 :
2988 4703 3032 4758 si
3063 4718 3191 4773 ergo
3213 4716 3338 4757 vasa
3366 4702 3459 4756 ira)
3494 4700 3695 4767 attulit,
3724 4700 3778 4755 in

2189 4800 2381 4872 quibus
2403 4808 2556 4854 notas
2587 4797 2787 4854 laceret
2815 4797 3027 4853 divitias
3065 4811 3192 4852 suas
3221 4796 3275 4850 in
3308 4810 3427 4849 vasa
3460 4792 3778 4848 misericor-

2188 4894 2310 4958 diae,
2339 4891 2632 4948 rectissime
2661 4891 2859 4945 dictum
2877 4898 2979 4957 est,
3004 4888 3354 4944 Misericordia
3378 4888 3488 4958 ejus
3510 4888 3781 4957 praeveniet

2189 5003 2287 5042 me.
2319 4983 2460 5040 Deus
2483 5000 2621 5038 meus
2646 4982 3000 5038 demonstravit
3034 4982 3158 5035 mihi
3186 4982 3240 5035 in
3272 4979 3488 5035 inimicis
3519 4980 3640 5033 meis
3670 4996 3689 5033 :
3727 4979 3779 5032 id

2188 5088 2290 5145 est,
2321 5088 2571 5150 quantam
2601 5078 2742 5133 circa
2772 5092 2856 5132 me
2886 5076 3070 5132 habuit
3111 5075 3550 5135 misericordiam.
3579 5075 3631 5128 in
3674 5075 3783 5128 illis

2190 5172 2319 5227 mihi
2370 5171 2757 5227 demonstravit
2784 5170 2925 5225 circa
2952 5182 3093 5240 quos
3130 5183 3237 5222 non
3262 5166 3466 5222 habuit.
3492 5164 3605 5221 Nisi
3632 5165 3779 5221 enim

2188 5264 2398 5319 debitor
2427 5262 2804 5333 suspendatur,
2837 5262 3011 5317 minus
3050 5259 3160 5332 agit
3196 5259 3397 5331 gratias
3423 5260 3508 5314 cui
3539 5255 3780 5312 debitum

2189 5357 2477 5412 relaxatur.
2524 5354 2661 5410 Deus
2707 5371 2848 5409 meus
2898 5353 3254 5410 demonstravit
3295 5351 3420 5407 mihi
3466 5350 3519 5405 in
3557 5349 3783 5404 inimicis

2191 5450 2333 5505 meis.

2258 5545 2350 5601 21.
2384 5545 2456 5600 De
2481 5544 2612 5614 ipsis
2635 5552 2812 5599 autem
2843 5542 3072 5598 inimicis
3103 5540 3265 5613 quid?
3293 5539 3375 5595 Ne
3390 5538 3635 5595 occideris
3671 5554 3783 5605 eos,

2188 5638 2453 5709 nequando
2479 5637 2835 5693 obliviscantur
2863 5637 2987 5709 legis
3027 5645 3144 5691 tute.
3195 5636 3358 5707 Rogat
3407 5650 3506 5705 pro
3551 5634 3788 5689 inimicis

2190 5737 2322 5804 suis,
2350 5734 2537 5804 implet
2561 5742 2908 5805 praeceptum.
2940 5731 3077 5800 Quid
3121 5739 3222 5797 est,
3253 5728 3337 5784 Ne
3359 5728 3648 5791 misenearis
3668 5745 3785 5784 om-

2190 5868 2615 5997 “;dsitégotiores
2637 5878 2746 5921 Mss.
2764 5875 2819 5920 At
2840 5867 3108 5933 edd.:Ergo
3128 5867 3218 5921 hoc
3231 5863 3500 5919 meminisse
3522 5876 3619 5918 non
3636 5861 3793 5919 debes

2321 5968 2337 5993 ,
2444 5970 2455 5981 .

2321 5968 2337 5993 ’
2362 5968 2455 5984 VW'
