4038 6476
294 389 393 450 705

291 507 429 560 nium
456 503 549 576 qui
581 514 857 578 operantur
891 506 1238 579 iniquitatem;
1271 517 1344 574 et,
1380 508 1465 565 Ne
1505 502 1883 582 occideris‘eos,

290 600 559 669 nequando
586 601 941 657 obliviscantur
966 602 1090 674 legis
1116 604 1255 659 tua?
1281 603 1563 673 Quomodo
1586 620 1692 662 non
1721 606 1884 663 mise-

289 701 438 749 retur
456 694 701 749 omnium
724 695 815 766 qui
844 705 1135 765 operantur
1159 696 1513 767 iniquitatem,
1541 707 1596 755 et
1615 698 1885 771 quomodo

290 799 396 839 non
456 785 657 841 occidit
696 800 791 842 eos
830 801 898 842 ne
923 785 1306 844 obliviscamur
1344 789 1475 860 legis
1503 790 1641 845 tute?
1668 790 1774 847 Sed
1800 791 1886 847 hic

288 877 355 933 de
379 878 619 935 inimicis
642 880 756 936 suis
794 880 947 935 dixit.
976 880 1111 950 Quid
1151 882 1312 953 ergo?
1356 882 1556 940 Inimici
1580 884 1696 955 ejus
1721 885 1887 957 tequi-

286 981 451 1027 tatem
494 974 825 1043 operantur?
863 972 919 1030 Si
966 975 1056 1045 qui
1099 975 1148 1030 ei
1195 975 1535 1031 inimicanlur
1578 978 1882 1047 mquitatem

285 1074 771 1138 operantur;ergo
798 1066 911 1137 ipse
949 1067 1279 1138 iniquitatem
1308 1077 1579 1137 operatur.
1611 1068 1717 1126 Sed
1759 1070 1883 1140 quia

285 1157 400 1228 ipse
431 1160 740 1230 aequitatem
781 1169 1051 1229 operatur,
1096 1175 1256 1231 porro
1281 1162 1370 1232 qui
1417 1163 1721 1233 aequitatem
1750 1178 1881 1234 ope-

286 1259 453 1317 ratur,
486 1250 730 1321 profecto
753 1252 1083 1322 iniquitatem
1110 1252 1177 1308 ab
1196 1252 1423 1309 inimicis
1453 1255 1686 1324 patitur;
1716 1265 1884 1312 restat

282 1352 340 1397 ut
361 1345 453 1413 qui
470 1343 621 1413 justo
646 1343 1006 1409 inimicantur,
1036 1344 1365 1415 iniquitatem
1389 1356 1695 1416 operentur.
1727 1346 1883 1405 Unde

279 1453 411 1510 ergo
434 1439 600 1509 paulo
625 1438 895 1509 superius,
926 1437 1048 1494 Non
1074 1440 1356 1494 miserearis
1390 1443 1613 1495 omnium
1647 1442 1731 1511 qui
1757 1458 1881 1513 ope-

279 1543 461 1587 rantur
489 1533 838 1603 iniquitatem;
867 1543 920 1589 et
948 1549 1090 1589 nunc
1118 1534 1185 1589 de
1217 1534 1443 1590 inimicis
1470 1536 1602 1602 suis,
1637 1533 1721 1590 Ne
1743 1536 1880 1590 occi-

279 1625 413 1679 deris
438 1640 546 1692 eos,
576 1625 841 1696 nequando
879 1625 1239 1680 obliviscantur
1280 1626 1401 1698 legis
1426 1627 1564 1683 tuae?
1601 1626 1713 1682 Non
1742 1616 1881 1699 ergo

279 1718 588 1777 miserearis
610 1733 819 1782 eorum,
844 1729 900 1773 ut
925 1718 1137 1775 occidas
1160 1730 1376 1789 peccata
1402 1737 1586 1776 eorum
1614 1739 1625 1775 :
1657 1739 1762 1777 non
1784 1738 1881 1778 oc-

276 1812 427 1867 cidas
471 1828 589 1876 eos,
638 1828 862 1883 quorum
898 1822 1115 1883 peccata
1161 1813 1377 1869 occidis.
1413 1813 1551 1881 Quid
1592 1824 1674 1884 est
1701 1824 1879 1871 autem

274 1886 488 1958 occidi?
515 1903 770 1959 Oblivisci
797 1905 927 1975 legis
957 1905 1184 1959 Domini.
1220 1904 1335 1975 Ipsa
1362 1915 1442 1961 est
1462 1921 1586 1961 vera
1626 1922 1790 1973 mors,
1826 1908 1877 1963 in

276 1997 602 2067 profundum
623 2000 698 2054 ire
721 1998 922 2069 peccati
945 2014 961 2052 :
984 2008 1158 2069 potest
1174 1999 1387 2065 quidem
1405 2000 1506 2055 hoc
1527 2009 1581 2055 et
1604 1999 1880 2056 deludazis

276 2091 521 2161 intelligi.
548 2091 684 2158 Quid
715 2091 782 2147 de
810 2091 1039 2158 .ludzeis,
1072 2089 1155 2146 Ne
1183 2092 1423 2147 occideris
1464 2109 1547 2147 eos
1566 2134 1580 2159 ,
1613 2094 1879 2163 nequando

276 2182 637 2237 obliviscantur
654 2184 778 2255 legis
791 2184 917 2238 tute?
934 2184 1070 2239 Istos
1087 2184 1329 2239 inimicos
1341 2200 1509 2249 meos,
1527 2189 1671 2255 ipsos
1684 2188 1771 2256 qui
1791 2201 1878 2244 me

273 2274 613 2342 occiderunt,
642 2275 749 2329 noli
779 2283 833 2329 tu
857 2274 1123 2330 occidere.
1149 2275 1356 2329 Maneat
1378 2290 1509 2345 gens
1531 2275 1875 2337 Judzeorum:

274 2378 423 2422 certe
442 2368 582 2422 victa
609 2377 733 2422 esta
759 2366 1037 2432 Romanis,
1069 2377 1213 2424 certe
1239 2368 1413 2423 deleta
1438 2370 1626 2424 civitas
1650 2386 1833 2426 eorum
1860 2388 1874 2437 ;

275 2473 380 2513 non
397 2459 753 2515 admittuntur
766 2460 833 2515 ad
854 2460 1122 2515 civitatem
1145 2475 1294 2515 suam
1312 2460 1504 2527 Judaei,
1523 2471 1578 2518 et
1596 2472 1770 2518 tamen
1785 2463 1877 2519 Ju-

277 2549 375 2606 dazi
402 2560 548 2606 sunt.
574 2551 706 2606 Nam
735 2566 922 2607 omnes
951 2551 1066 2607 ista:
1095 2553 1385 2624 provinciae
1409 2569 1441 2608 a
1472 2552 1728 2610 Romanis
1751 2555 1879 2610 sub-

275 2642 467 2715 iugata:
490 2653 637 2700 sunt.
662 2646 790 2712 Quis
814 2645 922 2715 jam
943 2647 1219 2716 cognoscit
1239 2655 1426 2716 gentes
1453 2646 1505 2701 in
1528 2647 1751 2717 imperio
1769 2648 1877 2704 Ro-

280 2752 443 2791 mano
471 2752 593 2807 qua:
632 2736 758 2807 quid
788 2746 962 2802 erant,
997 2737 1209 2807 quando
1256 2753 1443 2793 omnes
1486 2735 1717 2793 Romani
1754 2738 1875 2795 lacti

274 2839 400 2883 sunt
425 2830 468 2896 ⁸,
496 2838 552 2884 et
583 2844 769 2884 omnes
796 2828 1024 2884 Romani
1054 2828 1524 2884 dicunturiludzei
1551 2838 1731 2885 tamen
1758 2846 1874 2887 ma-

273 2930 402 2976 nent
426 2937 550 2977 cum
584 2921 775 2992 signo;
822 2936 921 2976 nec
968 2921 1046 2975 sic
1082 2920 1205 2977 victi
1249 2931 1406 2988 sunt,
1438 2930 1553 2977 uta
1583 2922 1874 2979 victoribus

271 3014 711 3071 absorberentur.
739 3013 856 3070 Non
901 3015 1015 3070 sine
1040 3030 1200 3070 causa
1226 3014 1358 3070 Cain
1392 3015 1480 3071 ille
1504 3023 1604 3082 est,
1635 3017 1723 3087 qui
1749 3031 1873 3074 cum

271 3108 491 3164 fratrem
520 3109 823 3173 occidisset,
857 3109 1031 3178 posuit
1060 3109 1113 3162 in
1151 3124 1218 3163 eo
1250 3108 1388 3163 Deus
1414 3107 1646 3179 signum,
1669 3126 1735 3165 ne
1755 3110 1874 3182 quis

268 3217 391 3256 eum
417 3200 689 3257 occideret
717 3199 870 3269 (Gen.
892 3217 966 3269 tv,
992 3202 1103 3269 l5).
1134 3200 1245 3255 Hoc
1267 3209 1350 3256 est
1375 3201 1583 3271 signum
1607 3201 1749 3273 quod
1774 3201 1870 3258 ha-

269 3294 397 3350 bent
424 3294 596 3351 Judaei
629 3312 644 3350 :
678 3304 862 3350 tenent
908 3294 1130 3349 omnino
1157 3294 1405 3364 reliquias
1435 3296 1568 3365 legis
1596 3310 1741 3359 sum;
1768 3296 1873 3351 cir-

266 3388 678 3457 cumciduntur,
722 3388 936 3444 sabbata
980 3389 1288 3455 observant,
1334 3390 1529 3463 pascha
1572 3391 1869 3459 immolant,

267 3496 457 3554 azyma
502 3480 810 3537 comedunt.
840 3480 976 3536 Sunt
1002 3496 1130 3551 ergo
1158 3482 1348 3545 Jutlmi,
1380 3498 1485 3536 non
1529 3490 1653 3536 sunt
1683 3482 1865 3546 occisi,

268 3574 560 3630 necessarii
606 3584 731 3628 sunt
767 3573 1107 3629 credentibus
1136 3573 1416 3629 Gentibus.
1443 3574 1616 3642 Quare
1645 3574 1783 3629 hoc?
1805 3574 1873 3630 Ut

269 3664 604 3721 demonstret
651 3664 804 3720 nobis
842 3663 898 3719 in
948 3664 1179 3719 inimicis
1221 3665 1419 3720 nostris
1451 3665 1870 3721 miscricordiam

269 3770 441 3812 suam.
489 3755 628 3811 Deus
668 3773 808 3811 meus
842 3756 1199 3811 demonstravit
1242 3758 1365 3811 mihi
1391 3759 1442 3811 in
1484 3759 1699 3814 inimicis
1726 3760 1867 3814 meis.

268 3847 328 3904 In
379 3850 547 3904 ramis
596 3849 845 3918 superbia
902 3850 1137 3919 praecisis
1189 3850 1390 3905 inserto
1448 3852 1868 3908 misericordiam

268 3953 421 3996 suam
458 3940 795 3997 demonstrat
834 3941 1085 3997 oleastro.
1134 3942 1272 3999 Ecce
1320 3943 1408 3998 ubi
1448 3944 1630 4013 jacent
1656 3946 1745 4016 qui
1775 3962 1867 4001 su-

271 4033 423 4103 perbi
456 4041 633 4101 erant,
663 4049 788 4090 ecce
812 4033 901 4089 ubi
946 4035 1178 4091 insertus
1221 4050 1282 4091 es
1309 4037 1398 4105 qui
1437 4036 1655 4107 jacebas
1687 4056 1700 4091 :
1734 4047 1790 4093 et
1815 4049 1870 4093 ttt

271 4123 380 4179 noli
433 4124 747 4195 superbire,
801 4140 867 4179 ne
911 4124 1124 4192 praecidi
1163 4127 1438 4182 merearis.
1518 4126 1657 4182 Deus
1707 4145 1867 4198 meus,

272 4232 334 4271 ne
354 4217 597 4272 occideris
621 4234 727 4284 eos,
756 4216 1018 4288 nequando
1045 4216 1405 4272 obliviscantur
1427 4218 1550 4289 legis
1580 4227 1699 4273 tum.

342 4309 432 4364 22.
458 4308 706 4380 Disperge
724 4325 805 4363 eos
832 4310 884 4362 in
906 4310 1087 4364 virtute
1114 4318 1219 4363 tua.
1252 4308 1369 4364 .latn
1396 4308 1591 4365 laetum
1620 4318 1702 4365 est
1731 4327 1745 4364 :
1775 4326 1871 4380 per

273 4418 459 4459 omnes
488 4411 675 4474 gentes
704 4402 931 4473 dispersi
961 4411 1085 4457 sunt
1132 4402 1325 4468 Judaei,
1373 4411 1537 4459 testes
1578 4402 1871 4474 iniquitatis

216 4510 239 4593 η
274 4511 383 4552 sua:
407 4505 463 4551 et
494 4495 736 4550 veritatis
776 4504 995 4551 nostra}.
1042 4495 1143 4565 Ipsi
1172 4495 1372 4551 habent
1396 4495 1629 4560 codices,
1659 4496 1724 4550 de
1749 4496 1871 4565 qni-

273 4587 373 4644 hus
399 4587 750 4659 prophetatus
775 4598 856 4643 est
881 4588 1147 4657 Christus,
1198 4598 1254 4645 et
1299 4603 1397 4643 nos
1438 4598 1680 4644 tenemus
1712 4588 1870 4644 Chri-

220 4702 223 4707 ·
272 4688 436 4736 stum.
470 4679 539 4734 Et
567 4680 611 4734 si
638 4679 850 4750 quando
878 4678 1014 4735 forte
1038 4680 1231 4749 aliquis
1262 4695 1497 4750 paganus
1522 4680 1866 4749 dubitaverit,

271 4787 393 4828 cum
421 4772 470 4828 ei
496 4772 790 4828 dixerimus
826 4772 1133 4843 prophetias
1157 4772 1225 4828 de
1251 4771 1486 4841 Christo,
1514 4790 1736 4844 quarum
1760 4775 1870 4831 evi-

269 4863 507 4920 dentiam
548 4864 896 4933 obstupescit,
942 4873 995 4918 et
1041 4863 1314 4919 admirans
1357 4867 1622 4935 putaverit
1649 4882 1680 4922 a
1717 4867 1871 4923 nobis

272 4973 394 5013 esse
436 4958 801 5026 conscriptas;
832 4957 901 5013 de
928 4957 1203 5014 codicibus
1236 4957 1540 5015 Judznorum
1585 4962 1871 5031 probamus

270 5052 395 5123 quia
425 5050 530 5106 hoc
572 5058 719 5107 tanto
758 5060 882 5106 ante
913 5052 1221 5121 pnedictum
1252 5060 1352 5107 est.
1386 5051 1574 5107 Videte
1618 5055 1875 5124 quemad-

274 5142 490 5198 modum
519 5140 589 5197 de
635 5141 864 5196 inimicis
894 5143 1091 5195 nostris
1116 5142 1253 5197 alios
1278 5141 1652 5199 confundimus
1696 5145 1874 5201 inimi-

271 5250 388 5291 cos.
410 5234 664 5306 Disperge
690 5250 775 5289 eos
816 5236 869 5289 in
909 5236 1093 5290 virtute
1130 5244 1217 5289 tua
1248 5251 1267 5291 :
1297 5237 1424 5293 tolle
1466 5238 1571 5293 illis
1598 5239 1869 5310 virtutem,

272 5329 404 5384 tolle
436 5328 544 5384 illis
566 5326 929 5382 fortitudinem
953 5344 1161 5383 eorum.
1189 5327 1255 5383 Et
1295 5329 1456 5384 deduc
1489 5347 1589 5396 eos,
1623 5342 1874 5401 protector

273 5438 416 5475 meus
438 5419 675 5475 Domine.
714 5419 907 5475 Delicta
948 5420 1051 5475 oris
1078 5437 1273 5489 eorum,
1319 5439 1595 5477 sermonem
1625 5423 1873 5479 labiorum

273 5530 450 5569 eorum
473 5531 493 5569 :
521 5523 567 5567 et
590 5513 1081 5585 comprehendantur
1106 5513 1160 5567 in
1188 5515 1422 5582 superbia
1446 5532 1556 5569 sua.
1584 5513 1733 5571 Elea:
1760 5534 1872 5572 ma-

276 5605 460 5662 ledicto
488 5616 538 5661 et
568 5605 831 5662 mendacio
861 5604 1296 5660 annuntiabuntur
1320 5619 1796 5676 consummationes,
1818 5609 1872 5664 in

341 5739 360 5770 ί
395 5738 546 5812 Edd._:
570 5736 907 5812 non
929 5737 1169 5812 cognoscit
1206 5746 1370 5812 gentes
1400 5741 1638 5805 subjectus
1672 5742 1876 5812 imperio

279 5802 530 5872 Romano?
548 5800 681 5872 oua:
703 5800 899 5872 quidem
930 5800 1068 5872 erant
1097 5800 1291 5872 quando
1326 5800 1493 5855 omnes
1524 5800 1876 5872 Itomanilfacti

277 5870 402 5913 sunt.
429 5863 744 5915 ttestituimus
762 5869 990 5913 veterem
1026 5863 1287 5916 lectionem
1311 5872 1417 5919 Mss.
1441 5866 1613 5919 Confer
1640 5863 1770 5923 hunc
1799 5870 1873 5923 lo-

277 5932 388 5975 eunt
408 5926 469 5977 ad
492 5932 657 5977 Fmrr.
677 5923 797 5976 Psal.
822 5924 904 5988 39,
925 5938 976 5975 tt.
1003 5924 1078 5976 15.

1402 395 1803 454 ENARRATIO
1836 394 1910 456 IN
1943 396 2270 460 PSALMUM
2304 404 2485 464 LVIII.

3477 428 3586 487 Μ

1991 515 2072 570 ira
2089 522 2555 591 consummationis,
2586 533 2633 578 et
2665 541 2768 582 non
2791 536 2958 586 erum.
2999 531 3238 596 Obscura
3265 548 3412 611 sunt,
3434 550 3489 599 et
3518 546 3585 602 ti-

1991 620 2115 664 meo
2140 624 2208 665 ne
2237 625 2343 666 non
2368 611 2706 671 insinuentur
2729 615 2884 676 bene.
2931 621 3048 679 iam
3086 628 3353 688 audiendo
3379 632 3582 707 fatigati

1990 701 2164 796 estis:
2203 703 2380 796 itaque
2418 707 2465 762 si
2504 707 2679 777 placet
2705 710 2959 769 Charitati
2989 716 3212 789 Vestrae,
3234 739 3352 796 quae
3378 701 3585 786 resistit

1992 790 2044 886 in
2074 795 2364 886 crastinum
2410 797 2742 859 dili‘eramus.
2772 804 3058 876 Adjuvabit
3086 790 3365 886 Dominus,
3393 818 3452 874 ut
3478 833 3582 877 vo-

1989 882 2078 980 bis
2100 884 2334 980 debitum
2361 892 2761 964 persolvamus;
2787 898 2910 969 quia
2937 898 3007 957 de
3025 900 3117 958 illo
3135 906 3305 977 magis
3326 882 3485 980 quam
3513 911 3585 970 de

1988 977 2145 1033 nobis
2165 982 2546 1050 promittimus.

2654 1118 2829 1164 ΒΕΒΙΟ
2857 1124 2915 1164 ll.

2297 1210 2376 1268 De
2395 1216 2616 1271 secunda
2641 1227 2784 1289 parte
2810 1222 3041 1292 ejusdem
3069 1223 3290 1283 Psalnti.

2059 1322 2113 1376 i.
2145 1320 2438 1384 Hesternus
2482 1344 2661 1388 sermo
2689 1343 3009 1405 protractus,
3059 1341 3357 1401 debitorem
3394 1363 3481 1405 me
3524 1349 3579 1406 in

1988 1413 2306 1509 hodiernum
2336 1422 2553 1494 reliquit
2578 1444 2593 1481 :
2629 1427 2752 1499 quia
2782 1444 2910 1501 ergo
2936 1431 3196 1491 Dominus
3234 1439 3424 1509 voluit,
3453 1442 3577 1498 red-

1986 1507 2146 1566 dendi
2176 1520 2385 1584 tempus
2410 1516 2644 1574 advenit.
2688 1521 2862 1592 Quam
2896 1541 3025 1581 vero
3061 1545 3244 1586 sumus
3273 1548 3373 1589 nos
3399 1507 3579 1591 devoti

1986 1602 2363 1675 redhibitores,
2389 1618 2496 1665 tam
2522 1611 2728 1670 debetis
2773 1631 2871 1673 vos
2916 1614 3053 1676 esse
3079 1623 3219 1679 avidi
3246 1636 3526 1684 exactores
3557 1646 3573 1684 :

1985 1693 2088 1751 boc
2129 1707 2230 1766 est,
2263 1709 2321 1755 ut
2364 1703 2507 1773 quod
2558 1705 2648 1762 ille
2688 1707 2871 1777 donat,
2918 1721 2974 1767 et
3010 1702 3109 1769 nos
3150 1716 3421 1775 reddimus
3447 1720 3577 1791 (ille

1985 1791 2127 1845 enim
2154 1792 2431 1863 Dominus,
2463 1814 2558 1854 nos
2584 1802 2723 1856 servi
2751 1806 2979 1876 sumus),
3003 1807 3081 1862 sic
3108 1810 3403 1880 accipiatis,
3424 1824 3479 1869 ut
3507 1813 3577 1869 sit

1985 1881 2189 1941 fructus
2236 1887 2287 1942 in
2336 1889 2607 1949 auditione
2648 1904 2825 1951 vestra
2881 1897 2949 1954 de
2998 1899 3103 1955 vita
3142 1914 3338 1958 vestra.
3389 1904 3576 1960 Cultus

1984 1978 2126 2032 enim
2152 1994 2280 2050 ager
2307 1980 2537 2040 fructum
2569 2002 2674 2043 non
2705 1990 2953 2056 reddens,
2977 2002 3031 2049 et
3065 1994 3303 2065 ingratus
3327 1998 3576 2068 agricola

1985 2083 2081 2139 pro
2105 2070 2345 2143 frugibus
2374 2077 2554 2147 spinas
2574 2079 2827 2152 afferens,
2852 2099 2955 2140 non
2979 2084 3251 2153 horreum,
3280 2090 3374 2146 sed
3395 2091 3574 2160 ignem

1982 2165 2194 2234 quierit,
2247 2167 2499 2225 Dominus
2539 2183 2717 2230 autem
2768 2177 2909 2234 Deus
2946 2190 3150 2250 noster,
3179 2183 3317 2240 sicut
3340 2200 3464 2240 eum
3489 2185 3572 2241 vi-

1981 2255 2123 2312 detis
2166 2259 2304 2316 hanc
2334 2270 2530 2319 terram
2560 2268 2777 2326 visitare
2818 2272 3077 2329 imbribus
3111 2277 3458 2345 solemnibus,
3501 2280 3573 2335 ita

1982 2364 2078 2403 cor
2104 2362 2347 2409 nostrum
2377 2357 2539 2413 verbo
2565 2374 2664 2415 suo
2686 2370 2935 2433 tanquam
2954 2379 3138 2437 agrum
3166 2383 3322 2425 suum
3358 2372 3576 2429 visitare

1981 2437 2259 2511 dignatur;
2291 2453 2347 2500 et
2369 2445 2438 2502 de
2456 2449 2619 2505 corde
2646 2461 2832 2508 nostro
2853 2453 3063 2512 fructus
3094 2460 3305 2528 quaerit,
3327 2462 3450 2533 quia
3474 2478 3574 2519 no-

1982 2534 2130 2590 vitet
2151 2538 2274 2607 quid
2303 2540 2373 2595 ibi
2396 2543 2644 2611 seminet,
2673 2553 2729 2602 et
2751 2558 3008 2618 quantum
3037 2553 3203 2621 pluat.
3240 2554 3305 2609 Et
3336 2556 3458 2625 quia
3484 2572 3574 2615 re-
3642 2576 3673 2605 κ

1982 2641 2106 2683 vera
2136 2630 2266 2685 nihil
2288 2632 2403 2690 sine
2430 2635 2520 2691 illo
2550 2653 2755 2705 sumus,
2778 2642 2902 2711 quia
2928 2652 2985 2698 et
3002 2654 3286 2716 antequam
3306 2662 3571 2719 essemus,

1980 2720 2113 2776 nihil
2141 2738 2374 2792 eramus,
2407 2739 2461 2782 et
2490 2729 2728 2799 quisquis
2752 2731 2862 2801 jam
2908 2733 3068 2791 homo
3113 2746 3197 2793 est
3239 2748 3294 2794 et
3325 2740 3443 2795 sine
3479 2741 3574 2797 illo

1979 2827 2100 2869 esse
2128 2815 2372 2883 voluerit,
2422 2818 2550 2874 nihil
2595 2821 2736 2877 aliud
2768 2839 2926 2893 quam
2970 2825 3131 2881 homo
3158 2837 3407 2899 peccator
3432 2832 3568 2899 erit;

1979 2918 2268 2978 verumque
2292 2917 2374 2965 est
2398 2912 2539 2982 quod
2567 2912 2654 2969 hic
2672 2914 2871 2971 dictum
2895 2926 2997 2983 est,
3017 2917 3391 2978 Fortitudinem
3405 2940 3571 2979 meant

1976 3000 2046 3053 ad
2072 3011 2117 3056 te
2144 3004 2445 3072 custodiam,
2491 3009 2740 3078 quoniam
2780 3010 3035 3082 quidquid
3088 3029 3412 3085 possumus,
3465 3017 3569 3073 nisi

1976 3092 2118 3162 apud
2146 3093 2291 3149 illum
2335 3106 2389 3151 et
2427 3098 2493 3152 ad
2524 3100 2672 3155 illum
2701 3116 2998 3171 servemus,
3046 3108 3346 3163 recedendo
3370 3109 3569 3165 amitti-

1975 3198 2096 3239 mus
2128 3202 2141 3237 :
2173 3186 2390 3257 vigilare
2417 3187 2576 3245 debet
2602 3206 2817 3262 semper
2844 3208 2999 3250 mens
3025 3206 3207 3251 nostra
3238 3213 3345 3254 non
3383 3200 3450 3255 ab
3478 3200 3569 3257 illo

1975 3277 2245 3347 recedere,
2280 3281 2374 3336 sed
2414 3291 2469 3337 et
2499 3284 2542 3338 si
2572 3283 2726 3356 longe
2767 3295 2905 3351 erat,
2937 3290 3106 3360 magis
3138 3293 3412 3364 magisque
3440 3308 3567 3365 pro-

1975 3373 2235 3444 pinquare
2272 3384 2325 3430 et
2352 3377 2643 3445 accedere;
2694 3396 2800 3434 non
2847 3396 3035 3453 gressu
3067 3384 3283 3454 pedum,
3310 3401 3416 3442 non
3441 3388 3568 3444 sub-

1977 3467 2223 3523 vectione
2249 3468 2635 3540 vehiculorum,
2667 3487 2777 3528 non
2802 3476 3074 3532 celeritate
3100 3478 3431 3547 animalium,
3459 3496 3565 3538 non

1974 3556 2273 3615 elevations
2303 3576 2620 3632 pennarum,
2648 3564 2744 3620 sed
2775 3568 3004 3634 puritate
3030 3568 3339 3638 aﬂ'ectuum,
3368 3580 3424 3628 et
3448 3588 3567 3645 pro-

1974 3649 2138 3707 bitate
2161 3653 2177 3684 ¹
2209 3663 2517 3710 sanctorum
2548 3672 2775 3713 morum.

2044 3743 2097 3797 2.
2124 3743 2272 3817 [υεη.
2302 3746 2514 3820 12-14.]
2547 3749 2833 3806 Videamus
2861 3768 2989 3825 ergo
3016 3754 3144 3825 quid
3168 3765 3336 3814 restat
3371 3756 3442 3815 de
3463 3757 3566 3815 hoc

1974 3839 2199 3909 psalmo.
2241 3839 2297 3895 1n
2338 3841 2440 3899 hoc
2469 3843 2611 3899 enim
2642 3845 3036 3914 dimiseramus,
3065 3865 3185 3905 cum
3224 3852 3475 3922 cmpisset
3499 3853 3568 3909 de

1975 3932 2205 3990 inimicis
2228 3936 2339 3991 suis
2364 3936 2506 4007 loqui
2536 3938 2719 3995 dicens
2751 3941 2859 3997 Deo
2890 3960 2903 3996 :
2939 3941 3024 3998 Ne
3062 3945 3303 4014 occideris
3338 3963 3442 4014 eos,
3480 3964 3568 4003 ne-

1975 4028 2176 4099 quando
2201 4030 2558 4087 obliuiscantur
2588 4033 2711 4105 legis
2738 4045 2857 4092 tuae.
2896 4037 3149 4105 Quamvis
3186 4056 3280 4098 eos
3322 4042 3566 4100 inimicos

1975 4135 2103 4176 suos
2130 4136 2250 4178 esse
2293 4122 2507 4189 dixerit,
2550 4127 2761 4197 rogavit
2805 4138 2979 4185 tamen
3002 4132 3198 4203 ,Deum
3247 4149 3315 4189 ne
3354 4135 3565 4191 occide-

1975 4221 2162 4267 rentur
2184 4223 2239 4268 et
2266 4214 2709 4272 obliviscerentur
2728 4219 2898 4290 legem
2925 4220 3110 4291 ipsius.
3134 4223 3250 4279 Non
3273 4232 3451 4282 tamen
3482 4238 3564 4282 tc-

1975 4319 2104 4359 nere
2126 4304 2317 4375 legem,
2347 4306 2399 4361 id
2428 4316 2511 4362 est
2554 4324 2658 4364 non
2686 4310 2926 4367 oblivisci
2952 4312 3143 4385 legem,
3166 4314 3276 4386 jam
3308 4317 3562 4386 perfectio

1974 4404 2076 4459 est,
2105 4404 2158 4450 et
2182 4397 2333 4465 quasi
2365 4400 2623 4455 securitas
2651 4400 2719 4457 de
2747 4403 2985 4471 praemio,
3013 4413 3068 4460 et
3093 4405 3231 4461 nulla
3259 4408 3561 4464 sollicitudo

1974 4485 2042 4541 de
2067 4487 2345 4557 supplicio.
2376 4488 2513 4545 Sunt
2553 4491 2695 4545 enim
2738 4493 2827 4563 qui
2859 4503 3042 4550 tenent
3067 4496 3240 4566 legem
3278 4503 3557 4569 memoria,

1973 4586 2027 4633 et
2048 4594 2153 4633 non
2174 4580 2398 4650 implent
2425 4582 2531 4637 vita
2561 4600 2577 4638 :
2605 4584 2693 4654 qui
2724 4599 2853 4641 vero
2882 4586 3101 4658 implent
3124 4588 3254 4658 vita,
3282 4606 3389 4646 non
3433 4607 3559 4662 pos-
3594 4578 3599 4581 ⁷

1974 4681 2099 4727 sunt
2134 4688 2240 4728 non
2271 4682 2454 4731 tenere
2482 4677 2760 4734 memoria.
2792 4678 2933 4749 Ergo
2966 4680 3054 4751 qui
3096 4682 3334 4740 moribus
3362 4698 3563 4753 prtece-

1975 4775 2063 4836 pta
2108 4765 2202 4822 Dei
2250 4767 2393 4835 lacit,
2424 4778 2478 4824 et
2504 4769 2734 4839 quodam
2773 4770 2933 4826 modo
2975 4772 3221 4839 vivendo.
3249 4791 3464 4849 semper
3506 4779 3560 4836 in

1974 4856 2138 4915 corde
2164 4873 2263 4914 suo
2292 4874 2361 4914 ne
2388 4858 2627 4916 deleatur
2652 4862 2760 4933 agit
2785 4862 2928 4933 quod
2955 4871 3121 4934 tenet,
3149 4866 3482 4941 vivendoque
3501 4885 3562 4928 se

1976 4950 1998 4982 '
2021 4961 2406 5007 commemorat
2429 4952 2555 5024 quid
2582 4953 2631 5008 ei
2673 4953 2728 5009 in
2749 4954 2912 5010 corde
2940 4958 3197 5029 scriptum
3239 4961 3311 5017 sit
3336 4962 3404 5019 de
3440 4964 3562 5034 lege

1976 5041 2092 5109 Dei,
2121 5043 2234 5113 ipse
2254 5043 2524 5100 fructuose
2545 5053 2691 5102 tenet
2710 5045 2879 5118 legem
2903 5048 2993 5106 Dei
3014 5067 3030 5118 ;
3050 5052 3164 5122 ipse
3188 5070 3292 5111 non
3316 5055 3561 5114 inimicus

1976 5133 2335 5204 deputabitur.
2364 5135 2496 5191 Nam
2529 5150 2655 5193 ecce
2697 5138 2898 5196 inimici
2942 5141 3132 5211 Judzei,
3178 5160 3309 5214 quos
3353 5145 3563 5203 videtur

1976 5224 2275 5296 significare
2303 5228 2537 5297 psalmus
2572 5227 2696 5296 iste,
2722 5230 2891 5303 legem
2924 5233 3015 5290 Dei
3044 5244 3243 5302 tenent,
3274 5244 3331 5291 et
3350 5235 3474 5294 ideo
3494 5237 3562 5295 de

1976 5317 2083 5373 illis
2111 5318 2307 5373 dictum
2334 5328 2436 5385 est,
2467 5318 2551 5375 Ne
2577 5323 2819 5379 occideris
2846 5342 2953 5391 eos,
2971 5327 3235 5398 nequando
3261 5328 3562 5387 obliviscan-

1978 5420 2059 5465 tur
2092 5410 2215 5484 legis
2249 5422 2387 5477 tuat;
2415 5421 2473 5467 ut
2501 5428 2631 5485 gens
2657 5414 2961 5479 Judaiorum
2991 5429 3248 5489 maneret,
3278 5431 3333 5478 et
3358 5437 3420 5478 ea
3447 5438 3565 5479 ma-

1976 5510 2139 5558 nente
2162 5512 2434 5559 cresceret
2458 5504 2741 5562 multitudo
2768 5507 3210 5565 Christianorum.
3245 5512 3350 5567 Per
3374 5528 3563 5571 omnes

1977 5603 2165 5668 gentes
2206 5605 2426 5653 manent
2452 5609 2616 5667 certe,
2646 5610 2701 5656 et
2731 5601 2898 5658 Judaei
2938 5614 3082 5673 sunt,
3124 5621 3223 5661 nec
3248 5607 3565 5667 destiterunt

1979 5701 2099 5745 esse
2134 5688 2278 5760 quod
2303 5700 2459 5745 erant
2488 5707 2503 5746 :
2549 5690 2601 5746 id
2630 5699 2730 5760 est,
2777 5707 2909 5763 gens
2951 5694 3050 5749 ista
3092 5710 3197 5752 non
3228 5696 3300 5753 ita
3326 5699 3485 5756 cessit
3509 5699 3566 5759 in

2044 5871 2061 5902 ³
2100 5874 2167 5919 tta
2188 5878 2280 5920 sex
2295 5873 2404 5919 uss.
2431 5865 2519 5931 alii
2539 5866 2802 5931 cumadd,
2828 5867 3176 5931 probabilitate.

2044 5933 2064 5965 ⁸
2098 5932 2171 5982 sic
2190 5938 2297 5983 Mss.
2322 5937 2376 5981 At
2392 5930 2527 5994 ω,
2548 5929 2837 5996 vivatdoque
2856 5944 3045 5998 semper
3066 5938 3420 5989 conminuit.
3560 5994 3597 6041 ᾖ.
