4038 6478
231 436 336 495 109

228 553 595 613 summatianes
616 594 630 617 ,
661 551 714 604 in
742 549 820 603 ira
841 541 1290 601 consummationis
1313 581 1328 606 ,
1351 548 1399 594 et
1422 549 1525 592 non
1563 542 1730 589 erunt.
1760 529 1828 585 Et

231 652 334 706 hoc
371 647 594 703 difficile
641 642 986 710 intelligitur,
1017 654 1123 708 quo
1149 637 1400 706 jungatur
1437 638 1486 686 et
1522 645 1621 683 non
1657 634 1826 681 erunt.

229 743 367 814 Quid
408 758 514 795 non
540 737 728 793 erunt?
751 735 1036 790 Videamus
1061 745 1188 798 ergo
1213 726 1546 796 superiorem
1573 732 1776 778 textum
1811 735 1825 773 :

229 851 350 890 cum
368 828 753 902 comprehensi
775 825 969 882 fuerint
989 825 1039 877 in
1059 821 1304 891 superbia
1327 832 1442 878 sua,
1457 814 1829 870 annuntiabat:-

231 941 314 982 tur
333 943 397 980 ex
412 924 686 978 maledicto
714 931 760 976 et
779 918 1039 973 mendacio
1059 913 1532 969 consummationes.
1551 909 1680 974 Qua:
1706 910 1831 960 sunt

230 1013 770 1074 consummationes?
795 1009 1156 1066 Perfectiones
1185 1025 1197 1059 :
1236 1001 1595 1060 consunnnari
1640 998 1780 1053 enim
1809 1037 1824 1061 ,

229 1110 423 1184 perﬁci
467 1119 573 1167 est.
620 1105 775 1163 Aliud
816 1114 899 1160 est
937 1099 1341 1163 consummari,
1369 1095 1512 1150 aliud
1562 1089 1827 1147 consumi.

230 1183 655 1259 Consummatur
686 1199 826 1254 enim
862 1193 1004 1265 quod
1041 1194 1118 1246 sic
1164 1190 1344 1244 linitur
1382 1195 1438 1241 ut
1487 1183 1826 1254 perﬁciatur:

235 1295 574 1352 consumitur
598 1290 738 1362 quod
766 1289 844 1343 sic
872 1287 1055 1342 finitur
1088 1292 1144 1338 ut
1171 1297 1276 1336 non
1304 1280 1392 1334 sit.
1422 1275 1680 1345 Superbia
1721 1286 1830 1326 non

236 1387 588 1458 permittebat
609 1383 879 1439 hominem
909 1376 1114 1450 perﬁci;
1145 1373 1277 1429 nihil
1305 1371 1382 1426 sic
1409 1367 1630 1438 impedit
1656 1363 1831 1435 perfe-

228 1450 494 1535 ctionem.
527 1473 772 1530 lntendat
817 1471 1012 1542 quippe
1056 1466 1297 1522 Charitas
1330 1463 1514 1517 Vestra
1556 1450 1828 1528 paululum

230 1573 301 1628 ad
341 1573 394 1628 id
423 1570 570 1643 quod
607 1569 760 1632 dico;
790 1573 843 1619 ct
862 1563 1037 1618 videte
1078 1560 1275 1614 malum
1318 1555 1476 1610 nimis
1504 1551 1784 1606 molestum
1811 1587 1826 1613 ,

232 1667 396 1720 nimis
443 1640 770 1719 cavendum.
825 1656 992 1726 Quale
1045 1652 1243 1707 malum
1296 1644 1524 1718 putatis-7
1563 1640 1832 1709 Quamdiu

232 1770 554 1828 exaggerem
593 1752 718 1824 quid
751 1749 889 1805 mali-
916 1747 986 1802 sit
1025 1746 1080 1800 in
1117 1739 1402 1812 superbia?
1431 1735 1682 1790 Diabolus
1706 1731 1831 1786 inde

232 1826 426 1915 solum
441 1845 741 1918 puniendus
767 1851 867 1897 est.
891 1841 1045 1896 Certe
1063 1837 1314 1907 princeps
1331 1837 1414 1886 est
1441 1826 1677 1882 omnium
1709 1837 1830 1893 pec-

233 1951 482 1998 calorum
503 1982 519 2006 ,
550 1947 699 1996 certe
727 1935 978 1992 seductor
1001 1939 1084 1987 est
1119 1928 1184 1983 ad
1224 1922 1551 1996 peccandum
1581 1937 1596 1974 :
1631 1934 1734 1972 non
1780 1915 1830 1968 ei

236 2036 535 2106 imputatur
561 2029 897 2091 adulterium,
930 2040 1036 2080 non
1067 2016 1380 2083 vinolentia,
1400 2030 1508 2069 non
1530 2009 1826 2072 fomieatio,

233 2145 348 2184 non
375 2125 560 2197 rapina
585 2138 764 2179 rerum
791 2120 1104 2178 alienarum;
1127 2111 1240 2168 sola
1261 2107 1510 2180 super-hia
1529 2105 1708 2174 hpsus
1725 2109 1828 2155 est.

239 2223 313 2278 Et
337 2195 587 2292 quoniam
615 2213 881 2285 superbia:
905 2222 1087 2264 comes
1107 2213 1191 2261 est
1219 2200 1505 2258 invidentia
1523 2239 1536 2260 ,
1571 2195 1684 2250 ﬁeri
1723 2207 1831 2246 non

243 2283 421 2384 potest
450 2319 507 2366 ut
537 2283 800 2378 superbus
827 2319 933 2358 non
961 2299 1193 2355 invideat
1225 2313 1240 2350 :
1271 2309 1334 2349 ex
1366 2293 1472 2347 hoc
1488 2289 1652 2351 vitio,
1689 2283 1832 2356 quod

240 2377 546 2477 superbiam
594 2377 894 2455 necessario
935 2393 1176 2464 sequitur
1201 2387 1420 2458 .lapsus
1444 2383 1604 2438 etiam
1646 2377 1834 2436 invidit

243 2500 437 2564 stanti,
463 2507 518 2552 et
558 2496 705 2550 dedit
749 2485 964 2561 cperam
1006 2485 1262 2543 seducere
1305 2479 1576 2535 hominem
1602 2517 1617 2543 ,
1649 2489 1720 2528 ne
1744 2473 1834 2530 illo

245 2593 510 2647 levaretur
527 2586 668 2642 unde
680 2585 766 2640 ille
777 2582 1016 2652 dejectus
1031 2586 1130 2634 est.
1147 2576 1213 2631 Et
1230 2574 1350 2629 ideo
1359 2570 1551 2640 satagit
1567 2582 1690 2622 vera
1706 2581 1832 2635 per-

243 2683 470 2742 suadere
492 2689 727 2752 peccata,
753 2677 875 2747 quia
903 2675 1060 2728 talem
1083 2669 1315 2742 judicem
1344 2665 1600 2719 habemus
1626 2659 1716 2715 ubi
1739 2660 1836 2712 ob-

244 2780 406 2850 iicere
432 2751 564 2831 falsa
591 2788 698 2828 non
725 2769 909 2841 possit.
929 2765 1062 2821 Nam
1079 2765 1121 2818 si
1139 2760 1277 2831 apud
1297 2758 1532 2829 iudicem
1561 2751 1831 2808 hominem

245 2845 494 2942 ageretur
518 2882 680 2924 causa
707 2873 883 2918 nostra
905 2903 920 2928 ,
948 2873 1105 2930 quem
1145 2862 1328 2925 posset
1376 2850 1560 2905 fallere
1585 2845 1835 2901 crimina-

247 2963 479 3018 tionibus
525 2958 713 3022 falsis;
741 2969 844 3009 non
888 2952 1107 3008 multum
1151 2954 1333 3018 ageret
1369 2951 1424 2997 ut
1457 2949 1834 3012 peccarcmus;

248 3057 368 3127 quia
381 3053 618 3124 indicem
642 3047 892 3110 fallendo,
909 3054 965 3100 et
981 3044 1292 3098 innocentes
1314 3042 1496 3107 posset
1509 3030 1834 3103 opprimere,

249 3163 304 3206 et
341 3150 732 3204 circumventos
781 3140 847 3196 ad
884 3154 943 3196 se
986 3135 1299 3199 traducere,
1327 3141 1383 3186 et
1424 3141 1606 3184 secum
1641 3122 1837 3180 conde-

251 3243 420 3298 mnari
450 3240 628 3294 facere
661 3254 674 3290 :
708 3250 850 3290 nunc
878 3245 1005 3286 vero
1029 3228 1150 3299 quia
1177 3225 1462 3282 scittalem
1485 3219 1720 3291 iudicem
1746 3214 1838 3286 qui

251 3335 358 3390 falli
391 3349 497 3387 non
527 3331 712 3401 possit,
736 3326 931 3396 etquis
952 3323 1054 3378 scit
1077 3333 1200 3375 eum
1225 3318 1426 3388 justum
1457 3325 1715 3384 personas
1743 3323 1836 3363 ac-

251 3428 429 3499 cipere
459 3440 564 3479 non
598 3435 784 3492 posse;
813 3418 943 3472 tales
971 3416 1019 3471 ei
1049 3413 1164 3467 vult
1193 3425 1316 3465 reos
1345 3406 1638 3478 perducere
1661 3443 1676 3468 ,
1704 3414 1839 3470 quos

252 3533 474 3576 necesse
503 3517 571 3571 sit
601 3525 662 3569 ut
677 3514 911 3574 damnet,
936 3510 1058 3579 quia
1077 3507 1252 3577 justus
1271 3511 1372 3559 est.
1403 3501 1503 3554 Dat
1521 3500 1698 3567 itaque
1713 3508 1843 3563 open

253 3631 365 3670 ram
397 3622 455 3667 ut
485 3621 768 3682 peccemus
797 3606 906 3660 sola
939 3599 1247 3664 invidentia,
1279 3610 1400 3665 quae
1429 3588 1717 3648 invidentia
1747 3601 1841 3640 ne-

254 3723 404 3762 cesse
451 3679 535 3760 est
579 3712 634 3756 ut
675 3699 956 3756 comitetur
984 3689 1305 3762 superbiam.
1332 3687 1444 3741 Hoc
1484 3696 1612 3753 ergo
1640 3679 1841 3736 malum

255 3798 500 3869 superbia
530 3804 610 3850 est
637 3836 651 3860 ,
676 3789 970 3860 impediens
1003 3782 1404 3856 perfectionem.
1431 3775 1604 3831 Jaetet
1629 3787 1758 3840 ergo
1782 3784 1842 3825 se

255 3864 476 3962 quisque
494 3889 560 3943 de
581 3885 792 3948 divitiis,
813 3883 973 3951 iactet
991 3878 1057 3932 de
1077 3870 1472 3946 pulchritudine
1487 3875 1542 3926 et
1553 3865 1622 3921 de
1640 3864 1844 3920 viribus

255 3981 538 4053 corporis:
582 3979 680 4032 ista
727 3982 870 4028 certe
908 3969 1096 4025 omnia
1141 3964 1384 4021 mortalia
1434 3966 1597 4023 sunt;
1635 3953 1844 4013 ridendi

257 4048 380 4131 sunt
405 4074 496 4144 qui
517 4087 578 4126 se
601 4070 668 4125 de
690 4065 999 4123 mortalibus
1023 4063 1246 4132 jactant,
1276 4073 1304 4111 a
1330 4055 1530 4126 quibus.
1547 4053 1708 4107 rebus
1730 4048 1845 4118 ple-

255 4181 482 4237 rumque
516 4174 607 4220 aut
643 4162 748 4216 vivi
763 4161 1090 4216 deseruntur
1113 4197 1127 4220 ,
1155 4149 1467 4208 aut-mortui
1501 4162 1592 4203 eas
1621 4157 1845 4200 necesse

259 4271 341 4319 est
377 4271 435 4316 ut
458 4260 730 4315 deserant.
771 4251 1010 4309 Illud-est
1034 4248 1217 4304 vitium
1241 4243 1468 4314 capitale
1493 4283 1507 4305 ,
1539 4238 1684 4310 quod
1721 4251 1844 4292 cum

258 4355 484 4424 quisque
509 4352 647 4406 bene
673 4345 976 4418 profecerit,
1007 4339 1252 4410 superbia
1279 4342 1542 4396 tentatur,
1566 4342 1626 4386 ut
1655 4329 1846 4400 perdat

260 4419 428 4500 totum
459 4441 606 4513 quod
629 4437 870 4509 profecit.
912 4433 1148 4502 Denique
1174 4429 1352 4482 omnia
1384 4424 1509 4479 vitia
1537 4422 1591 4476 in
1625 4419 1848 4475 malefa-
1882 4475 1889 4490 ,

260 4539 362 4592 etis
392 4531 623 4589 timenda
662 4540 817 4593 sunt;
845 4524 1091 4595 superbia
1137 4523 1192 4577 in
1232 4515 1522 4578 benefactis
1569 4513 1687 4584 plus
1727 4527 1846 4566 me-

259 4628 459 4684 tuenda
505 4633 606 4680 est.
639 4622 753 4678 Non
791 4621 966 4687 itaque
1007 4615 1198 4669 mirum
1244 4611 1364 4682 quia
1407 4609 1486 4662 sic
1517 4615 1600 4662 est
1636 4604 1849 4659 humilis

265 4717 574 4790 Apostolus,
597 4723 654 4768 ut
679 4711 822 4767 dicat
849 4727 861 4762 :
893 4705 1111 4775 Quando
1135 4704 1386 4771 inﬁt-mor,
1410 4710 1528 4755 tunc
1551 4700 1696 4770 fortis
1713 4713 1843 4750 smn.

263 4815 395 4870 Nam
422 4812 527 4866 hoc
553 4808 680 4862 vitio
710 4821 779 4860 ne
803 4805 916 4876 ipse
941 4807 1267 4860 tentaretur,
1301 4795 1456 4865 quale
1479 4792 1581 4847 sibi
1610 4790 1846 4846 medica.

262 4914 502 4962 mentum
545 4901 674 4958 dicit
713 4896 1012 4968 appositum
1039 4900 1223 4948 contra
1255 4898 1545 4952 tumorem,
1579 4900 1605 4938 a
1638 4885 1850 4940 medico

259 4999 349 5070 qui
378 4998 540 5052 sciret
564 4991 688 5064 quid
717 4988 962 5046 curaret?
991 4985 1071 5039 Ne
1097 4979 1464 5054 magnitudine,
1497 4977 1684 5047 inquit,
1715 4992 1850 5030 reve-

264 5093 512 5150 lationum
531 5086 747 5143 extollar
764 5125 779 5152 ,
810 5084 957 5137 datus
997 5089 1069 5134 est
1092 5078 1214 5132 mihi
1241 5074 1475 5130 stimulus
1498 5071 1666 5126 carnis
1686 5085 1808 5124 mea:
1829 5108 1844 5137 ,

263 5186 476 5255 angelus
502 5193 711 5244 malum,
737 5178 822 5249 qui
840 5191 920 5230 me
933 5173 1233 5239 colaphiaet.
1261 5169 1478 5236 Propter
1497 5166 1632 5236 quod
1652 5175 1725 5218 ter
1745 5163 1853 5218 Do-

262 5278 458 5330 minum
477 5273 673 5344 rogari,
700 5279 756 5324 ut
774 5267 1046 5322 discederet
1061 5279 1206 5326 ante;
1234 5269 1281 5315 et
1306 5260 1434 5314 dixit
1452 5258 1578 5312 mihi
1601 5273 1618 5310 :
1655 5257 1852 5326 Sufﬁcit

263 5370 355 5424 tibi
409 5367 586 5440 gratia.
611 5380 762 5429 mea;
806 5377 928 5415 nam
958 5360 1116 5412 virtus
1157 5355 1212 5408 in
1253 5353 1546 5422 inﬁrmitate
1593 5349 1853 5417 perﬁcitur

264 5463 335 5533 (ll
360 5461 481 5518 Cor.
511 5475 582 5514 xu
603 5501 619 5525 ,
642 5456 817 5527 740).
847 5453 1035 5510 Videte
1063 5465 1181 5522 qum
1205 5449 1314 5503 sint
1344 5442 1850 5502 consummationem

263 5554 576 5627 Apostolus,
607 5551 798 5605 doctor
824 5547 1081 5617 gentium,
1114 5550 1264 5612 pater
1289 5538 1522 5593 ﬁdelium
1553 5550 1648 5606 per
1680 5535 1854 5588 Evan-

261 5648 482 5718 gelium,
501 5642 706 5712 accepit
727 5640 996 5695 stimulum
1018 5634 1203 5691 carnis
1224 5647 1255 5687 a
1275 5645 1380 5702 quo
1403 5628 1848 5698 colaphiaaretur.

260 5741 394 5809 Quis
441 5745 682 5792 nostrum
710 5733 812 5788 hoc
842 5732 1021 5786 dicere
1065 5727 1323 5788 auderet,
1355 5722 1458 5778 nisi
1483 5722 1571 5777 ille
1606 5719 1850 5776 conﬁteri

265 5849 376 5888 non
401 5825 778 5886 erubesceret?
800 5825 856 5880 Si
882 5822 1023 5896 enim
1054 5818 1345 5877 dixerimus
1365 5815 1466 5884 hoc
1493 5830 1597 5870 non
1638 5826 1852 5882 passum

269 5925 436 5982 fuisse
465 5921 686 5978 Paulum
717 5937 733 5986 ;
763 5933 882 5973 eum
933 5915 984 5971 ei
1029 5912 1179 5984 quasi
1218 5911 1482 5966 honorem
1525 5905 1848 5974 deferimus,

1305 413 1704 479 ENARRATIO
1741 409 1809 466 IN
1847 404 2170 469 PBA-LMUM
2209 409 2386 469 LVIII.

3413 425 3515 482 7M

1933 528 2239 584 mendacem
2282 529 2523 586 facimus.
2572 531 2676 588 Sed
2725 533 2847 602 quia
2890 551 3050 592 verax
3089 547 3174 594 est
3198 581 3213 606 ,
3245 548 3300 596 et
3329 557 3513 600 verum

1931 617 2084 686 dixit;
2107 633 2317 692 oportet
2337 634 2394 680 ut
2417 626 2700 680 credamus
2721 626 2900 680 datum
2928 629 3000 682 illi
3025 645 3145 687 esse
3165 636 3409 705 angelum
3429 652 3515 692 sa-

1933 724 2088 783 tame,
2110 732 2176 772 ne
2200 720 2562 807 magnitudine
2582 721 2964 778 revelationum
2988 727 3349 787 extolleretur.
3377 733 3516 790 Ecce

1932 823 2089 878 quam
2131 811 2395 866 timendus
2434 822 2516 868 est
2559 824 2782 882 serpens
2824 817 3132 886 superbire!
3167 821 3306 887 Quid
3339 825 3517 895 itaque

1935 900 2127 956 factum
2158 911 2239 956 est
2269 902 2422 957 istis?
2451 903 2506 957 In
2535 914 2757 974 peccato
2792 920 2889 960 suo
2927 909 3299 978 comprehensi
3350 926 3475 971 sunt

1933 993 2056 1063 quia
2101 993 2368 1050 Christum
2421 995 2766 1062 occiderunt,
2792 1006 2846 1052 et
2890 999 2958 1054 de

1935 1085 2136 1188 peccati
2196 1085 2312 1155 plus
2355 1085 2614 1141 humiliati
2661 1097 2823 1157 sunt,
2882 1099 2938 1146 et
2981 1093 3184 1162 majore
3226 1095 3520 1158 humilitate

1933 1179 2063 1245 erigi
2082 1187 2388 1232 meruerunt
2415 1197 2427 1232 :
2457 1179 2557 1234 hoc
2577 1189 2678 1247 est,
2700 1179 3199 1252 Comprehendantur
3213 1188 3266 1241 in
3289 1193 3522 1260 superbia

1934 1285 2046 1322 sua.
2070 1268 2138 1322 Et
2162 1287 2224 1324 ex
2252 1272 2520 1326 maledicto
2550 1281 2595 1325 et
2624 1275 2886 1329 mendacio
2923 1281 3357 1337 aununliabuntur
3398 1301 3523 1340 con-

1934 1363 2290 1416 summationes
2320 1379 2340 1418 :
2368 1363 2418 1417 id
2443 1372 2543 1428 est,
2576 1365 2696 1419 ideo
2726 1367 2894 1436 magis
2923 1370 3283 1438 perficiantur,
3318 1389 3381 1446 et
3393 1377 3438 1430 ia
3473 1378 3524 1433 in

1935 1453 2218 1557 maledicto
2266 1465 2320 1510 et
2373 1456 2651 1512 mendacio
2695 1458 3018 1527 deprehensi
3068 1472 3216 1520 sunt.
3263 1465 3524 1537 Superbia

1935 1550 2130 1616 quippe
2159 1563 2252 1602 eos
2283 1563 2388 1601 non
2433 1550 2775 1617 permittebat
2819 1553 2999 1620 perﬁci
3032 1570 3045 1608 :
3076 1555 3280 1612 facinus
3307 1558 3526 1616 abstulit

1935 1638 2233 1706 superbiam
2259 1653 2358 1708 per
2377 1655 2566 1694 eorum
2591 1641 3004 1709 confessionem;
3026 1646 3348 1718 indulgentia
3381 1651 3527 1706 dele-

1935 1730 2010 1784 vit
2039 1731 2249 1785 facinus
2281 1747 2374 1800 per
2399 1733 2495 1788 Dei
2525 1735 2956 1803 miserationem,
2990 1746 3044 1793 et
3068 1756 3134 1793 ex
3165 1742 3446 1800 maledicto
3471 1755 3526 1801 et

1936 1821 2213 1876 mendacio
2245 1825 2569 1879 annuntiatae
2609 1835 2732 1882 sunt
2772 1830 3262 1886 consummationes
3285 1849 3297 1885 :
3324 1834 3374 1888 id
3405 1844 3488 1890 cst

1933 1911 2133 1968 dictum
2147 1923 2231 1969 est
2262 1914 2482 1978 hmnini,
2511 1916 2696 1970 Vidisti
2727 1918 2854 1987 quid
2873 1921 2947 1973 sis
2976 1960 2989 1983 ,
3018 1877 3488 1994 sensisti-quidsi;
3506 1877 3522 1995 ζ

1935 2007 2153 2108 errasti,
2179 2015 2475 2062 excaecatus
2494 2023 2556 2062 es
2576 2050 2591 2076 ,
2616 2010 2849 2079 peccasti
2869 2019 2924 2065 et
2955 2012 3131 2082 lapsus
3151 2030 3230 2078 es,
3262 2017 3527 2087 agnovisti

1937 2099 2292 2154 inﬁrmitatem
2326 2107 2469 2154 tuam
2494 2103 2767 2171 ;-supplica
2798 2104 3006 2159 medico
3030 2147 3046 2170 ,
3081 2107 3188 2162 noli
3234 2109 3327 2164 tibi
3358 2111 3526 2170 videri

1937 2201 2117 2242 sanus.
2144 2188 2241 2244 Ubi
2263 2201 2344 2244 est
2365 2191 2646 2260 phrenesis
2668 2195 2793 2247 tua?
2816 2195 2950 2250 Ecce
2977 2195 3526 2272 medicunmccidisti,

1936 2295 2093 2348 quem
2107 2281 2406 2338 occidendo
2424 2283 2650 2352 perdere
2669 2299 2779 2338 non
2805 2286 3020 2352 potuisti
3039 2303 3052 2339 :
3076 2298 3254 2343 tamen
3273 2301 3529 2360 quantum

1937 2370 2002 2428 ad
2045 2379 2098 2426 te
2137 2373 2390 2441 pertinuit
2418 2414 2434 2438 ,
2466 2375 2730 2430 occidisti.
2763 2374 2853 2430 Ea:-
2881 2377 3145 2432 maledicto
3196 2390 3244 2434 et
3270 2383 3533 2440 mendacio

1937 2465 2373 2526 annuntiabanmr
2397 2469 2871 2524 cousttmmationes.
2905 2469 3130 2525 Fecistis
3149 2475 3292 2542 quod
3321 2475 3387 2529 ad
3415 2491 3534 2530 nia-

1940 2558 2188 2614 ledictum
2221 2561 2545 2629 pertinebat,
2570 2576 2604 2615 o
2627 2561 2796 2618 Judmi
2829 2580 2840 2615 :
2872 2562 3180 2618 Maledictus
3203 2567 3344 2620 enim
3371 2571 3534 2625 omnis

1939 2651 2024 2716 qui
2051 2651 2300 2718 pendetur
2323 2653 2458 2721 ligno
2486 2651 2662 2724 (Deut.
2691 2670 2802 2720 xu,
2825 2653 2917 2720 25,
2941 2664 2990 2707 et
3011 2655 3129 2710 Gal.
3156 2674 3232 2720 in,
3271 2660 3382 2728 15).
3409 2660 3532 2716 Gru-

1938 2741 2187 2800 citixistis
2213 2743 2502 2809 Christum;
2527 2754 2780 2814 tanquam
2801 2747 3142 2808 maledictum
3163 2752 3408 2819 putastis.
3423 2754 3532 2810 Ad-

1939 2833 2008 2890 de
2063 2835 2348 2895 maledicto
2395 2837 2732 2894 mendacium
2767 2839 3082 2896 :custodes-
3112 2841 3199 2896 ad.
3226 2844 3531 2912 sepulcrum

1942 2927 2224 2995 posuistis;
2258 2929 2725 2995 utmosttirentur,
2755 2931 3034 3000 peeuism
3062 2932 3286 2990 dedistis
3311 2935 3529 3002 (Matth.

1941 3034 2126 3085 xxvnl,
2160 3020 2272 3090 12).
2296 3021 2434 3077 Ecce
2460 3019 2702 3077 Christus
2725 3025 3018 3079 resurrexit
3048 3025 3532 3084 :ubiestimaledf-

1943 3122 2090 3170 ctum
2119 3115 2293 3172 crucis
2318 3115 2460 3185 quod
2498 3115 2850 3172 fecistis‘inbi
2870 3127 2955 3173 est
2980 3118 3318 3176 mendacium
3356 3129 3534 3178 custo-

1943 3208 2070 3264 dum
2091 3224 2230 3280 quos
2249 3210 2595 3279 corrupistis?

2013 3302 2069 3358 ὃ.
2100 3299 2186 3355 Ea:
2203 3302 2473 3358 ntaledicto
2487 3311 2540 3356 et
2559 3303 2822 3358 mendacio
2851 3304 3284 3360 annuntiabuntnr
3302 3322 3534 3362 consum-

1945 3393 2207 3496 mationes,
2231 3394 2285 3446 in
2300 3395 2376 3447 ira
2396 3396 2862 3458 consummationis,
2886 3406 3051 3450 etnon
3075 3406 3238 3450 erunt.
3272 3398 3407 3465 Quid
3425 3408 3530 3465 est,

1942 3486 2004 3540 in.
2026 3486 3022 3542 ua-commniationisannuntiabuntur
3040 3491 3494 3545 consununationes
3509 3493 3535 3547 .’

1949 3579 2155 3643 Bttiira
2196 3581 2688 3646 consummationis,
2733 3591 2790 3636 et
2832 3591 2913 3636 est
2956 3582 3033 3636 ira
3088 3585 3530 3653 consumptienis.

1946 3674 2078 3728 Nam
2134 3675 2308 3728 omnis
2336 3672 2565 3728 vindicta
2611 3674 2702 3728 Dei
2729 3675 2807 3727 ira
2857 3674 3052 3728 dicitur
3082 3692 3095 3727 :
3127 3676 3222 3730 sed
3249 3675 3536 3747 aliquando

1947 3767 2012 3822 ad
2047 3767 2145 3821 hoc
2173 3766 2410 3821 vindicat
2440 3767 2602 3833 Deus,
2633 3776 2689 3821 ut
2720 3767 2990 3837 perﬁciat;
3020 3767 3308 3838 aliquando
3343 3770 3410 3825 ad
3433 3769 3538 3826 hoe

1947 3860 2216 3920 vindicat,
2264 3868 2323 3915 ut
2376 3859 2610 3914 damnet.
2660 3859 2939 3925 Quomodo
2990 3859 3056 3912 ad
3119 3859 3221 3915 hoc
3267 3861 3534 3930 vindieat,

1949 3964 2007 4008 ut
2045 3954 2314 4024 perﬁciat?
2368 3952 2628 4024 Flagellat
2682 3969 2877 4006 omnem
2939 3953 3104 4021 ﬁlium
3171 3967 3325 4023 quem
3361 3955 3540 4024 recipit

1951 4045 2136 4116 (Hebr.
2168 4061 2260 4109 xu,
2286 4046 2362 4116 ϐ).
2386 4045 2664 4110 Quomodo
2688 4045 2756 4098 ad
2783 4045 2884 4099 hoc
2911 4045 3159 4111 vindieat,
3186 4055 3246 4100 ut
3282 4046 3540 4101 damnet?

1949 4139 2171 4207 Quando
2199 4140 2434 4209 posuerit
2454 4139 2644 4207 impios
2669 4138 2734 4192 ad
2767 4140 3056 4203 sinistram,
3099 4147 3154 4193 et
3176 4139 3370 4193 dixerit
3412 4141 3492 4193 eis
3523 4157 3537 4194 :

1950 4231 2031 4285 Ite
2053 4233 2104 4284 in
2134 4233 2298 4299 ignem
2323 4240 2585 4296 teter-nunt,
2613 4230 2698 4297 qui
2727 4239 2933 4298 paratus
2959 4238 3036 4284 est
3049 4230 3316 4284 diaboloet
3339 4229 3540 4298 angelis

1951 4325 2062 4390 eius
2092 4322 2302 4392 (Matth.
2333 4337 2454 4385 xxv,
2487 4320 2599 4393 41).
2629 4319 2721 4374 Illa
2749 4321 2823 4373 ira
2842 4321 3400 4388 ‘consumptionisest,
3431 4334 3539 4374 non

1951 4414 2444 4471 consummationis.
2485 4411 2929 4466 Annuntiabuntur
2993 4419 3168 4466 autem
3212 4425 3540 4464 consumma-

1954 4511 2112 4564 tiones
2136 4511 2189 4562 in
2214 4509 2294 4561 ira
2333 4506 2820 4568 consummationis;
2847 4506 3027 4569 idest,
3058 4502 3445 4573 praedicabitur-
3472 4503 3542 4558 ab
3573 4502 3584 4522 '

1954 4602 2224 4671 Αροςιυιὶες
2262 4601 2383 4670 quia
2423 4600 2512 4653 ubi
2537 4598 2804 4652 abundavit
2837 4606 3113 4666 peccatum,
3159 4596 3543 4666 superabunda-

1956 4695 2028 4746 vit
2050 4694 2212 4763 gratia
2241 4691 2415 4763 (Rom.
2439 4707 2493 4756 ν,
2523 4690 2639 4759 20),
2668 4690 3002 4759 οιιρθτιίηιιὶι
3049 4689 3140 4742 κάη
3163 4688 3545 4746 humiliationis

1955 4785 2272 4841 medicinam
2317 4784 2594 4840 inﬁrmitas
2647 4783 2893 4837 hominis.
2937 4775 3049 4835 Hec
3100 4783 3395 4852 cogitantes
3445 4782 3542 4850 illi,

1955 4887 2010 4934 et
2053 4878 2386 4933 invenientes
2433 4875 2611 4946 atque
2662 4876 2976 4930 conﬁtcntes
3033 4875 3339 4946 iniquitates
3395 4889 3541 4942 suae,

1956 4987 2058 5024 non
2101 4981 2262 5024 erunt.
2306 4969 2440 5036 Quid
2489 4984 2587 5022 non
2617 4968 2800 5022 erant?
2835 4967 2890 5021 In
2942 4968 3192 5038 superbia
3220 4983 3333 5023 sua.
3372 4970 3544 5039 Supra

1956 5063 2098 5119 enim
2129 5062 2353 5127 dixerat,
2397 5059 2902 5131 Comma/tendantur
2947 5061 2998 5115 in
3043 5060 3276 5130 superbia
3312 5075 3425 5114 sua.
3475 5058 3544 5111 Et

1958 5172 2020 5210 ea:
2047 5155 2314 5208 maledicto
2360 5163 2406 5208 et
2452 5152 2713 5206 mendacio
2750 5155 3186 5208 annuntiabuntur
3228 5167 3544 5207 consumma-

1959 5249 2118 5302 tiones
2144 5249 2195 5300 in
2224 5248 2301 5300 ira
2345 5246 2812 5308 consummationis,
2851 5257 2896 5300 et
2925 5263 3026 5301 non
3051 5255 3213 5311 mmt,
3265 5245 3455 5314 utique
3485 5243 3539 5299 in

1959 5339 2227 5410 superbia,
2252 5339 2306 5392 in
2326 5351 2428 5407 qua
2453 5336 2826 5405 comprehensi
2850 5346 2993 5392 sunt.

2032 5437 2084 5490 7-.
2118 5433 2184 5487 Et
2209 5433 2364 5486 scient
2386 5431 2508 5501 quia
2532 5429 2667 5483 Deus
2693 5429 3035 5484 dominabitur
3059 5427 3259 5493 Iacob,
3286 5437 3335 5482 et
3363 5427 3546 5496 ﬁniunt

1965 5537 2128 5581 terrae.
2161 5526 2300 5579 Ante
2319 5523 2462 5578 enim
2483 5523 2612 5593 justi
2639 5523 2738 5576 sibi
2767 5521 3103 5585 videbantur,
3125 5519 3268 5589 quod
3292 5533 3424 5590 gens
3441 5519 3541 5574 Ju-

1961 5619 2075 5674 daea
2104 5617 2299 5686 Legem
2330 5623 2626 5685 acceperat,
2659 5614 2797 5684 quod
2841 5613 2934 5668 Dei
2985 5621 3243 5681 prmeepta
3288 5625 3547 5667 servave-

1961 5720 2044 5765 rat
2069 5728 2082 5763 :
2103 5710 2498 5763 demonstratur
2517 5707 2620 5761 illis
2635 5706 2756 5776 quia
2777 5719 2883 5760 non
2914 5704 3165 5771 servavit,
3182 5720 3300 5760 cum
3331 5705 3385 5761 iu
3415 5704 3549 5775 ipsis

1960 5804 2054 5861 Dei
2095 5803 2374 5874 praeceptis
2405 5800 2674 5856 Christum
2718 5813 2822 5851 non
2860 5797 3138 5864 intellexit,
3165 5799 3286 5867 quia
3333 5799 3548 5854 eiecitas

1962 5914 2032 5956 ex
2071 5907 2220 5968 parte
2248 5898 2298 5951 in
2328 5894 2488 5950 Israel
2527 5892 2662 5949 facta
2712 5897 2797 5946 est
2821 5893 2839 5948 t
2858 5889 2944 5943 1d.
2995 5889 3227 5963 1:925).
3264 5890 3454 5948 Vident
3491 5899 3549 5953 et
