4038 6466
549 391 646 446 ’111

547 503 646 574 ipsi
672 500 839 558 Judaei
867 500 988 572 quia
1009 513 1115 556 non
1147 499 1346 556 debent
1368 500 1567 557 Gentes
1595 508 1958 563 contemnere,
1991 515 2127 570 quos

545 595 693 665 quasi
735 609 894 648 canes
920 601 975 647 et
1019 601 1323 662 peccatores
1365 592 1658 674 putabant:
1688 590 1955 660 quomodo
1984 591 2127 644 enini

546 688 742 757 pariter
779 685 976 740 inventi
1007 693 1132 740 sunt
1156 685 1205 738 in
1238 683 1554 753 iniquitate;
1606 684 1674 737 ita
1703 683 1902 753 pariter
1933 699 2126 753 perve-

543 779 692 834 nient
717 779 784 834 ad
806 779 1052 834 salutem.
1087 776 1208 832 Non
1234 778 1392 830 solum
1422 794 1484 830 ea:
1512 775 1727 842 Judwis,
1756 776 1924 846 inquit
1975 779 2124 846 Apo-

542 871 744 936 stolus,
777 887 948 926 verum
999 872 1148 924 etiam
1176 887 1238 925 ex
1267 869 1502 924 Gentibus
1532 870 1550 941 (
1575 869 1724 924 Rom.
1759 886 1832 935 Ix,
1860 868 1978 939 24).
2001 868 2126 926 Ideo

541 962 684 1018 enim
711 962 932 1032 lapidem
959 979 1106 1031 quem
1129 963 1522 1030 reprobaverunt
1556 962 1886 1031 testiﬁcantes,
1933 960 2014 1014 hic
2045 963 2126 1030 fa-

539 1064 651 1109 ctus
687 1065 758 1110 est
792 1056 846 1109 in
874 1066 1026 1126 caput
1053 1055 1228 1126 anguli
1278 1055 1459 1126 (Psal.
1491 1070 1656 1119 cxvn,
1705 1054 1814 1123 22)
1840 1096 1853 1117 ,
1897 1062 1955 1107 ut
1987 1052 2122 1108 duos

535 1144 781 1216 jungeret
811 1147 861 1200 in
892 1162 950 1201 se
979 1163 992 1200 :
1021 1146 1241 1216 angulus
1278 1146 1419 1200 enim
1450 1146 1584 1200 duos
1616 1145 1842 1216 parietes
1888 1144 2119 1212 copulat.

538 1237 709 1294 Judaei
756 1238 956 1295 excelsi
984 1248 1037 1295 et
1062 1240 1237 1310 magni
1255 1239 1356 1293 sibi
1385 1239 1737 1294 videbantur:
1787 1237 1984 1294 Gentes
2010 1247 2124 1291 tan-

539 1350 697 1404 quam
725 1334 938 1397 inlirnii,
978 1341 1226 1404 tanquam
1270 1343 1597 1404 peccatores,
1629 1341 1876 1403 tanquam
1916 1333 2119 1387 daemo-

538 1444 663 1481 num
694 1427 855 1491 servi,
913 1436 1160 1496 tanquam
1189 1427 1451 1481 idolorum
1479 1425 1823 1490 adoratores;
1866 1437 1920 1482 et
1943 1436 2119 1481 tamen

537 1520 590 1574 in
623 1521 856 1589 utrisque
887 1518 1136 1589 iniquitas
1163 1528 1296 1574 erat.
1333 1519 1688 1572 Demonstrati
1718 1527 1842 1573 sunt
1871 1528 1926 1574 et
1951 1518 2119 1573 Judaei

536 1622 841 1683 peccatores
861 1630 876 1677 ;
895 1613 1017 1684 quia
1040 1630 1141 1666 non
1161 1622 1233 1666 est
1257 1613 1343 1683 qui
1353 1613 1507 1684 faciat
1529 1611 1733 1676 bonum,
1750 1629 1850 1666 non
1876 1623 1947 1667 est
1967 1629 2122 1683 usque

533 1706 602 1758 ad
621 1723 775 1759 unum
793 1705 966 1776 (Rom.
989 1722 1064 1771 ιιι,
1095 1705 1211 1775 12):
1237 1705 1597 1774 deposuerunt
1617 1707 1914 1776 superbiam
1929 1716 1984 1762 et
2013 1723 2118 1762 non

535 1798 839 1853 inviderunt
862 1801 1014 1854 saluti
1029 1799 1297 1865 Gentium,
1317 1801 1434 1869 quia
1454 1817 1633 1869 parem
1649 1817 1796 1856 suam
1827 1812 1881 1856 et
1905 1803 2116 1857 illorum

533 1888 892 1946 inﬁrmitatem
931 1902 1329 1960 cognoverunt;
1373 1903 1426 1948 ct
1454 1893 1505 1946 in
1547 1895 1784 1964 angulari
1830 1895 2004 1964 lapide
2023 1911 2118 1950 co-

534 1983 695 2052 pulati
733 1982 889 2036 simul
940 1982 1220 2038 Dominum
1265 1985 1638 2039 adoravcrunt.
1696 1985 1765 2038 Et
1794 1987 1948 2040 scient
2001 1995 2121 2056 quia

533 2075 670 2131 Deus
691 2076 1028 2130 dominabitur
1073 2077 1253 2144 Jocob,
1282 2088 1328 2131 et
1371 2079 1550 2146 ﬁniunt
1576 2088 1740 2134 terras.
1777 2081 1890 2135 Non
1914 2091 2114 2136 tantum

530 2167 836 2226 Judzeorum
862 2172 1235 2236 dominabitur,
1266 2172 1357 2226 sed
1403 2183 1457 2226 et
1509 2175 1689 2228 linium
1738 2183 1936 2229 terrae:
1975 2176 2118 2245 quod

531 2279 635 2319 non
665 2264 882 2329 scirent,
920 2266 964 2320 si
987 2265 1159 2320 adhuc
1206 2265 1256 2320 in
1282 2256 1528 2335 superbia
1574 2283 1667 2322 sua
1697 2278 1911 2332 essent;
1945 2269 1996 2322 in
2028 2286 2119 2325 su-

530 2358 712 2427 perbia
734 2369 911 2414 autem
942 2373 1035 2413 sua
1063 2368 1262 2422 essent,
1287 2359 1330 2414 si
1358 2359 1531 2414 adhuc
1555 2360 1658 2415 sibi
1692 2360 1819 2431 justi
1871 2361 2116 2416 videren-

531 2457 737 2506 turzut
762 2460 939 2506 autem
963 2452 1063 2507 sibi
1088 2437 1216 2522 justi
1246 2469 1349 2507 non
1398 2453 1746 2519 viderentur,
1791 2457 2118 2513 annuntiatte

530 2553 651 2600 sunt
685 2543 791 2599 illis
821 2561 883 2597 ex
928 2537 1213 2601 maledicto
1239 2555 1293 2601 et
1319 2547 1602 2602 mendacio
1629 2552 2116 2606 consummationes

529 2636 582 2692 in
609 2637 686 2692 ira
705 2639 1185 2696 consummationis
1210 2657 1224 2705 ;
1253 2641 1374 2710 quia
1404 2641 1780 2712 comprehensi
1817 2643 2030 2699 fuerunt
2062 2645 2114 2699 in

527 2732 771 2800 superbia
823 2746 939 2798 sua,
991 2749 1055 2787 ex
1094 2734 1376 2789 maledicto
1404 2735 1544 2804 quod
1590 2735 1847 2802 fecerunt,
1903 2737 2116 2806 quando

527 2823 794 2878 Christum
817 2825 1149 2880 occiderunt.
1185 2826 1322 2881 Ecce
1345 2826 1470 2896 quid
1499 2825 1624 2882 fecit
1653 2827 1914 2882 Dominus
1935 2837 2117 2884 noster

527 2915 683 2972 Jesus
707 2917 972 2973 Christus.
1003 2918 1240 2972 Mortuus
1271 2927 1354 2972 est
1390 2918 1527 2973 inter
1556 2935 1747 2974 manus
1771 2919 2074 2975 Judaeorum
2097 2961 2111 2986 ,

527 3016 582 3063 et
608 3007 835 3063 redemit
857 3008 1247 3063 multitudinem
1266 3008 1515 3063 Gentium
1547 3029 1559 3062 :
1588 3010 1686 3064 hac
1713 3010 1858 3064 fusus
1884 3019 1966 3065 est
1991 3026 2115 3064 san-

526 3102 664 3170 guis,
719 3100 820 3156 hac
869 3099 1100 3170 profuit;
1133 3100 1226 3154 sed
1272 3101 1550 3155 conversis
1587 3103 1832 3157 omnibus
1879 3104 2112 3173 profuit;

526 3195 643 3261 quia
672 3202 726 3248 et
768 3193 840 3246 illi
881 3208 1038 3262 quem
1086 3192 1400 3248 occiderunt
1445 3204 1796 3262 agnoverunt,
1827 3203 1879 3250 et
1925 3195 1992 3250 ab
2021 3195 2114 3250 illo

527 3283 694 3354 ipsius
734 3281 1118 3339 interfectionis
1145 3292 1199 3339 et
1226 3281 1408 3338 delicti
1453 3284 1533 3338 sui
1562 3286 1736 3356 magni
1765 3286 1974 3340 veniam
2003 3301 2115 3343 me-

525 3385 766 3432 ruerunt.

595 3470 647 3524 8.
680 3468 698 3541 [
717 3485 842 3524 vers.
874 3466 994 3540 l5.]
1027 3468 1161 3536 Quid
1190 3483 1318 3540 ergo
1365 3479 1418 3524 et
1443 3469 1512 3525 de
1536 3469 1699 3539 ipsis?
1728 3470 1880 3538 Quod
1907 3486 2064 3543 supra
2094 3490 2109 3528 :

524 3559 879 3616 Convertcntur
903 3559 970 3612 ad
991 3576 1245 3630 vesperam
1266 3575 1284 3614 :
1308 3560 1359 3614 id
1386 3569 1471 3615 est
1497 3559 1597 3614 etsi
1620 3576 1762 3627 sero,
1799 3560 1849 3616 id
1886 3571 1969 3618 est
1992 3571 2114 3636 post

524 3651 953 3708 interfectionem
977 3652 1180 3706 Domini
1209 3652 1377 3707 nostri
1406 3653 1532 3708 .Iesu
1559 3652 1776 3708 Christi.
1814 3653 2112 3712 Converten-

524 3757 605 3800 tur
630 3747 697 3799 ad
735 3761 1025 3814 vesperam;
1053 3754 1098 3798 et
1127 3745 1313 3815 famem
1353 3746 1606 3816 patientur
1634 3756 1688 3799 ut
1722 3764 1892 3802 canes.
1921 3749 2025 3804 Sed
2057 3760 2112 3805 ut

524 3855 673 3892 canes
693 3879 708 3905 ,
742 3851 846 3891 non
877 3845 932 3890 ut
957 3851 1118 3898 oves,
1148 3846 1237 3890 aut
1268 3836 1416 3889 vituli
1449 3853 1462 3888 :
1491 3844 1546 3889 ut
1585 3853 1755 3904 canes,
1807 3848 1864 3894 ut
1889 3838 2106 3908 Gentes,

525 3939 585 3984 ut
633 3936 975 3998 peccatores;
1013 3927 1134 3997 quia
1175 3937 1230 3981 ct
1281 3928 1377 3996 ipsi
1424 3941 1788 3998 cognoverunt
1833 3942 2110 4002 peccatum

525 4037 677 4076 suum
705 4019 797 4090 qui
819 4018 919 4074 sibi
949 4019 1079 4089 justi
1106 4018 1442 4074 videbantur.
1474 4020 1550 4076 De
1578 4023 1770 4092 quibus
1798 4023 1998 4079 dictum
2027 4034 2111 4081 est

525 4112 579 4169 in
609 4113 714 4165 alio
734 4112 958 4180 psalmo,
990 4109 1177 4164 Postea
1203 4110 1600 4166 acceleraverunt
1628 4130 1646 4168 :
1671 4113 1774 4169 hoc
1804 4114 2002 4170 dictum
2029 4126 2110 4172 est

521 4203 628 4270 hic,
660 4203 740 4257 Ad
776 4219 1051 4273 vesperam.
1080 4202 1208 4258 Nam
1237 4203 1308 4258 ibi
1353 4205 1428 4258 sic
1451 4213 1571 4260 est:
1607 4205 1960 4278 Multiplicatce
1991 4219 2109 4264 sunt

520 4297 840 4365 inﬁrmitates
857 4312 1028 4351 eorum
1048 4314 1068 4362 ;
1090 4305 1260 4368 postea
1275 4296 1676 4351 acceleraverunt
1695 4298 1862 4369 (I’sal.
1898 4317 1993 4367 xv,
2025 4301 2104 4373 4).

523 4389 674 4445 Unde
702 4387 1102 4443 acceleraverunt
1125 4398 1294 4456 postea
1314 4389 1338 4441 ἱ)
1357 4388 1488 4456 Quia
1510 4390 1864 4460 multiplicata?
1889 4402 2004 4446 sunt
2027 4395 2106 4447 in-

520 4483 782 4551 firmitates
809 4497 980 4535 eorum
1008 4498 1026 4534 :
1072 4495 1192 4534 nam
1220 4481 1264 4535 si
1291 4481 1389 4534 sibi
1416 4481 1589 4536 adhuc
1624 4484 1738 4537 sani
1781 4484 2100 4553 viderentur,

520 4588 793 4642 nunquam
850 4571 1228 4627 accelerarcnt.
1275 4571 1425 4640 Quod
1465 4587 1593 4645 ergo
1637 4573 1707 4629 ibi
1749 4575 1948 4632 dictum
2000 4589 2101 4646 est,

517 4661 879 4734 Multiplicatw
905 4673 1021 4717 sunt
1051 4664 1367 4732 inﬁrmitates
1410 4682 1584 4719 eorum
1602 4682 1622 4730 ;
1661 4666 1762 4722 hoc
1788 4669 1986 4724 dictum
2024 4680 2106 4726 est

518 4753 626 4820 hic,
659 4754 1157 4824 comprehendantur
1181 4757 1232 4809 in
1252 4756 1486 4825 superbia
1512 4775 1626 4823 sua,
1652 4769 1696 4812 et
1727 4777 1790 4814 ea:
1837 4762 2103 4818 maledicto

519 4855 567 4900 et
596 4845 855 4899 mendacio
875 4848 1306 4902 annuntiabuntur
1330 4851 1778 4906 consummationes
1800 4854 1852 4906 in
1875 4854 1953 4906 ira
1978 4871 2101 4909 con-

517 4931 888 4987 summationis.
943 4933 1010 4986 Et
1052 4933 1192 5003 quod
1232 4933 1304 4988 ibi
1344 4933 1542 4989 dictum
1598 4944 1680 4991 est
1706 4979 1721 5003 ,
1779 4936 1967 4992 Postea
2017 4956 2104 4994 ac-

515 5025 898 5091 celeraverunt;
951 5025 1056 5082 hoc
1101 5027 1296 5082 dictum
1335 5035 1419 5082 est
1450 5027 1554 5094 hic,
1591 5026 1653 5083 Et
1686 5047 1786 5084 non
1838 5041 2015 5099 erunt,
2046 5032 2099 5088 in

516 5117 763 5187 superbia
791 5131 907 5172 sua.
940 5117 1010 5173 Et
1046 5121 1202 5174 scient
1229 5121 1350 5190 quia
1374 5118 1514 5175 Deus
1541 5121 1880 5178 dominabitur
1916 5124 2098 5194 Jacob,

516 5218 562 5263 et
589 5210 768 5279 ﬁnium
808 5220 955 5265 terra:
987 5220 1079 5265 :et
1107 5221 1455 5266 convertentur
1479 5214 1547 5267 ad
1580 5231 1854 5286 vesperam.
1895 5216 2099 5274 Bonum

515 5311 598 5356 est
617 5317 744 5373 ergo
768 5302 1035 5356 humiliari
1064 5312 1428 5373 peccatorum;
1460 5316 1515 5360 et.
1542 5322 1700 5363 nemo
1720 5318 1802 5364 est
1831 5311 2101 5366 insanabi-

518 5396 618 5450 lior
644 5412 710 5452 eo
739 5397 829 5468 qui
851 5397 952 5452 sibi
974 5411 1138 5453 sanus
1165 5397 1389 5453 videtur.
1435 5399 1503 5453 Et
1553 5403 1885 5458 circumibunt
1927 5405 2100 5460 civita-

515 5498 633 5546 tem.
659 5489 776 5547 iam
804 5499 858 5546 et
880 5493 1130 5546 hesterno
1159 5490 1245 5546 die
1263 5493 1607 5562 exposuimus
1623 5496 1912 5566 civitatem,
1939 5497 1993 5553 id
2019 5507 2102 5556 est

517 5583 928 5638 circumstantiae
957 5583 1248 5650 civitatem,
1271 5597 1458 5640 omnes
1480 5596 1685 5657 gentes.

588 5673 642 5729 9.
677 5672 827 5746 [vers.
859 5671 988 5745 16.]
1017 5672 1385 5746 Dispergentur
1411 5687 1468 5731 ut
1505 5679 1695 5734 edant:
1721 5679 1775 5734 id
1803 5690 1906 5748 est,
1934 5690 1994 5737 ut
2016 5682 2100 5736 lu-

513 5777 731 5822 crentur
769 5767 922 5836 alios,
969 5777 1027 5824 ut
1073 5769 1127 5824 in
1150 5785 1346 5840 corpus
1373 5785 1526 5827 suum
1556 5772 1936 5832 transforment
1979 5791 2100 5834 cre-

514 5860 736 5914 dentes.
757 5858 820 5915 Si
845 5869 1014 5916 autem
1052 5875 1154 5916 non
1191 5860 1508 5919 satiabuntur
1530 5899 1545 5930 ,
1593 5870 1640 5920 et
1691 5869 2095 5933 murmurabunt.

1789 387 1846 443 8.
1888 385 2257 443 AUGUSTINI
2295 388 2600 447 EPISCOPI

3711 405 3816 464 7ίὲ

2239 503 2370 571 Quia
2390 517 2444 561 et
2471 508 2718 580 superius
2742 524 2983 576 murmur
3011 524 3194 566 eorum
3225 513 3451 580 dixerat,
3475 514 3766 574 dicentium
3800 538 3813 574 :

2238 596 2488 663 Quoniam
2515 601 2626 670 quis
2651 602 2881 656 audivit?
2905 602 2972 656 Et
2994 613 3066 668 tu,
3101 604 3313 661 Domine
3337 651 3350 672 ,
3399 609 3590 679 inquit,
3617 611 3814 666 deride-

2234 691 2306 745 bis
2331 709 2434 759 eos,
2491 694 2727 750 dicentes
2783 714 2795 749 :
2846 698 2970 762 Quis
3012 700 3250 756 audivit?
3295 702 3502 769 Quare?
3547 704 3679 773 Quia
3722 724 3816 776 pro

2233 781 2391 836 nihilo
2421 783 2621 840 habebis
2641 803 2810 841 omnes
2837 799 3026 858 gentes.
3056 790 3144 845 Sic
3188 801 3241 846 et
3270 793 3354 847 hic
3382 812 3394 848 :
3422 795 3483 851 Si
3513 807 3681 851 autem
3711 815 3810 852 non

2230 874 2567 944 satiabuntur,
2598 886 2644 931 et
2671 882 3071 937 murmurabunt.

2304 966 2388 1021 10.
2438 965 2588 1040 [vers.
2621 971 2708 1037 i7,
2765 971 2894 1045 18.]
2925 974 3281 1032 Concludatur
3329 979 3587 1037 Psalmus.
3627 983 3814 1040 Videte

2229 1061 2478 1131 angulum
2507 1064 2882 1134 exsultantem,
2928 1069 3035 1140 jam
3082 1071 3150 1126 de
3198 1082 3421 1145 utroque
3462 1078 3662 1145 pariete
3689 1094 3814 1149 gauc

2229 1151 2443 1209 dentem
2493 1155 2726 1229 (Ephes.
2788 1161 2885 1230 ιι).
2946 1161 3334 1230 Superbiebant
3371 1166 3581 1234 Judmi;
3632 1170 3814 1225 humi-

2230 1245 2337 1300 liati
2363 1257 2486 1302 sunt
2517 1267 2530 1302 :
2559 1249 2914 1320 deSperabant
2937 1254 3171 1320 Gentes;
3200 1269 3390 1312 erectae
3418 1269 3561 1316 sunt.
3590 1260 3814 1316 Veniant

2228 1337 2293 1389 ad
2318 1339 2602 1408 angulum;
2631 1343 2699 1396 ibi
2727 1346 3067 1407 conveniant,
3102 1347 3170 1400 ibi
3202 1361 3542 1415 concurrant,
3571 1352 3640 1406 ibi
3667 1355 3810 1421 pacis

2227 1429 2464 1484 osculum
2493 1433 2764 1488 inveniant
2797 1454 2808 1488 :
2837 1437 2905 1491 de
2929 1437 3141 1492 diverso
3160 1440 3393 1500 veniant.
3425 1443 3520 1497 sed
3539 1444 3589 1497 in
3617 1445 3813 1500 adver-

2227 1533 2342 1574 sum
2375 1537 2477 1576 non
2509 1525 2761 1592 veniant;
2792 1528 2863 1581 illi
2893 1528 2960 1584 de
2989 1530 3397 1590 circumcisione
3421 1575 3436 1598 ,
3468 1535 3556 1590 isti
3578 1537 3646 1592 de
3679 1555 3811 1608 prae-

2227 1614 2392 1681 putio.
2426 1616 2604 1688 Longe
2633 1627 2786 1674 erant
2831 1623 3078 1690 parietes,
3119 1624 3216 1680 sed
3243 1637 3523 1697 antequam
3550 1631 3617 1684 ad
3641 1647 3811 1702 angn-

2227 1706 2332 1762 lum
2363 1711 2604 1766 venirent
2635 1731 2646 1764 :
2698 1714 2749 1767 in
2792 1715 2989 1785 angulo
3045 1730 3218 1774 autem
3253 1730 3465 1776 teneant
3493 1738 3552 1779 se
3575 1767 3588 1788 ,
3622 1736 3677 1781 et
3707 1737 3812 1782 tota

2221 1797 2331 1868 jam
2354 1800 2588 1856 Ecclesia
2619 1818 2683 1858 ex
2712 1815 2936 1875 utroque
2961 1810 3182 1878 pariete,
3215 1813 3338 1881 quid
3371 1814 3548 1868 dicat?
3581 1817 3692 1887 Ego
3720 1836 3811 1872 au-

2225 1901 2322 1946 tem
2383 1897 2595 1950 cantabo
2643 1904 2914 1969 potentiam
2969 1913 3106 1957 tuam
3130 1947 3143 1970 ,
3177 1916 3220 1958 et
3251 1909 3511 1962 ατε-αλιιὺο
3543 1929 3689 1965 mane
3719 1915 3812 1965 mi-

2223 1987 2497 2041 sericordia
2525 1999 2630 2043 tua.
2681 1990 2832 2046 Mane
2882 1997 3160 2051 transactis
3208 2001 3607 2067 tentationibus,
3656 2019 3812 2061 mane

2225 2096 2346 2135 cum
2377 2099 2480 2137 nox
2508 2083 2663 2152 hujus
2689 2088 2864 2140 saeculi
2901 2089 3171 2144 transierit
3193 2133 3206 2148 .
3243 2108 3398 2146 inane
3448 2095 3663 2163 quando
3700 2097 3810 2165 jam

2226 2172 2490 2229 latronum
2541 2177 2759 2231 insidias
2788 2189 2842 2233 et
2882 2179 3075 2235 diaboli
3127 2193 3182 2237 et
3228 2186 3536 2254 angelorum
3562 2188 3678 2257 ejus
3705 2207 3810 2244 non

2225 2271 2645 2339 expavescimus,
2687 2289 2844 2330 mane
2893 2277 3104 2345 quando
3127 2279 3234 2348 jam
3269 2295 3374 2334 non
3419 2283 3484 2335 ad
3536 2283 3810 2338 lucernam

2225 2361 2516 2430 pr0phetize
2546 2365 2913 2433 ambulamus,
2957 2369 3050 2424 sed
3085 2370 3252 2440 ipsum
3296 2373 3388 2427 Dei
3424 2375 3647 2430 Verbum
3693 2386 3810 2430 tan-

2223 2469 2323 2524 qua
2335 2471 2384 2508 m
2415 2457 2579 2511 solem
2611 2461 3048 2530 conteniplamur.
3079 2463 3140 2517 Et
3167 2467 3424 2520 exsultatio
3443 2485 3585 2522 mane
3610 2469 3810 2523 miseri-

2222 2550 2395 2603 cordia
2412 2561 2518 2604 tua.
2551 2551 2737 2606 Merito
2763 2554 2818 2615 in
2839 2555 2942 2608 alio
2975 2557 3178 2624 psalmo
3206 2558 3594 2614 diciturzdlane
3623 2563 3804 2617 astabo

2222 2642 2340 2707 tibi,
2374 2652 2422 2696 et
2450 2645 2823 2716 contemplabor
2873 2646 3061 2715 (Psal.
3095 2665 3150 2717 v,
3177 2652 3270 2721 5).
3323 2653 3508 2708 Merito
3562 2665 3616 2708 et
3645 2657 3810 2725 ipsius

2224 2733 2433 2787 Domini
2479 2738 2800 2792 resurrectio
2825 2737 3058 2794 diluculo
3089 2740 3204 2808 fuit,
3246 2753 3301 2797 ut
3331 2745 3639 2814 impleretur
3665 2749 3811 2818 quod

2221 2825 2416 2880 dictum
2467 2837 2548 2881 est
2578 2828 2630 2882 in
2667 2829 2771 2884 alio
2801 2831 3042 2900 psalmo:
3086 2831 3299 2904 Vespere
3326 2837 3666 2892 demorabitur
3717 2841 3812 2909 ﬂe-

2221 2926 2318 2982 tus,
2342 2920 2462 2973 etin
2494 2923 2740 2976 matutino
2780 2924 3050 2978 exsultatio
3081 2925 3252 2998 (Psal.
3287 2946 3428 2994 xxix,
3453 2930 3544 3003 6
3591 2933 3671 2987 Ad
3710 2949 3806 2990 ve-

2220 3025 2430 3080 speram
2458 3013 2652 3083 quippe
2678 3014 2920 3086 discipuli
2950 3028 3214 3073 mortuum
3258 3021 3575 3089 planxerunt
3620 3024 3809 3080 Domi-

2220 3117 2346 3156 num
2377 3112 2613 3159 nostrum
2639 3105 2819 3162 Jesum
2849 3108 3152 3176 Christum;
3182 3112 3408 3168 diluculo
3430 3115 3492 3168 ad
3525 3131 3810 3187 resurgen-

2224 3206 2326 3252 tem
2379 3200 2798 3256 exsultaverunt.
2829 3201 3110 3258 Exsultabo
3136 3221 3280 3259 mane
3327 3209 3674 3264 misericordia
3695 3222 3808 3266 tua.

2313 3295 2396 3348 Η.
2433 3295 2562 3359 Quia
2585 3297 2747 3365 factus
2773 3313 2824 3349 es
2848 3307 3108 3369 susceptor
3123 3317 3285 3366 meus,
3314 3310 3362 3354 et
3377 3306 3628 3372 refugium
3643 3324 3810 3360 meum

2219 3379 2384 3434 indie
2430 3380 2767 3434 tribulationis
2821 3398 2959 3436 mete.
3007 3385 3226 3456 Adjutor
3262 3403 3399 3440 meus
3445 3388 3532 3440 tibi
3561 3391 3807 3460 psallam,

2218 3475 2337 3546 quia
2360 3485 2410 3527 tu
2435 3473 2573 3529 Deus
2589 3463 3001 3544 susceptormeus
3017 3494 3087 3532 es.
3121 3480 3254 3546 Quid
3283 3497 3449 3548 erant,
3482 3483 3582 3537 nisi
3607 3485 3808 3542 subve—

2219 3568 2399 3623 nires?
2423 3567 2592 3636 Quam
2613 3568 2926 3639 desperatus
2945 3585 3113 3638 eram,
3147 3574 3246 3626 nisi
3271 3577 3533 3629 curares?
3581 3576 3675 3633 Ubi
3719 3579 3808 3648 ja-

2219 3659 2427 3725 cebam,
2461 3661 2561 3716 nisi
2589 3661 2915 3718 advenires?
2943 3662 3102 3719 Certe
3145 3665 3344 3735 ingenti
3387 3670 3606 3724 vulnere
3657 3673 3810 3739 peri-

2217 3756 2458 3823 clitabar,
2491 3757 2584 3812 sed
2611 3758 2740 3812 illud
2790 3759 2980 3813 vulnus
3025 3775 3204 3815 meum
3246 3761 3511 3817 medicum
3554 3768 3808 3834 omnipo-

2220 3859 2418 3906 tentem
2444 3851 2766 3921 requirebat.
2809 3852 3167 3924 Omnipotenti
3198 3856 3404 3911 medico
3432 3858 3562 3913 nihil
3611 3870 3693 3914 est
3727 3862 3809 3914 in-

2216 3944 2487 4007 sanabile;
2517 3959 2622 3998 non
2649 3946 2917 4000 renuntiat
2941 3946 3008 4001 ad
3038 3947 3266 4017 aliquem
3302 3949 3315 3979 ¹
3344 3966 3356 4002 :
3386 3965 3521 4019 opus
3545 3961 3629 4005 est
3657 3960 3718 4005 ιιι
3748 3963 3806 4007 ιιι

2215 4036 2387 4090 curari
2433 4036 2582 4101 velis,
2616 4051 2754 4106 opus
2795 4048 2962 4094 estut
3012 4056 3200 4096 manus
3241 4041 3357 4111 ejus
3386 4058 3492 4097 non
3546 4044 3804 4116 refugias.

2216 4127 2320 4182 Sed
2345 4128 2445 4182 etsi
2479 4129 2616 4183 nolis
2651 4131 2844 4195 curari,
2872 4131 3062 4186 vulnus
3093 4143 3239 4188 tuum
3266 4135 3517 4190 admonet
3546 4147 3605 4191 ut
3646 4155 3809 4194 cum»

2214 4219 2288 4274 ris
2316 4229 2407 4276 :et
2429 4237 2676 4276 aversum
2699 4231 2937 4288 revocat,
2962 4232 3014 4278 et
3036 4224 3380 4295 refugientem
3405 4229 3809 4297 quodammodo

2213 4313 2279 4367 ad
2310 4329 2367 4367 se
2391 4313 2569 4369 redire
2595 4314 2887 4383 compellit,
2920 4324 2974 4369 et
2993 4318 3229 4372 attrahit.
3262 4319 3320 4373 ln
3339 4322 3590 4376 omnibus
3611 4323 3810 4394 implet

2212 4404 2356 4474 quod
2384 4405 2583 4459 dictum
2608 4415 2690 4486 est
2718 4423 2732 4458 :
2761 4405 3116 4461 Misericordia
3144 4410 3255 4480 ejus
3278 4414 3546 4481 preveniet
3572 4432 3668 4468 me.
3700 4418 3810 4472 Co-

2211 4497 2373 4567 gitate
2399 4497 2539 4568 quod
2569 4497 2766 4553 dictum
2790 4507 2891 4563 est,
2921 4502 3186 4570 prceveniet
3215 4518 3311 4556 me.
3337 4503 3389 4558 Si
3420 4505 3619 4576 aliquid
3649 4519 3806 4564 tuum

2211 4591 2442 4659 primum
2467 4590 2709 4659 attulisti,
2740 4601 2794 4646 et
2821 4607 2889 4646 ex
2933 4601 3022 4646 tuo
3060 4593 3238 4664 aliquo
3286 4595 3428 4652 bono
3480 4600 3650 4666 primo
3708 4601 3808 4657 Dei

2211 4682 2633 4736 misericordiam
2657 4684 2917 4748 meruisti,
2942 4701 3048 4739 non
3077 4695 3127 4740 te
3154 4689 3429 4755 przevenit.
3453 4690 3684 4758 Quando
3709 4711 3810 4749 au-

2212 4781 2318 4827 tem
2351 4773 2438 4828 vel
2479 4774 2728 4846 intelligis
2770 4776 2893 4847 quia
2925 4789 3225 4848 praeventus
3253 4797 3331 4848 es,
3397 4786 3496 4840 nisi
3537 4787 3811 4857 intelligas

2207 4868 2349 4937 quod
2367 4867 2441 4921 ait
2462 4868 2748 4938 Apostolus
2773 4888 2786 4922 :
2821 4871 2958 4938 Quid
3000 4874 3134 4928 enim
3163 4875 3335 4941 habes,
3373 4880 3509 4946 quod
3534 4898 3635 4935 non
3662 4899 3813 4938 acce-

2210 4960 2327 5029 pisti
2349 4961 2374 5012 ?
2397 4958 2459 5015 Si
2487 4967 2651 5014 autem
2673 4962 2928 5032 accepisti,
2957 4966 3078 5035 quid
3103 4965 3339 5038 gloriaris
3366 4971 3513 5040 quasi
3530 4989 3628 5026 non
3652 4990 3811 5028 acce-

2210 5056 2344 5124 peris
2378 5053 2433 5125 (l
2465 5053 2582 5107 Cor.
2612 5070 2662 5109 tv
2682 5096 2698 5124 ,
2728 5056 2758 5108 7
2781 5055 2840 5128 )?
2873 5057 2982 5113 ΙΙοε
3004 5071 3084 5116 est
3103 5101 3118 5126 ,
3149 5061 3502 5118 Misericordia
3527 5068 3634 5138 ejus
3660 5085 3812 5138 prae-

2208 5149 2367 5202 veniet
2403 5164 2498 5202 me.
2537 5148 2772 5219 Denique
2795 5152 3078 5207 attendens
3097 5156 3276 5210 omnia
3297 5157 3431 5212 bona
3447 5175 3812 5233 quzecumqne

2210 5238 2408 5294 habere
2453 5253 2768 5310 possumus,
2798 5243 2911 5298 sive
2940 5243 2994 5298 in
3036 5254 3244 5314 natura,
3284 5249 3396 5304 sive
3426 5251 3477 5305 in
3526 5253 3806 5321 instituto,

2209 5330 2323 5386 sive
2374 5332 2425 5386 in
2454 5332 2566 5402 ipsa
2594 5334 2998 5391 conversatione
3023 5338 3044 5368 ⁸
3071 5378 3086 5405 ,
3119 5337 3172 5393 in
3201 5339 3327 5408 ﬁde,
3356 5342 3407 5396 in
3435 5358 3549 5413 spe,
3584 5346 3634 5398 in
3665 5349 3811 5404 clua-

2206 5424 2395 5489 ritate,
2426 5425 2478 5478 in
2509 5425 2664 5480 bonis
2691 5428 2962 5496 moribus,
2997 5429 3048 5483 in
3071 5431 3299 5501 justitia,
3333 5435 3387 5489 in
3444 5437 3634 5494 timore
3678 5441 3812 5510 Dei,

2210 5527 2374 5573 totum
2404 5533 2508 5570 non
2527 5532 2645 5572 esse
2665 5520 2765 5574 nisi
2794 5536 2858 5575 ex
2887 5522 3028 5577 illius
3047 5523 3221 5592 donis,
3247 5525 3318 5581 ita
3335 5531 3630 5586 conclusit:
3660 5530 3815 5589 Deus

2207 5627 2347 5664 naeus
2371 5610 2721 5665 misericordia
2744 5629 2874 5669 mea.
2923 5614 3038 5670 Non
3087 5617 3288 5674 invenit
3341 5621 3589 5692 impletus
3642 5624 3813 5684 bimis

2206 5701 2321 5769 Dei,
2361 5702 2488 5774 quid
2516 5704 2810 5774 appellaret
2843 5705 3009 5762 Deum
3038 5723 3214 5778 suum,
3241 5713 3341 5768 nisi
3371 5715 3814 5783 miscricordiam

2269 5838 2290 5914 ξ
2321 5836 2456 5914 ,
2741 5840 2906 5895 alicui.
2931 5849 2986 5895 At
3004 5853 3130 5909 Mss,
3147 5848 3214 5900 ad
3231 5847 3452 5914 aliquem.

2269 5900 2290 5933 ³
2324 5908 2446 5964 uss,
2471 5902 2792 5955 conversione.
