4038 6470
273 425 378 485 713

267 566 441 608 suam.
471 546 518 606 0
542 564 739 606 nomen
758 590 772 615 ,
803 547 903 605 sub
928 562 1035 619 quo
1077 545 1276 604 nemini
1314 545 1704 616 desperandum
1731 549 1848 606 est!

268 641 406 697 Deus
435 659 606 709 meus,
632 641 821 711 inquit.
846 641 1190 695 misericordia
1217 655 1347 693 mea.
1378 639 1513 707 Quid
1539 649 1640 706 est,
1670 641 1858 695 miseri-

266 732 441 786 cordia
482 747 595 785 mea
617 731 646 784 .’
694 731 750 785 Si
781 730 948 795 dicas,
979 729 1134 784 Salus
1160 744 1299 794 mea,
1355 728 1589 799 intelligo
1619 731 1740 800 quia
1767 729 1858 788 dat

265 822 531 887 salutem;
581 821 625 878 si
670 820 838 883 dicas.
872 819 1151 890 Refugium
1199 835 1398 884 meum,
1450 818 1686 890 intelligo
1734 823 1856 889 quia

261 911 508 982 confugis
534 911 602 966 ad
632 926 786 976 eum;
817 911 861 965 si
899 911 1068 976 dicas,
1106 910 1383 966 Fortitudo
1423 927 1561 974 mea,
1614 912 1854 982 intelligo

262 1002 382 1071 quia
405 1002 502 1056 dat
517 1002 610 1056 tibi
643 1001 1004 1056 fortitttdinem
1026 1018 1040 1055 :
1066 1001 1415 1056 Misericordia
1437 1018 1565 1068 mea,
1585 1002 1711 1073 quid
1734 1007 1854 1058 est“!

261 1091 457 1148 'l'otutn
507 1091 764 1162 quidquid
803 1107 942 1156 sum,
969 1091 1036 1147 de
1063 1092 1426 1148 misericordia
1470 1102 1556 1147 tua
1602 1102 1704 1148 est.
1749 1094 1854 1149 Sed

262 1184 537 1253 promerui
567 1192 638 1247 to,
665 1184 960 1239 invocanda
1017 1183 1102 1238 te!
1130 1183 1198 1239 Ut
1225 1199 1421 1248 essem,
1451 1184 1577 1255 quid
1631 1184 1772 1240 feci?
1798 1195 1857 1240 ut

260 1277 436 1330 esseni
470 1276 559 1346 qui
585 1284 635 1330 te
662 1276 984 1342 invocarem,
1013 1275 1136 1346 quid
1159 1275 1241 1346 egi
1262 1275 1288 1330 ἲ
1307 1276 1362 1331 Si
1385 1278 1525 1331 enim
1548 1277 1630 1348 egi
1655 1277 1856 1348 aliquid

260 1377 320 1422 ut
335 1383 537 1432 essem,
561 1368 670 1438 jam
695 1382 841 1422 eram
859 1377 1142 1438 antequam
1164 1381 1359 1423 essem.
1382 1367 1548 1423 Porro
1565 1368 1608 1422 si
1636 1369 1857 1423 omnino

261 1460 392 1514 nihil
421 1476 572 1515 eram
595 1470 876 1532 antequam
907 1476 1080 1518 essem
1110 1504 1125 1528 ,
1151 1461 1281 1516 nihil
1310 1471 1360 1517 te
1386 1463 1652 1532 promerui
1683 1471 1738 1517 ut
1764 1477 1853 1517 es-

259 1564 395 1604 sem.
430 1550 629 1608 Fecisti
658 1560 713 1607 ut
737 1567 933 1620 essem,
964 1562 1018 1607 et
1054 1569 1158 1607 non
1188 1562 1242 1608 tu
1289 1551 1457 1608 fecisti
1485 1561 1540 1607 ut
1568 1553 1740 1608 bonus
1769 1568 1857 1608 es-

260 1655 374 1696 sem
396 1641 421 1692 ?
447 1640 649 1697 Dedisti
677 1642 806 1698 milii
837 1650 898 1696 ut
936 1642 1060 1706 sim,
1092 1652 1146 1698 et
1177 1643 1346 1712 potuit
1389 1643 1520 1697 mihi
1546 1642 1681 1698 alius
1725 1642 1854 1698 dare

259 1742 319 1787 ut
341 1732 515 1787 bonus
545 1733 683 1788 sint?
705 1734 760 1789 Si
791 1743 845 1788 tu
878 1733 1004 1787 mihi
1027 1731 1218 1787 dedisti
1247 1742 1305 1787 ιιι
1333 1734 1454 1798 sim,
1487 1743 1542 1788 et
1567 1733 1703 1788 alius
1725 1733 1853 1790 mihi

258 1823 408 1879 dedit
430 1833 492 1878 ut
511 1824 682 1878 bonus
707 1825 805 1878 sim
831 1840 846 1887 ;
890 1824 1079 1879 melior
1106 1832 1190 1879 est
1219 1823 1308 1878 ille
1345 1824 1434 1894 qui
1472 1823 1599 1880 mihi
1627 1823 1772 1882 dedit
1796 1831 1856 1883 ut

258 1914 436 1970 bonus
485 1913 607 1978 sim,
639 1929 798 1984 quam
847 1913 937 1970 ille
975 1913 1064 1984 qui
1116 1913 1247 1968 mihi
1275 1913 1422 1969 dedit
1449 1923 1503 1968 ut
1530 1913 1652 1975 sim.
1685 1914 1855 1973 Porro

258 2005 381 2076 quia
428 2014 482 2060 te
509 2020 668 2060 nemo
707 2006 914 2071 melior,
955 2021 1113 2060 nemo
1154 2015 1205 2061 te
1261 2007 1547 2077 potentior,
1593 2021 1751 2062 nemo
1803 2015 1854 2063 te

260 2097 316 2150 in
359 2095 726 2150 misericordia
785 2097 1016 2166 largior;
1074 2112 1103 2150 a
1140 2113 1246 2167 quo
1296 2097 1475 2168 accepi
1533 2107 1590 2153 ut
1637 2113 1850 2164 essem,

258 2187 330 2242 ab
355 2187 448 2242 illo
467 2189 650 2259 accepi
679 2196 736 2244 ut
755 2189 924 2246 bonus
939 2205 1137 2249 essem.
1168 2189 1304 2249 Deus
1342 2207 1480 2251 meus
1507 2190 1855 2251 misericordia

259 2297 309 2334 υ]
313 2298 372 2335 ea
377 2319 392 2334 ο

718 2428 800 2490 ΙΝ
844 2427 1226 2491 PSALMUM
1269 2429 1414 2491 LIX
1511 2459 1516 2464 ε

843 2546 1263 2602 ENARRATIO.

725 2676 896 2717 snauo
933 2678 1001 2716 Αιι
1039 2677 1279 2718 coruum
1335 2661 1433 2736 (α).

339 2775 392 2830 1.
424 2773 579 2846 [verm
612 2775 665 2840 l,
691 2771 786 2846 2.]
836 2773 1045 2828 Titulus
1097 2773 1282 2844 psalmi
1333 2773 1490 2844 hujus
1521 2773 1852 2843 aliquantum

264 2867 510 2936 prolixus
528 2875 643 2930 est:
665 2864 759 2921 sed
787 2880 890 2919 non
911 2879 1010 2920 nos
1035 2873 1251 2928 terreat,
1270 2865 1391 2934 quia
1417 2863 1657 2920 Psalmns
1673 2863 1856 2919 brevis

264 2967 369 3016 εει.
388 2957 663 3026 Tanquam
679 2971 808 3026 ergo
824 2954 1206 3026 aliquantulum
1228 2953 1567 3024 prolixiorem
1587 2953 1854 3009 Psalmum

265 3053 617 3118 audierimus,
643 3052 721 3106 sic
739 3050 1073 3106 intendamus
1091 3067 1104 3104 τ
1126 3049 1375 3120 quoniam
1398 3048 1450 3103 in
1466 3049 1679 3103 nomine
1693 3046 1852 3106 Chri-

265 3145 336 3198 sti
362 3144 578 3199 nutritis
591 3153 645 3198 et
666 3143 961 3200 nutriendis
989 3141 1254 3212 loquimur
1277 3141 1329 3195 in
1355 3140 1588 3196 Ecclesia
1617 3141 1732 3206 Dei,
1753 3154 1854 3197 nec

266 3235 458 3291 alienis
484 3250 514 3290 a
555 3249 749 3304 sapore
794 3235 1012 3289 istarum
1059 3233 1382 3288 Litterarum
1409 3247 1439 3286 a
1465 3231 1658 3301 quibus
1701 3247 1856 3286 num-

267 3325 370 3382 dus
400 3325 607 3381 alienus
627 3332 730 3388 est,
767 3338 871 3379 non
901 3321 1053 3394 quasi
1092 3321 1244 3377 rudia
1291 3321 1443 3378 vobis
1499 3321 1597 3376 ista
1639 3336 1855 3391 semper

266 3432 390 3476 “se
416 3417 636 3471 debent.
666 3415 722 3471 Si
749 3416 891 3471 enim
923 3428 984 3470 ea
1023 3430 1142 3484 qua:
1170 3413 1464 3482 saepissime
1484 3413 1706 3468 audistis
1731 3428 1854 3469 cum

262 3509 602 3580 jucunditate
629 3511 680 3565 in
710 3523 804 3565 ore
827 3509 1162 3579 cogitationis
1204 3508 1512 3562 ruminastis
1541 3549 1557 3573 ,
1589 3521 1689 3562 nec
1717 3506 1854 3560 oblio

262 3604 426 3658 vione
466 3612 714 3672 tauquam
758 3603 811 3656 in
841 3611 1025 3655 ventre
1065 3599 1367 3669 sepelistis;
1398 3598 1587 3654 eadem
1631 3598 1742 3668 ipsa
1770 3613 1858 3652 re-

264 3693 510 3748 cordatio
533 3701 732 3757 vestra,
755 3702 810 3746 ot
839 3690 1092 3746 memoria
1117 3690 1340 3746 multum
1369 3703 1466 3744 nos
1491 3689 1685 3759 poterit
1704 3687 1854 3757 adju-

263 3802 414 3851 vare,
443 3801 513 3842 nc
555 3785 778 3840 multum
807 3783 1086 3855 loquamur
1112 3781 1178 3837 ad
1207 3781 1484 3838 enodauda
1524 3780 1674 3851 quasi
1705 3779 1853 3834 rudi-

263 3879 366 3934 bus
393 3894 456 3933 ea
487 3893 608 3948 qua:
643 3876 754 3948 jam
779 3891 875 3931 vos
901 3889 1060 3931 nosse
1099 3875 1361 3929 novimus.
1401 3873 1558 3928 Certe
1587 3871 1714 3926 illud
1743 3885 1853 3926 tue-

264 3970 519 4024 minimus
544 3983 688 4037 srepe
722 3982 816 4022 vos
841 3965 1053 4020 audisse
1091 3963 1230 4034 quod
1269 3963 1499 4019 dicimus
1531 3979 1544 4018 :
1574 3963 1661 4019 vix
1695 3970 1777 4016 est
1798 3969 1855 4016 ut

266 4060 319 4115 in
341 4061 566 4115 Psalmis
588 4059 824 4114 invenias
846 4072 1025 4120 voces,
1051 4057 1148 4110 nisi
1167 4057 1364 4110 Christi
1387 4065 1442 4110 et
1468 4055 1740 4119 Eeolesim,
1761 4061 1853 4109 aut

263 4150 462 4206 Christi
491 4159 726 4213 tantum,
757 4160 847 4203 aut
875 4148 1127 4203 Ecclesiae
1158 4156 1382 4213 tantum,
1409 4145 1550 4216 quod
1582 4147 1762 4215 utique
1785 4160 1852 4200 ex

267 4251 418 4310 parte
437 4248 493 4294 et
521 4254 620 4294 nos
650 4253 852 4293 sumus.
887 4239 964 4294 Ac
985 4253 1077 4308 per
1099 4236 1200 4291 hoc
1220 4235 1434 4306 quando
1457 4250 1617 4290 voces
1643 4246 1853 4289 nostras

263 4332 624 4402 agnoscimus,
658 4331 771 4386 sine
796 4330 987 4385 atl‘ectu
1012 4342 1301 4400 agnoscere
1329 4341 1432 4382 non
1465 4341 1775 4395 possumus:
1797 4333 1853 4380 et

264 4430 414 4476 tanto
452 4420 623 4490 magis
658 4420 1014 4484 delectamur,
1040 4419 1253 4488 quando
1291 4417 1523 4472 indidem
1551 4417 1567 4448 ¹
1598 4431 1695 4471 nos
1732 4429 1852 4470 esse

261 4514 547 4568 sentimus.
584 4512 751 4566 David
781 4527 873 4570 rex
908 4527 1043 4564 unus
1072 4509 1232 4563 homo
1261 4509 1390 4572 fuit,
1431 4507 1525 4564 sed
1555 4523 1657 4562 non
1688 4523 1851 4562 unum

263 4604 536 4662 hominem
580 4604 821 4672 ﬁguravit
851 4621 864 4658 :
892 4601 1105 4672 quando
1145 4602 1343 4656 scilicet
1384 4600 1626 4670 ﬁguravit
1662 4600 1851 4654 Eccle-

261 4701 398 4754 siam
425 4714 489 4754 ex
519 4699 699 4753 multis
726 4706 1078 4759 constantem,
1109 4694 1394 4748 diatctttatn
1432 4708 1596 4762 usque
1621 4693 1685 4746 ad
1720 4693 1852 4750 ﬁnes

263 4801 455 4854 terrae;
489 4790 702 4860 quando
727 4800 902 4844 autem
927 4804 1093 4843 unum
1124 4786 1390 4840 hominem
1415 4785 1677 4855 ﬁguravit,
1704 4785 1851 4839 illum

266 4883 512 4951 ﬁguravit
554 4883 642 4951 qui
691 4889 774 4936 est
819 4881 1079 4935 mediator
1129 4879 1217 4931 Dei
1265 4887 1318 4930 et
1347 4877 1642 4938 hominum,
1692 4876 1852 4932 homo

259 4974 510 5029 Christus
538 4972 695 5027 Jcsus
724 4971 766 5041 (l
797 4970 926 5024 Tim.
951 4986 1010 5033 ll,
1037 4970 1117 5036 5).
1153 4968 1206 5022 In
1235 4967 1335 5021 hoc
1361 4981 1488 5036 ergo
1511 4967 1738 5036 psalmo,
1766 4966 1852 5020 vel

262 5066 439 5133 potius
460 5064 512 5120 in
535 5063 691 5132 hujus
720 5061 908 5132 psalmi
943 5060 1112 5123 titulo,
1145 5059 1390 5114 dicuntur
1411 5058 1653 5127 quaedam
1687 5058 1854 5111 vieto.

260 5160 402 5212 riosa
431 5157 617 5218 David,
649 5155 790 5226 quod
816 5153 1024 5209 fortiter
1050 5151 1234 5206 fecerit
1262 5149 1576 5206 debellando
1595 5149 1850 5220 quosdam

260 5250 526 5310 inimicos,
556 5259 611 5303 et
653 5261 748 5301 eos
801 5245 1108 5301 tributarios
1157 5243 1429 5307 faciendo;
1475 5243 1851 5322 quando.post

257 5351 488 5395 mortem
519 5341 696 5394 Saulis
718 5337 1070 5409 persecutoris
1097 5337 1198 5398 sui,
1231 5351 1451 5404 regnum
1477 5336 1616 5389 illius
1643 5337 1851 5404 accepit

258 5431 602 5486 manifestum
637 5433 687 5484 in
718 5430 897 5486 lsrael.
935 5429 1067 5484 Nam
1107 5438 1158 5481 ct
1199 5439 1482 5496 antequam
1529 5429 1853 5496 persecutio.

257 5538 384 5577 netu
415 5531 706 5590 pateretur,
740 5527 831 5574 rex
860 5530 1004 5583 erat,
1032 5518 1124 5573 sed
1161 5519 1268 5571 Deo
1298 5526 1500 5571 tantum
1533 5528 1688 5572 notus
1713 5528 1847 5572 erat.

257 5613 452 5668 Postea
480 5627 610 5681 ergo
632 5612 740 5679 jam
770 5610 1050 5666 manifesm
1081 5625 1244 5680 regno
1265 5651 1278 5673 ,
1309 5619 1360 5662 et
1389 5609 1663 5664 evidenter
1689 5619 1848 5679 atque

261 5764 275 5775 .
297 5706 336 5775 _'
379 5704 451 5753 sic
473 5702 657 5766 aliquot
679 5709 784 5752 Mss.
821 5701 1019 5760 Quidam
1042 5713 1180 5758 vero,
1223 5697 1274 5748 in
1313 5696 1502 5752 iisdem.
1538 5706 1596 5748 At
1630 5698 1762 5757 ωδ..
1799 5710 1849 5748 ιη

252 5766 409 5885 uitii).
445 5823 688 5887 aliquanto
723 5832 830 5888 post
861 5823 1218 5874 Enarratioaem
1241 5821 1508 5884 superioris
1530 5820 1695 5871 Psalmi
1719 5820 1850 5870 babi-

251 5895 354 5950 ωε,
384 5900 447 5936 cx
472 5900 521 5935 n.
551 5888 628 5935 11.

498 5975 725 6038 Ssscr.
774 5979 1046 6036 Aususr.
1091 5970 1197 6030 ιν.

1410 423 1807 483 ΕΝᾹΒΒᾹΤΙΟ
1846 428 1912 484 IN
1951 426 2274 486 PSALMUM
2314 426 2447 483 LIX.

3444 440 3550 492 ιιι

1967 548 2264 603 eminenter
2299 557 2520 618 accepto
2557 547 2840 606 debellavit
2883 567 2976 608 eos
3013 553 3101 624 qui
3148 556 3200 610 in
3249 553 3348 613 hoc
3397 557 3549 620 titulo

1965 651 2487 706 commemorantur;
2519 652 2572 697 et
2609 653 2820 697 notatus
2841 645 2856 676 ί
2879 655 2960 702 est
2999 646 3190 705 i’salmi
3217 649 3397 704 titulus
3427 649 3494 703 ita
3530 668 3544 712 ;

1963 733 2030 787 In
2060 735 2230 803 ﬁnem,
2269 751 2360 805 pro
2386 736 2462 788 Itis
2486 737 2571 806 qui
2599 737 2997 797 inmttttabnntttr
3025 739 3076 795 in
3107 741 3237 798 tituli
3263 743 3546 812 inscriptio.

1963 843 2074 879 nem
2099 827 2198 896 ipsi
2217 825 2384 880 David
2416 829 2467 880 in
2497 828 2798 896 doctrinam,
2825 847 2936 888 cum
2970 815 3223 891 succendit
3256 834 3548 905 Μεεομοιιι-

1962 919 2114 972 miam
2137 919 2332 988 Syriw,
2355 930 2400 973 et
2425 919 2631 990 Syriam
2662 920 2839 987 Solml,
2868 931 2916 976 et
2931 924 3167 982 convertit
3185 922 3337 990 Joab,
3361 936 3406 978 et
3431 945 3552 995 per-

1961 1012 2115 1064 cussit
2143 1011 2327 1076 Edam,
2357 1013 2410 1068 in
2456 1013 2586 1070 valle
2623 1013 2918 1068 Salinarum
2943 1016 3208 1075 duodecim
3233 1019 3413 1079 millia.
3444 1020 3544 1080 Le-

1960 1103 2135 1172 gimus
2159 1103 2272 1159 hate
2298 1105 2349 1165 in
2379 1106 2527 1160 libris
2556 1106 2878 1177 Regnorum.
2912 1109 3041 1163 istos
3069 1124 3258 1168 omnes
3283 1127 3417 1180 quos
3447 1127 3544 1166 no.

1961 1194 2211 1260 minavit,
2255 1194 2544 1252 debellatus
2574 1212 2694 1253 esse
2724 1213 2752 1251 a
2787 1199 2946 1254 David
2969 1241 2985 1265 ,
3027 1200 3078 1255 id
3122 1211 3201 1256 est
3246 1203 3546 1273 lliesopota-
3576 1192 3583 1233 ’ί

1961 1284 2119 1338 miam
2142 1285 2328 1356 Syrim,
2356 1298 2408 1341 et
2438 1288 2645 1358 Syriam
2672 1290 2832 1344 Sobal
2852 1333 2866 1354 ,
2897 1291 3030 1347 Joab
3051 1335 3064 1356 ,
3100 1293 3268 1348 Edom
3303 1296 3379 1362 (ll
3415 1297 3542 1368 Reg.

1959 1389 2049 1430 vut
2069 1375 2106 1444 ).
2137 1376 2294 1434 Facta
2323 1389 2444 1432 sunt
2468 1379 2586 1443 ista,
2615 1389 2666 1433 et
2687 1381 3130 1448 quemadmodum
3160 1384 3294 1444 facta
3325 1397 3446 1445 sunt
3473 1387 3544 1447 ita

1960 1463 2030 1518 ibi
2056 1467 2352 1537 conscripta
2391 1479 2536 1533 sunt,
2568 1472 2635 1528 ita
2667 1471 2908 1540 leguntur
2941 1493 2953 1533 ;
2985 1474 3119 1543 legat
3146 1476 3235 1545 qui
3268 1479 3397 1532 vult.
3437 1479 3546 1534 ch

1959 1564 2254 1616 rumtamen
2286 1560 2423 1615 sicut
2451 1561 2584 1616 solet
2611 1562 2951 1632 propheticus
2980 1567 3196 1633 spiritus
3223 1570 3273 1624 in
3307 1569 3544 1627 Psalmm

1958 1660 2077 1700 rum
2107 1648 2271 1705 titulis
2297 1651 2546 1705 recedere
2584 1653 2964 1723 aliquantulum
2993 1657 3060 1711 ab
3087 1662 3428 1727 expressioue
3457 1679 3543 1720 re.

1957 1751 2077 1792 rum
2105 1751 2394 1806 gestarum,
2424 1751 2478 1796 et
2502 1743 2698 1812 aliquid
2733 1746 2911 1800 dicere
2935 1749 3072 1816 qttod
3105 1749 3155 1804 in
3186 1751 3402 1808 hi:toria
3435 1769 3541 1815 non

1958 1826 2258 1894 invenitur,
2298 1841 2352 1887 et
2381 1832 2501 1887 hinc
2530 1835 2702 1904 potius
2731 1836 3036 1903 admOuere,
3066 1856 3171 1896 non
3205 1853 3420 1913 propter
3445 1860 3540 1901 co.

1956 1921 2292 1990 gnoscendas
2337 1940 2422 1979 res
2449 1937 2624 1996 gestas
2653 1943 2772 1983 esse
2804 1929 3102 1998 hujusmodi
3145 1935 3323 1993 titulos
3353 1937 3543 1998 inscri-

1959 2019 2076 2080 ptos
2097 2053 2110 2075 ,
2143 2013 2234 2067 sed
2277 2028 2491 2084 propter
2520 2019 2688 2074 futura
2727 2024 3106 2092 prarliguranda
3135 2043 3148 2090 ;
3177 2027 3312 2086 sicut
3341 2029 3542 2089 dictum

1958 2109 2041 2154 est
2068 2103 2207 2170 quod
2244 2119 2424 2158 coram
2459 2108 2767 2163 Alu’meleelt
2800 2115 3019 2167 mutavit
3043 2116 3244 2176 vultum
3276 2135 3460 2184 suum,
3488 2133 3543 2183 et

1957 2188 2155 2248 dimisit
2179 2207 2298 2246 eum
2319 2235 2334 2260 ,
2367 2203 2420 2250 et
2445 2197 2574 2250 abiit
2604 2202 2619 2266 (
2647 2197 2790 2257 Ρδιιι.
2836 2217 3021 2270 xxxnt,
3059 2206 3078 2258 l
3114 2203 3169 2275 ),
3197 2222 3315 2261 cum
3348 2209 3546 2273 indicet

1958 2285 2217 2354 scriptura
2251 2286 2550 2356 Regnorum
2586 2289 2684 2349 hoc
2713 2308 2831 2346 eum
2862 2309 2966 2350 non
3001 2295 3190 2353 fecisse
3212 2314 3391 2355 coram
3423 2302 3547 2358 Aliis

1959 2375 2186 2440 tnelech,
2215 2377 2309 2438 sed
2339 2395 2518 2434 eorum
2547 2383 2707 2437 Acltis
2745 2400 2868 2456 rege
2900 2386 2942 2456 (Ι
2975 2388 3102 2460 Reg.
3138 2405 3266 2455 XXI,
3300 2393 3388 2464 15)
3424 2410 3438 2446 :
3473 2394 3546 2454 ita

1957 2474 2012 2524 et
2041 2465 2092 2521 in
2134 2466 2234 2525 hoc
2277 2469 2429 2529 titulo
2475 2473 2773 2531 invenimus
2803 2478 3000 2549 aliquid
3022 2522 3038 2546 ,
3070 2496 3175 2551 quo
3201 2499 3548 2543 commones.

1959 2574 2080 2613 mur
2114 2560 2179 2614 ad
2210 2562 2428 2631 aliquid.
2459 2565 2697 2638 Namque
2733 2571 2783 2624 in
2822 2571 2907 2629 illa
2948 2575 3253 2634 narratione
3283 2579 3543 2637 bellorum

1958 2646 2281 2721 fortiumque
2313 2653 2566 2711 factorum
2598 2660 2738 2730 regis
2778 2661 2936 2718 David
2958 2705 2973 2728 ,
3005 2665 3092 2720 ubi
3117 2666 3170 2722 hi
3199 2683 3384 2726 omnes
3411 2687 3546 2742 quos

1958 2744 2492 2799 commemoravimus
2513 2788 2527 2812 ,
2563 2747 2812 2807 debellati
2841 2762 2996 2819 sunt,
3024 2770 3144 2810 eum
3176 2758 3373 2828 aliquid
3415 2778 3544 2822 suc.

1959 2830 2202 2888 ceudisse
2240 2851 2344 2893 non
2385 2836 2628 2907 legimus.
2664 2839 2760 2898 llic
2788 2852 2965 2898 autem
3012 2848 3242 2907 maxime
3273 2849 3374 2906 hoc
3409 2855 3545 2922 posi.

1961 2929 2073 2980 tum
2097 2932 2211 2989 est,
2253 2926 2393 2996 quod
2437 2928 2504 2981 ibi
2549 2945 2654 2989 non
2685 2941 2768 2986 est
2807 2934 3084 3003 scriptum,
3115 2939 3236 3008 quia
3267 2943 3545 3002 succendit

1957 3011 2391 3084 Mesopotamiam
2422 3018 2608 3094 Syriae,
2644 3030 2700 3078 et
2724 3023 2928 3095 Syriam
2947 3025 3129 3083 Sobal.
3160 3029 3274 3086 Jatn
3303 3047 3432 3103 ergo
3458 3034 3542 3094 in.

1957 3105 2215 3174 cipiamus
2249 3109 2540 3169 secundum
2585 3127 2763 3166 rerum
2807 3113 3100 3172 futurarum
3129 3120 3543 3191 signiﬁcationes

1958 3195 2058 3251 ista
2079 3197 2362 3268 discutere,
2388 3210 2440 3257 et
2461 3203 2774 3273 0paeitatcm
2797 3206 3102 3270 umbrarum
3125 3211 3176 3267 in
3199 3212 3373 3272 lucem
3395 3217 3544 3276 verbi

1958 3303 2146 3343 τειόεει
2153 3305 2230 3349 re.

2027 3379 2082 3435 2.
2115 3379 2179 3435 In
2201 3383 2374 3452 ﬁnem,
2402 3385 2526 3455 quid
2558 3387 2626 3442 sit
2655 3389 2820 3444 nostis
2849 3409 2862 3444 :
2896 3391 3041 3448 Finis
3069 3396 3202 3450 enim
3229 3396 3374 3468 Legis
3394 3398 3543 3454 Clm'.

1956 3479 2062 3525 stus
2091 3481 2162 3526 est
2192 3471 2367 3544 (Rom.
2408 3491 2460 3540 ιι,
2491 3477 2566 3548 4).
2597 3479 2702 3536 Eos
2732 3481 2818 3550 qui
2848 3481 3191 3540 immutantur
3220 3493 3407 3543 nostis.
3439 3489 3542 3556 Qui

1958 3564 2121 3629 enim,
2147 3566 2244 3622 nisi
2276 3568 2363 3638 qui
2395 3583 2425 3624 a
2455 3571 2620 3625 veteri
2653 3572 2757 3625 vita
2790 3573 2840 3626 in
2872 3589 3061 3630 novam
3090 3581 3402 3635 transeunt?
3427 3583 3538 3639 Ab.

1958 3655 2026 3708 sit
2051 3655 2191 3710 enim
2219 3666 2275 3712 ut
2311 3659 2397 3713 hic
2421 3660 2682 3729 culpanda
2716 3663 3015 3720 immutatio
3045 3667 3390 3740 intelligatur.
3420 3673 3540 3734 Non

1957 3747 2224 3814 quomodo
2251 3749 2558 3806 immutatus
2588 3763 2670 3806 est
2699 3753 2866 3809 Adam
2898 3771 2926 3808 a
2949 3755 3152 3825 jnstitia
3181 3760 3246 3813 ad
3285 3760 3544 3832 iuiquita-

1959 3847 2065 3893 lem
2087 3881 2102 3904 ,
2133 3849 2182 3893 et
2211 3855 2239 3896 tt
2270 3841 2474 3898 deliciis
2500 3843 2562 3897 ad
2602 3845 2867 3909 laborem;
2910 3847 3004 3903 sed
3032 3851 3302 3919 quomodo
3330 3863 3545 3909 mutati.-

1959 3936 2046 3984 tur
2075 3930 2166 3996 illi,
2198 3932 2386 3999 quibus
2413 3934 2608 3988 dictum
2637 3945 2720 3990 est
2747 3951 2760 3988 :
2798 3935 2992 3995 lt‘uistis
3018 3941 3150 3995 enim
3170 3943 3444 4014 aliquando
3466 3956 3544 4001 te.

1957 4022 2141 4086 nebraz,
2174 4039 2307 4076 nunc
2334 4034 2501 4078 autent
2540 4027 2631 4080 lux
2663 4028 2715 4082 in
2745 4027 2961 4086 Domino
2995 4030 3210 4101 (Epiros.
3240 4051 3292 4098 ν,
3324 4037 3400 4104 8).
3433 4037 3544 4092 ltu-

1958 4124 2231 4168 mtttantur
2251 4128 2426 4170 autem
2457 4118 2539 4170 isti
2561 4119 2613 4171 in
2633 4120 2766 4174 tituli
2783 4121 3177 4191 inscriptionem.
3205 4124 3383 4182 Nostis
3406 4129 3542 4188 tituli

1958 4204 2377 4274 inscriptionem.
2405 4208 2614 4263 Titulus
2651 4211 2845 4266 inﬁxus
2885 4221 2967 4267 est
2997 4229 3159 4283 super
3186 4230 3397 4272 crucem
3432 4219 3544 4275 Bo-

1959 4297 2086 4350 mini
2124 4298 2377 4366 scriptus,
2411 4298 2512 4356 llic
2549 4309 2621 4353 est
2647 4316 2738 4355 rex
2769 4300 3069 4356 Judworum
3099 4303 3319 4376 (Matth.
3357 4324 3500 4364 xxvn
3521 4350 3540 4374 ,

1957 4387 2055 4460 57)
2081 4405 2094 4442 :
2129 4397 2398 4443 mutantur
2416 4391 2467 4444 itt
2487 4390 2641 4458 hujus
2668 4392 2802 4446 titttli
2829 4392 3226 4462 inscriptionem
3252 4397 3341 4466 qui
3368 4399 3419 4453 in
3449 4415 3540 4456 rc.-

1955 4495 2116 4550 gnum
2146 4480 2339 4536 Christi
2369 4491 2644 4538 transeunt
2663 4499 2690 4534 ιι
2722 4497 2886 4551 regno
2909 4484 3122 4540 diaboli.
3157 4486 3299 4543 Bene
3325 4498 3542 4551 mutan-

1958 4580 2044 4626 tur
2089 4572 2138 4626 iu
2189 4570 2346 4642 hujus
2385 4573 2518 4632 tituli
2561 4574 2981 4644 inscriptionem.
3027 4576 3296 4633 Mutantur
3322 4591 3540 4650 autem,

1957 4664 2094 4720 sicut
2121 4667 2386 4736 sequitur,
2417 4667 2468 4719 in
2495 4667 2796 4721 doctrinam.
2827 4667 2960 4722 Cum
2987 4669 3127 4724 enim
3154 4670 3404 4738 dixisset,
3437 4675 3542 4730 Pro
3595 4722 3598 4725 .

1957 4758 2036 4812 Itis
2073 4759 2160 4828 qui
2187 4758 2580 4813 immutabnntur
2608 4759 2660 4813 in
2691 4760 2822 4813 tituli
2855 4760 3264 4830 inscriptionem;
3303 4765 3540 4834 addidit,

1956 4850 2054 4919 ipsi
2094 4851 2257 4904 David
2282 4853 2334 4904 in
2363 4852 2645 4918 doctrinam
2686 4868 2704 4906 :
2746 4852 2796 4906 id
2827 4861 2942 4917 est,
2973 4864 3243 4912 mutantur
3271 4873 3379 4915 non
3407 4861 3542 4930 sibi,

1957 4939 2050 4995 sed
2079 4941 2176 5010 ipsi
2205 4942 2397 5007 David,
2425 4952 2479 4997 et
2505 4952 2777 5001 mutantur
2815 4943 2866 4997 in
2897 4943 3213 5002 doctrinam.
3255 4949 3371 5011 Non
3399 4952 3542 5014 enim

1958 5033 2027 5087 ita
2061 5051 2149 5089 rex
2173 5035 2436 5100 Christus,
2461 5037 2608 5104 quasi
2639 5036 2835 5090 s'eculo
2862 5049 3212 5108 regnaturus;
3239 5056 3360 5099 cum
3387 5057 3550 5112 aper.-

1958 5132 2010 5179 te
2031 5123 2224 5178 dixerit
2250 5143 2263 5178 :
2293 5125 2523 5196 Regnum
2546 5143 2710 5179 meum
2736 5139 2928 5183 nonest
2952 5131 3016 5185 de
3035 5129 3129 5184 hoc
3150 5132 3336 5185 mundo
3358 5131 3539 5200 (Joan.

1957 5234 2104 5279 xvm,
2133 5217 2201 5272 '56
2224 5216 2264 5286 ).
2313 5218 2449 5286 Ergo
2482 5217 2532 5270 in
2574 5217 2724 5287 eius’
2761 5218 3056 5274 doctrinam
3100 5230 3463 5283 transeamus.
3495 5223 3540 5275 si

1957 5312 2198 5365 volumus
2223 5312 2273 5364 in
2299 5311 2745 5379 conscriptionem
2780 5313 2914 5366 tituli
2941 5314 3275 5377 commutari,
3305 5329 3409 5367 non
3438 5331 3540 5368 no-

1954 5401 2070 5465 bis,
2111 5401 2202 5460 sed
2237 5401 2334 5468 ipsi
2368 5401 2563 5467 David;
2594 5413 2652 5456 ιιι
2690 5404 2779 5472 qui
2805 5403 3027 5468 vivunt,
3056 5403 3163 5471 jam
3191 5419 3293 5456 non
3325 5405 3424 5459 sibi
3459 5407 3546 5459 vi-

1957 5504 2081 5546 vant
2102 5533 2115 5554 ,
2145 5492 2237 5547 sed
2282 5493 2329 5545 ei
2366 5491 2455 5561 qui
2487 5509 2582 5560 pro
2623 5494 2749 5561 ipsis
2778 5504 3018 5547 mortuus
3041 5502 3124 5546 est
3163 5505 3215 5545 et
3247 5495 3548 5559 resurrexit

1961 5584 2037 5655 (ll
2065 5582 2184 5637 Cor.
2214 5600 2268 5648 v,
2300 5583 2424 5654 15).
2457 5584 2679 5651 Quando
2715 5600 2842 5652 ergo
2870 5600 2964 5637 nos
2992 5592 3220 5637 mutaret
3250 5585 3496 5642 Christus
3526 5627 3540 5644 .

1956 5677 2055 5731 nisi
2081 5677 2290 5732 fecisset
2314 5676 2453 5746 quod
2483 5677 2616 5730 dixit
2645 5695 2657 5729 :
2691 5675 2865 5747 Ignem
2889 5677 2997 5729 veni
3017 5677 3206 5728 mittere
3225 5675 3276 5728 in
3295 5675 3539 5739 mundum

2021 5814 2036 5844 ¹
2071 5814 2144 5861 sic
2167 5811 2343 5873 Regius
2364 5819 2428 5858 Ms
2469 5811 2550 5860 Alii
2577 5825 2684 5873 cum
2709 5811 2838 5867 Edd.,
2863 5817 3000 5861 notus
3020 5816 3107 5870 est.

2019 5877 2040 5907 ³
2065 5876 2138 5925 sic
2165 5871 2269 5922 mss.
2298 5874 2500 5934 AtEdd.,
2537 5873 2584 5923 in
2606 5872 2710 5934 ejus
2747 5873 2953 5935 gratimn
2989 5881 3032 5922 et
3065 5871 3350 5924 doctrirutm.

2790 5959 2825 6029 ί
2839 5957 3294 6040 ῐίίηίιι-ινιιίε.)
