4038 6472
469 374 574 429 ⁸115

472 491 623 559 (Luc.
653 507 748 557 xu,
768 487 901 560 49)?
926 487 981 544 Si
1004 500 1131 558 ergo
1149 484 1393 542 Christus
1419 485 1564 540 venit
1578 484 1788 539 mittere
1810 485 1861 538 in
1885 499 2044 538 mun-

469 583 596 638 dum
639 582 848 652 ignem,
901 579 1086 648 utique
1134 576 1422 631 salubriter
1449 586 1607 646 atque
1653 575 1892 640 utiliter;
1941 588 2047 628 non

472 672 739 745 quomodo
778 671 1038 726 missurus
1067 677 1149 723 est
1178 668 1431 722 mundum
1463 667 1515 722 in
1553 667 1752 736 ignem.
1779 664 1884 719 Sed
1913 678 2049 734 quo-

472 765 632 823 modo
656 765 822 836 ignem
847 763 900 816 in
930 759 1210 814 mundum?
1235 758 1493 826 Quoniam
1525 771 1655 827 ergo
1695 757 1840 810 venit
1874 755 2048 826 ignem

473 858 684 912 mittere
736 854 790 910 in
843 852 1122 918 mundum,
1170 862 1470 921 quaeramus
1503 847 1612 918 jam
1654 846 1778 918 quid
1826 846 1896 900 sit
1941 844 2050 900 Meo

477 946 772 1019 sopotamia
815 961 935 1016 qua:
981 957 1234 1000 succensa
1276 949 1392 1006 est,
1424 939 1550 1010 quid
1584 937 1655 992 sit
1693 937 1844 1010 Syria
1873 935 2054 992 Sobal.

480 1039 947 1111 lutcrpretationes
989 1051 1117 1107 ergo
1144 1033 1418 1090 nominum
1461 1032 1847 1100 interrogemus
1871 1042 2060 1084 secun-

477 1135 602 1190 dutn
651 1133 918 1188 hebraeum
964 1129 1272 1199 eloquium,
1317 1141 1424 1197 quo
1473 1125 1700 1195 primum
1746 1123 1859 1177 haec
1909 1121 2057 1177 Scri-

478 1237 631 1296 ptura
680 1225 854 1279 locuta
908 1230 1008 1276 est.
1067 1216 1502 1288 Mesopotamiam
1561 1215 1744 1270 dicunt
1795 1215 2056 1282 interpre-

481 1317 580 1371 tari
631 1316 898 1372 Elevatam
947 1311 1299 1366 vocationem.
1349 1307 1465 1363 .lam
1505 1313 1649 1362 totus
1695 1303 1920 1359 mundus
1961 1317 2059 1356 vo-

480 1409 688 1462 catione
729 1406 964 1460 elevatus
1007 1412 1108 1457 cst.
1155 1400 1311 1472 Syria
1354 1400 1731 1468 interpretatur
1781 1393 2056 1450 Sublimis.

481 1499 584 1556 Sed
615 1499 702 1553 illa
738 1512 856 1568 qua:
901 1504 1014 1550 erat
1042 1494 1306 1560 sublimis,
1338 1492 1552 1546 incensa
1582 1497 1734 1544 estet
1756 1485 2061 1542 humiliata:

479 1599 534 1645 et
561 1586 1002 1660 quemadmodum
1049 1584 1321 1639 humiliata
1359 1591 1441 1638 est
1477 1597 1594 1651 qua:
1621 1580 1790 1634 fuerat
1813 1578 2061 1642 exaltata,

480 1682 557 1735 sic
603 1680 867 1735 exaltetur
891 1692 1009 1747 qute
1040 1677 1207 1731 fuerat
1237 1673 1527 1728 humiliata.
1557 1670 1716 1728 Sobal
1746 1671 2062 1740 interpreta-

482 1779 568 1824 tur
593 1768 737 1822 Vana
757 1776 1011 1823 vetustas.
1040 1765 1250 1821 Gratias
1273 1762 1488 1819 Christo
1517 1762 1606 1832 qui
1633 1775 1750 1816 eam
1768 1758 2059 1814 succendit.

479 1859 701 1926 Quando
738 1867 915 1914 vetera
951 1856 1173 1927 virgulta
1201 1854 1628 1919 succenduntur,
1657 1851 1824 1907 vireta
1877 1865 2064 1906 succe-

480 1953 606 2006 dunt
629 1965 645 2017 ;
668 1959 722 2005 et
744 1949 973 2004 alacrius
1003 1958 1057 2002 et
1087 1948 1299 2004 uberius
1343 1957 1396 2003 et
1424 1945 1644 2001 viridius
1675 1960 1808 2000 nova
1836 1957 2065 1998 nascun-

480 2054 586 2109 tur,
614 2058 734 2098 cum
777 2057 836 2097 ea
870 2043 1004 2114 ignis
1032 2042 1082 2096 in
1108 2049 1434 2096 vetustorum
1465 2039 1814 2095 succensione
1839 2050 2065 2107 praeces-

480 2135 629 2190 serit.
697 2133 813 2189 Non
882 2148 1011 2204 ergo
1061 2134 1308 2188 timeatur
1363 2133 1500 2203 ignis
1557 2130 1794 2194 Christi;
1850 2127 2065 2194 fenum,

479 2226 761 2279 consumit.
793 2223 979 2279 Omnis
1022 2224 1162 2278 enim
1208 2237 1334 2277 caro
1360 2221 1560 2284 fenum,
1592 2233 1646 2275 et
1665 2219 1839 2274 omnis
1853 2218 2068 2273 claritas

480 2316 710 2371 hominis
736 2316 871 2370 sicut
915 2313 1012 2370 llos
1045 2313 1147 2370 feni
1181 2313 1330 2385 (Isai.
1379 2329 1469 2377 xt.,
1500 2313 1579 2382 6).
1620 2311 1904 2368 Succendit
1941 2325 2068 2382 ergo

480 2409 578 2462 ista
611 2407 698 2461 illo
748 2407 889 2477 igne.
918 2404 984 2458 Et
1013 2407 1252 2459 convertit
1298 2403 1452 2457 loab.
1493 2403 1627 2458 Joab
1685 2403 2068 2472 interpretatur

479 2498 754 2553 Inimicus.
782 2497 1084 2551 Conversus
1126 2504 1208 2550 est
1237 2493 1515 2550 inimicus:
1548 2493 1688 2565 quod
1711 2493 1790 2548 vis
1811 2493 2063 2563 intellige.

477 2589 534 2644 Si
559 2602 848 2643 conversus
873 2588 924 2642 iu
955 2585 1154 2654 fugam,
1175 2585 1417 2640 diabolus
1441 2596 1554 2651 est;
1596 2585 1639 2639 si
1678 2599 1967 2640 conversus
2001 2583 2067 2638 ad

479 2681 661 2746 ﬁdem,
693 2679 1014 2734 christianus
1048 2688 1152 2733 est.
1182 2676 1460 2745 Quomodo
1487 2677 1536 2730 in
1566 2675 1780 2747 fugam?
1811 2675 1882 2730 De
1908 2673 2068 2730 Corde

481 2773 758 2828 christiani
793 2789 809 2826 ι
852 2771 1097 2842 Princeps
1128 2771 1281 2840 hujus
1301 2769 1499 2834 mundi,
1525 2767 1712 2838 inquit,
1733 2783 1865 2820 nunc
1889 2767 2069 2820 missus

480 2873 550 2917 est
579 2865 716 2934 foras
738 2861 918 2931 (Joan.
952 2877 1043 2925 xu,
1071 2861 1184 2930 3l).
1209 2857 1509 2915 Conversus
1551 2868 1727 2911 autem
1778 2855 1844 2910 ad
1887 2856 2068 2909 Domi-

482 2969 612 3007 num
655 2952 998 3017 christianus,
1054 2965 1218 3019 quare
1259 2949 1504 3003 inimicus
1551 2945 1883 3002 conversus?
1934 2946 2066 3014 Quia

478 3042 661 3100 ﬁdelis
707 3043 894 3107 factus,
943 3042 1029 3111 qui
1063 3041 1231 3094 fuerat
1266 3040 1530 3094 inimicus.
1566 3037 1820 3092 Percussit
1873 3036 2062 3090 Edam.

480 3125 861 3203 interpretatur
886 3132 1053 3186 Edom
1075 3131 1363 3185 Terrenus.
1398 3129 1585 3183 Debuit
1611 3128 1811 3197 percuti
1831 3135 2071 3182 terrenus

483 3227 603 3281 iste.
634 3223 828 3294 thuid
855 3224 999 3279 enim
1028 3223 1230 3277 viveret
1256 3230 1520 3286 terrenus,
1551 3221 1639 3289 qui
1661 3219 1894 3274 cmlestis
1915 3217 2072 3272 debet

477 3316 698 3372 vivere?
722 3313 997 3371 lnterfecta
1019 3323 1100 3370 est
1119 3328 1248 3384 ergo
1265 3313 1367 3367 vita
1394 3323 1601 3367 terrena
1621 3327 1636 3376 ;
1658 3312 1797 3366 vivat
1815 3305 2068 3365 caelestis.

474 3409 632 3466 Sicut
663 3409 804 3464 enim
833 3408 1158 3479 portavimus
1206 3405 1487 3475 imaginem
1535 3403 1753 3468 terreni,
1800 3410 2072 3472 portemus

471 3511 540 3559 et
566 3502 846 3573 imaginem
866 3500 982 3569 ejus
1010 3500 1098 3570 qui
1120 3498 1186 3553 de
1215 3498 1352 3553 caelo
1383 3506 1464 3552 est
1486 3495 1526 3579 (l
1549 3495 1667 3551 Cor.
1695 3511 1783 3563 xv,
1811 3493 2072 3566 49).Vide

481 3593 634 3647 illum
687 3589 914 3646 interfici
949 3609 961 3644 :
997 3588 1303 3658 Mortiﬁcate
1329 3586 1551 3640 membra
1600 3596 1765 3640 vestra
1802 3601 1913 3656 qna:
1957 3593 2074 3638 sum

480 3698 638 3753 super
666 3691 850 3738 terram
879 3679 1097 3752 (Coloss.
1119 3696 1194 3745 ut,
1219 3680 1301 3749 5).
1333 3678 1463 3732 Cum
1501 3688 1678 3732 autem
1724 3677 2073 3746 percussisset

481 3775 674 3839 Edam,
712 3773 974 3843 percussit
1002 3770 1267 3824 duodecim
1295 3768 1460 3822 millia
1496 3768 1550 3820 in
1582 3768 1711 3822 valle
1755 3767 2070 3822 Salinarum.

488 3867 778 3922 Duodecim
806 3863 968 3920 millia
1001 3863 1264 3934 perlectus
1295 3869 1381 3916 est
1409 3875 1682 3925 numerus,
1722 3860 1806 3914 cui
1841 3857 2076 3928 perfecto

485 3970 715 4012 numero
767 3955 927 4011 etiam
985 3951 1348 4008 duodenarius
1393 3948 1772 4018 Apostolorum
1823 3962 2075 4002 numerus

486 4049 778 4118 deputatur
807 4063 820 4100 :
847 4059 953 4100 non
998 4043 1142 4099 enim
1184 4042 1377 4096 frustra
1409 4083 1424 4107 ,
1477 4040 1576 4095 nisi
1627 4041 1750 4110 quia
1783 4055 1877 4109 per
1905 4048 2073 4094 totum

487 4140 746 4198 mundum
773 4136 1088 4194 mittendum
1110 4143 1227 4192 erat
1249 4134 1490 4190 verbum.
1516 4132 1746 4187 Verbum
1776 4141 1950 4187 autem
1984 4132 2075 4187 Del

486 4233 628 4306 quod
673 4241 756 4287 est
806 4228 1082 4292 Christus,
1130 4227 1180 4279 in
1229 4223 1486 4290 nubibus,
1529 4223 1631 4277 hoc
1669 4233 1749 4277 cst
1792 4223 1842 4276 in
1881 4222 2074 4292 prmdi-

487 4323 759 4380 catoribus
798 4318 1060 4375 veritatis.
1091 4315 1315 4371 Mundus
1363 4322 1538 4369 autem
1579 4324 1805 4384 quatuor
1841 4312 2077 4382 partibus

487 4412 959 4479 constat.Quatuor
974 4408 1088 4479 ejus
1106 4419 1286 4478 partes
1298 4404 1588 4460 DOIiSSith
1603 4413 1727 4458 sunt
1743 4403 2007 4467 omnibus,
2023 4413 2076 4458 et

489 4507 699 4575 saepem
716 4502 1006 4572 Scripturis
1016 4507 1323 4554 memorata:
1341 4513 1354 4549 :
1373 4510 1490 4565 quae
1512 4495 1672 4549 etiam
1691 4503 1916 4563 quatuor
1937 4493 2076 4548 venti

494 4599 648 4654 dicta:
677 4603 801 4650 sunt
825 4592 1037 4668 (Ezech.
1067 4604 1277 4655 xxxvn,
1307 4585 1386 4659 9),
1415 4587 1614 4650 oriens,
1637 4585 1906 4648 occidens,
1929 4585 2077 4654 aqui-

493 4689 546 4743 lo
561 4696 612 4742 et
635 4683 906 4739 meridies.
929 4681 1006 4735 Ad
1028 4694 1216 4734 omnes
1242 4678 1370 4732 istas
1399 4685 1625 4746 quatuor
1653 4685 1831 4745 partes
1856 4676 2077 4729 missum

492 4788 576 4835 est
605 4775 846 4840 verbum,
875 4782 933 4826 ut
959 4771 1011 4825 in
1043 4769 1304 4825 Trinitate
1350 4781 1538 4820 omnes
1568 4774 1904 4820 vocarentur.
1941 4765 2079 4819 Duo-

492 4866 772 4926 denarium
802 4878 1082 4920 numerum
1110 4870 1192 4916 ter
1216 4859 1465 4930 quaterni
1497 4856 1714 4912 faciunt.
1739 4857 1927 4912 Merito
1951 4873 2078 4927 ergo

493 4960 772 5020 duodecim
792 4956 954 5013 millia
983 4965 1194 5010 terrena
1216 4966 1466 5023 percussa
1493 4958 1645 5016 sunt;
1675 4958 1816 5004 totus
1849 4949 2078 5004 mundus

494 5067 779 5128 percussus
792 5057 874 5107 est
889 5067 902 5104 :
917 5048 984 5104 de
1010 5057 1120 5102 toto
1136 5047 1275 5129 enim
1305 5043 1506 5099 mundo
1521 5043 1685 5098 electa
1707 5053 1791 5098 est
1813 5043 2071 5108 Ecclesia,

494 5145 811 5202 mortiﬁcata
839 5156 869 5194 a
901 5149 1109 5195 terrena
1131 5136 1256 5191 vita.
1288 5135 1483 5202 Quare,
1509 5133 1563 5188 in
1597 5134 1728 5189 valle
1756 5133 2079 5190 Salinarnm?

494 5237 664 5293 Vallis
703 5233 975 5289 humilitas
1023 5239 1105 5285 est
1149 5246 1162 5282 :
1207 5227 1391 5281 salinre
1451 5240 1696 5296 saporem
1755 5224 2076 5296 signiﬁcant.

493 5327 644 5385 Multi
673 5326 813 5382 enim
844 5320 1220 5384 humiliantur,
1261 5316 1358 5373 sed
1387 5331 1520 5371 vane
1563 5325 1619 5372 et
1644 5315 1820 5374 fatue:
1853 5316 1907 5370 in
1944 5331 2077 5371 vana

495 5414 761 5477 vetustate
783 5413 1148 5471 humiliantur.
1172 5410 1377 5466 Patitur
1401 5409 1521 5479 quis
1559 5408 1951 5464 tribulationem
1983 5424 2080 5479 pro

496 5512 749 5586 pecunia,
772 5510 971 5581 patitur
999 5503 1393 5562 tribulationem
1424 5516 1522 5573 pro
1548 5501 1752 5556 honore
1779 5503 2077 5572 temporali,

497 5608 701 5676 patitur
729 5600 1122 5657 tribulationem
1147 5610 1245 5666 pro
1269 5593 1565 5651 commodis
1591 5595 1710 5648 vita:
1739 5593 1928 5663 hujus;
1956 5608 2078 5666 pas-

500 5707 660 5752 surus
685 5700 769 5749 est
807 5689 1220 5752 tribulationem,
1260 5694 1315 5741 et
1343 5684 1735 5740 humiliandus:
1761 5701 1928 5756 quare
1975 5703 2079 5742 non

503 5795 724 5858 propter
770 5779 978 5838 Deum?
1005 5791 1167 5850 quare
1195 5791 1301 5833 non
1328 5777 1554 5846 propter,
1573 5774 1881 5833 Christum?
1917 5795 2080 5849 quare

1720 367 1776 424 S.
1818 364 2178 426 AUGUSTINI
2216 368 2514 430 EPISCOPI

3634 386 3738 441 7Ιὸ

2159 501 2262 541 nou
2294 500 2506 560 propter
2520 507 2764 563 saporem
2785 495 2950 551 salis?
2969 496 3052 552 An
3070 497 3244 552 nescis
3261 498 3354 554 tibi
3375 514 3496 556 esse
3513 499 3747 572 dictum,

2168 577 2268 632 Vos
2303 584 2419 635 estis
2451 583 2531 637 sal
2576 595 2758 652 terrae;
2798 595 2871 646 et.
2915 587 2976 644 Si
3011 589 3088 643 sal
3135 589 3436 659 infamatum
3467 593 3640 664 fuerit,
3673 593 3752 657 ad

2160 670 2371 723 nihilum
2402 673 2580 728 valebit
2608 676 2770 744 aliud,
2799 677 2895 731 nisi
2938 690 2993 732 ut
3017 685 3156 748 [oras
3182 683 3481 750 proﬁciatur
3522 681 3740 747 (Matth.

2160 773 2214 823 v,
2251 759 2376 831 l5)?
2424 763 2625 819 Bonum
2670 775 2752 821 est
2791 783 2919 837 ergo
2963 770 3230 839 sapienter
3270 771 3556 827 humiliari.
3605 774 3747 829 Ecce

2163 865 2304 906 nunc
2329 867 2506 909 nonne
2537 854 2882 913 humiliantur
2911 859 3191 916 haeretici?
3216 860 3404 919 Nonne
3434 863 3580 934 leges
3605 880 3748 920 con-

2166 947 2242 993 tra
2272 940 2393 996 illos
2411 942 2549 998 data:
2576 956 2699 999 sunt
2725 947 2884 1002 etiam
2927 949 2994 1003 ab
3023 949 3344 1016 hominibus,
3370 964 3552 1008 contra
3605 971 3748 1026 quos

2164 1029 2354 1084 divina:
2375 1042 2615 1103 regnant,
2637 1051 2754 1106 quae
2774 1038 2889 1091 illos
2904 1051 3028 1094 ante
3042 1041 3200 1095 etiam
3218 1043 3710 1100 condemnaverant
3725 1046 3752 1099 ?

2165 1118 2305 1176 Ecce
2334 1121 2691 1194 humiliantur,
2719 1143 2842 1183 ecce
2871 1127 3133 1199 iugantur,
3161 1149 3286 1188 ecce
3319 1139 3750 1204 persecutionem

2167 1211 2457 1280 patiuntur,
2487 1214 2579 1268 scd
2611 1215 2727 1272 sine
2753 1232 2944 1288 sapore
2968 1235 2982 1283 ;
3013 1236 3110 1292 pro
3133 1222 3388 1288 latinitate,
3415 1241 3511 1295 pro
3539 1229 3718 1281 vanita
3738 1264 3755 1274 .

2169 1311 2239 1356 te.
2261 1302 2377 1358 Jatn
2404 1306 2545 1361 enim
2583 1308 2662 1362 sal
2695 1308 3005 1366 infamatum
3036 1322 3117 1367 est
3147 1333 3159 1366 :
3195 1315 3312 1371 ideo
3340 1318 3630 1387 projectum
3664 1332 3752 1375 est

2169 1393 2330 1462 foras,
2361 1408 2416 1451 ut
2443 1401 2786 1456 conculcvtur
2807 1401 2874 1457 ab
2921 1404 3244 1460 hominibus.
3289 1409 3602 1466 Audivimus
3622 1413 3755 1466 titu-

2169 1487 2279 1542 lum
2311 1489 2502 1544 Psalmi
2529 1508 2542 1556 ;
2571 1492 2849 1548 audiamus
2870 1496 3028 1550 etiam
3059 1498 3218 1552 verba
3246 1498 3460 1555 Psalmi.

2239 1580 2294 1635 5.
2319 1577 2469 1652 [vere.
2494 1580 2578 1655 5.]
2611 1581 2744 1637 Deus
2787 1585 3017 1654 repulisti
3057 1603 3166 1653 nos,
3214 1598 3261 1642 et
3298 1589 3588 1644 destrna‘isti
3635 1609 3753 1646 nos.

2169 1668 2436 1741 Numquid
2466 1671 2553 1727 ille
2579 1672 2743 1728 David
2766 1674 3018 1745 loquitur,
3049 1679 3138 1747 qui
3169 1681 3450 1748 percussit,
3490 1681 3577 1750 qui
3621 1697 3754 1737 suc-

2170 1761 2369 1826 cendit,
2401 1763 2492 1833 qui
2521 1762 2836 1831 debellavit;
2866 1774 2920 1820 et
2944 1783 3050 1822 non
3074 1768 3143 1822 illi
3173 1770 3364 1839 quibus
3392 1771 3504 1826 haec
3521 1771 3667 1840 fecit,
3697 1785 3759 1828 ut.

2170 1860 2573 1922 percuterentur
2597 1863 2650 1908 et
2674 1855 3059 1925 repellerentur
3086 1860 3172 1928 qui
3202 1861 3324 1914 mali
3354 1872 3525 1926 erant,
3554 1873 3605 1917 et
3631 1879 3757 1918 rur-

2170 1959 2263 1999 sus
2286 1945 2678 2002 viviﬁcarentur
2705 1956 2760 2002 et
2795 1948 3031 2003 redirent
3074 1960 3128 2005 ut
3156 1951 3278 2006 boni
3330 1955 3547 2009 essent?
3589 1954 3754 2011 Istam

2171 2035 2383 2106 quidem
2409 2046 2637 2106 stragem
2669 2037 2793 2094 fecit
2819 2040 2980 2095 David
3013 2041 3101 2097 ille
3127 2059 3284 2098 manu
3319 2043 3467 2100 {ortis
3509 2046 3761 2102 Christus

2174 2138 2378 2194 noster,
2409 2130 2565 2200 cujus
2589 2131 2810 2202 liguram
2839 2136 3058 2204 gerebat
3102 2136 3189 2192 ille
3217 2137 3411 2206 homo;
3462 2139 3587 2195 fecit
3627 2142 3753 2208 ista,

2171 2219 2321 2276 dedit
2369 2221 2507 2278 hanc
2543 2234 2772 2296 stragem
2823 2227 3001 2296 gladio
3043 2244 3140 2284 suo
3181 2239 3230 2286 et
3283 2233 3403 2302 igne
3451 2248 3549 2288 suo
3583 2252 3596 2288 :
3629 2252 3756 2290 nam

2174 2320 2455 2383 utrumque
2484 2317 2660 2370 attulit
2705 2317 2755 2371 in
2801 2317 2942 2374 hunc
2989 2319 3263 2376 mundum.
3308 2321 3392 2389 Et,
3441 2323 3764 2394 lgnemvens’

2173 2405 2369 2457 mittere
2396 2405 2448 2458 in
2470 2406 2711 2460 mundum
2742 2407 2892 2478 (Luc.
2921 2425 3017 2474 xu,
3045 2412 3162 2482 49),
3185 2412 3349 2468 habes
3376 2415 3425 2467 in
3448 2415 3733 2485 Evangelio

2171 2504 2244 2559 et,
2266 2494 2503 2550 Gladium
2515 2497 2624 2550 veni
2638 2499 2831 2552 mittere
2844 2500 2895 2554 in
2913 2510 3094 2554 terram
3111 2502 3360 2573 (Malunt:
3374 2506 3504 2571 ,5i),
3523 2505 3686 2560 habes
3701 2507 3758 2560 in

2173 2584 2476 2655 Evangelio.
2487 2587 2670 2640 Attulit
2685 2589 2858 2656 ignem
2878 2590 3017 2645 unde
3033 2592 3440 2648 sncccnderetnr
3455 2594 3761 2664 Mesopota-

2173 2676 2276 2730 mia
2288 2676 2475 2747 Syrim,
2492 2688 2545 2732 et
2561 2677 2711 2749 Syria
2729 2678 2909 2744 Sobal;
2924 2681 3098 2735 attulit
3114 2683 3345 2752 gladium
3366 2685 3505 2739 unde
3522 2696 3762 2755 percute-

2174 2779 2320 2823 retur
2335 2769 2526 2824 Edom.
2545 2769 2659 2825 Jam
2683 2786 2812 2840 ergo
2833 2771 2931 2826 ista
2954 2782 3158 2844 strages
3180 2774 3314 2829 facta
3330 2784 3411 2830 cst
3432 2786 3648 2847 propter
3659 2792 3757 2832 eos

2175 2860 2261 2929 qui
2295 2859 2639 2914 immutantur
2687 2859 2738 2915 in
2773 2862 2909 2916 tituli
2959 2862 3360 2932 inscriptionem
3401 2866 3501 2936 ipsi
3563 2867 3751 2922 David.

2173 2953 2468 3008 Audiamus
2505 2969 2632 3024 ergo
2675 2969 2859 3009 eorum
2902 2971 3089 3012 vocem
3135 2975 3150 3010 :
3193 2958 3479 3014 salubriter
3518 2960 3759 3028 percussi

2175 3052 2317 3107 sunt,
2344 3044 2507 3099 erecti
2541 3044 2845 3112 loquantur.
2881 3045 3070 3101 Dicant
3094 3062 3224 3116 ergo
3252 3049 3434 3103 mutati
3472 3049 3524 3102 in
3545 3049 3759 3116 melius,

2175 3136 2361 3190 mutati
2393 3135 2444 3189 in
2473 3135 2606 3189 tituli
2640 3136 3064 3207 inscriptionem,
3096 3139 3355 3194 immutati
3382 3140 3434 3194 in
3459 3140 3762 3195 doctrinam

2176 3225 2275 3295 ipsi
2304 3226 2464 3280 David
2491 3243 2506 3291 ;
2538 3225 2754 3281 dicant:
2781 3229 2916 3283 Deus
2963 3229 3190 3300 repulisti
3230 3247 3340 3294 nos,
3395 3241 3442 3286 et
3469 3233 3763 3286 destruan’sti

2176 3335 2267 3372 nos
2296 3335 2315 3373 :
2339 3319 2499 3374 iratus
2528 3337 2600 3387 es,
2631 3331 2678 3374 et
2717 3322 2951 3376 misertus
2992 3337 3044 3376 es
3070 3323 3247 3376 nostri.
3275 3323 3592 3377 Destrttxisti
3635 3338 3759 3389 nos,

2178 3418 2237 3466 ut
2272 3409 2565 3466 mdilicares
2597 3411 3072 3477 nos;de3truxisti
3117 3427 3218 3468 nos
3260 3414 3396 3468 male
3445 3413 3761 3479 mdilicatos,

2177 3501 2486 3556 destruxisti
2511 3517 2700 3556 vanam
2727 3514 3066 3568 vetustatem,
3097 3513 3154 3558 ut
3179 3505 3250 3558 sit
3272 3505 3554 3559 aediﬁcatio
3580 3506 3630 3559 in
3661 3521 3762 3558 no-

2176 3609 2298 3647 vum
2327 3593 2620 3658 hominem,
2649 3593 2934 3649 aediﬁcatio
2965 3611 3216 3650 mansura
3244 3597 3294 3650 in
3317 3604 3600 3651 aeternum.
3646 3596 3761 3650 Me-

2177 3684 2449 3739 riloiratus
2467 3701 2540 3751 es,
2560 3694 2606 3738 et
2623 3687 2854 3739 misertus
2877 3701 2930 3740 es
2951 3688 3127 3740 nostri.
3149 3687 3264 3741 Non
3284 3687 3634 3752 miserereris,
3661 3688 3764 3742 nisi

2178 3775 2505 3830 irascereris.
2539 3776 2852 3832 Destruxisti
2882 3792 2979 3833 nos
2999 3779 3051 3833 in
3079 3778 3153 3833 ira
3177 3788 3302 3843 tua;
3327 3779 3421 3834 sed
3449 3781 3525 3834 ira
3567 3789 3656 3833 tua
3708 3780 3762 3834 in

2179 3877 2496 3923 vetustatem
2537 3877 2773 3923 nostram
2829 3868 2960 3936 fuit,
3001 3880 3060 3925 ut
3095 3871 3460 3927 destrueretur
3503 3881 3763 3927 vetustas.

2178 3957 2283 4014 Sed
2313 3958 2561 4012 misertus
2586 3973 2644 4012 cs
2667 3958 2834 4013 nostri
2857 3971 3073 4031 prapter
3093 3961 3402 4025 novitatem,
3428 3970 3645 4031 propter
3669 3976 3766 4016 eos

2180 4051 2268 4119 qui
2294 4050 2639 4105 immutantur
2661 4051 2712 4104 in
2744 4050 2880 4105 tituli
2901 4052 3337 4121 inscriptionem:
3370 4055 3492 4123 quia
3519 4063 3575 4108 et
3597 4055 3643 4108 si
3671 4070 3764 4110 ex-

2181 4141 2345 4196 terior
2373 4141 2533 4196 homo
2559 4150 2741 4198 noster
2768 4144 3148 4213 corrumpitur,
3172 4143 3264 4199 sed
3293 4145 3512 4200 interior
3538 4161 3766 4201 renovao

2183 4240 2268 4287 tur
2290 4233 2358 4288 de
2381 4233 2469 4288 die
2496 4235 2546 4288 in
2577 4234 2717 4289 diem
2741 4232 2940 4306 (llCor.
2975 4249 3046 4299 tv,
3079 4235 3193 4305 16).

2252 4325 2305 4378 4.
2339 4323 2487 4398 [νινε.
2514 4323 2595 4396 4.]
2621 4325 2940 4380 Commosisti
2967 4335 3186 4390 terram,
3213 4335 3260 4381 et
3287 4328 3596 4383 conturbasti
3631 4345 3765 4383 eam.

2181 4417 2457 4486 Quomodo
2484 4417 2794 4471 conturbata
2824 4426 2906 4472 est
2931 4417 3112 4472 terra?
3147 4417 3483 4474 Conscientia
3523 4431 3770 4489 peccato-

2181 4524 2322 4564 rum.
2347 4508 2462 4574 Quo
2490 4507 2664 4562 imus?
2694 4523 2798 4578 quo
2825 4506 3073 4578 fugimus,
3103 4509 3315 4579 quando
3345 4511 3431 4566 ille
3459 4511 3667 4581 gladius
3693 4514 3771 4566 vi-

2181 4599 2364 4654 bratus
2405 4608 2488 4654 est
2530 4615 2543 4652 :
2584 4599 2728 4669 Agite
2770 4598 3144 4666 paenitentiam;
3183 4601 3603 4671 appropinquavit
3632 4603 3771 4655 enim

2180 4703 2395 4759 regnum
2414 4689 2652 4743 caelorum
2687 4687 2894 4758 (Matth.
2919 4704 2997 4756 tu,
3019 4689 3117 4761 2)?
3141 4689 3461 4747 Commoviin
3487 4703 3696 4760 terram,
3724 4705 3772 4748 et

2182 4778 2490 4833 conturbasti
2516 4794 2650 4832 eam.
2678 4777 2822 4833 Sana
2847 4779 3165 4835 contritiones
3192 4782 3303 4852 ejus
3321 4823 3335 4847 ,
3367 4783 3606 4854 quoniam
3633 4795 3772 4837 mata

2182 4878 2276 4922 est.
2319 4867 2436 4923 Non
2475 4867 2633 4938 digna
2671 4876 2756 4924 est
2787 4868 2999 4934 sanari,
3026 4869 3071 4923 si
3101 4879 3244 4924 mota
3274 4886 3379 4926 non
3408 4881 3492 4927 est
3519 4891 3533 4926 :
3560 4873 3656 4928 sed
3689 4875 3771 4928 lo—

2183 4963 2380 5030 queris,
2411 4962 2688 5029 prmdicas,
2716 4960 2937 5015 minaris
2959 4961 3028 5017 de
3047 4963 3176 5026 Deo,
3205 4971 3486 5018 venturum
3511 4965 3773 5034 judicium

2186 5067 2293 5106 non
2321 5062 2495 5115 taces,
2525 5062 2843 5122 praeceptum
2872 5053 2964 5108 Dei
2997 5069 3181 5109 mones
3201 5096 3216 5122 ,
3256 5055 3325 5110 ab
3365 5056 3449 5111 his
3475 5059 3638 5114 rebus
3665 5076 3774 5115 non

2183 5143 2448 5212 quiescis;
2475 5151 2527 5198 et
2553 5143 2640 5211 qui
2669 5143 2849 5210 audit,
2879 5144 2923 5198 si
2953 5160 3057 5198 non
3085 5145 3268 5213 timet,
3297 5146 3344 5202 si
3373 5163 3479 5202 non
3509 5161 3774 5218 movetur,

2186 5249 2294 5289 non
2317 5243 2404 5310 est
2425 5234 2616 5305 dignus
2639 5235 2836 5290 sanari.
2863 5235 3025 5291 Audit
3045 5237 3219 5305 alius;
3248 5252 3513 5307 movetur,
3533 5243 3779 5302 stimulato

2186 5333 2292 5390 tur,
2321 5335 2504 5395 pectus
2533 5323 2726 5390 tundit,
2757 5325 3018 5396 lacrymas
3046 5327 3251 5384 fundit:
3281 5329 3425 5386 Sana
3452 5334 3781 5387 contritiones

2184 5415 2316 5485 ejus,
2341 5414 2579 5484 quoniam
2601 5423 2735 5466 mota
2764 5424 2856 5468 est.
3729 5469 3732 5473 ,

2255 5506 2310 5561 5.
2339 5503 2488 5577 [rem
2511 5502 2590 5575 5.]
2620 5503 2746 5558 Post
2777 5506 2923 5572 haec,
2952 5521 3204 5576 percusso
3232 5517 3478 5578 terreno,
3517 5526 3782 5570 succensa

2188 5607 2469 5664 vetustate,
2493 5607 2698 5652 mutato
2721 5596 2938 5654 homine
2967 5601 3017 5655 in
3042 5603 3253 5668 melius,
3284 5601 3418 5658 facta
3445 5604 3561 5658 luce
3587 5607 3669 5660 eis
3692 5624 3784 5675 qm

2188 5691 2419 5745 tenebrae
2463 5689 2702 5755 luerunt,
2748 5692 2986 5762 sequitur
3021 5693 3163 5764 quod
3204 5695 3328 5752 alibi
3368 5697 3628 5765 scriptum
3661 5711 3782 5754 est:

2192 5780 2317 5848 Fili,
2347 5782 2584 5838 accedens
2609 5784 2675 5836 ad
2703 5783 2983 5838 servitutem
3017 5785 3128 5853 Det,
3160 5795 3236 5841 sta
3265 5787 3316 5841 iu
3330 5788 3531 5857 justitia
3557 5799 3606 5842 et
3634 5792 3786 5846 timo-
