4038 6474
286 402 382 460 ἰιτ

285 539 366 579 re.
408 531 454 576 et
505 536 739 589 prwpara
778 521 999 573 animant
1045 528 1179 572 tuam
1221 518 1288 572 ad
1324 517 1644 573 tentationem
1675 515 1855 587 (Eccli.

287 628 350 676 ιι,
386 613 457 680 ι).
488 611 642 666 Prior
671 611 819 664 labor
846 619 901 664 ut
925 609 1203 679 displicens
1233 609 1347 675 tibi,
1377 619 1432 664 ut
1458 618 1666 677 peccata
1699 623 1865 676 expu-

284 717 412 772 gnes
434 704 476 761 '.
507 711 566 755 ut
591 702 812 758 mutcris
841 701 892 755 in
921 701 1110 756 melius
1137 718 1150 754 ε
1179 700 1443 754 secundus
1470 701 1618 754 labor
1638 742 1650 762 ,
1682 715 1776 767 pro
1803 713 1867 753 eo

285 792 420 862 quod
470 803 705 847 mutatus
747 807 839 858 es,
883 791 1023 846 ferre
1068 791 1429 846 tribulationes
1466 798 1520 845 et
1549 789 1867 844 tentationes

284 886 440 956 hujus
464 886 664 951 saeculi,
688 895 741 940 et
765 885 901 940 inter
926 884 1040 939 illas
1061 897 1402 954 perseverare
1422 896 1590 952 usque
1610 883 1660 936 in
1685 883 1864 936 linem.

284 975 460 1032 Deliis
482 990 612 1046 ergo
637 991 755 1029 cum
784 975 1109 1046 loqueretur,
1134 973 1230 1029 has
1255 972 1578 1043 significans,
1600 971 1724 1042 quid
1745 971 1871 1026 sub-

275 1067 488 1137 jungit?
517 1066 791 1121 Ostendisti
816 1065 948 1135 plebi
972 1074 1072 1119 tute
1089 1064 1218 1117 dura
1242 1080 1263 1117 :
1279 1064 1387 1133 jam
1411 1061 1692 1132 plebitum,
1717 1060 1869 1116 facta:

283 1159 578 1212 tributaria:
623 1166 740 1227 post
783 1156 1054 1211 victoriam
1093 1153 1278 1208 David.
1314 1152 1588 1208 Ostendisti
1617 1153 1871 1222 plebitum

281 1252 430 1304 dura.
467 1250 520 1303 In
549 1248 777 1318 quibus?
804 1247 860 1304 In
891 1248 1344 1318 persecutionibns
1371 1261 1501 1317 quas
1532 1246 1743 1316 pertulit
1771 1245 1871 1299 Ec-

281 1342 441 1398 clesia
461 1341 678 1405 Christi,
699 1339 909 1411 quando
931 1349 1106 1394 tantus
1127 1349 1416 1410 martyrum
1439 1337 1656 1408 sanguis
1676 1336 1872 1391 ell'nsus

282 1443 380 1488 eat.
429 1431 709 1484 Ostendisti
741 1430 874 1498 plebi
902 1439 1004 1484 tua:
1029 1429 1156 1482 dura
1183 1445 1202 1483 :
1229 1429 1414 1500 potasti
1439 1443 1529 1481 nos
1555 1428 1667 1480 vino
1692 1427 1869 1480 stimu—

281 1521 506 1576 Lationis.
529 1520 665 1588 Quid
678 1529 779 1586 est,
798 1519 1152 1574 stimulationis
1169 1520 1194 1574 .’
1210 1518 1325 1574 Non
1340 1517 1738 1589 peremptionis.
1756 1515 1868 1569 Non

281 1614 422 1668 enim
469 1623 588 1668 erat
621 1612 915 1682 percmptio
953 1611 1216 1681 perdens,
1249 1609 1342 1664 sed
1386 1609 1645 1664 medicina
1687 1621 1868 1661 urens.

281 1702 482 1758 Potasti
509 1719 599 1756 nos
624 1704 736 1756 vino
762 1702 1136 1756 stimulationis.

350 1797 405 1851 6.
440 1793 594 1868 [rers.
621 1793 699 1867 6.]
729 1793 902 1862 Quare
923 1791 1064 1848 hoc?
1090 1791 1285 1846 Dedisti
1304 1789 1629 1844 metuentibus
1650 1797 1696 1842 te
1716 1788 1872 1859 signi.

281 1887 566 1956 ﬁcationem
585 1928 600 1951 ,
629 1895 684 1938 ut
712 1885 910 1957 fugiant
937 1900 970 1937 a
998 1884 1129 1954 facie
1155 1898 1323 1936 arcus.
1356 1881 1458 1936 Per
1483 1879 1869 1946 tribulationes,

283 1978 473 2047 inquit,
506 1976 848 2047 temporales,
876 1974 1181 2046 signiﬁcasti
1212 1974 1313 2027 tuis
1343 1971 1522 2043 fugere
1547 1971 1614 2025 ab
1635 1971 1708 2025 ira
1739 1970 1874 2041 ignis

280 2067 614 2136 sempiterni.
659 2065 792 2120 Dicit
819 2065 962 2121 enim
990 2065 1261 2134 apostolus
1287 2063 1479 2118 Petrus
1508 2079 1522 2115 :
1555 2060 1773 2132 Tempus
1803 2069 1874 2114 est

282 2169 333 2212 ut
345 2159 606 2230 judicium
626 2157 834 2227 incipiat
858 2173 889 2209 a
909 2156 1060 2210 domo
1081 2154 1193 2209 Dei.
1218 2152 1284 2209 Et
1305 2154 1594 2209 exhortans
1614 2159 1875 2222 martyres

281 2249 346 2303 ad
376 2248 717 2305 tolerantiam
737 2288 752 2309 .
781 2261 902 2301 cum
932 2245 1148 2300 szeviret
1177 2243 1435 2308 mundus,
1467 2257 1588 2297 cum
1615 2251 1818 2310 strages
1843 2255 1873 2294 a

285 2339 714 2407 persecutoribus
735 2337 942 2402 iterent,
964 2350 1084 2391 cum
1106 2335 1260 2406 longe
1281 2334 1490 2404 lateque
1511 2333 1724 2403 sanguis
1747 2331 1878 2386 lide-

285 2428 409 2482 lium
441 2428 773 2486 funderetur.
797 2441 917 2482 cum
941 2426 992 2480 in
1013 2425 1235 2489 catenis,
1267 2425 1318 2478 in
1339 2423 1662 2485 carceribus,
1689 2423 1738 2476 in
1764 2431 1874 2476 tor-

286 2520 514 2584 mentis,
550 2518 713 2572 nmlta
754 2517 886 2572 dura
914 2515 1198 2570 Christiani
1231 2523 1568 2582 paterentur;
1615 2528 1682 2567 ne
1711 2513 1760 2566 in
1793 2511 1876 2566 bis

282 2626 410 2681 ergo
438 2610 587 2665 duris
617 2608 907 2664 deficerent
927 2651 941 2674 ,
969 2623 1064 2663 eos
1091 2606 1375 2676 alloquitur
1401 2605 1588 2659 Petrus
1615 2623 1626 2656 :
1661 2602 1876 2671 Tempus

284 2715 354 2758 est
379 2715 432 2757 ut
453 2702 711 2774 judicium
735 2701 940 2771 incipiat
963 2716 996 2752 α
1021 2699 1170 2752 domo
1201 2697 1329 2760 Dei;
1358 2705 1403 2750 et
1428 2697 1472 2750 si
1498 2696 1695 2748 initium
1722 2710 1752 2746 a
1781 2710 1875 2747 no-

286 2797 379 2861 bis,
409 2795 577 2865 qualis
602 2795 720 2862 ﬁnis
749 2793 841 2846 erit
865 2798 936 2845 eis
962 2791 1050 2861 qui
1077 2806 1177 2844 non
1203 2788 1410 2843 credunt
1442 2787 1532 2841 Dei
1565 2785 1878 2856 Evangelia?

287 2895 332 2940 ιι
356 2886 400 2938 si
417 2886 594 2954 justus
621 2885 706 2937 via:
733 2885 903 2936 salvus
927 2883 1042 2948 erit,
1075 2890 1306 2951 peccator
1333 2890 1380 2933 et
1409 2879 1594 2948 impius
1617 2877 1701 2931 ubi
1727 2892 1876 2947 pare-

285 2979 406 3032 bunt
453 2976 507 3048 (l
540 2975 680 3030 Petr.
715 2991 797 3042 tv,
827 2975 924 3040 l7,
954 2973 1080 3045 18)?
1108 2973 1244 3040 Quid
1285 2987 1418 3043 ergo
1449 2973 1680 3028 futurum
1711 2981 1793 3024 est
1824 2970 1876 3025 in

282 3067 520 3139 judicio?
548 3068 716 3122 Arcus
743 3075 821 3121 est
852 3075 1134 3128 extentus;
1171 3063 1342 3117 adimo
1377 3064 1428 3116 in
1468 3061 1879 3118 ccmtninatione

284 3170 400 3225 est,
431 3159 667 3214 nondum
700 3159 751 3212 iu
785 3156 1209 3226 prmsentatione.
1258 3155 1323 3208 Et
1363 3153 1538 3208 videte
1575 3152 1702 3222 quid
1729 3152 1798 3206 sit
1825 3151 1877 3206 in

285 3267 431 3308 arca.
461 3251 650 3306 Nonne
679 3253 866 3320 sagitta
907 3249 959 3302 in
1003 3248 1174 3318 priora
1221 3245 1474 3302 mittenda
1515 3245 1634 3300 est?
1673 3243 1880 3299 Nervus

286 3353 462 3397 tamen
505 3351 650 3396 retro
683 3339 914 3395 tenditur
942 3339 992 3392 in
1023 3343 1348 3391 contrarium
1375 3352 1477 3406 qua
1508 3335 1594 3390 illa
1621 3335 1878 3390 mittenda

285 3445 402 3501 est;
431 3443 486 3488 et
513 3443 710 3504 quanto
735 3433 854 3502 plus
881 3431 1000 3486 ierit
1021 3431 1136 3499 ejus
1159 3430 1400 3484 extensio
1423 3437 1733 3493 retrorsum,
1759 3438 1878 3483 tan-

290 3535 344 3582 to
374 3526 578 3594 majore
621 3526 818 3594 impetu
860 3524 948 3578 illa
972 3524 1139 3577 currit
1166 3524 1215 3576 in
1245 3524 1441 3592 priora.
1469 3521 1605 3588 Quid
1632 3530 1714 3576 est
1737 3521 1879 3592 quod

288 3621 440 3675 dixi?
467 3621 680 3688 Quanto
705 3619 874 3688 magis
897 3617 1140 3671 dilTet-tnr
1167 3615 1424 3686 judicium
1447 3657 1460 3677 ,
1488 3623 1636 3668 tanto
1679 3615 1880 3680 majore

289 3712 489 3784 impetu
518 3721 794 3765 venturum
823 3719 925 3764 est.
959 3709 1098 3778 Ergo
1127 3718 1180 3761 et
1206 3707 1272 3760 de
1299 3705 1682 3775 temporalibus
1712 3705 1882 3760 tribu-

287 3804 574 3860 lationibus
600 3804 796 3874 gratias
819 3801 931 3856 Deo
960 3815 1176 3870 agamus
1196 3841 1212 3864 ,
1243 3798 1363 3868 quia
1406 3797 1550 3852 dedit
1591 3797 1729 3868 plebi
1768 3812 1879 3851 suae

287 3897 728 3967 signiﬁcationem
749 3936 764 3959 ,
791 3903 843 3946 ut
873 3893 1069 3963 fugiant
1095 3908 1125 3944 a
1152 3892 1281 3961 facie
1308 3907 1454 3944 arcus
1483 3905 1500 3942 :
1525 3897 1583 3944 ut
1605 3889 1877 3945 exercitati

291 3990 477 4043 fideles
504 3990 619 4056 ejus
647 3988 698 4041 in
728 3986 1152 4041 tribulationibus
1179 3984 1576 4055 temporalibus,
1609 3983 1750 4054 digni
1774 3984 1880 4039 sint

289 4081 518 4135 evadere
537 4078 930 4133 damnationem
953 4077 1089 4146 ignis
1115 4076 1320 4140 :eterni,
1349 4091 1466 4146 qua:
1498 4075 1773 4129 inventura
1797 4083 1881 4129 est

289 4187 476 4226 omnes
502 4171 592 4242 qui
623 4171 718 4225 ista
752 4186 854 4222 non
883 4168 1123 4223 credunt.
1157 4166 1350 4220 Dedisti
1378 4167 1704 4219 metuentibus
1734 4176 1780 4217 te
1804 4166 1874 4218 si-

289 4263 683 4334 gniﬁcationem,
715 4259 993 4330 ut'fngiant
1019 4275 1050 4312 a
1077 4259 1204 4330 facie
1227 4274 1392 4310 arcus.

360 4355 413 4408 7.
448 4351 600 4426 [vers.
631 4351 708 4423 7.]
743 4351 809 4406 Ut
838 4360 1081 4404 eruantur
1122 4348 1289 4402 dilecti
1326 4349 1418 4400 tui.
1453 4347 1660 4402 Salvum
1689 4363 1766 4400 me
1792 4346 1872 4416 [ac

290 4445 495 4498 dextera
522 4453 630 4507 tua,
660 4451 706 4495 et
732 4441 913 4496 exaudi
940 4457 1036 4494 me.
1074 4439 1298 4494 Dextera
1327 4447 1412 4491 tua
1431 4479 1445 4502 ,
1480 4437 1702 4491 Domine
1723 4478 1737 4501 ,
1769 4437 1878 4490 sal-

287 4551 413 4590 vum
439 4550 526 4590 me
553 4533 633 4588 fac
658 4551 671 4588 :
699 4534 767 4587 ita
792 4533 995 4587 salvum
1019 4547 1102 4586 me
1127 4531 1228 4596 iac,
1254 4539 1310 4584 ut
1332 4529 1398 4584 ad
1423 4529 1695 4585 dexteram
1719 4541 1875 4584 stem.

290 4627 508 4680 Salvum
536 4641 614 4678 me
638 4628 720 4696 [ac
749 4623 954 4676 dextera
983 4633 1068 4675 tua
1101 4637 1120 4675 :
1148 4635 1251 4675 nou
1280 4621 1500 4675 salutem
1533 4622 1876 4689 temporalem

291 4728 449 4790 peto;
482 4718 549 4771 de
581 4718 678 4771 hac
708 4716 797 4769 ﬁat
824 4716 1065 4788 voluntas
1093 4722 1200 4767 tua.
1231 4711 1312 4766 Ad
1337 4720 1547 4781 tempus
1574 4710 1698 4781 quid
1726 4711 1878 4764 nobis

287 4811 494 4882 prosit,
525 4810 738 4878 penitus
781 4809 1117 4879 ignoramus;
1159 4804 1284 4875 quid
1326 4804 1469 4860 enim
1507 4819 1719 4859 oremus
1745 4805 1880 4859 sicut

287 4910 520 4973 oportet,
559 4900 823 4954 nescimus
851 4896 1025 4970 (Rom.
1054 4912 1166 4961 vut,
1193 4893 1285 4966 26)
1317 4913 1330 4947 :
1357 4894 1451 4950 sed
1482 4893 1674 4948 salvum
1699 4912 1779 4947 me
1800 4900 1880 4963 [ac

286 4996 497 5048 dextera
529 5003 651 5057 tua,
680 4999 736 5044 ιιι
769 4990 868 5045 etsi
912 4989 963 5042 in
995 4997 1233 5057 tempore
1263 4987 1364 5040 isto
1391 4984 1755 5039 tribulatiom-s
1781 4987 1877 5039 ali-

287 5100 426 5154 quas
460 5084 658 5152 patiar,
697 5088 961 5134 transacta
1006 5086 1161 5132 nocte
1202 5075 1438 5131 omnium
1483 5075 1879 5129 tribulationum

287 5177 356 5230 ad
385 5176 658 5230 dexteram
691 5173 928 5226 inveniar
971 5171 1111 5223 inter
1135 5181 1301 5230 oves,
1351 5182 1457 5220 non
1499 5164 1565 5219 ad
1609 5165 1878 5220 sinistram

287 5269 432 5322 inter
460 5265 662 5319 haedos.
691 5264 900 5317 Salvum
923 5276 1001 5314 me
1028 5259 1111 5329 [ac
1135 5258 1342 5311 dextera
1369 5267 1475 5319 tua,
1498 5266 1546 5309 et
1572 5255 1757 5310 exaudi
1782 5271 1875 5309 me.

287 5358 424 5425 Quia
461 5357 572 5426 jam
609 5353 735 5408 illud
767 5362 890 5423 peto
918 5351 1060 5421 quod
1088 5349 1218 5403 dare
1252 5348 1366 5414 vis;
1411 5362 1514 5401 non
1543 5346 1720 5402 verbis
1747 5347 1880 5400 deli-

289 5461 505 5505 etorum
537 5464 773 5503 meorum
800 5447 972 5500 clamo
999 5459 1092 5514 per
1116 5443 1280 5506 diem,
1310 5451 1500 5495 utnon
1524 5438 1796 5504 exaudias,
1826 5450 1882 5492 et

291 5552 451 5596 nocte
470 5543 515 5609 ',
545 5549 602 5594 ut
629 5554 732 5592 non
757 5537 1030 5602 exandias,
1061 5543 1115 5590 et
1143 5547 1248 5588 non
1275 5532 1340 5586 ad
1369 5530 1722 5601 insipientiam
1750 5529 1878 5584 mihi

363 5740 380 5770 ³
401 5739 474 5787 sic
497 5743 606 5787 Mss.
635 5742 687 5784 At
709 5733 844 5787 ald,
869 5743 1127 5795 expurges.
1264 5787 1294 5795 __
1531 5786 1546 5795 _
1767 5781 1769 5784 ‹
1834 5783 1844 5793 .

362 5802 383 5830 ¹
407 5786 453 5848 ιιι
479 5786 590 5849 tulit.
617 5797 761 5846 deest
783 5786 874 5854 hic,
902 5786 949 5843 ul
985 5786 1079 5842 ηόη
1109 5787 1349 5842 eraudias
1378 5799 1395 5837 :
1421 5786 1547 5850 quod
1569 5786 1810 5846 repetitur
1834 5786 1881 5830 in

295 5870 404 5911 διεδ.

1415 401 1808 460 ENARRATIO
1845 400 1908 457 ΙΝ
1950 400 2269 458 PSALMUM
2308 402 2440 457 LIX.

3456 413 3556 464 τιιι

1977 513 2146 583 (Psal.
2177 531 2283 578 xxi,
2314 513 2370 578 Ξ,
2402 515 2456 584 3)
2481 532 2494 578 ;
2523 513 2614 570 Sed
2641 515 2818 585 tuique
2846 516 2910 570 ad
2935 520 3435 588 commonitionem,
3464 524 3556 576 ad-

1973 603 2148 659 dendo
2173 621 2419 674 saporem
2450 604 2517 660 de
2545 607 2680 660 valle
2709 607 3018 673 salinarum,
3048 620 3104 664 ιιι
3131 611 3182 664 in
3216 612 3552 668 tribulatione

1975 697 2210 750 noverim
2253 695 2375 763 quid
2427 708 2644 765 petam:
2677 707 2798 766 pcto
2841 709 3016 752 autem
3059 701 3219 756 vitatu
3263 715 3517 760 arternam

1974 800 2102 856 ergo
2127 787 2314 841 exaudi
2345 803 2460 854 me,
2494 788 2612 858 quia
2642 788 2912 843 dexteram
2947 800 3085 844 tuam
3117 804 3258 862 pcto.
3297 795 3555 867 lntelligat

1974 895 2102 950 ergo
2143 881 2386 936 Charitas
2426 882 2612 938 Vestra
2657 899 2867 938 omnem
2919 885 3128 940 lidclem
3172 887 3451 944 habentem
3503 891 3553 944 iu

1975 971 2136 1026 corde
2175 973 2396 1028 verbum
2431 974 2556 1042 Dei,
2597 990 2717 1030 cum
2763 977 2950 1031 timore
2995 979 3265 1033 timentem
3299 980 3555 1050 judicium

1977 1062 2209 1119 futurum
2230 1108 2244 1132 ,
2277 1068 2545 1121 viventem
2597 1069 2968 1136 probabiliter,
3001 1087 3067 1126 uc
3096 1071 3162 1126 de
3194 1072 3282 1126 illo
3312 1073 3550 1142 blasphe-

1976 1162 2151 1209 metur
2186 1171 2378 1211 nomen
2418 1165 2658 1212 sanctum
2689 1158 2895 1214 Domini
2922 1161 3064 1230 ejus,
3098 1162 3259 1217 multa
3286 1163 3559 1234 deprecari

1976 1246 2267 1300 secundum
2295 1249 2567 1314 szeculum,
2595 1257 2650 1304 et
2678 1265 2780 1304 non
2805 1253 3076 1319 exaudiri;
3107 1254 3172 1308 ad
3200 1255 3359 1309 vitam
3381 1265 3557 1310 autem

1975 1347 2229 1392 aeternam
2261 1353 2473 1409 semper
2496 1342 2753 1396 exaudiri.
2791 1343 2919 1410 Quis
2959 1345 3099 1399 enim
3139 1347 3417 1403 sanitatem
3451 1363 3558 1402 non

1978 1438 2154 1498 petat,
2184 1445 2303 1484 cum
2335 1435 2593 1501 aegrotat?
2622 1433 2690 1488 Et
2725 1444 2898 1489 tamen
2930 1434 3064 1491 forte
3101 1436 3273 1492 adhuc
3300 1449 3560 1509 argrotare

1976 1520 2024 1574 ei
2054 1522 2178 1576 utile
2216 1531 2317 1577 est.
2352 1522 2532 1578 Potest
2569 1523 2681 1580 ﬁeri
2712 1535 2768 1580 ut
2794 1526 2917 1583 hinc
2947 1543 3050 1583 non
3081 1531 3380 1586 exaudiaris
3408 1550 3420 1584 :
3453 1550 3556 1588 non

1979 1623 2153 1668 tamen
2185 1614 2454 1669 exaudiris
2483 1616 2547 1670 ad
2573 1619 2918 1686 voluntatem,
2949 1632 3005 1675 ut
3033 1623 3330 1678 exaudiaris
3355 1625 3419 1679 ad
3452 1629 3556 1680 uti—

1978 1703 2197 1758 litatem.
2239 1705 2310 1758 At
2354 1721 2481 1760 vero
2521 1722 2642 1762 cum
2687 1709 2812 1763 illud
2858 1711 3020 1780 petis,
3069 1721 3124 1766 ut
3158 1713 3244 1768 det
3275 1715 3364 1770 tibi
3395 1717 3554 1770 vitam

1977 1803 2229 1850 :eternam
2260 1796 2416 1862 Deus,
2447 1808 2503 1851 ut
2527 1797 2614 1853 det
2645 1800 2734 1853 tibi
2766 1816 2982 1871 regmuu
3008 1805 3264 1860 caelorum
3295 1807 3462 1872 Deus,
3499 1817 3556 1861 ιιι

1977 1883 2067 1939 det
2096 1887 2187 1941 tibi
2215 1887 2281 1941 ad
2307 1889 2579 1945 dexteram
2607 1891 2722 1946 Filii
2749 1894 2828 1948 sui
2859 1905 3022 1962 stare,
3040 1914 3159 1952 eum
3187 1903 3391 1956 venerit
3413 1903 3560 1971 judi-

1977 1991 2099 2033 care
2125 1987 2317 2034 terram
2341 1998 2355 2045 ;
2385 1996 2605 2037 securus
2632 1995 2780 2050 esto;
2809 1989 3055 2058 accipies,
3086 1990 3129 2044 si
3158 1993 3317 2046 modo
3343 2010 3446 2047 non
3470 2010 3558 2047 ac-

1978 2069 2110 2138 cipis
2141 2086 2152 2123 :
2185 2086 2290 2124 non
2317 2073 2458 2126 enim
2485 2073 2593 2142 jam
2622 2078 2765 2130 venit
2797 2085 3003 2146 tempus
3031 2091 3085 2134 ut
3108 2084 3353 2153 accipias.
3383 2085 3556 2138 lixau»

1978 2159 2129 2223 diris,
2162 2170 2216 2216 et
2247 2164 2423 2218 nescis
2452 2181 2465 2218 :
2495 2165 2634 2236 quod
2661 2169 2798 2236 petis
2824 2170 3016 2239 agitur,
3047 2172 3144 2225 etsi
3179 2173 3348 2227 neseis
3377 2174 3426 2227 in
3454 2190 3561 2243 quo

1979 2251 2171 2322 agitur.
2201 2253 2258 2307 In
2290 2255 2467 2310 radice
2509 2272 2594 2312 res
2631 2268 2714 2314 est
2734 2300 2749 2326 ,
2777 2261 3011 2316 nondum
3044 2264 3094 2318 in
3126 2264 3313 2321 fructu.
3347 2267 3560 2321 Salvum

1979 2357 2060 2398 me
2084 2348 2166 2415 [ac
2192 2346 2396 2400 dextera
2422 2357 2529 2413 tua,
2559 2358 2603 2403 et
2629 2351 2813 2404 exaudi
2839 2369 2935 2406 me.

2050 2437 2103 2494 8.
2137 2435 2284 2510 [νει-ε.
2311 2437 2390 2511 8.]
2418 2437 2554 2493 Deus
2581 2441 2778 2496 locutus
2805 2453 2877 2496 est
2904 2445 2955 2498 in
2985 2456 3157 2500 sancto
3185 2464 3294 2502 suo.
3331 2448 3464 2517 Quid
3496 2453 3562 2504 ti-

1979 2543 2094 2583 mes
2137 2544 2204 2584 ne
2246 2544 2351 2584 non
2399 2531 2487 2585 [lat
2530 2533 2670 2602 quod
2703 2534 2839 2589 Deus
2873 2536 3078 2592 locutus
3105 2539 3226 2594 est?
3255 2541 3309 2594 Si
3342 2544 3564 2597 haberes

1979 2619 2208 2689 aliquem
2240 2637 2452 2690 gravem
2483 2624 2710 2678 amicum
2741 2635 2795 2680 et
2829 2629 3121 2697 sapientem
3143 2673 3158 2698 ,
3190 2635 3456 2701 quomodo
3483 2636 3565 2689 tli-

1979 2712 2171 2766 ceres?
2201 2711 2290 2767 Ille
2317 2713 2524 2768 locutus
2552 2725 2634 2770 est
2664 2716 2777 2771 haec
2796 2759 2808 2781 ,
2840 2718 2928 2772 fiat
2956 2736 3174 2777 necesse
3202 2735 3282 2778 est
3319 2727 3456 2794 quod
3489 2728 3565 2778 lo-

1979 2811 2135 2858 cutus
2163 2815 2245 2860 cst
2274 2821 2288 2859 :
2315 2806 2396 2860 vir
2420 2808 2597 2876 gravis
2629 2817 2708 2862 cst
2728 2851 2742 2874 ,
2773 2825 2877 2864 non
2908 2812 3118 2868 levitate
3147 2816 3326 2881 utitur,
3357 2835 3460 2873 non
3491 2821 3564 2875 l'a-

1980 2895 2082 2950 cile
2107 2895 2174 2951 de
2197 2899 2460 2953 sententia
2487 2899 2803 2965 dituovetur,
2834 2904 2972 2972 quod
3001 2908 3242 2974 promisit
3274 2909 3432 2963 ﬁxum
3459 2922 3560 2966 est.

1981 2985 2086 3040 Sed
2133 2995 2306 3041 tamen
2347 2987 2509 3043 homo
2547 3001 2661 3054 est,
2694 2993 2781 3062 qui
2812 2994 3096 3072 aliquando
3140 3000 3277 3068 quod
3325 3005 3562 3070 promisit

1982 3076 2156 3133 facere
2195 3079 2332 3146 vult,
2363 3090 2417 3135 et
2456 3097 2560 3136 non
2594 3091 2784 3152 petest.
2833 3085 2908 3140 De
2949 3087 3056 3141 Deo
3087 3105 3189 3143 non
3220 3102 3302 3145 est
3330 3093 3467 3163 quod
3509 3104 3562 3149 tu

1984 3170 2206 3226 timeas:
2235 3171 2356 3240 quia
2381 3187 2538 3226 verax
2561 3185 2661 3240 est,
2685 3185 2925 3242 constat;
2953 3179 3072 3248 quia
3100 3182 3436 3252 omnipotens
3460 3195 3562 3249 est,

1981 3271 2220 3328 constat;
2253 3263 2435 3320 fallere
2461 3275 2512 3320 te
2533 3282 2636 3319 non
2659 3278 2853 3338 potest,
2885 3269 3042 3326 habet
3064 3274 3204 3328 unde
3233 3277 3388 3331 faciat
3429 3279 3564 3346 Qniit

1982 3368 2110 3425 ergo
2154 3355 2309 3410 times
2353 3372 2420 3412 ne
2461 3357 2782 3427 decipiaris?
2810 3361 2954 3432 Opus
2979 3373 3140 3418 estut
3174 3377 3224 3418 tu
3259 3377 3308 3422 te
3335 3383 3437 3422 non
3465 3369 3567 3424 de-

1983 3446 2168 3514 cipias,
2197 3455 2251 3500 et
2281 3461 2586 3516 perseveres
2613 3465 2777 3520 usque
2807 3454 2856 3506 in
2887 3453 3063 3522 tinem,
3093 3471 3213 3511 eum
3241 3459 3459 3516 daturus
3483 3472 3566 3517 est

1982 3537 2122 3605 quod
2150 3539 2410 3607 promisit.
2441 3539 2576 3595 Deus
2606 3542 2803 3598 locutus
2835 3555 2908 3600 est
2944 3547 2996 3601 in
3021 3561 3194 3603 sancto
3223 3569 3333 3605 suo.
3378 3553 3430 3608 In
3460 3571 3567 3624 quo

1981 3639 2156 3683 sancto
2181 3646 2271 3684 suo
2293 3631 2319 3684 ?
2349 3630 2482 3686 Deus
2507 3643 2611 3686 erat
2637 3635 2689 3688 in
2715 3633 2933 3702 Christo,
2965 3640 3208 3695 mundum
3237 3647 3568 3700 reconcilians

1981 3721 2076 3776 sibi
2103 3721 2166 3795 (ll
2196 3722 2313 3777 Cor.
2343 3738 2398 3788 v,
2433 3725 2538 3792 l9).
2571 3725 2624 3781 lu
2655 3738 2841 3783 sancto
2870 3730 2990 3796 illo,
3021 3731 3089 3788 de
3128 3749 3233 3803 quo
3262 3738 3386 3792 alibi
3417 3740 3566 3794 audi-

1982 3812 2080 3868 stis
2109 3830 2120 3865 :
2155 3812 2289 3867 Deus
2314 3814 2366 3868 in
2391 3827 2564 3872 sancto
2601 3817 2682 3872 via
2724 3828 2810 3872 tua
2849 3820 3017 3892 (Psal.
3049 3839 3205 3879 Lxxvt
3229 3868 3242 3891 ,
3277 3829 3385 3900 14).
3429 3828 3568 3884 Deus

1983 3904 2178 3959 locutus
2206 3916 2278 3960 est
2306 3908 2359 3960 in
2388 3919 2562 3962 saneto
2591 3927 2703 3962 suo.
2749 3908 2981 3967 Lwtabor
3000 3957 3014 3980 ,
3054 3924 3099 3969 et
3137 3918 3358 3972 dit-idum
3394 3920 3566 3974 Sichi-

1982 4010 2136 4048 mam.
2169 3997 2299 4064 Quia
2328 3997 2467 4052 Deus
2498 3999 2600 4054 hoc
2635 4000 2840 4058 locutus
2878 4014 2992 4072 est,
3023 4006 3111 4060 lict
3145 4026 3158 4060 :
3194 4025 3288 4062 vox
3318 4010 3569 4066 Ecclesia:

1983 4097 2085 4153 est,
2113 4087 2246 4142 Deus
2270 4088 2464 4145 locutus
2487 4103 2556 4146 est
2580 4093 2629 4146 in
2651 4105 2822 4149 sancto
2843 4113 2951 4150 suo.
2975 4097 3090 4152 Non
3116 4102 3275 4154 verba
3299 4103 3426 4157 dicit
3449 4120 3568 4173 qua:

1985 4177 2124 4232 Deus
2171 4180 2377 4234 locutus
2421 4191 2534 4245 est;
2582 4184 2674 4238 sed
2719 4187 2968 4253 queniam
3014 4186 3152 4242 Deus
3191 4191 3386 4243 locutus
3414 4203 3486 4245 est
3514 4195 3568 4248 in

1981 4280 2156 4321 sancto
2185 4287 2276 4322 suo
2296 4310 2311 4335 ,
2346 4286 2444 4325 nec
2473 4271 2584 4326 ﬁeri
2617 4274 2814 4344 aliquid
2845 4285 3053 4345 potest,
3087 4279 3185 4330 nisi
3217 4279 3568 4348 quemadmo-

1983 4357 2108 4411 dum
2143 4359 2348 4413 Iocutus
2387 4370 2469 4415 est
2500 4362 2667 4428 Dens,
2702 4375 3088 4434 consequenter
3131 4367 3230 4421 ista
3273 4371 3562 4428 eveniunt:

1984 4450 2236 4515 Lwtubor,
2261 4459 2306 4506 et
2319 4452 2553 4506 dividam
2577 4453 2877 4518 Sichimam,
2900 4466 2947 4511 et
2973 4457 3247 4512 convallem
3273 4459 3568 4516 tabernacu-

1984 4543 2147 4595 lorum
2188 4544 2436 4597 dimetiar.
2475 4543 2708 4601 Sichima
2753 4546 2967 4602 Hutneri
3005 4548 3432 4619 interpretantur.
3468 4554 3566 4609 Sc-

1983 4635 2214 4689 eundum
2245 4635 2516 4690 historiam
2541 4652 2688 4703 vero,
2711 4637 2872 4695 Jacob
2894 4640 3104 4695 rediens
3129 4657 3156 4694 a
3178 4642 3356 4697 Lahan
3379 4660 3570 4702 socero

1983 4743 2081 4782 suo
2119 4743 2237 4782 cum
2277 4729 2522 4785 omnibus
2563 4731 2707 4798 suis,
2749 4733 3022 4787 abscondit
3062 4732 3197 4788 idola
3244 4736 3294 4790 in
3334 4737 3565 4792 Sichima

1984 4836 2102 4890 qua:
2135 4821 2361 4877 habebat
2390 4823 2457 4876 de
2481 4822 2663 4894 Syria,
2698 4824 2780 4876 ubi
2812 4824 2900 4878 diu
2932 4827 3316 4895 peregrinatus,
3353 4831 3569 4886 tandem

1984 4912 2271 4984 aliquando
2297 4913 2418 4966 inde
2444 4913 2686 4967 veniebat
2717 4912 2868 4982 (Gen.
2898 4929 3067 4981 xxxv,
3095 4917 3174 4985 4).
3204 4918 3567 4976 Tabernacula

1985 5016 2159 5061 autem
2192 5006 2315 5061 fecit
2344 5005 2411 5059 ibi
2443 5013 2662 5074 pr0ptcr
2691 5019 2818 5059 oves
2846 5020 2968 5060 suas
3002 5017 3058 5060 et
3086 5019 3323 5064 armenta
3345 5053 3360 5076 ,
3390 5021 3445 5066 et
3472 5026 3568 5081 ap-

1985 5094 2201 5166 pellavit
2231 5095 2404 5150 locum
2438 5094 2584 5149 illum
2619 5092 2961 5151 Tabernacula
2991 5095 3099 5169 (Id.
3135 5113 3326 5163 xxxut,
3361 5101 3470 5172 l7).
3504 5102 3569 5156 Et

1988 5189 2100 5240 hare
2127 5187 2356 5241 dividam
2378 5229 2392 5251 ,
2427 5187 2594 5256 inquit
2617 5186 2876 5242 Ecclesia.
2905 5188 3041 5257 Quid
3074 5198 3156 5243 est
3183 5189 3310 5255 hoc,
3345 5191 3568 5245 dividam

1987 5279 2312 5334 Sichimam?
2338 5279 2392 5334 Si
2423 5279 2486 5333 ad
2516 5279 2792 5334 historiam
2821 5282 2906 5336 ubi
2934 5282 3239 5336 abscondita
3265 5293 3390 5339 sunt
3427 5285 3566 5340 idola

1986 5372 2264 5435 referatur,
2297 5371 2494 5428 Gentes
2521 5371 2798 5443 significat.
2833 5373 3019 5428 Divido
3046 5373 3261 5429 Gentes.
3296 5375 3431 5444 Quid
3463 5387 3566 5441 est,

1984 5462 2200 5517 divido?
2226 5461 2340 5517 Non
2367 5462 2507 5516 enim
2536 5462 2773 5517 omnium
2802 5472 2885 5519 est
2909 5463 3038 5518 fides
3066 5463 3139 5534 (ll
3166 5463 3342 5520 Thess.
3378 5483 3456 5532 ut,
3485 5467 3565 5540 2).

1984 5555 2118 5625 Quid
2151 5563 2228 5610 est
2258 5554 2473 5610 divido?
2515 5555 2618 5610 Alii
2648 5555 2895 5616 credent,
2925 5555 3014 5609 alii
3047 5571 3147 5611 non
3179 5558 3398 5613 credent
3427 5577 3440 5612 :
3472 5561 3565 5615 sed

1988 5659 2163 5702 tamen
2202 5662 2304 5701 non
2343 5646 2563 5700 timeant
2603 5646 2690 5716 qui
2727 5645 2983 5710 credunt,
3013 5645 3150 5700 inter
3186 5647 3305 5703 illos
3341 5651 3430 5718 qui
3461 5665 3564 5704 non

1986 5741 2230 5797 credunt.
2261 5739 2421 5794 Divisi
2452 5747 2578 5792 sunt
2602 5738 2742 5793 enim
2768 5751 2907 5792 nunc
2938 5735 3075 5804 (ide;
3108 5747 3290 5808 postea
3327 5740 3566 5795 dividen-

1993 5843 2077 5886 tur
2109 5833 2158 5884 in
2185 5829 2415 5900 judicio,
2448 5843 2576 5882 oves
2607 5827 2670 5880 ad
2701 5827 3000 5895 dexteram,
3033 5829 3167 5884 hzrdi
3198 5831 3262 5884 ad
3296 5832 3561 5886 sinistram
