4038 6476
485 380 590 436 Πθ

484 494 697 565 (Matth.
719 507 849 561 xxv,
870 492 987 563 '53).
1013 491 1154 549 Ecce
1176 491 1476 547 invenimus
1494 488 1937 561 quemadmodum
1960 489 2064 544 Ec-

482 587 645 642 clesia
681 585 881 640 dividat
910 585 1226 641 Sichimam.
1256 583 1535 650 Quomodo
1563 581 1751 644 dividit
1786 583 2061 648 humeros,

483 680 778 736 seetmdum
808 679 1038 733 nominis
1066 675 1592 747 interpretationem?
1626 675 1938 729 Dividuntur
1963 673 2066 728 hu-

481 772 616 826 meri
638 812 652 836 ,
684 779 739 824 ut
766 771 900 825 alios
927 778 1158 839 gravent
1193 775 1409 838 peccata
1438 781 1561 832 sua,
1593 765 1680 819 alii
1722 765 1909 819 tollant
1948 779 2066 818 sar-

479 864 653 915 einam
695 861 911 915 Christi.
941 860 1208 914 llumeros
1254 857 1396 911 enim
1443 855 1557 925 pius
1601 854 1900 925 quarrebat,
1943 868 2062 908 eum

479 953 683 1007 diceret
710 969 723 1006 :
749 950 943 1021 Iugum
980 950 1113 1003 enim
1150 965 1314 1002 meum
1355 948 1466 1002 lene
1499 955 1604 1008 est,
1643 955 1689 999 et
1727 947 1927 1000 sarcina
1956 961 2066 998 mea

480 1043 600 1096 leuis
629 1052 700 1096 est
733 1041 839 1111 (Id.
871 1057 922 1094 x1
941 1083 954 1105 ,
982 1040 1094 1112 '50).
1125 1040 1241 1093 Alia
1269 1040 1475 1092 sarcina
1507 1036 1698 1105 pretnit
1729 1044 1783 1090 et
1816 1043 2066 1106 aggravat

481 1144 568 1198 te;
602 1133 798 1189 Christi
845 1141 1020 1188 autem
1067 1131 1273 1185 sarcina
1304 1128 1544 1183 sublevat
1573 1137 1624 1183 te
1661 1146 1675 1183 :
1714 1127 1814 1182 alia
1857 1127 2063 1182 sarcina

481 1227 684 1294 lmndus
713 1226 904 1290 habet;
932 1223 1129 1279 Christi
1158 1222 1368 1278 sarcina
1401 1234 1602 1293 pennas
1632 1217 1807 1274 habet.
1849 1218 1979 1274 Nam
2001 1226 2064 1273 et

477 1319 560 1373 avi
610 1316 654 1372 si
702 1331 903 1387 pennas
947 1315 1233 1380 detrahas,
1283 1312 1432 1382 quasi
1477 1326 1614 1366 onus
1657 1310 1833 1375 tollis;
1866 1320 1918 1364 et
1958 1325 2062 1378 quo

478 1409 646 1478 magis
688 1423 824 1461 unus
864 1405 1158 1470 abstulisti,
1191 1419 1258 1459 eo
1284 1403 1451 1473 magis
1481 1403 1532 1457 in
1565 1410 1702 1456 terra
1743 1400 2059 1456 remanebit.

476 1499 644 1566 Quam
675 1513 970 1553 exonerare
995 1495 1242 1561 voluisti,
1268 1493 1412 1565 jacet
1439 1510 1453 1547 :
1485 1508 1588 1546 non
1621 1492 1764 1546 volat
1784 1533 1797 1556 ,
1824 1491 1944 1561 quia
1975 1501 2062 1544 tu-

471 1592 580 1647 ‘listi
621 1606 792 1655 onus;
839 1590 1021 1645 redeat
1062 1604 1233 1650 onus,
1267 1595 1324 1641 et
1353 1586 1514 1640 volat.
1556 1583 1699 1639 Talis
1741 1591 1824 1638 est
1859 1581 2062 1638 Christi

471 1683 700 1736 sarcina.
737 1680 1129 1736 [‘orteut-illam
1158 1677 1436 1740 homines;
1469 1691 1574 1730 non
1606 1676 1714 1730 sint
1741 1674 1872 1744 pigri
1905 1692 1918 1728 :
1953 1687 2057 1728 non

469 1772 811 1827 attenduntur
833 1771 904 1824 illi
929 1771 1016 1840 qui
1039 1785 1155 1824 eam
1180 1768 1326 1823 ferre
1352 1768 1572 1828 nolunt;
1601 1767 1772 1820 ferant
1799 1766 1942 1820 illam
1968 1766 2056 1836 qui

469 1864 686 1925 volunt,
717 1872 771 1916 et
815 1860 1083 1914 invenient
1117 1874 1279 1930 quam
1327 1857 1396 1912 sit
1444 1857 1608 1922 levis,
1653 1871 1810 1926 quam
1856 1857 2054 1924 suavis,

469 1968 626 2022 quam
648 1951 901 2021 jucunda,
931 1966 1086 2020 quam
1111 1949 1323 2019 rapiens
1349 1949 1402 2002 in
1427 1947 1618 2002 coelum
1651 1955 1704 2000 et
1729 1961 1760 2000 a
1787 1953 1927 2000 terra
1952 1946 2058 2000 eri-

468 2045 622 2113 piens
645 2045 684 2097 ¹.
714 2044 950 2097 Dividunt
983 2043 1261 2097 Sic/rimam
1281 2082 1296 2107 ,
1324 2049 1370 2095 et
1395 2038 1670 2094 convallem
1700 2039 2053 2092 tabernaculo-

468 2150 582 2187 rum
608 2134 861 2188 dimetiur.
890 2132 1050 2187 Forte
1081 2141 1297 2201 propter
1325 2145 1453 2184 oves
1480 2129 1665 2191 Jacob,
1695 2128 1952 2182 convallis
1978 2135 2056 2182 ta-

469 2226 875 2282 bernaculorum
906 2224 1217 2294 intelligitur
1242 2236 1375 2290 gens
1398 2221 1724 2286 Judmorum,
1755 2229 1811 2273 et
1840 2220 1950 2288 ipsa
1975 2219 2057 2272 di-

464 2319 660 2372 viditur
700 2334 712 2370 :
753 2332 872 2370 nam
901 2315 1227 2370 transierunt
1255 2313 1377 2368 inde
1407 2313 1495 2383 qui
1522 2310 1896 2378 crediderunt;
1926 2310 2054 2366 foris

465 2407 652 2477 reliqui
681 2414 1076 2462 remanserunt.

483 2549 486 2554 .
534 2500 589 2556 9.
618 2499 769 2573 [vers.
793 2497 872 2571 9.]
901 2497 1046 2552 Meus
1066 2506 1139 2552 est
1156 2494 1380 2552 Galaad.
1401 2493 1625 2551 Nomina
1649 2503 1773 2550 sunt
1791 2495 1890 2550 ista
1916 2494 2050 2551 lecta

463 2595 515 2649 in
540 2593 754 2649 Litteris
779 2593 891 2648 Dei.
924 2591 1120 2647 Calaad
1149 2591 1309 2645 habet
1337 2588 1793 2660 interpretationis
1820 2604 1930 2644 sua:
1954 2604 2050 2644 vo-

460 2702 577 2742 cem
599 2695 652 2742 ct
672 2686 844 2755 magni
867 2684 1183 2739 sacramenti
1212 2701 1224 2736 :
1250 2683 1626 2752 interpretatur
1646 2681 1788 2736 enim
1810 2683 2048 2737 Acervus

460 2778 770 2835 testimonii.
795 2777 1035 2846 Quantus
1058 2789 1281 2830 acervus
1304 2773 1589 2829 testimonii
1615 2774 1668 2828 in
1691 2772 2046 2844 martyribus?

459 2870 608 2927 Meus
637 2880 708 2925 εει
735 2869 932 2925 Calaad
963 2884 981 2922 :
1011 2883 1160 2923 meus
1199 2878 1282 2923 est
1323 2881 1547 2922 acervus
1587 2865 1909 2932 testimonii,
1939 2865 2042 2920 mei

451 2973 582 3018 sunt
608 2964 866 3034 Martyres
891 2959 1025 3016 veri.
1059 2959 1350 3014 Moriautur
1375 2958 1462 3012 alii
1485 2959 1506 2989 ²
1537 2973 1631 3027 pro
1657 2965 1864 3012 vetusta
1891 2959 2043 3013 vani-

455 3062 565 3109 tate
612 3069 707 3109 sua
755 3053 872 3106 sine
916 3051 1058 3115 sale;
1092 3048 1343 3118 numquid
1386 3048 1654 3118 pertinent
1689 3047 1757 3101 ad
1790 3062 2040 3103 acervum

457 3143 784 3200 testimonii?
813 3141 946 3209 Quia
986 3149 1039 3195 et
1076 3141 1120 3194 si
1162 3138 1429 3193 tradidero
1459 3151 1655 3205 corpus
1681 3152 1856 3191 meum
1885 3138 1954 3190 ita
1986 3147 2042 3193 ιιι

455 3232 705 3295 ardeam,
735 3230 1049 3286 eharitatem
1089 3235 1265 3281 autem
1313 3242 1418 3280 non
1460 3225 1718 3291 habeam,
1751 3225 1881 3281 nihil
1911 3227 2040 3282 mihi

455 3325 677 3396 prodest
702 3322 747 3392 (1
773 3322 890 3376 Cor.
919 3337 1033 3385 χιιι,
1063 3319 1140 3392 5).
1168 3319 1302 3374 Cum
1329 3327 1506 3373 autem
1532 3317 1758 3387 quodam
1786 3319 1903 3373 loco
1925 3333 2039 3372 mo-

452 3424 608 3472 ueret
635 3415 890 3470 Dominus
921 3411 994 3467 de
1032 3427 1160 3482 pace
1196 3410 1471 3465 retinenda
1492 3450 1505 3473 ,
1541 3409 1796 3479 praemisit
1830 3410 2036 3465 salem:

455 3509 678 3575 llabete,
709 3507 910 3578 inquit,
942 3506 994 3559 iu
1029 3504 1167 3559 vobis
1200 3505 1390 3568 salem,
1422 3512 1467 3556 et
1505 3519 1680 3572 pacem
1711 3502 1884 3556 habete
1911 3503 2040 3557 inter

453 3621 538 3657 uos
569 3601 756 3673 (Marc.
783 3616 866 3665 ιχ,
893 3599 1006 3670 49).
1045 3597 1220 3668 Ergo,
1259 3595 1404 3650 Meus
1435 3605 1504 3649 est
1531 3592 1729 3649 Calaad
1765 3611 1784 3649 :
1817 3593 1910 3650 scd
1935 3594 2040 3650 Ga-

454 3695 595 3761 laad,
625 3693 674 3747 id
706 3700 788 3747 est
809 3705 1031 3746 acervus
1058 3687 1367 3754 testimonii,
1397 3689 1449 3742 in
1478 3702 1664 3757 magna
1697 3688 2039 3744 tribulatione

452 3787 727 3842 evidenter
759 3784 926 3838 factus
956 3791 1056 3838 est.
1088 3781 1240 3834 Tune
1275 3779 1628 3849 ignominiosa
1661 3779 1895 3834 Ecclesia
1925 3790 2040 3836 erat

455 3880 509 3933 in
539 3875 840 3931 hominibus
860 3915 874 3940 ,
905 3884 1026 3926 tunc
1053 3869 1397 3941 opprobrium
1421 3869 1501 3923 illi
1538 3868 1709 3923 vidua:
1737 3869 2042 3940 objectaba-

457 3980 573 4032 tnr,
602 3968 721 4036 quia
751 3961 950 4019 Christi
995 3970 1138 4025 erat,
1181 3962 1302 4038 quia
1334 3960 1541 4030 signum
1576 3961 1750 4016 crucis
1784 3961 1833 4014 in
1865 3959 2041 4017 fronte

455 4059 750 4130 portabat:
796 4055 1032 4110 nondum
1077 4062 1192 4108 erat
1237 4053 1441 4117 honor;
1485 4053 1685 4108 crimen
1731 4061 1847 4108 erat
1888 4061 2038 4108 tunc.

455 4150 680 4221 Quando
705 4165 831 4219 ergo
860 4164 962 4202 non
993 4146 1185 4209 honor,
1213 4144 1307 4200 sed
1335 4144 1535 4199 crimen
1557 4154 1692 4210 erat,
1717 4154 1848 4200 tunc
1873 4145 2042 4202 factus

448 4256 539 4299 est
563 4258 786 4298 acervus
816 4238 1140 4302 testimonii;
1170 4246 1224 4291 et
1255 4252 1349 4306 per
1378 4251 1625 4291 acervum
1649 4237 1936 4291 testimonii
1963 4237 2043 4292 di-

456 4339 616 4392 latata
661 4344 743 4390 est
780 4332 1015 4388 eharitas
1045 4329 1276 4394 Christi;
1315 4337 1368 4383 et
1398 4343 1494 4398 per
1520 4328 1884 4385 dilatatiouem
1913 4328 2041 4384 cha-

452 4430 626 4486 ritatis
642 4425 835 4481 Chrisd
858 4431 1130 4492 occupata:
1153 4429 1274 4476 sunt
1290 4431 1493 4491 gentes.
1516 4420 1786 4490 Sequitur,
1817 4419 1883 4474 Et
1905 4437 2042 4476 meus

455 4531 526 4574 est
558 4518 823 4571 Manassae
852 4530 870 4568 :
898 4512 1039 4584 quod
1077 4513 1455 4582 interpretatur
1483 4511 1709 4568 Oblitus.
1737 4513 1870 4568 lluic
1897 4515 2040 4569 enim

453 4611 656 4662 dictum
685 4615 797 4660 erat
821 4621 836 4657 :
865 4603 1222 4671 Coufasiouem
1246 4603 1296 4656 in
1329 4613 1624 4672 perpetuum
1645 4604 1968 4672 Oblivisceris,
1997 4616 2044 4660 et

452 4698 746 4769 ignominia:
765 4695 1027 4749 uiduitatis
1051 4703 1151 4748 tua:
1175 4710 1274 4748 non
1302 4695 1402 4749 eris
1427 4711 1617 4748 memor
1647 4694 1797 4767 (Isai.
1827 4713 1932 4761 LIV,
1961 4698 2040 4768 4).

456 4794 589 4847 lirat
619 4804 756 4860 ergo
786 4787 1029 4842 confusio
1055 4785 1306 4841 Ecclesia:
1345 4785 1652 4855 aliquando,
1689 4803 1847 4857 quam
1887 4789 2045 4844 modo

459 4885 622 4938 oblita
659 4890 743 4938 est
772 4898 784 4934 :
813 4879 1139 4934 confusionis
1169 4879 1310 4934 enim
1353 4888 1406 4932 et
1447 4878 1747 4948 ignominia:
1778 4880 2046 4936 viduitatis

462 4991 574 5029 sua:
599 4972 708 5042 jam
739 4986 843 5025 non
871 4979 953 5024 est
983 4985 1208 5024 memor.
1235 4967 1458 5036 Quando
1492 4968 1632 5023 enim
1661 4969 1903 5038 quautam
1930 4981 2046 5026 erat

461 5062 706 5119 confusio
751 5061 891 5114 inter
940 5059 1219 5125 homines,
1271 5074 1492 5113 acervus
1541 5059 1829 5114 testimonii
1879 5061 2047 5118 factus

462 5166 600 5209 erat.
643 5150 800 5215 Modo
833 5152 941 5221 jam
973 5166 1129 5204 nemo
1158 5149 1238 5204 vel
1267 5151 1508 5206 meminit
1534 5151 1672 5206 illius
1697 5153 2043 5222 confusionis,

462 5245 678 5318 quando
709 5243 996 5315 ignominia
1023 5250 1138 5296 erat
1167 5256 1287 5297 esse
1323 5241 1706 5306 christianum;
1737 5244 1846 5312 jam
1889 5261 2048 5302 nemo

469 5338 741 5400 meminit,
770 5338 878 5405 jam
911 5351 1097 5392 omnes
1125 5335 1273 5390 obliti
1318 5344 1437 5390 sunt
1457 5377 1471 5400 ,
1514 5335 1623 5405 jam
1654 5353 1791 5392 mens
1829 5350 1900 5394 cst
1927 5340 2047 5396 Ma-

463 5448 655 5486 mmas.
682 5429 744 5482 Et
766 5428 1009 5499 Ephrwm
1034 5427 1277 5496 fortitudo
1299 5427 1480 5499 capitis
1503 5429 1618 5481 mei.
1649 5428 1894 5498 Ephrtcm
1923 5431 2052 5486 Fru-

468 5517 717 5572 etilieatio
747 5516 1145 5583 interpretatur.
1175 5513 1288 5568 Mea
1309 5553 1324 5578 ,
1354 5513 1557 5584 inquit,
1599 5512 1968 5585 fructificatio,
1997 5528 2052 5572 et

529 5694 544 5720 ε
573 5689 750 5737 mtian.
776 5685 920 5749 liber,
945 5685 1147 5749 erigens.

531 5751 552 5780 ¹
577 5749 708 5805 ιλιᾱ..
734 5747 997 5796 nturiautttr
1017 5747 1151 5796 ntali.
1189 5751 1294 5794 Mss.
1336 5759 1475 5806 vero,
1501 5747 1588 5799 alii
1629 5761 1644 5802 .‘
1679 5751 1760 5801 ubi
1787 5754 2051 5804 Donatista-

463 5823 572 5860 rum
592 5810 1008 5872 [nsottdomartyrcs
1032 5810 1182 5858 notari
1211 5807 1455 5859 videntur.

1712 376 1769 433 S.
1809 375 2174 434 AUCUSTINI
2213 377 2514 434 EPISCOPI

3649 380 3755 438 720

2170 488 2284 545 hmo
2313 488 2650 545 fructificatio
2671 488 2924 546 fortitudo
2945 497 3026 545 est
3045 489 3234 562 capitis
3257 491 3384 546 mei.
3412 491 3586 561 Caput
3607 493 3751 549 enim

2167 595 2346 635 meum
2386 580 2633 635 Christus
2673 590 2775 635 est.
2827 581 2893 634 Et
2940 579 3080 636 unde
3122 580 3456 638 fructiﬁcatio
3497 584 3756 640 fortitudo

2169 673 2323 742 ejus?
2351 673 2483 740 Quia
2514 673 2614 727 nisi
2645 689 2870 744 granunt
2901 673 3116 729 caderet
3145 674 3196 728 in
3224 684 3443 742 terram,
3477 692 3582 731 non
3607 679 3752 732 mul-

2171 763 2513 833 tiplicaretur,
2543 765 2716 819 solum
2745 774 3067 820 remaneret.
3093 763 3296 820 Cecidit
3320 783 3449 836 ergo
3476 767 3527 821 in
3552 777 3753 824 terram

2167 853 2409 908 Christus
2437 855 2487 908 in
2509 856 2782 926 passione,
2808 864 2864 910 et
2885 866 3066 910 secuta
3095 865 3177 910 est
3213 855 3548 913 fructilicatio
3576 860 3628 914 in
3662 877 3754 916 re-

2167 948 2516 1001 surrectione.
2562 946 2630 1001 Et
2671 946 2914 1016 Ephrtem
2953 947 3196 1018 fortitudo
3242 951 3420 1019 capitis
3459 952 3574 1005 mei.
3608 952 3756 1008 Pen-

2167 1034 2325 1091 debat
2349 1046 2404 1090 et
2427 1039 2866 1092 conleuutebatur
2893 1055 2905 1091 :
2932 1052 3154 1108 granum
3182 1048 3297 1093 erat
3325 1040 3486 1104 intus,
3520 1041 3754 1097 habebat

2167 1126 2309 1182 vires
2339 1128 2581 1183 trahendi
2610 1139 2729 1198 post
2747 1145 2808 1185 se
2826 1130 3002 1184 omnia
3033 1129 3211 1198 (Joan.
3236 1148 3328 1198 xu,
3350 1133 3441 1200 24,
3465 1134 3578 1205 52).
3602 1133 3750 1202 Quo-

2167 1219 2328 1273 modo
2354 1220 2404 1274 in
2433 1235 2599 1288 grano
2640 1221 2846 1276 numeri
2887 1221 3149 1276 seminum
3194 1223 3392 1291 latent;
3438 1226 3750 1294 abjcctum‘

2166 1313 2348 1366 nescio
2373 1311 2498 1380 quid
2524 1322 2745 1382 apparet
2769 1312 2971 1377 oculis,
3002 1313 3096 1368 sed
3127 1315 3205 1367 vis
3244 1327 3560 1370 convertens
3599 1319 3652 1370 in
3689 1334 3752 1374 se

2165 1401 2440 1456 materiam
2467 1412 2522 1458 et
2548 1405 2818 1473 proferens
2847 1403 3074 1458 fructum
3099 1404 3406 1460 abscondita
3439 1416 3522 1462 est
3546 1426 3560 1461 :
3586 1408 3666 1464 sic
3693 1411 3748 1465 in

2163 1491 2358 1548 Christi
2385 1510 2544 1550 cruce
2569 1495 2879 1550 abscondita
2913 1506 3029 1552 erat
3058 1497 3259 1563 virtus;
3286 1499 3574 1568 apparebat
3599 1501 3751 1556 inﬁr—

2163 1587 2340 1642 mitas.
2371 1587 2415 1642 Ο
2442 1604 2690 1658 magnum
2721 1590 2979 1659 granum!
3009 1589 3165 1644 Certe
3198 1589 3442 1646 infirmus
3475 1602 3564 1648 est
3610 1609 3750 1663 pen-

2161 1675 2316 1744 dens,
2344 1688 2492 1733 certe
2517 1689 2640 1733 ante
2667 1679 2811 1733 illum
2841 1689 3001 1750 caput
3033 1680 3182 1750 plebs
3209 1681 3296 1736 illa
3322 1683 3571 1752 agitavit,
3597 1694 3750 1740 certe

2160 1766 2441 1824 dixerunt:
2466 1771 2526 1826 Si
2554 1771 2599 1824 Γ
2600 1771 2716 1825 ilius
2743 1771 2834 1825 Dei
2857 1782 2950 1837 est,
2980 1774 3246 1827 descendat
3270 1774 3334 1828 de
3356 1791 3502 1830 cruce
3527 1776 3742 1848 (Matth.

2160 1875 2337 1926 xxvu,
2370 1861 2480 1931 40).
2511 1862 2649 1916 Audi
2687 1861 3050 1917 fortitudinem
3096 1862 3254 1933 ejus:
3300 1865 3448 1930 Quod
3483 1867 3748 1936 inﬁrmum

2158 1960 2228 2005 est
2254 1951 2384 2015 Dei,
2426 1954 2606 2024 fortius
2639 1964 2711 2006 est
2747 1953 3033 2007 hominibus
3077 1952 3128 2026 (Ι
3154 1953 3271 2009 Cor.
3296 1970 3344 2020 ι,
3381 1955 3512 2026 23).
3554 1957 3746 2012 Merito

2160 2048 2301 2095 tanta
2331 2043 2666 2098 fruetilieatio
2693 2051 2980 2098 consecuta
3010 2053 3093 2098 est
3130 2061 3146 2099 :
3180 2043 3296 2100 luce
3323 2061 3440 2100 mea
3468 2048 3585 2114 est,
3612 2047 3748 2104 dicit

2157 2130 2418 2188 Ecclesia.

2227 2222 2314 2278 10.
2349 2222 2497 2296 [vers.
2527 2220 2640 2299 10.]
2667 2224 2807 2280 Iuda
2828 2242 2918 2280 rex
2946 2243 3084 2281 meus
3104 2243 3124 2282 :
3150 2225 3304 2287 Moab
3329 2229 3432 2283 olla
3457 2231 3567 2300 spei
3593 2247 3740 2288 mere.

2153 2315 2295 2370 Iuda
2336 2334 2428 2372 rea:
2467 2335 2606 2372 meus
2645 2335 2664 2373 :
2702 2320 2822 2389 quis
2843 2319 3016 2375 Juda?
3041 2320 3141 2388 Qui
3169 2321 3238 2376 de
3265 2322 3402 2378 tribu
3429 2321 3586 2377 Juda.
3610 2325 3743 2391 Quis

2153 2407 2286 2463 Juda
2311 2449 2325 2472 ,
2374 2407 2474 2463 nisi
2504 2409 2589 2464 cui
2619 2409 2758 2466 dixit
2797 2411 2909 2481 ipse
2937 2411 3102 2468 Jacob
3134 2431 3146 2466 :
3177 2411 3354 2480 Juda,
3389 2423 3436 2466 te
3461 2415 3744 2469 laudabunt

2154 2501 2335 2570 fratres
2361 2500 2433 2553 tui
2463 2499 2613 2571 (Gen.
2643 2517 2766 2556 χιιι
2791 2542 2808 2568 ,
2839 2502 2936 2573 8)?
2962 2500 3104 2556 Iuda
3141 2519 3231 2558 rea:
3256 2521 3412 2558 meus.
3439 2505 3571 2572 Quid
3607 2521 3740 2576 ergo

2153 2591 2368 2646 timeam
2388 2634 2402 2657 ,
2435 2592 2645 2662 quando
2679 2592 2815 2648 Juda
2841 2609 2934 2648 rex
2964 2608 3114 2648 meus
3138 2593 3268 2648 dicit
3312 2610 3326 2646 :
3369 2595 3542 2649 Nolite
3565 2597 3743 2652 timere

2148 2699 2236 2738 eos
2285 2684 2369 2752 qui
2408 2683 2643 2738 occidunt
2679 2700 2862 2754 corpus
2907 2683 3116 2756 (Matth.
3164 2700 3234 2751 ι,
3282 2685 3415 2754 28)ἳ
3453 2685 3595 2739 Iuda
3650 2703 3744 2741 rex

2150 2783 2290 2827 incus
2311 2789 2330 2827 :
2360 2773 2514 2828 Moab
2535 2775 2638 2828 olla
2657 2776 2765 2846 spei
2785 2791 2924 2830 metu.
2953 2775 3159 2842 Quare,
3191 2776 3294 2830 olla
3311 2776 3338 2829 .9
3357 2777 3487 2843 Quia
3521 2777 3745 2832 tribula-

2150 2864 2243 2918 tio.
2272 2863 2468 2931 Quare,
2496 2865 2603 2934 spei
2631 2865 2796 2919 mete?
2819 2865 2950 2933 Quia
2981 2866 3254 2935 praecessit
3279 2866 3412 2922 Juda
3439 2883 3532 2924 rex
3562 2883 3738 2924 meus.

2146 2957 2258 3025 Qua
2287 2958 2428 3012 enim
2460 2958 2752 3028 praecessit,
2778 2969 2832 3012 tu
2861 2961 3010 3027 sequi
3033 2959 3158 3029 quid
3195 2960 3350 3014 times
3369 2960 3430 3013 ’ζ’
3454 2960 3566 3028 Qua
3596 2976 3742 3030 pra:-

2145 3048 2346 3104 εεεεὶιῖ
2367 3048 2467 3102 Per
2497 3049 2863 3105 tribulationes
2885 3090 2898 3112 ,
2933 3065 3028 3119 per
3064 3050 3338 3120 angustias
3359 3091 3374 3115 ,
3405 3066 3501 3120 per
3541 3067 3741 3122 oppro-

2143 3139 2280 3196 bria.
2309 3137 2465 3208 Septa
2495 3148 2610 3194 erat
2638 3141 2741 3204 via,
2772 3139 2864 3194 sed
2894 3148 3174 3210 antequam
3204 3143 3452 3196 transiret
3479 3160 3492 3196 :
3517 3152 3736 3212 pestca-

2143 3244 2301 3298 quam
2331 3230 2568 3298 transiit,
2594 3245 2848 3298 sequere;
2875 3230 2984 3299 jam
3016 3241 3160 3302 patet
3183 3233 3264 3285 via
3313 3232 3454 3287 illius
3483 3235 3734 3289 transitu.

2145 3321 2435 3392 Singularis
2487 3339 2578 3392 ego
2624 3339 2739 3376 sunt
2762 3364 2778 3386 ,
2824 3323 3032 3393 inquit,
3060 3325 3149 3378 sed
3189 3341 3443 3395 quousque
3481 3335 3736 3380 transeam

2145 3411 2316 3483 (Psal.
2346 3428 2447 3469 cst.
2466 3455 2482 3480 ,
2511 3413 2603 3483 {0)
2634 3431 2647 3466 :
2674 3414 2942 3483 singulare
2971 3430 3228 3485 granum,
3261 3416 3355 3470 sed
3384 3417 3735 3488 anadusque

2144 3513 2409 3571 transeat;
2440 3521 2560 3561 cum
2587 3506 2858 3563 transierit
2879 3549 2895 3572 ,
2925 3517 3178 3578 sequetur
3207 3509 3560 3565 fructilicatio.
3589 3511 3734 3567 Juda

2142 3613 2234 3650 rea:
2268 3613 2426 3651 meus.
2470 3597 2609 3667 Ergo
2639 3598 2757 3667 quia
2799 3595 2944 3651 Iuda
2970 3615 3061 3653 rea:
3097 3617 3234 3654 meus
3261 3618 3281 3656 :
3317 3600 3470 3656 Moab
3497 3603 3600 3657 olla
3622 3605 3734 3675 spei

2144 3702 2285 3740 metr.
2331 3687 2484 3742 Moab
2528 3686 2838 3758 intelligitur
2868 3690 2919 3743 in
2965 3687 3244 3746 Gentibus.
3289 3691 3421 3747 Nata
3465 3704 3548 3749 est
3584 3696 3730 3750 enim

2145 3777 2242 3831 ista
2264 3791 2393 3846 gens
2409 3777 2474 3831 de
2495 3786 2731 3846 peccato,
2760 3789 2881 3832 nata
2911 3787 2995 3833 est
3017 3780 3117 3834 ista
3145 3796 3274 3850 gens
3299 3781 3367 3836 de
3396 3784 3600 3838 filiabus
3630 3785 3734 3840 Lot

2143 3882 2263 3937 qua:
2287 3883 2406 3922 cum
2435 3876 2585 3936 patre
2615 3869 2876 3922 inebriato
2900 3870 3320 3938 conenbucruut,
3355 3875 3491 3927 ntale
3519 3884 3734 3931 utentes

2145 3969 2295 4028 patre
2323 3957 2472 4030 (Gen.
2502 3974 2611 4020 XIX,
2641 3958 2846 4028 51.38).
2872 3958 3061 4014 Melius
3083 3970 3198 4014 erat
3237 3970 3293 4015 ut
3316 3963 3526 4017 steriles
3557 3980 3734 4018 rema-

2147 4060 2370 4117 nerent,
2420 4067 2578 4122 quam
2623 4052 2701 4107 sic
2747 4062 2944 4107 matres
2993 4054 3200 4108 lierent.
3255 4055 3383 4110 Erat
3409 4065 3586 4112 autem
3639 4058 3730 4113 illa

2148 4143 2312 4212 ﬁgura
2342 4143 2582 4211 quaedam
2613 4157 2798 4198 eorum
2828 4143 2919 4213 qui
2949 4144 3088 4199 male
3117 4155 3334 4200 utuntur
3376 4148 3510 4216 lege.
3557 4148 3736 4205 Nolite

2148 4233 2288 4287 enim
2319 4233 2592 4287 attendere
2630 4233 2751 4302 quia
2781 4234 2866 4287 lex
2898 4234 2948 4286 in
2979 4233 3140 4288 latina
3171 4235 3343 4305 lingua
3374 4235 3607 4291 feminini
3635 4255 3735 4308 ge-

2147 4324 2292 4379 neris
2313 4333 2428 4388 est;
2458 4324 2510 4378 in
2547 4339 2719 4393 ganea
2746 4325 3023 4379 masculini
3053 4335 3133 4380 est
3166 4344 3179 4380 :
3211 4327 3305 4381 sed
3333 4327 3447 4382 sive
3470 4329 3538 4382 sit
3576 4328 3734 4383 fenu-

2147 4415 2258 4470 nini
2285 4414 2497 4483 generis
2540 4414 2594 4468 in
2623 4415 2888 4484 loquendo
2910 4457 2926 4482 ,
2957 4417 3071 4471 sive
3101 4417 3409 4484 masculini,
3451 4435 3555 4472 non
3599 4437 3739 4489 pra:-

2147 4509 2332 4562 scribtt
2371 4508 2576 4561 veritati
2621 4508 2834 4562 locutio.
2866 4509 2975 4564 Lex
3020 4511 3162 4564 enim
3189 4512 3356 4581 magis
3385 4513 3735 4568 masculinam

2149 4599 2255 4653 vim
2287 4598 2464 4664 habet,
2487 4599 2608 4668 quia
2635 4599 2792 4669 regit,
2817 4616 2920 4655 non
2948 4602 3165 4672 regitur.
3195 4602 3362 4657 Porro
3390 4615 3566 4657 autem
3597 4620 3738 4673 apo-

2150 4692 2318 4747 stolus
2355 4691 2550 4746 Paulus
2591 4691 2715 4760 quid
2757 4693 2868 4746 ait?
2910 4684 3055 4748 Bona
3091 4706 3162 4748 est
3191 4696 3274 4750 lea:
3296 4737 3309 4760 ,
3339 4696 3384 4750 si
3419 4697 3530 4765 quis
3558 4713 3617 4750 ea
3656 4699 3736 4751 le-

2149 4782 2321 4853 gitime
2360 4790 2530 4834 utatur
2579 4779 2634 4852 (l
2675 4779 2808 4834 Tim.
2849 4797 2896 4845 ι,
2940 4783 3024 4852 8).
3078 4783 3185 4839 Illa:
3235 4795 3411 4840 autem
3465 4785 3589 4839 filim
3636 4787 3738 4840 Ι,οι

2152 4888 2257 4927 ιιοιι
2306 4871 2541 4942 legitime
2585 4887 2693 4927 usa:
2737 4882 2862 4926 sunt
2887 4883 3057 4942 patre.
3107 4874 3385 4941 Quomodo
3427 4886 3606 4930 autem
3642 4895 3738 4929 na-

2151 4975 2370 5020 scuntur
2395 4979 2559 5034 Opera
2588 4965 2724 5018 bona
2747 5005 2764 5031 ,
2808 4981 2926 5021 cum
2958 4967 3183 5036 quisque
3213 4968 3326 5038 lege
3362 4968 3498 5023 bene
3525 4970 3693 5024 utitur
3720 4990 3734 5022 :

2152 5061 2231 5114 sic
2272 5068 2560 5113 nascuntur
2583 5073 2746 5128 opera
2793 5060 2966 5125 mala,
3017 5075 3139 5114 cum
3171 5061 3282 5130 lege
3319 5062 3544 5131 quisque
3595 5054 3746 5118 male?

2155 5151 2337 5206 utitur.
2367 5149 2596 5205 Proinde
2625 5151 2762 5205 male
2788 5151 2891 5205 illa:
2919 5159 3128 5206 utentes
3154 5167 3300 5221 pa're
3320 5194 3334 5214 ,
3368 5152 3466 5206 hoc
3487 5163 3568 5208 est
3595 5156 3738 5208 male

2155 5252 2362 5297 utentes
2389 5242 2523 5311 lege,
2555 5252 2943 5312 geueraverunt
2977 5242 3268 5307 Moabitas;
3300 5259 3391 5311 per
3418 5260 3545 5312 quos
3571 5244 3739 5312 signi-

2158 5335 2382 5387 ficantur
2410 5349 2573 5403 opera
2618 5333 2774 5387 mala.
2810 5333 2938 5387 inde
2982 5332 3246 5388 tribulatio
3290 5334 3574 5397 ECCiCSiJB,
3610 5333 3739 5388 inde

2156 5425 2257 5479 olla
2305 5424 2584 5480 ebulliens.
2627 5425 2702 5480 De
2747 5425 2846 5479 hac
2891 5424 2994 5478 olla
3025 5424 3249 5494 quodam
3283 5425 3400 5478 loco
3443 5424 3741 5494 prophetia:

2157 5517 2350 5571 dicitur
2379 5533 2392 5569 ε
2426 5515 2544 5569 οιια
2582 5533 2818 5570 succensa
2857 5516 2917 5568 ab
2965 5516 3197 5585 aquilone
3242 5514 3454 5584 (Jerem.
3504 5531 3518 5568 ι
3551 5555 3566 5579 ,
3619 5518 3738 5585 15).

2223 5629 2238 5660 ¹
2277 5627 2384 5677 add.
2406 5661 2421 5686 ,
2471 5628 2704 5678 seminum
2751 5627 3023 5684 latentium,
3076 5629 3127 5678 in
3174 5635 3306 5678 terra
3340 5626 3530 5689 jactura
3578 5630 3743 5680 ncsxt'o

2057 5668 2108 5704 ’τ’
2158 5690 2292 5753 quid.
2321 5668 2421 5753 etc:
2443 5668 2763 5739 utitéiidiitim:
2774 5668 2838 5739 ad
2854 5668 3034 5753 aliquoi

2224 5753 2243 5782 ³
2265 5749 2544 5873 ξιεςιιιιὲιέρι
2567 5759 2671 5840 διες..
2697 5759 2752 5802 ιιι
2788 5753 2918 5800 Edd.:
2938 5749 3065 5813 ῥεια
3088 5750 3211 5802 enim
3235 5752 3478 5814 pra-cessit
3509 5758 3576 5812 te,
3598 5752 3745 5804 det-es

2224 5826 2290 5873 για
2357 5822 2416 5862 ἰιι
2489 5825 2636 5862 mea.

2159 5826 2290 5876 scquz
2333 5825 2451 5873 (arta
2471 5825 2604 5862 (33:03
2625 5825 2636 5862 ε
