4038 6476
305 426 402 484 ἠι

307 545 458 604 Unde
484 544 588 601 nisi
617 559 647 600 ι
681 543 919 616 partibus
941 542 1134 600 diaboli
1166 542 1255 615 qui
1285 541 1421 598 dixit
1454 561 1465 595 :
1504 541 1699 596 Ponant
1724 541 1889 597 sedent

304 656 467 694 meam
493 639 562 692 ad
582 639 865 709 aquilonem
894 635 1027 705 (1εαὶ
1037 677 1047 688 .
1077 652 1192 700 xlv,
1220 635 1333 703 13)?
1355 634 1744 690 Tribulationes
1765 649 1891 704 ergo

305 733 552 788 maximae
597 746 703 786 non
731 731 974 785 oriuntur
1011 729 1290 784 adversum
1322 727 1612 784 Ecclesiam
1637 767 1654 794 ,
1695 725 1795 780 nisi
1825 724 1892 780 ab

305 827 382 880 eis
408 825 501 896 qui
529 825 646 896 lege
689 825 827 880 male
857 831 1091 878 utuntur.
1122 822 1256 892 Quid
1284 837 1410 892 ergo
1434 821 1459 876 ἲ
1488 820 1767 877 Delectura
1809 827 1892 872 est

305 916 431 972 binc
471 915 742 980 Ecclesia,
777 923 832 970 et
870 923 1085 985 propter
1104 915 1260 967 ollam
1281 955 1302 980 ,
1336 913 1385 967 id
1413 921 1491 966 est
1517 909 1890 966 abundantiam

303 1008 706 1074 scandalorum,
739 1022 842 1060 non
870 1006 970 1060 erit
1004 1013 1403 1076 perseveratura
1428 1019 1596 1073 usque
1623 1003 1673 1056 in
1708 1003 1894 1056 linem?

303 1100 494 1156 Nonne
523 1099 657 1155 .luda
680 1115 772 1154 rex
803 1098 942 1153 illius
968 1097 1207 1168 prcedixit
1236 1097 1335 1151 hoc
1361 1096 1447 1150 ei?
1476 1095 1663 1150 Nonne
1684 1095 1758 1148 ait
1779 1094 1888 1148 illi:

307 1193 560 1258 Quoniam
602 1191 871 1245 abundabit
900 1190 1135 1260 iniquitas
1155 1232 1168 1253 ,
1200 1189 1484 1259 refrigescet
1509 1187 1727 1241 Charitas
1756 1185 1892 1238 mul-

304 1296 473 1340 torum
508 1285 721 1358 (Matth.
751 1300 910 1351 XXIV,
948 1283 1079 1358 12)?
1120 1283 1235 1340 Olla
1266 1283 1518 1338 bullientc
1542 1281 1775 1336 Charitas
1803 1298 1892 1336 rc-

305 1377 560 1447 lrigescit.
592 1376 768 1445 Quare
799 1392 903 1430 non
936 1379 1140 1446 potius,
1174 1389 1206 1428 ο
1242 1374 1472 1428 ebaritas
1497 1415 1512 1441 ,
1541 1382 1596 1428 et
1623 1384 1678 1427 tu
1707 1381 1891 1427 contra

304 1468 466 1523 ollam
493 1468 783 1522 fervescis?
816 1468 893 1520 Au
919 1467 1129 1536 ignoras
1160 1465 1251 1521 tibi
1279 1480 1397 1520 esse
1423 1465 1622 1520 dictum
1643 1506 1659 1530 ,
1682 1479 1802 1519 cum
1824 1463 1892 1519 de

306 1560 392 1614 illa
437 1559 764 1614 abundantia
811 1558 1180 1613 scandalorum
1231 1574 1320 1612 rex
1380 1567 1497 1612 tuus
1526 1557 1832 1628 loqueretur
1873 1575 1888 1612 :

307 1650 408 1718 Qui
433 1651 816 1722 perseveraverit
846 1667 998 1721 usque
1023 1651 1074 1703 in
1102 1650 1275 1718 ﬁnem,
1307 1647 1388 1702 hic
1412 1651 1579 1702 saluus
1604 1649 1739 1702 erit?
1765 1649 1893 1704 Pcr-

302 1756 486 1796 severa
506 1757 635 1810 ergo
657 1757 823 1811 usque
854 1742 904 1795 iu
935 1742 1088 1794 linem
1107 1753 1289 1794 contra
1308 1741 1464 1793 ollam
1492 1739 1888 1795 scaudalorum.

303 1832 466 1887 Ardet
494 1831 598 1886 olla
624 1832 938 1901 iniquitatis,
957 1831 1049 1886 sed
1077 1831 1245 1902 major
1262 1839 1346 1884 est
1362 1829 1570 1885 ﬂauum
1593 1831 1890 1885 cbaritatis.

303 1923 417 1979 Noli
465 1924 648 1991 vinci;
698 1939 976 1994 persevera
1029 1939 1194 1995 usque
1242 1924 1294 1977 in
1345 1923 1524 1976 linem.
1556 1921 1690 1992 Quid
1738 1922 1891 1977 times

303 2015 560 2070 Moabitas
583 2058 595 2080 ,
628 2031 787 2086 opera
817 2016 954 2070 mala
991 2031 1174 2069 eorum
1203 2015 1290 2084 qui
1323 2015 1438 2084 lege
1471 2015 1607 2068 male
1635 2014 1890 2068 utuntur?

301 2107 435 2174 Quid
468 2108 614 2162 enim
634 2149 648 2172 ,
672 2108 805 2162 Juda
838 2124 929 2162 rex
960 2115 1079 2162 tuus
1105 2107 1191 2177 qui
1225 2105 1526 2176 pra‘cessit,
1558 2122 1732 2160 nonne
1758 2106 1890 2162 tales

301 2198 562 2270 pertulit?
592 2197 774 2253 Nescis
797 2197 1013 2254 Judmos
1055 2198 1192 2252 male
1221 2197 1416 2251 utendo
1437 2197 1552 2266 lege
1573 2239 1588 2262 ,
1618 2195 1887 2250 Christum

299 2289 605 2345 occidisse?
647 2289 786 2360 Ergo
815 2305 969 2360 spera
1012 2290 1068 2356 ‘,
1103 2299 1156 2344 et
1183 2304 1283 2359 qua
1325 2289 1596 2358 pra‘cessit
1635 2304 1725 2344 rex
1770 2297 1890 2343 tuus

298 2394 546 2451 sequere.
584 2381 709 2445 Dic,
739 2379 880 2435 Juda
910 2397 998 2435 rex.
1023 2398 1180 2434 mens.
1216 2379 1274 2434 Et
1305 2396 1366 2434 ex
1399 2395 1470 2434 eo
1488 2381 1606 2450 quia
1635 2378 1777 2438 Juda
1802 2396 1892 2434 rea:

299 2489 474 2539 meus,
522 2473 676 2528 Moab
705 2473 828 2544 quid
876 2472 1043 2528 lactus
1088 2472 1211 2528 est?
1259 2472 1376 2526 οιια
1417 2473 1527 2540 spei
1575 2488 1730 2540 meat,
1784 2487 1888 2526 non

300 2563 722 2633 consnrnptionis
772 2579 924 2617 mem.
972 2563 1103 2617 Vide
1153 2562 1203 2616 in
1255 2561 1685 2617 trilmlatiouilms
1726 2562 1886 2616 ollam

299 2652 411 2722 Spei
438 2667 456 2718 ;
498 2652 622 2706 audi
654 2654 962 2723 Apostolnm
993 2671 1006 2706 :
1039 2652 1142 2708 Sed
1168 2661 1215 2706 et
1253 2653 1532 2724 gloriamur
1555 2694 1568 2716 ,
1601 2652 1804 2723 inquit,
1836 2655 1888 2707 in

299 2744 725 2799 tribulationibus.
750 2743 862 2800 Olla
880 2745 1110 2814 estjam;
1131 2745 1222 2799 sed
1249 2745 1369 2800 vide
1391 2745 1569 2807 istum.
1589 2746 1632 2799 si
1659 2745 1890 2815 explicat

297 2838 456 2891 ollam
485 2839 621 2908 spei.
650 2839 874 2894 Scientes
895 2843 1012 2909 quia
1035 2838 1291 2894 tribulatio
1313 2841 1604 2911 patientiam
1628 2850 1885 2910 operatur,

300 2933 540 3000 patientia
569 2943 736 2987 autem
767 2932 1111 3002 probationem
1137 2975 1152 2998 ,
1193 2932 1423 3003 probatio
1447 2949 1606 3003 spem.
1635 2934 1689 2989 Si
1723 2932 1890 2988 tribu-

299 3022 427 3077 latio
483 3024 829 3094 patientiam,
888 3025 1139 3095 patientia
1188 3024 1554 3094 probationem
1583 3064 1598 3088 ,
1647 3024 1888 3094 probatio

297 3130 480 3184 spem,
511 3115 614 3168 olla
647 3126 725 3169 est
753 3125 929 3170 autem
963 3115 1229 3170 tribulatio
1257 3131 1374 3186 qum
1413 3124 1664 3186 operatur
1697 3131 1884 3184 spem;

299 3206 491 3258 merito
520 3204 668 3258 Moab
697 3205 800 3258 olla
823 3206 927 3275 spei
958 3221 1098 3259 ntcaz.
1125 3205 1258 3276 Spes
1286 3214 1450 3259 autem
1474 3222 1572 3259 non
1600 3206 1884 3276 confundit.

297 3293 363 3348 Et
393 3295 561 3366 quid?
584 3295 780 3351 Fcrves
803 3305 985 3350 contra
1008 3297 1208 3350 ollam?
1232 3296 1304 3351 lla
1327 3297 1499 3368 plane,
1526 3297 1642 3367 quia
1665 3298 1889 3352 charitas

300 3383 394 3438 Dei
422 3384 614 3453 difasa
642 3397 712 3440 cst
757 3387 808 3440 in
837 3387 1072 3441 cordibus
1103 3389 1286 3442 nostris
1309 3429 1324 3452 ,
1371 3404 1460 3458 per
1488 3387 1738 3458 Spiritum
1774 3405 1890 3444 sau-

297 3487 430 3533 ctmu
461 3479 548 3549 qni
579 3479 725 3532 datus
751 3491 820 3534 est
851 3481 992 3533 nobis
1023 3478 1200 3550 (Rom.
1238 3496 1289 3544 v,
1321 3480 1468 3548 5-5).

370 3571 458 3625 il.
524 3567 590 3623 In
635 3568 918 3624 Idumwam
962 3573 1226 3625 extendam
1267 3571 1655 3625 calceamenmm
1701 3588 1887 3626 meum.

298 3663 535 3718 Ecclesia
565 3662 797 3733 loquitur
820 3681 832 3717 :
859 3664 1172 3718 Pcrvcniam
1204 3680 1356 3735 usque
1375 3664 1427 3716 in
1455 3661 1754 3717 Iduma’am.
1781 3664 1891 3722 Sw-

300 3757 442 3809 viant
472 3755 839 3810 tribulationes
861 3799 874 3820 ,
904 3755 1090 3810 bulliat
1127 3755 1390 3810 searnlalis
1421 3755 1648 3826 mundus
1668 3798 1682 3822 ,
1714 3766 1890 3832 eaten-

297 3847 417 3900 dam
462 3849 853 3900 calceamentum
900 3865 1062 3902 meum
1092 3865 1247 3919 usque
1282 3848 1335 3902 in
1367 3847 1684 3911 Idunrwam;
1725 3864 1891 3916 usque

297 3936 364 3990 ad
397 3952 492 4010 eos
536 3937 681 4004 ipsos
725 3938 814 4007 qui
869 3945 1132 3992 terrenam
1181 3939 1356 4012 vitam.
1386 3938 1584 4008 degunt
1618 3939 1888 4009 (quoniam

303 4027 536 4082 iduma-a
556 4029 936 4099 interpretatur
962 4028 1219 4100 Terrena)
1243 4046 1257 4095 ;
1287 4045 1452 4099 tt:un
1468 4029 1532 4083 ad
1557 4031 1718 4100 ipsos,
1738 4047 1893 4100 usque

299 4120 350 4173 in
386 4117 671 4172 ldunra'am
697 4119 956 4173 extendam
988 4119 1380 4173 calceamentnm
1409 4137 1596 4176 meum.
1626 4119 1787 4189 Cujus
1814 4120 1891 4174 rei

299 4211 720 4263 calceann-Itnm
746 4250 761 4274 ,
795 4209 894 4262 nisi
943 4208 1258 4280 Evangelii?
1301 4209 1464 4274 Quam
1491 4211 1702 4279 speciosi
1743 4208 1892 4278 pedes

298 4319 470 4356 eorum
493 4303 581 4372 qui
607 4303 908 4355 aununtiant
937 4318 1109 4372 pacem
1131 4344 1147 4368 ,
1181 4302 1266 4373 qui
1294 4303 1596 4355 annuntiant
1615 4301 1743 4355 bona
1768 4300 1786 4372 (
1803 4299 1888 4356 Id.

301 4411 356 4462 π,
378 4395 466 4464 iii)
486 4395 498 4448 !
520 4405 593 4461 et,
616 4391 835 4466 Calceati
854 4394 1002 4460 pedes
1026 4394 1076 4446 in
1093 4393 1511 4464 prrr'parationem
1531 4391 1788 4463 [Evangelii
1809 4409 1893 4462 pa-

299 4489 372 4542 eis
400 4485 613 4558 (Ephes.
634 4500 709 4549 vt,
734 4483 840 4554 15).
866 4482 1111 4547 Prorsus,
1137 4483 1386 4554 quoniam
1411 4483 1665 4536 tribulatio
1694 4483 1891 4553 patien-

301 4579 427 4631 tiam
467 4585 728 4646 operatur,
760 4575 1002 4646 patientia
1033 4584 1198 4627 autem
1243 4574 1619 4643 probationem,
1667 4573 1892 4644 probatio

299 4685 464 4739 spem,
488 4667 592 4721 olla
620 4682 724 4720 non
749 4682 832 4719 me
852 4675 1128 4721 consumet
1153 4682 1164 4716 :
1185 4663 1417 4718 Charitas
1437 4665 1569 4718 enim
1590 4662 1684 4718 Dei
1705 4664 1894 4732 diffusa

303 4773 379 4816 est
409 4761 458 4814 in
485 4758 722 4813 cordibus
749 4758 954 4820 nostris,
983 4774 1072 4829 per
1099 4756 1348 4826 Spiritum
1373 4767 1600 4811 sanctum
1626 4757 1894 4832 qui_datus

301 4863 376 4908 est
403 4852 563 4906 nobis.
595 4851 709 4906 Non
742 4849 1048 4905 deﬁciamus
1080 4849 1420 4920 Evangelium
1450 4848 1759 4917 prcediearc,
1789 4865 1892 4904 non

300 4945 621 5002 deficiamus
648 4942 929 4997 Dominum
957 4940 1289 4994 annuntiare.
1325 4937 1494 5010 Usque
1531 4939 1581 4994 in
1613 4937 1894 4993 Iduurazam

304 5034 574 5091 'Itendam
597 5033 990 5088 calceamentum
1019 5048 1202 5085 meum.
1228 5031 1413 5086 Nonne
1443 5031 1681 5085 serviunt
1715 5040 1767 5084 et
1796 5031 1894 5100 ipsi

303 5126 540 5183 terreni?
579 5125 690 5180 Etsi
720 5125 1096 5194 cupiditatibus
1128 5123 1353 5180 terrenis
1390 5123 1708 5192 obligantur,
1736 5121 1894 5177 Cbri-

301 5231 446 5276 stum
481 5229 662 5274 tamen
701 5217 946 5272 adorant.
981 5216 1147 5271 llodie
1176 5215 1416 5271 videmus
1437 5257 1451 5280 ,
1483 5213 1672 5269 fratres
1695 5255 1710 5282 ,
1738 5229 1894 5285 quam

304 5309 462 5367 multi
492 5308 689 5364 terreni
723 5307 1059 5362 committunt
1089 5321 1185 5376 pro
1211 5306 1357 5361 lucro
1387 5304 1621 5373 fraudes,
1647 5321 1741 5375 pro
1769 5305 1900 5359 frau-

303 5403 464 5458 dibus
513 5401 785 5472 perjuria;
819 5407 1034 5470 pr0pter
1063 5400 1279 5453 timores
1303 5439 1318 5461 ,
1358 5399 1658 5467 sortilegos,
1691 5396 1899 5453 matbe-

305 5495 536 5550 maticos
581 5492 868 5548 consulunt
897 5509 909 5544 :
941 5505 1128 5544 omnes
1170 5490 1254 5544 isti
1299 5489 1510 5544 lduma‘i
1534 5529 1548 5555 ,
1584 5489 1817 5554 terreni;
1849 5496 1903 5544 et

307 5595 491 5641 tamen
520 5598 711 5639 omnes
742 5583 827 5637 isti
857 5583 1078 5636 adorant
1105 5581 1394 5646 Christum,
1426 5582 1522 5635 sub
1545 5581 1904 5638 calceamento

308 5678 479 5750 ipsius
504 5688 670 5739 sunt;
699 5676 809 5747 jam
850 5691 1016 5746 usque
1047 5675 1097 5730 iu
1127 5675 1411 5729 ldumaram
1441 5674 1678 5730 cxtenth
1703 5674 1906 5729 calcea-

309 5780 552 5827 mentnm
583 5783 762 5826 suum.
783 5768 914 5822 Mihi
954 5767 1215 5838 Allophyli
1239 5767 1424 5823 subditi
1453 5775 1592 5822 sunt.
1623 5764 1902 5838 AIIOpIryli,

386 5889 408 5920 ⁸
436 5889 508 5939 sic
523 5894 634 5939 ltus.
664 5893 718 5937 At
739 5885 877 5950 Βάκι,
901 5898 1124 5940 urowra.

1413 425 1806 482 ENARRATIO
1846 423 1910 480 IN
1955 424 2271 483 PSALSIUM
2314 429 2448 484 LIX.

3480 443 3584 501 729

1997 541 2084 609 qui
2134 545 2294 598 sunt?
2337 543 2700 616 Alienigena),
2756 564 2861 602 non
2924 553 3246 620 pertinentes
3300 553 3366 610 ad
3415 570 3585 626 guttus

1998 647 2198 686 meum.
2229 634 2431 689 Snbditi
2459 647 2596 703 sunt,
2631 637 2752 708 quia
2780 639 2927 692 multi
2956 641 3179 696 adorant
3208 643 3500 716 Christum,
3528 657 3584 702 et

2000 740 2106 778 non
2138 733 2264 780 sunt
2292 731 2557 798 regnaturi
2594 744 2714 784 cum
2743 731 2976 786 Christo.
3008 733 3138 788 Mihi
3183 738 3442 810 Allophyli
3467 742 3586 794 sub.

1997 817 2090 870 diti
2114 830 2254 872 sunt.

2070 909 2154 963 19..
2175 909 2325 982 [rem
2362 910 2472 984 il.]
2505 913 2626 979 Quis
2655 913 2865 969 deducet
2893 932 2969 969 me
2994 917 3046 970 in
3085 917 3332 972 civitatem
3357 921 3581 975 cireum-

1997 1002 2195 1054 stantirc
2210 1003 2234 1055 ἰ)
2252 1003 2380 1070 Quae
2404 1013 2486 1058 est
2507 1005 2692 1059 civitas
2713 1007 3148 1062 circumstantias?
3169 1009 3578 1079 S'Lrucntinistis,

1992 1090 2102 1158 jam
2149 1109 2264 1144 eam
2297 1095 2712 1150 commemoravi
2758 1097 2810 1151 in
2854 1099 2962 1152 alio
3001 1100 3344 1167 psalmo,_nbi
3384 1103 3582 1157 dictum

1997 1190 2079 1234 est
2105 1199 2115 1234 :
2152 1179 2218 1234 Et
2245 1185 2578 1239 circumibunt
2603 1188 2848 1241 ciritatcm
2872 1187 2966 1260 (a).
2995 1188 3417 1246 Circnntstantiic
3442 1193 3582 1248 cuitu

1997 1272 2183 1326 civitas
2207 1314 2222 1339 ,
2271 1274 2525 1329 Gentium
2556 1277 2897 1334 circumfusio
2940 1289 3050 1348 est;
3090 1297 3207 1350 qua:
3244 1283 3587 1338 circutnlusiu

1996 1362 2244 1419 Gentium
2275 1367 2325 1420 iu
2359 1367 2534 1421 medio
2563 1369 2790 1426 habebat
2832 1387 2987 1426 unam
3011 1384 3220 1444 gentem
3252 1375 3580 1440 Judmormn,

1996 1455 2260 1511 eoleutem
2291 1474 2450 1512 unum
2485 1460 2646 1514 Deum
2677 1477 2691 1513 :
2721 1473 2912 1518 cretera
2953 1465 3294 1522 circurnlusio
3332 1467 3580 1524 Gentium

1996 1545 2150 1600 idolis
2189 1549 2541 1618 supplicabat,
2571 1549 2902 1608 (Lemonibu;
2941 1533 3226 1611 serviasat.
3261 1558 3323 1612 Et
3361 1561 3586 1630 mystico

1997 1649 2179 1693 vocata
2202 1651 2278 1694 est
2303 1641 2492 1696 civitas
2513 1643 2954 1712 circumstantim;
2977 1647 3096 1716 quia
3121 1648 3346 1718 nudique
3369 1664 3426 1704 se
3447 1649 3582 1705 Cen-

1997 1741 2076 1786 tes
2103 1732 2576 1798 circumfuderunt,
2620 1743 2676 1788 et
2705 1735 2751 1789 ei
2789 1737 3253 1792 circumsteterant
3289 1756 3407 1809 qttze
3433 1741 3578 1796 cule-

1993 1822 2084 1877 bat
2115 1840 2276 1877 ttlittltt
2306 1824 2491 1878 Deum.
2524 1825 2885 1893 Quistdcducet
2917 1845 2994 1882 me
3020 1829 3070 1881 in
3095 1830 3340 1883 civitatem
3365 1832 3582 1884 circum.

1992 1917 2216 1970 statuite?
2232 1916 2380 1982 Quis,
2402 1918 2500 1971 uisi
2533 1918 2698 1974 Deus?
2717 1919 2827 1974 Hoc
2850 1921 2960 1974 vult
2988 1921 3184 1988 dicere,
3210 1922 3476 1992 quomodo
3495 1923 3583 1978 de-

1993 2009 2147 2062 ducet
2180 2024 2271 2077 per
2297 2009 2414 2062 illas
2440 2009 2718 2075 rmbes,de
2738 2012 2928 2081 quibus
2952 2011 3152 2067 dictum
3183 2022 3293 2068 est:
3325 2012 3431 2069 Vaut
3451 2015 3581 2068 torri-

1994 2100 2093 2151 trui
2118 2101 2190 2151 tui
2211 2100 2264 2152 in
2287 2111 2397 2153 rota
2426 2099 2597 2172 (Psal.
2631 2117 2806 2168 Lsxvl,
2848 2101 2958 2176 i9).
2992 2104 3124 2159 Rota
3159 2105 3268 2174 ipsa
3295 2115 3376 2159 cst
3395 2107 3580 2160 civitas

1992 2190 2429 2255 circnmstantim,
2462 2206 2581 2261 qua:
2612 2191 2749 2246 dicta
2782 2201 2861 2248 est
2888 2204 3025 2258 rota,
3057 2194 3106 2248 id
3135 2194 3389 2251 cstorbis
3415 2204 3578 2249 terra-

1992 2297 2131 2336 rum.
2165 2280 2291 2349 Quis
2317 2283 2526 2337 deducet
2549 2300 2630 2337 me
2650 2284 2701 2337 in
2726 2284 2970 2339 ciritatem
3000 2285 3427 2357 circnrnslantia'?
3455 2287 3581 2350 Qn’s

1993 2373 2200 2426 deducet
2223 2391 2301 2429 me
2319 2391 2475 2446 usque
2495 2376 2548 2429 in
2569 2373 2854 2430 Idumwam
2874 2377 2898 2430 ?
2920 2376 2971 2432 id
2993 2387 3093 2444 est,
3119 2387 3173 2431 nt
3193 2393 3404 2448 regnem
3423 2378 3492 2432 cti
3513 2395 3579 2432 ειη

1996 2467 2292 2532 terrenis‘,
2327 2477 2385 2522 ut
2425 2483 2512 2523 me
2556 2477 2880 2524 venerentur
2928 2471 3088 2525 etiam
3117 2472 3206 2542 qui
3248 2470 3432 2528 deme
3474 2488 3579 2527 non

1991 2570 2134 2626 sunt,
2167 2562 2254 2631 qui
2277 2561 2343 2616 de
2367 2578 2452 2616 me
2481 2565 2666 2618 nolunt
2699 2564 2978 2635 prolicere.

2065 2653 2150 2708 13.
2185 2651 2334 2725 [vers.
2367 2651 2477 2726 12.]
2507 2655 2634 2720 Quis
2662 2656 2874 2710 deducet
2893 2672 2971 2710 me
2997 2673 3156 2726 usque
3181 2657 3232 2710 in
3258 2654 3583 2712 Idunncam.’

1994 2741 2181 2798 Nonne
2209 2753 2293 2809 tu,
2340 2744 2478 2800 Deus
2498 2785 2514 2812 ,
2549 2747 2636 2817 qui
2665 2747 2897 2816 repulisti
2924 2749 3056 2803 nos?
3074 2759 3122 2803 et
3149 2765 3248 2803 non
3277 2751 3545 2819 egredieris
3562 2792 3582 2815 ,

1992 2834 2148 2902 Deus,
2190 2837 2240 2889 in
2270 2837 2532 2892 uirtutibus
2569 2840 2776 2894 nostris.
2808 2839 2996 2896 Nonne
3028 2850 3080 2894 tu
3111 2856 3207 2895 nos
3235 2840 3465 2896 dedoces
3489 2842 3577 2910 qui

1991 2941 2090 2982 nos
2117 2927 2384 2997 repulisti?
2402 2929 2506 2984 Sed
2529 2946 2694 3000 quare
2715 2932 2958 3003 repulisti
2983 2933 3114 2987 nos?
3130 2933 3260 2999 Quia
3289 2934 3582 2990 destrua‘isti

1991 3036 2101 3075 nos.
2135 3021 2312 3089 Quare
2337 3020 2645 3078 destruxisti
2677 3025 2814 3078 nos?
2843 3023 2975 3091 Quia
3003 3026 3162 3079 iratus
3183 3042 3252 3088 cs,
3281 3035 3328 3080 et
3348 3027 3580 3083 misertus

1990 3127 2043 3167 cs
2066 3114 2245 3167 nostri.
2270 3111 2348 3166 Tu
2376 3128 2503 3182 ergo
2525 3113 2757 3170 deduccs
2777 3115 2865 3186 qui
2894 3116 3154 3184 repulisti,
3185 3116 3274 3186 qui
3304 3131 3408 3171 non
3430 3132 3593 3185 cerea

1991 3202 2156 3259 dieris
2186 3203 2324 3260 Deus
2365 3204 2416 3258 in
2461 3205 2752 3261 virtutibus
2795 3206 3012 3274 nostris,
3049 3216 3100 3260 tu
3148 3207 3398 3263 dedoces.
3441 3208 3578 3276 Quid

1990 3305 2094 3362 est,
2125 3312 2225 3349 non
2251 3296 2521 3368 egredieris
2555 3298 2608 3352 in
2630 3299 2899 3356 virtutibus.
2931 3301 3156 3354 nostris?
3178 3299 3471 3355 Steviturus
3498 3309 3599 3356 cst.

1991 3387 2242 3453 mundus,
2271 3388 2682 3449 conculcaturus
2711 3401 2790 3447 est
2826 3406 2924 3448 nos
2952 3391 3182 3448 mundus
3203 3435 3218 3460 ,
3260 3392 3468 3447 futurus
3495 3403 3578 3447 est

1991 3492 2214 3536 acervus
2261 3469 2551 3542 testimonii
2581 3481 2750 3536 effuso
2781 3491 3072 3554 martyrum
3115 3485 3388 3552 sanguine,
3421 3492 3472 3537 et
3499 3484 3580 3538 di-

1992 3570 2126 3624 cruri
2177 3579 2302 3624 sunt
2351 3571 2544 3640 Pagani
2595 3573 2877 3626 saevientes
2917 3591 2931 3628 :
2967 3572 3062 3627 Ubi
3108 3581 3180 3626 est
3226 3573 3364 3628 Deus
3403 3590 3578 3633 eorum

1997 3659 2165 3731 (Psal.
2192 3677 2407 3727 Lxxvtu,
2438 3661 2569 3733 10)?
2593 3663 2741 3716 Tunc
2771 3680 2869 3716 non
2893 3663 3180 3734 egredieris,
3207 3662 3367 3724 Dens,
3399 3665 3449 3717 in
3479 3665 3581 3717 rir-

1994 3755 2180 3810 tatibus
2207 3757 2431 3811 nostris:
2455 3772 2559 3811 nou
2587 3764 2770 3810 contra
2812 3772 2905 3811 eos
2928 3757 3236 3826 apparebis;
3267 3773 3370 3811 non
3401 3766 3581 3811 osten-

1993 3845 2088 3901 des
2135 3847 2428 3917 potentiam
2461 3856 2625 3913 tuam,
2658 3847 2870 3918 qualem
2916 3848 3195 3902 ostendisti
3225 3849 3276 3901 in
3307 3846 3490 3909 Davi'l,
3525 3848 3584 3903 iu

1992 3938 2194 4010 Moyse,
2225 3939 2276 3993 in
2305 3938 2430 3994 Jesu
2459 3939 2622 4004 Nave,
2652 3939 2867 4012 quando
2892 3955 3076 3996 eorum
3107 3939 3398 3994 fortitudini
3434 3940 3581 3994 Geu-

1997 4041 2076 4086 tes
2102 4042 2396 4100 cesserunt,
2425 4041 2480 4088 et
2519 4043 2699 4102 strage
2739 4033 2897 4097 facta,
2929 4048 3225 4102 magnaque
3263 4033 3465 4087 reddita
3494 4049 3585 4085 va-

1994 4125 2194 4187 stitate,
2239 4123 2290 4178 in
2332 4133 2528 4178 terram
2555 4139 2712 4194 quam
2756 4123 3065 4192 promisisti,
3098 4123 3305 4192 plebem
3335 4133 3474 4176 tuam
3506 4125 3586 4176 in-

1994 4216 2217 4271 dusisti.
2246 4215 2361 4271 Iloc
2386 4225 2509 4270 tunc
2537 4231 2642 4270 non
2671 4213 2868 4280 facies;
2897 4231 2995 4267 non
3026 4214 3312 4284 egredieris,
3349 4213 3502 4276 Deus,
3531 4216 3581 4266 in

1995 4307 2260 4362 virtutibus
2283 4307 2489 4374 nostris,
2514 4306 2608 4361 scd
2650 4306 2791 4361 intus
2832 4303 3156 4374 operabcris.
3189 4302 3326 4371 Quid
3351 4313 3451 4364 est,
3481 4321 3580 4357 non

1995 4399 2306 4471 egredieris?
2344 4397 2460 4453 Non
2496 4397 2802 4468 apparebis.
2833 4395 2995 4449 Certe
3035 4395 3173 4448 enim
3201 4392 3410 4462 quando
3439 4403 3583 4447 cate-

1997 4491 2104 4545 nati
2153 4498 2417 4562 martyres
2458 4484 3056 4556 duecbanlur,qnaudo
3085 4483 3484 4536 imludclmntur
3527 4483 3584 4540 in

1996 4597 2251 4650 carcere,
2291 4581 2503 4652 quando
2547 4578 2776 4634 ludibrio
2835 4575 3061 4631 habendi
3109 4575 3537 4648 nt‘OtilICt.'iml|ltll‘
3565 4616 3580 4637 ,

1996 4675 2208 4747 quando
2242 4673 2426 4730 bestiis
2451 4672 2860 4742 subrigebantur
2879 4672 2899 4702 ³
2917 4667 3127 4740 quando
3155 4667 3586 4738 percutiebantur

1998 4767 2160 4833 ferro,
2183 4765 2393 4838 quando
2416 4764 2534 4837 igne
2562 4762 2954 4826 cremabantur,
2974 4774 3148 4814 nonne
3169 4758 3580 4813 contemneban-

2000 4869 2084 4915 tur
2107 4868 2356 4930 tanquam
2379 4857 2854 4927 deserti,tanquam
2873 4855 2987 4908 sine
3012 4853 3287 4922 δόξωσι-εἳ
3307 4852 3594 4920 Quomodo

2001 4951 2146 5006 Deus
2172 4951 2495 5022 operabatur
2517 4946 2691 5002 intus?
2712 4943 2978 5016 quomodo
3011 4944 3149 4997 intus
3173 4943 3588 4996 consolabatur?

2000 5042 2266 5115 quomodo
2285 5040 2363 5096 eis
2390 5039 2593 5094 dulcem
2621 5036 2845 5092 faciebat
2869 5050 3016 5107 spem
3040 5036 3160 5089 vitae
3178 5034 3428 5089 a'teruat?
3449 5047 3596 5101 qno~

2001 5132 2161 5186 modo
2183 5146 2286 5189 non
2310 5129 2588 5185 deserebat
2608 5128 2767 5182 corda
2792 5141 3002 5193 eorum,
3027 5126 3115 5180 ubi
3140 5125 3296 5188 homo
3319 5121 3587 5176 habitabat

2003 5223 2052 5278 in
2068 5222 2298 5284 silentio,
2314 5220 2448 5275 bene
2466 5221 2507 5273 si
2531 5219 2722 5285 bonus,
2746 5217 2881 5273 male
2898 5218 2941 5272 si
2958 5213 3432 5283 malus?.\'u:uqui.l
3460 5228 3587 5280 ergo

2002 5314 2123 5384 quia
2145 5327 2249 5366 non
2271 5309 2639 5381 egrediebatur
2660 5309 2709 5362 in
2731 5307 3010 5363 virtutibus
3029 5304 3361 5368 eornm,ideo
3377 5303 3589 5356 desere-

2005 5405 2119 5460 bat?
2139 5402 2324 5458 Nonne
2346 5401 2512 5470 magis
2534 5416 2639 5454 non
2661 5400 2983 5471 egrediendo
3003 5399 3052 5451 in
3076 5397 3359 5450 virtutibus
3379 5409 3587 5455 eorum,

2006 5495 2530 5553 deduxitEeclcsiam
2555 5509 2721 5564 usque
2743 5493 2807 5548 ad
2840 5491 3144 5556 ldurnmam,
3168 5487 3386 5543 deduxit
3409 5485 3596 5541 Ecclus

2075 5698 2091 5728 ι
2117 5694 2308 5757 Aliquot
2321 5699 2448 5757 uss,
2467 5691 2519 5743 id
2543 5699 2612 5742 est
2635 5704 2684 5741 tn
2705 5703 2904 5757 regnmp
2941 5686 3086 5757 etiam
3125 5693 3368 5757 terrenum

2075 5758 2096 5788 ³
2120 5747 2215 5814 Ern;
2235 5747 2622 5815 subjiciebtnuur.
2653 5747 2784 5812 tot",
2806 5750 3164 5813 subrgebantur.
3191 5759 3244 5800 ιιι
3278 5755 3406 5808 stas,
3431 5747 3587 5798 subn-

2014 5817 2262 5884 gcbantnr.
3086 5874 3094 5884 θ

2081 5879 2156 5943 (a)
2187 5886 2354 5942 Stqra,
2373 5877 2422 5926 in
2441 5874 2558 5927 t‘sal.
2579 5890 2710 5937 cvm,
2729 5887 2874 5925 seem.
2900 5873 2941 5936 t,
2965 5886 3010 5922 ιι.
3043 5874 3113 5924 ιδ.
