  <div class='ocr_page' id='page_1' title='image "/cluster/home/n/w/nwhite01/storage/ocr_20150623/36/hvd.32044015471469/367.png"; bbox 0 0 4038 6462; ppageno 0'>
   <div class='ocr_carea' id='block_1_1' title="bbox 551 481 648 533">
    <p class='ocr_par' dir='ltr' id='par_1_1' title="bbox 551 481 648 533">
     <span class='ocr_line' id='line_1_1' title="bbox 551 481 648 533; baseline -0.01 0"><span class='ocrx_word' id='word_1_1' title='bbox 551 481 648 533; x_wconf 75' lang='lat'><strong>7&#39;33</strong></span> 
     </span>
    </p>
   </div>
   <div class='ocr_carea' id='block_1_2' title="bbox 549 573 2124 660">
    <p class='ocr_par' dir='ltr' id='par_1_2' title="bbox 549 573 2124 660">
     <span class='ocr_line' id='line_1_2' title="bbox 549 573 2124 660; baseline -0.013 -13"><span class='ocrx_word' id='word_1_2' title='bbox 549 595 677 648; x_wconf 75' lang='lat' dir='ltr'><strong>siam</strong></span> <span class='ocrx_word' id='word_1_3' title='bbox 697 603 861 660; x_wconf 88' lang='lat' dir='ltr'><strong>usque</strong></span> <span class='ocrx_word' id='word_1_4' title='bbox 883 589 934 642; x_wconf 90' lang='lat' dir='ltr'><strong>in</strong></span> <span class='ocrx_word' id='word_1_5' title='bbox 952 585 1218 640; x_wconf 85' lang='lat' dir='ltr'><strong>civitatem</strong></span> <span class='ocrx_word' id='word_1_6' title='bbox 1238 577 1685 635; x_wconf 73' lang='lat' dir='ltr'><strong>circumstantiae?</strong></span> <span class='ocrx_word' id='word_1_7' title='bbox 1699 577 1751 629; x_wconf 74' lang='lat' dir='ltr'><strong>Si</strong></span> <span class='ocrx_word' id='word_1_8' title='bbox 1770 575 1910 630; x_wconf 85' lang='lat' dir='ltr'><strong>enim</strong></span> <span class='ocrx_word' id='word_1_9' title='bbox 1928 573 2124 627; x_wconf 89' lang='lat' dir='ltr'><strong>bellare</strong></span> 
     </span>
    </p>
   </div>
   <div class='ocr_carea' id='block_1_3' title="bbox 551 665 2124 743">
    <p class='ocr_par' dir='ltr' id='par_1_3' title="bbox 551 665 2124 743">
     <span class='ocr_line' id='line_1_3' title="bbox 551 665 2124 743; baseline -0.012 -11"><span class='ocrx_word' id='word_1_10' title='bbox 551 682 708 737; x_wconf 81' lang='lat' dir='ltr'><strong>vellet</strong></span> <span class='ocrx_word' id='word_1_11' title='bbox 736 675 972 734; x_wconf 81' lang='lat' dir='ltr'><strong>Ecclesia</strong></span> <span class='ocrx_word' id='word_1_12' title='bbox 1002 682 1056 730; x_wconf 92' lang='lat' dir='ltr'><strong>et</strong></span> <span class='ocrx_word' id='word_1_13' title='bbox 1096 670 1272 743; x_wconf 89' lang='lat' dir='ltr'><strong>gladio</strong></span> <span class='ocrx_word' id='word_1_14' title='bbox 1300 670 1395 735; x_wconf 90' lang='lat' dir='ltr'><strong>uti,</strong></span> <span class='ocrx_word' id='word_1_15' title='bbox 1422 669 1691 723; x_wconf 86' lang='lat' dir='ltr'><strong>videretur</strong></span> <span class='ocrx_word' id='word_1_16' title='bbox 1719 679 1815 736; x_wconf 85' lang='lat' dir='ltr'><strong>pro</strong></span> <span class='ocrx_word' id='word_1_17' title='bbox 1839 665 1944 717; x_wconf 85' lang='lat' dir='ltr'><strong>vita</strong></span> <span class='ocrx_word' id='word_1_18' title='bbox 1989 677 2124 731; x_wconf 75' lang='lat' dir='ltr'><strong>pra:-</strong></span> 
     </span>
    </p>
   </div>
   <div class='ocr_carea' id='block_1_4' title="bbox 551 755 2126 840">
    <p class='ocr_par' dir='ltr' id='par_1_4' title="bbox 551 755 2126 840">
     <span class='ocr_line' id='line_1_4' title="bbox 551 755 2126 840; baseline -0.014 -14"><span class='ocrx_word' id='word_1_19' title='bbox 551 771 691 826; x_wconf 74' lang='lat' dir='ltr'><strong>senti</strong></span> <span class='ocrx_word' id='word_1_20' title='bbox 736 782 972 840; x_wconf 89' lang='lat' dir='ltr'><strong>pugnare</strong></span> <span class='ocrx_word' id='word_1_21' title='bbox 1014 783 1028 819; x_wconf 88' lang='lat'><strong>:</strong></span> <span class='ocrx_word' id='word_1_22' title='bbox 1070 763 1192 835; x_wconf 84' lang='lat' dir='ltr'><strong>quia</strong></span> <span class='ocrx_word' id='word_1_23' title='bbox 1235 776 1363 815; x_wconf 83' lang='lat' dir='ltr'><strong>vero</strong></span> <span class='ocrx_word' id='word_1_24' title='bbox 1401 757 1773 813; x_wconf 85' lang='lat' dir='ltr'><strong>enntemncbat</strong></span> <span class='ocrx_word' id='word_1_25' title='bbox 1798 755 1955 808; x_wconf 88' lang='lat' dir='ltr'><strong>vitam</strong></span> <span class='ocrx_word' id='word_1_26' title='bbox 1987 768 2126 822; x_wconf 72' lang='lat' dir='ltr'><strong>prro-</strong></span> 
     </span>
    </p>
   </div>
   <div class='ocr_carea' id='block_1_5' title="bbox 551 845 2126 936">
    <p class='ocr_par' dir='ltr' id='par_1_5' title="bbox 551 845 2126 936">
     <span class='ocr_line' id='line_1_5' title="bbox 551 845 2126 936; baseline -0.013 -19"><span class='ocrx_word' id='word_1_27' title='bbox 551 871 757 936; x_wconf 73' lang='lat' dir='ltr'><strong>sentcm</strong></span> <span class='ocrx_word' id='word_1_28' title='bbox 782 902 800 929; x_wconf 89' lang='lat'><strong>,</strong></span> <span class='ocrx_word' id='word_1_29' title='bbox 831 859 950 914; x_wconf 80' lang='lat' dir='ltr'><strong>ideo</strong></span> <span class='ocrx_word' id='word_1_30' title='bbox 997 857 1168 911; x_wconf 78' lang='lat' dir='ltr'><strong>factus</strong></span> <span class='ocrx_word' id='word_1_31' title='bbox 1197 863 1279 907; x_wconf 90' lang='lat' dir='ltr'><strong>est</strong></span> <span class='ocrx_word' id='word_1_32' title='bbox 1313 866 1540 922; x_wconf 86' lang='lat' dir='ltr'><strong>acervus</strong></span> <span class='ocrx_word' id='word_1_33' title='bbox 1587 847 1871 904; x_wconf 90' lang='lat' dir='ltr'><strong>testimonii</strong></span> <span class='ocrx_word' id='word_1_34' title='bbox 1913 845 1980 901; x_wconf 88' lang='lat' dir='ltr'><strong>de</strong></span> <span class='ocrx_word' id='word_1_35' title='bbox 2024 845 2126 898; x_wconf 89' lang='lat' dir='ltr'><strong>vita</strong></span> 
     </span>
    </p>
   </div>
   <div class='ocr_carea' id='block_1_6' title="bbox 554 958 749 1008">
    <p class='ocr_par' dir='ltr' id='par_1_6' title="bbox 554 958 749 1008">
     <span class='ocr_line' id='line_1_6' title="bbox 554 958 749 1008; baseline -0.01 0"><span class='ocrx_word' id='word_1_36' title='bbox 554 958 749 1008; x_wconf 86' lang='lat' dir='ltr'><strong>latura.</strong></span> 
     </span>
    </p>
   </div>
   <div class='ocr_carea' id='block_1_7' title="bbox 625 1025 2129 1115">
    <p class='ocr_par' dir='ltr' id='par_1_7' title="bbox 625 1025 2129 1115">
     <span class='ocr_line' id='line_1_7' title="bbox 625 1025 2129 1115; baseline -0.014 -17"><span class='ocrx_word' id='word_1_37' title='bbox 625 1044 711 1097; x_wconf 74' lang='grc' dir='ltr'><strong>Η.</strong></span> <span class='ocrx_word' id='word_1_38' title='bbox 745 1041 894 1115; x_wconf 59' lang='lat' dir='ltr'><strong>[verm</strong></span> <span class='ocrx_word' id='word_1_39' title='bbox 926 1037 1034 1110; x_wconf 75' lang='lat'><strong>13.]</strong></span> <span class='ocrx_word' id='word_1_40' title='bbox 1057 1037 1134 1092; x_wconf 86' lang='lat' dir='ltr'><strong>Tu</strong></span> <span class='ocrx_word' id='word_1_41' title='bbox 1158 1052 1306 1107; x_wconf 87' lang='lat' dir='ltr'><strong>ergo,</strong></span> <span class='ocrx_word' id='word_1_42' title='bbox 1337 1036 1496 1099; x_wconf 89' lang='lat' dir='ltr'><strong>Dens,</strong></span> <span class='ocrx_word' id='word_1_43' title='bbox 1523 1031 1611 1102; x_wconf 91' lang='lat' dir='ltr'><strong>qui</strong></span> <span class='ocrx_word' id='word_1_44' title='bbox 1639 1045 1741 1084; x_wconf 92' lang='lat' dir='ltr'><strong>non</strong></span> <span class='ocrx_word' id='word_1_45' title='bbox 1764 1025 2050 1097; x_wconf 84' lang='lat' dir='ltr'><strong>egredieris</strong></span> <span class='ocrx_word' id='word_1_46' title='bbox 2078 1025 2129 1078; x_wconf 93' lang='lat' dir='ltr'><strong>in</strong></span> 
     </span>
    </p>
   </div>
   <div class='ocr_carea' id='block_1_8' title="bbox 556 1119 2131 1195">
    <p class='ocr_par' dir='ltr' id='par_1_8' title="bbox 556 1119 2131 1195">
     <span class='ocr_line' id='line_1_8' title="bbox 556 1119 2131 1195; baseline -0.011 -10"><span class='ocrx_word' id='word_1_47' title='bbox 556 1133 836 1188; x_wconf 67' lang='lat' dir='ltr'><strong>virtutibus</strong></span> <span class='ocrx_word' id='word_1_48' title='bbox 857 1130 1070 1195; x_wconf 82' lang='lat' dir='ltr'><strong>nostris,</strong></span> <span class='ocrx_word' id='word_1_49' title='bbox 1093 1127 1173 1181; x_wconf 90' lang='lat' dir='ltr'><strong>Da</strong></span> <span class='ocrx_word' id='word_1_50' title='bbox 1200 1127 1338 1181; x_wconf 87' lang='lat' dir='ltr'><strong>nobis</strong></span> <span class='ocrx_word' id='word_1_51' title='bbox 1360 1125 1606 1179; x_wconf 78' lang='lat' dir='ltr'><strong>auxilium</strong></span> <span class='ocrx_word' id='word_1_52' title='bbox 1631 1122 1692 1175; x_wconf 86' lang='lat' dir='ltr'><strong>de</strong></span> <span class='ocrx_word' id='word_1_53' title='bbox 1711 1119 2063 1181; x_wconf 76' lang='lat' dir='ltr'><strong>tribulatione;</strong></span> <span class='ocrx_word' id='word_1_54' title='bbox 2084 1124 2131 1168; x_wconf 90' lang='lat' dir='ltr'><strong>et</strong></span> 
     </span>
    </p>
   </div>
   <div class='ocr_carea' id='block_1_9' title="bbox 556 1208 2128 1286">
    <p class='ocr_par' dir='ltr' id='par_1_9' title="bbox 556 1208 2128 1286">
     <span class='ocr_line' id='line_1_9' title="bbox 556 1208 2128 1286; baseline -0.012 -7"><span class='ocrx_word' id='word_1_55' title='bbox 556 1243 684 1279; x_wconf 74' lang='lat' dir='ltr'><strong>vana</strong></span> <span class='ocrx_word' id='word_1_56' title='bbox 704 1224 845 1280; x_wconf 84' lang='lat' dir='ltr'><strong>salus</strong></span> <span class='ocrx_word' id='word_1_57' title='bbox 866 1221 1100 1277; x_wconf 78' lang='lat' dir='ltr'><strong>hominis.</strong></span> <span class='ocrx_word' id='word_1_58' title='bbox 1131 1220 1266 1274; x_wconf 86' lang='lat' dir='ltr'><strong>Eant</strong></span> <span class='ocrx_word' id='word_1_59' title='bbox 1291 1232 1429 1272; x_wconf 90' lang='lat' dir='ltr'><strong>nunc</strong></span> <span class='ocrx_word' id='word_1_60' title='bbox 1453 1215 1540 1286; x_wconf 88' lang='lat' dir='ltr'><strong>qui</strong></span> <span class='ocrx_word' id='word_1_61' title='bbox 1561 1214 1724 1268; x_wconf 83' lang='lat' dir='ltr'><strong>salem</strong></span> <span class='ocrx_word' id='word_1_62' title='bbox 1749 1213 1764 1243; x_wconf 80' lang='grc'>¹</span> <span class='ocrx_word' id='word_1_63' title='bbox 1789 1225 1894 1264; x_wconf 89' lang='lat' dir='ltr'><strong>non</strong></span> <span class='ocrx_word' id='word_1_64' title='bbox 1915 1208 2128 1272; x_wconf 88' lang='lat' dir='ltr'><strong>habent,</strong></span> 
     </span>
    </p>
   </div>
   <div class='ocr_carea' id='block_1_10' title="bbox 559 1307 2131 1386">
    <p class='ocr_par' dir='ltr' id='par_1_10' title="bbox 559 1307 2131 1386">
     <span class='ocr_line' id='line_1_10' title="bbox 559 1307 2131 1386; baseline -0.011 -17"><span class='ocrx_word' id='word_1_65' title='bbox 559 1327 611 1372; x_wconf 85' lang='lat' dir='ltr'><strong>et</strong></span> <span class='ocrx_word' id='word_1_66' title='bbox 632 1325 815 1386; x_wconf 88' lang='lat' dir='ltr'><strong>optent</strong></span> <span class='ocrx_word' id='word_1_67' title='bbox 837 1315 1060 1370; x_wconf 75' lang='lat' dir='ltr'><strong>salutem</strong></span> <span class='ocrx_word' id='word_1_68' title='bbox 1096 1309 1443 1380; x_wconf 78' lang='lat' dir='ltr'><strong>temporalem</strong></span> <span class='ocrx_word' id='word_1_69' title='bbox 1473 1307 1602 1368; x_wconf 90' lang='lat' dir='ltr'><strong>suis,</strong></span> <span class='ocrx_word' id='word_1_70' title='bbox 1631 1319 1748 1374; x_wconf 72' lang='lat' dir='ltr'><strong>qua:</strong></span> <span class='ocrx_word' id='word_1_71' title='bbox 1776 1311 1856 1356; x_wconf 90' lang='lat' dir='ltr'><strong>est</strong></span> <span class='ocrx_word' id='word_1_72' title='bbox 1881 1315 2012 1355; x_wconf 89' lang='lat' dir='ltr'><strong>vana</strong></span> <span class='ocrx_word' id='word_1_73' title='bbox 2043 1314 2131 1352; x_wconf 84' lang='lat' dir='ltr'><strong>ve-</strong></span> 
     </span>
    </p>
   </div>
   <div class='ocr_carea' id='block_1_11' title="bbox 562 1390 2132 1462">
    <p class='ocr_par' dir='ltr' id='par_1_11' title="bbox 562 1390 2132 1462">
     <span class='ocr_line' id='line_1_11' title="bbox 562 1390 2132 1462; baseline -0.013 0"><span class='ocrx_word' id='word_1_74' title='bbox 562 1417 745 1462; x_wconf 87' lang='lat' dir='ltr'><strong>tustas.</strong></span> <span class='ocrx_word' id='word_1_75' title='bbox 780 1405 860 1459; x_wconf 85' lang='lat' dir='ltr'><strong>Da</strong></span> <span class='ocrx_word' id='word_1_76' title='bbox 906 1404 1047 1458; x_wconf 88' lang='lat' dir='ltr'><strong>nobis</strong></span> <span class='ocrx_word' id='word_1_77' title='bbox 1088 1401 1332 1456; x_wconf 67' lang='lat' dir='ltr'><strong>auxilium</strong></span> <span class='ocrx_word' id='word_1_78' title='bbox 1362 1418 1374 1452; x_wconf 91' lang='lat'>:</span> <span class='ocrx_word' id='word_1_79' title='bbox 1405 1397 1526 1452; x_wconf 89' lang='lat' dir='ltr'><strong>inde</strong></span> <span class='ocrx_word' id='word_1_80' title='bbox 1573 1396 1638 1450; x_wconf 88' lang='lat' dir='ltr'><strong>da</strong></span> <span class='ocrx_word' id='word_1_81' title='bbox 1683 1393 1822 1449; x_wconf 88' lang='lat' dir='ltr'><strong>unde</strong></span> <span class='ocrx_word' id='word_1_82' title='bbox 1864 1390 2132 1461; x_wconf 88' lang='lat' dir='ltr'><strong>putabaris</strong></span> 
     </span>
    </p>
   </div>
   <div class='ocr_carea' id='block_1_12' title="bbox 562 1481 2134 1576">
    <p class='ocr_par' dir='ltr' id='par_1_12' title="bbox 562 1481 2134 1576">
     <span class='ocr_line' id='line_1_12' title="bbox 562 1481 2134 1576; baseline -0.011 -25"><span class='ocrx_word' id='word_1_83' title='bbox 562 1502 828 1563; x_wconf 76' lang='lat' dir='ltr'><strong>deserere,</strong></span> <span class='ocrx_word' id='word_1_84' title='bbox 859 1497 984 1576; x_wconf 61' lang='lat' dir='ltr'><strong>ind‘</strong></span> <span class='ocrx_word' id='word_1_85' title='bbox 1011 1495 1253 1551; x_wconf 86' lang='lat' dir='ltr'><strong>subveni.</strong></span> <span class='ocrx_word' id='word_1_86' title='bbox 1281 1491 1359 1546; x_wconf 86' lang='lat' dir='ltr'><strong>Da</strong></span> <span class='ocrx_word' id='word_1_87' title='bbox 1387 1490 1529 1545; x_wconf 86' lang='lat' dir='ltr'><strong>nobis</strong></span> <span class='ocrx_word' id='word_1_88' title='bbox 1567 1487 1813 1543; x_wconf 71' lang='lat' dir='ltr'><strong>auxilium</strong></span> <span class='ocrx_word' id='word_1_89' title='bbox 1843 1484 1906 1538; x_wconf 86' lang='lat' dir='ltr'><strong>de</strong></span> <span class='ocrx_word' id='word_1_90' title='bbox 1925 1481 2134 1536; x_wconf 90' lang='lat' dir='ltr'><strong>tribula-</strong></span> 
     </span>
    </p>
   </div>
   <div class='ocr_carea' id='block_1_13' title="bbox 564 1585 1380 1654">
    <p class='ocr_par' dir='ltr' id='par_1_13' title="bbox 564 1585 1380 1654">
     <span class='ocr_line' id='line_1_13' title="bbox 564 1585 1380 1654; baseline -0.01 -10"><span class='ocrx_word' id='word_1_91' title='bbox 564 1593 732 1654; x_wconf 83' lang='lat' dir='ltr'><strong>tione;</strong></span> <span class='ocrx_word' id='word_1_92' title='bbox 758 1599 803 1645; x_wconf 88' lang='lat' dir='ltr'><strong>et</strong></span> <span class='ocrx_word' id='word_1_93' title='bbox 828 1604 958 1642; x_wconf 82' lang='lat' dir='ltr'><strong>vana</strong></span> <span class='ocrx_word' id='word_1_94' title='bbox 979 1588 1118 1640; x_wconf 86' lang='lat' dir='ltr'><strong>salus</strong></span> <span class='ocrx_word' id='word_1_95' title='bbox 1145 1585 1380 1639; x_wconf 89' lang='lat' dir='ltr'><strong>hominis.</strong></span> 
     </span>
    </p>
   </div>
   <div class='ocr_carea' id='block_1_14' title="bbox 632 1664 2136 1752">
    <p class='ocr_par' dir='ltr' id='par_1_14' title="bbox 632 1664 2136 1752">
     <span class='ocr_line' id='line_1_14' title="bbox 632 1664 2136 1752; baseline -0.014 -16"><span class='ocrx_word' id='word_1_96' title='bbox 632 1680 718 1736; x_wconf 76' lang='grc'><strong>15.</strong></span> <span class='ocrx_word' id='word_1_97' title='bbox 744 1679 896 1752; x_wconf 85' lang='lat' dir='ltr'><strong>[vers.</strong></span> <span class='ocrx_word' id='word_1_98' title='bbox 937 1675 1046 1748; x_wconf 65' lang='lat'><strong>14.]</strong></span> <span class='ocrx_word' id='word_1_99' title='bbox 1073 1675 1136 1729; x_wconf 85' lang='lat' dir='ltr'><strong>In</strong></span> <span class='ocrx_word' id='word_1_100' title='bbox 1171 1673 1277 1729; x_wconf 82' lang='lat' dir='ltr'><strong>Deo</strong></span> <span class='ocrx_word' id='word_1_101' title='bbox 1317 1674 1557 1745; x_wconf 73' lang='lat' dir='ltr'><strong>faciemus</strong></span> <span class='ocrx_word' id='word_1_102' title='bbox 1582 1671 1830 1732; x_wconf 82' lang='lat' dir='ltr'><strong>virtutem,</strong></span> <span class='ocrx_word' id='word_1_103' title='bbox 1863 1675 1909 1720; x_wconf 91' lang='lat' dir='ltr'><strong>et</strong></span> <span class='ocrx_word' id='word_1_104' title='bbox 1937 1666 2041 1736; x_wconf 83' lang='lat' dir='ltr'><strong>ipse</strong></span> <span class='ocrx_word' id='word_1_105' title='bbox 2068 1664 2136 1716; x_wconf 85' lang='lat' dir='ltr'><strong>ad</strong></span> 
     </span>
    </p>
   </div>
   <div class='ocr_carea' id='block_1_15' title="bbox 567 1754 2135 1828">
    <p class='ocr_par' dir='ltr' id='par_1_15' title="bbox 567 1754 2135 1828">
     <span class='ocr_line' id='line_1_15' title="bbox 567 1754 2135 1828; baseline -0.012 -3"><span class='ocrx_word' id='word_1_106' title='bbox 567 1773 780 1828; x_wconf 81' lang='lat' dir='ltr'><strong>nihilum</strong></span> <span class='ocrx_word' id='word_1_107' title='bbox 806 1769 1014 1824; x_wconf 77' lang='lat' dir='ltr'><strong>deducet</strong></span> <span class='ocrx_word' id='word_1_108' title='bbox 1039 1768 1267 1821; x_wconf 89' lang='lat' dir='ltr'><strong>inimicos</strong></span> <span class='ocrx_word' id='word_1_109' title='bbox 1305 1773 1500 1819; x_wconf 87' lang='lat' dir='ltr'><strong>nostros</strong></span> <span class='ocrx_word' id='word_1_110' title='bbox 1527 1765 1569 1814; x_wconf 84' lang='grc'><strong>².</strong></span> <span class='ocrx_word' id='word_1_111' title='bbox 1597 1761 1712 1815; x_wconf 86' lang='lat' dir='ltr'><strong>Non</strong></span> <span class='ocrx_word' id='word_1_112' title='bbox 1752 1758 2004 1812; x_wconf 80' lang='lat' dir='ltr'><strong>faciemus</strong></span> <span class='ocrx_word' id='word_1_113' title='bbox 2031 1754 2135 1807; x_wconf 87' lang='lat' dir='ltr'><strong>vir-</strong></span> 
     </span>
    </p>
   </div>
   <div class='ocr_carea' id='block_1_16' title="bbox 569 1845 2135 1932">
    <p class='ocr_par' dir='ltr' id='par_1_16' title="bbox 569 1845 2135 1932">
     <span class='ocr_line' id='line_1_16' title="bbox 569 1845 2135 1932; baseline -0.013 -14"><span class='ocrx_word' id='word_1_114' title='bbox 569 1873 734 1918; x_wconf 91' lang='lat' dir='ltr'><strong>tutem</strong></span> <span class='ocrx_word' id='word_1_115' title='bbox 761 1862 812 1917; x_wconf 91' lang='lat' dir='ltr'><strong>in</strong></span> <span class='ocrx_word' id='word_1_116' title='bbox 835 1859 1029 1932; x_wconf 88' lang='lat' dir='ltr'><strong>gladio,</strong></span> <span class='ocrx_word' id='word_1_117' title='bbox 1061 1874 1166 1913; x_wconf 89' lang='lat' dir='ltr'><strong>nou</strong></span> <span class='ocrx_word' id='word_1_118' title='bbox 1193 1857 1244 1911; x_wconf 91' lang='lat' dir='ltr'><strong>in</strong></span> <span class='ocrx_word' id='word_1_119' title='bbox 1273 1855 1444 1927; x_wconf 90' lang='lat' dir='ltr'><strong>equis,</strong></span> <span class='ocrx_word' id='word_1_120' title='bbox 1482 1869 1588 1908; x_wconf 89' lang='lat' dir='ltr'><strong>non</strong></span> <span class='ocrx_word' id='word_1_121' title='bbox 1615 1852 1667 1906; x_wconf 91' lang='lat' dir='ltr'><strong>in</strong></span> <span class='ocrx_word' id='word_1_122' title='bbox 1708 1848 1906 1913; x_wconf 89' lang='lat' dir='ltr'><strong>loricis,</strong></span> <span class='ocrx_word' id='word_1_123' title='bbox 1952 1861 2054 1899; x_wconf 86' lang='lat' dir='ltr'><strong>non</strong></span> <span class='ocrx_word' id='word_1_124' title='bbox 2083 1845 2135 1898; x_wconf 92' lang='lat' dir='ltr'><strong>in</strong></span> 
     </span>
    </p>
   </div>
   <div class='ocr_carea' id='block_1_17' title="bbox 570 1932 2134 2018">
    <p class='ocr_par' dir='ltr' id='par_1_17' title="bbox 570 1932 2134 2018">
     <span class='ocr_line' id='line_1_17' title="bbox 570 1932 2134 2018; baseline -0.013 -12"><span class='ocrx_word' id='word_1_125' title='bbox 570 1953 754 2018; x_wconf 86' lang='lat' dir='ltr'><strong>scutis,</strong></span> <span class='ocrx_word' id='word_1_126' title='bbox 802 1965 906 2005; x_wconf 90' lang='lat' dir='ltr'><strong>non</strong></span> <span class='ocrx_word' id='word_1_127' title='bbox 951 1949 1004 2004; x_wconf 89' lang='lat' dir='ltr'><strong>in</strong></span> <span class='ocrx_word' id='word_1_128' title='bbox 1052 1955 1326 2018; x_wconf 84' lang='lat' dir='ltr'><strong>potentatu</strong></span> <span class='ocrx_word' id='word_1_129' title='bbox 1368 1942 1671 2005; x_wconf 78' lang='lat' dir='ltr'><strong>exercitus;</strong></span> <span class='ocrx_word' id='word_1_130' title='bbox 1699 1954 1803 1992; x_wconf 92' lang='lat' dir='ltr'><strong>non</strong></span> <span class='ocrx_word' id='word_1_131' title='bbox 1848 1935 1997 1991; x_wconf 83' lang='lat' dir='ltr'><strong>foris.</strong></span> <span class='ocrx_word' id='word_1_132' title='bbox 2028 1932 2134 1989; x_wconf 90' lang='lat' dir='ltr'><strong>Sed</strong></span> 
     </span>
    </p>
   </div>
   <div class='ocr_carea' id='block_1_18' title="bbox 565 2024 2138 2106">
    <p class='ocr_par' dir='ltr' id='par_1_18' title="bbox 565 2024 2138 2106">
     <span class='ocr_line' id='line_1_18' title="bbox 565 2024 2138 2106; baseline -0.015 -9"><span class='ocrx_word' id='word_1_133' title='bbox 565 2043 692 2097; x_wconf 83' lang='lat' dir='ltr'><strong>tibi?</strong></span> <span class='ocrx_word' id='word_1_134' title='bbox 717 2041 881 2106; x_wconf 87' lang='lat' dir='ltr'><strong>Intus,</strong></span> <span class='ocrx_word' id='word_1_135' title='bbox 913 2038 1000 2094; x_wconf 91' lang='lat' dir='ltr'><strong>ubi</strong></span> <span class='ocrx_word' id='word_1_136' title='bbox 1031 2039 1273 2092; x_wconf 90' lang='lat' dir='ltr'><strong>latemus.</strong></span> <span class='ocrx_word' id='word_1_137' title='bbox 1311 2033 1409 2090; x_wconf 88' lang='lat' dir='ltr'><strong>Ubi</strong></span> <span class='ocrx_word' id='word_1_138' title='bbox 1435 2031 1618 2087; x_wconf 89' lang='lat' dir='ltr'><strong>intus?</strong></span> <span class='ocrx_word' id='word_1_139' title='bbox 1647 2027 1711 2082; x_wconf 89' lang='lat' dir='ltr'><strong>In</strong></span> <span class='ocrx_word' id='word_1_140' title='bbox 1750 2027 1856 2081; x_wconf 87' lang='lat' dir='ltr'><strong>Deo</strong></span> <span class='ocrx_word' id='word_1_141' title='bbox 1896 2024 2138 2097; x_wconf 74' lang='lat' dir='ltr'><strong>faciemus</strong></span> 
     </span>
    </p>
   </div>
   <div class='ocr_carea' id='block_1_19' title="bbox 565 2113 2136 2202">
    <p class='ocr_par' dir='ltr' id='par_1_19' title="bbox 565 2113 2136 2202">
     <span class='ocr_line' id='line_1_19' title="bbox 565 2113 2136 2202; baseline -0.013 -15"><span class='ocrx_word' id='word_1_142' title='bbox 565 2135 794 2188; x_wconf 71' lang='lat' dir='ltr'><strong>virtutem</strong></span> <span class='ocrx_word' id='word_1_143' title='bbox 821 2147 840 2186; x_wconf 90' lang='lat'><strong><em>:</em></strong></span> <span class='ocrx_word' id='word_1_144' title='bbox 863 2139 916 2184; x_wconf 91' lang='lat' dir='ltr'><strong>et</strong></span> <span class='ocrx_word' id='word_1_145' title='bbox 955 2130 1102 2200; x_wconf 90' lang='lat' dir='ltr'><strong>quasi</strong></span> <span class='ocrx_word' id='word_1_146' title='bbox 1146 2125 1358 2196; x_wconf 74' lang='lat' dir='ltr'><strong>abiecti,</strong></span> <span class='ocrx_word' id='word_1_147' title='bbox 1389 2134 1442 2179; x_wconf 91' lang='lat' dir='ltr'><strong>et</strong></span> <span class='ocrx_word' id='word_1_148' title='bbox 1466 2123 1614 2194; x_wconf 89' lang='lat' dir='ltr'><strong>quasi</strong></span> <span class='ocrx_word' id='word_1_149' title='bbox 1643 2117 1956 2202; x_wconf 77' lang='lat' dir='ltr'><strong>conculcati,</strong></span> <span class='ocrx_word' id='word_1_150' title='bbox 1986 2113 2136 2185; x_wconf 87' lang='lat' dir='ltr'><strong>quasi</strong></span> 
     </span>
    </p>
   </div>
   <div class='ocr_carea' id='block_1_20' title="bbox 568 2205 2139 2281">
    <p class='ocr_par' dir='ltr' id='par_1_20' title="bbox 568 2205 2139 2281">
     <span class='ocr_line' id='line_1_20' title="bbox 568 2205 2139 2281; baseline -0.015 -2"><span class='ocrx_word' id='word_1_151' title='bbox 568 2226 763 2280; x_wconf 91' lang='lat' dir='ltr'><strong>nullius</strong></span> <span class='ocrx_word' id='word_1_152' title='bbox 790 2221 1043 2277; x_wconf 90' lang='lat' dir='ltr'><strong>momenti</strong></span> <span class='ocrx_word' id='word_1_153' title='bbox 1071 2219 1312 2273; x_wconf 86' lang='lat' dir='ltr'><strong>homines</strong></span> <span class='ocrx_word' id='word_1_154' title='bbox 1336 2217 1554 2278; x_wconf 89' lang='lat' dir='ltr'><strong>erimus,</strong></span> <span class='ocrx_word' id='word_1_155' title='bbox 1584 2211 1677 2268; x_wconf 89' lang='lat' dir='ltr'><strong>sed</strong></span> <span class='ocrx_word' id='word_1_156' title='bbox 1702 2212 1809 2281; x_wconf 85' lang='lat' dir='ltr'><strong>ipse</strong></span> <span class='ocrx_word' id='word_1_157' title='bbox 1834 2208 1902 2262; x_wconf 84' lang='lat' dir='ltr'><strong>ad</strong></span> <span class='ocrx_word' id='word_1_158' title='bbox 1925 2205 2139 2260; x_wconf 84' lang='lat' dir='ltr'><strong>nihilum</strong></span> 
     </span>
    </p>
   </div>
   <div class='ocr_carea' id='block_1_21' title="bbox 568 2297 2140 2374">
    <p class='ocr_par' dir='ltr' id='par_1_21' title="bbox 568 2297 2140 2374">
     <span class='ocr_line' id='line_1_21' title="bbox 568 2297 2140 2374; baseline -0.011 -7"><span class='ocrx_word' id='word_1_159' title='bbox 568 2317 792 2369; x_wconf 78' lang='lat' dir='ltr'><strong>deducet.</strong></span> <span class='ocrx_word' id='word_1_160' title='bbox 817 2313 1048 2366; x_wconf 87' lang='lat' dir='ltr'><strong>inimicos</strong></span> <span class='ocrx_word' id='word_1_161' title='bbox 1078 2319 1295 2363; x_wconf 86' lang='lat' dir='ltr'><strong>nostros.</strong></span> <span class='ocrx_word' id='word_1_162' title='bbox 1346 2308 1579 2374; x_wconf 86' lang='lat' dir='ltr'><strong>Denique</strong></span> <span class='ocrx_word' id='word_1_163' title='bbox 1608 2305 1798 2357; x_wconf 74' lang='lat' dir='ltr'><strong>factum</strong></span> <span class='ocrx_word' id='word_1_164' title='bbox 1838 2308 1920 2354; x_wconf 90' lang='lat' dir='ltr'><strong>est</strong></span> <span class='ocrx_word' id='word_1_165' title='bbox 1947 2299 2045 2351; x_wconf 89' lang='lat' dir='ltr'><strong>hoc</strong></span> <span class='ocrx_word' id='word_1_166' title='bbox 2071 2297 2140 2351; x_wconf 90' lang='lat' dir='ltr'><strong>de</strong></span> 
     </span>
    </p>
   </div>
   <div class='ocr_carea' id='block_1_22' title="bbox 570 2385 2138 2464">
    <p class='ocr_par' dir='ltr' id='par_1_22' title="bbox 570 2385 2138 2464">
     <span class='ocr_line' id='line_1_22' title="bbox 570 2385 2138 2464; baseline -0.011 -6"><span class='ocrx_word' id='word_1_167' title='bbox 570 2406 794 2460; x_wconf 87' lang='lat' dir='ltr'><strong>inimicis</strong></span> <span class='ocrx_word' id='word_1_168' title='bbox 815 2402 1029 2458; x_wconf 89' lang='lat' dir='ltr'><strong>nostris.</strong></span> <span class='ocrx_word' id='word_1_169' title='bbox 1059 2399 1364 2454; x_wconf 89' lang='lat' dir='ltr'><strong>Conculcati</strong></span> <span class='ocrx_word' id='word_1_170' title='bbox 1393 2406 1515 2452; x_wconf 91' lang='lat' dir='ltr'><strong>sunt</strong></span> <span class='ocrx_word' id='word_1_171' title='bbox 1539 2404 1799 2464; x_wconf 87' lang='lat' dir='ltr'><strong>martyres</strong></span> <span class='ocrx_word' id='word_1_172' title='bbox 1824 2410 1835 2444; x_wconf 93' lang='lat'>:</span> <span class='ocrx_word' id='word_1_173' title='bbox 1867 2385 2138 2460; x_wconf 90' lang='lat' dir='ltr'><strong>patiendo,</strong></span> 
     </span>
    </p>
   </div>
   <div class='ocr_carea' id='block_1_23' title="bbox 571 2477 2142 2564">
    <p class='ocr_par' dir='ltr' id='par_1_23' title="bbox 571 2477 2142 2564">
     <span class='ocr_line' id='line_1_23' title="bbox 571 2477 2142 2564; baseline -0.011 -14"><span class='ocrx_word' id='word_1_174' title='bbox 571 2493 885 2564; x_wconf 81' lang='lat' dir='ltr'><strong>perferendo</strong></span> <span class='ocrx_word' id='word_1_175' title='bbox 909 2534 924 2559; x_wconf 93' lang='lat'><strong>,</strong></span> <span class='ocrx_word' id='word_1_176' title='bbox 957 2505 1125 2562; x_wconf 91' lang='lat' dir='ltr'><strong>usque</strong></span> <span class='ocrx_word' id='word_1_177' title='bbox 1151 2489 1204 2544; x_wconf 94' lang='lat' dir='ltr'><strong>in</strong></span> <span class='ocrx_word' id='word_1_178' title='bbox 1241 2489 1398 2542; x_wconf 88' lang='lat' dir='ltr'><strong>ﬁnem</strong></span> <span class='ocrx_word' id='word_1_179' title='bbox 1425 2481 1829 2556; x_wconf 85' lang='lat' dir='ltr'><strong>perseverando,</strong></span> <span class='ocrx_word' id='word_1_180' title='bbox 1859 2481 1909 2532; x_wconf 91' lang='lat' dir='ltr'><strong>in</strong></span> <span class='ocrx_word' id='word_1_181' title='bbox 1939 2479 2047 2532; x_wconf 84' lang='lat' dir='ltr'><strong>Deo</strong></span> <span class='ocrx_word' id='word_1_182' title='bbox 2070 2477 2142 2532; x_wconf 77' lang='lat' dir='ltr'><strong>l‘e-</strong></span> 
     </span>
    </p>
   </div>
   <div class='ocr_carea' id='block_1_24' title="bbox 567 2567 2141 2648">
    <p class='ocr_par' dir='ltr' id='par_1_24' title="bbox 567 2567 2141 2648">
     <span class='ocr_line' id='line_1_24' title="bbox 567 2567 2141 2648; baseline -0.011 -9"><span class='ocrx_word' id='word_1_183' title='bbox 567 2597 757 2644; x_wconf 64' lang='lat' dir='ltr'><strong>verunt</strong></span> <span class='ocrx_word' id='word_1_184' title='bbox 781 2586 1053 2639; x_wconf 87' lang='lat' dir='ltr'><strong>virtutem.</strong></span> <span class='ocrx_word' id='word_1_185' title='bbox 1098 2581 1247 2636; x_wconf 83' lang='lat' dir='ltr'><strong>Fecit</strong></span> <span class='ocrx_word' id='word_1_186' title='bbox 1269 2588 1323 2634; x_wconf 90' lang='lat' dir='ltr'><strong>et</strong></span> <span class='ocrx_word' id='word_1_187' title='bbox 1353 2580 1466 2648; x_wconf 89' lang='lat' dir='ltr'><strong>ipse</strong></span> <span class='ocrx_word' id='word_1_188' title='bbox 1490 2575 1628 2644; x_wconf 90' lang='lat' dir='ltr'><strong>quod</strong></span> <span class='ocrx_word' id='word_1_189' title='bbox 1668 2572 1942 2642; x_wconf 90' lang='lat' dir='ltr'><strong>sequitur:</strong></span> <span class='ocrx_word' id='word_1_190' title='bbox 1969 2569 2032 2622; x_wconf 89' lang='lat' dir='ltr'><strong>ad</strong></span> <span class='ocrx_word' id='word_1_191' title='bbox 2062 2567 2141 2622; x_wconf 85' lang='lat' dir='ltr'><strong>ui-</strong></span> 
     </span>
    </p>
   </div>
   <div class='ocr_carea' id='block_1_25' title="bbox 571 2660 2139 2736">
    <p class='ocr_par' dir='ltr' id='par_1_25' title="bbox 571 2660 2139 2736">
     <span class='ocr_line' id='line_1_25' title="bbox 571 2660 2139 2736; baseline -0.013 -2"><span class='ocrx_word' id='word_1_192' title='bbox 571 2683 736 2736; x_wconf 88' lang='lat' dir='ltr'><strong>hilum</strong></span> <span class='ocrx_word' id='word_1_193' title='bbox 755 2679 976 2736; x_wconf 79' lang='lat' dir='ltr'><strong>deduxit</strong></span> <span class='ocrx_word' id='word_1_194' title='bbox 1001 2676 1246 2730; x_wconf 85' lang='lat' dir='ltr'><strong>inimicos</strong></span> <span class='ocrx_word' id='word_1_195' title='bbox 1271 2687 1476 2728; x_wconf 89' lang='lat' dir='ltr'><strong>eorum.</strong></span> <span class='ocrx_word' id='word_1_196' title='bbox 1497 2667 1594 2724; x_wconf 89' lang='lat' dir='ltr'><strong>Ubi</strong></span> <span class='ocrx_word' id='word_1_197' title='bbox 1617 2675 1738 2720; x_wconf 92' lang='lat' dir='ltr'><strong>sunt</strong></span> <span class='ocrx_word' id='word_1_198' title='bbox 1765 2663 1922 2718; x_wconf 90' lang='lat' dir='ltr'><strong>modo</strong></span> <span class='ocrx_word' id='word_1_199' title='bbox 1945 2660 2139 2716; x_wconf 89' lang='lat' dir='ltr'><strong>inimici</strong></span> 
     </span>
    </p>
   </div>
   <div class='ocr_carea' id='block_1_26' title="bbox 566 2751 2141 2842">
    <p class='ocr_par' dir='ltr' id='par_1_26' title="bbox 566 2751 2141 2842">
     <span class='ocr_line' id='line_1_26' title="bbox 566 2751 2141 2842; baseline -0.014 -17"><span class='ocrx_word' id='word_1_200' title='bbox 566 2782 878 2842; x_wconf 82' lang='lat' dir='ltr'><strong>martyrum,</strong></span> <span class='ocrx_word' id='word_1_201' title='bbox 913 2768 1013 2822; x_wconf 91' lang='lat' dir='ltr'><strong>nisi</strong></span> <span class='ocrx_word' id='word_1_202' title='bbox 1042 2767 1178 2821; x_wconf 77' lang='lat' dir='ltr'><strong>forte</strong></span> <span class='ocrx_word' id='word_1_203' title='bbox 1206 2764 1326 2834; x_wconf 85' lang='lat' dir='ltr'><strong>quia</strong></span> <span class='ocrx_word' id='word_1_204' title='bbox 1359 2759 1518 2814; x_wconf 88' lang='lat' dir='ltr'><strong>modo</strong></span> <span class='ocrx_word' id='word_1_205' title='bbox 1545 2773 1638 2812; x_wconf 92' lang='lat' dir='ltr'><strong>cos</strong></span> <span class='ocrx_word' id='word_1_206' title='bbox 1661 2754 1856 2810; x_wconf 81' lang='lat' dir='ltr'><strong>ebriosi</strong></span> <span class='ocrx_word' id='word_1_207' title='bbox 1885 2751 2141 2806; x_wconf 83' lang='lat' dir='ltr'><strong>calicibus</strong></span> 
     </span>
    </p>
   </div>
   <div class='ocr_carea' id='block_1_27' title="bbox 567 2845 2142 2930">
    <p class='ocr_par' dir='ltr' id='par_1_27' title="bbox 567 2845 2142 2930">
     <span class='ocr_line' id='line_1_27' title="bbox 567 2845 2142 2930; baseline -0.01 -20"><span class='ocrx_word' id='word_1_208' title='bbox 567 2868 994 2930; x_wconf 81' lang='lat' dir='ltr'><strong>persequuntur,</strong></span> <span class='ocrx_word' id='word_1_209' title='bbox 1044 2871 1179 2928; x_wconf 81' lang='lat' dir='ltr'><strong>quos</strong></span> <span class='ocrx_word' id='word_1_210' title='bbox 1206 2863 1330 2909; x_wconf 86' lang='lat' dir='ltr'><strong>tunc</strong></span> <span class='ocrx_word' id='word_1_211' title='bbox 1357 2850 1539 2906; x_wconf 82' lang='lat' dir='ltr'><strong>furiosi</strong></span> <span class='ocrx_word' id='word_1_212' title='bbox 1571 2845 1830 2917; x_wconf 80' lang='lat' dir='ltr'><strong>lapidibus</strong></span> <span class='ocrx_word' id='word_1_213' title='bbox 1858 2855 2142 2913; x_wconf 86' lang='lat' dir='ltr'><strong>perseque-</strong></span> 
     </span>
    </p>
   </div>
   <div class='ocr_carea' id='block_1_28' title="bbox 565 2951 794 3007">
    <p class='ocr_par' dir='ltr' id='par_1_28' title="bbox 565 2951 794 3007">
     <span class='ocr_line' id='line_1_28' title="bbox 565 2951 794 3007; baseline 0.004 -3"><span class='ocrx_word' id='word_1_214' title='bbox 565 2951 794 3007; x_wconf 83' lang='lat' dir='ltr'><strong>bantur?</strong></span> 
     </span>
    </p>
   </div>
   <div class='ocr_carea' id='block_1_29' title="bbox 569 3073 2132 3116">
    <p class='ocr_par' dir='ltr' id='par_1_29' title="bbox 569 3073 2132 3116">
     <span class='ocr_line' id='line_1_29' title="bbox 569 3073 2132 3116; baseline -0.008 -8"><span class='ocrx_word' id='word_1_215' title='bbox 569 3073 2132 3116; x_wconf 56' lang='lat'><strong>_____________________.</strong></span> 
     </span>
    </p>
   </div>
   <div class='ocr_carea' id='block_1_30' title="bbox 1007 3160 1662 3254">
    <p class='ocr_par' dir='ltr' id='par_1_30' title="bbox 1007 3160 1662 3254">
     <span class='ocr_line' id='line_1_30' title="bbox 1007 3160 1662 3254; baseline -0.015 0"><span class='ocrx_word' id='word_1_216' title='bbox 1007 3193 1086 3254; x_wconf 88' lang='lat' dir='ltr'><strong>1N</strong></span> <span class='ocrx_word' id='word_1_217' title='bbox 1127 3160 1506 3253; x_wconf 78' lang='lat' dir='ltr'><strong>PSALMUM</strong></span> <span class='ocrx_word' id='word_1_218' title='bbox 1547 3185 1662 3245; x_wconf 79' lang='lat' dir='ltr'><strong>1.x</strong></span> 
     </span>
    </p>
   </div>
   <div class='ocr_carea' id='block_1_31' title="bbox 1142 3303 1557 3366">
    <p class='ocr_par' dir='ltr' id='par_1_31' title="bbox 1142 3303 1557 3366">
     <span class='ocr_line' id='line_1_31' title="bbox 1142 3303 1557 3366; baseline -0.017 0"><span class='ocrx_word' id='word_1_219' title='bbox 1142 3303 1557 3366; x_wconf 80' lang='lat' dir='ltr'><strong>ENARRATIO.</strong></span> 
     </span>
    </p>
   </div>
   <div class='ocr_carea' id='block_1_32' title="bbox 1055 3433 1620 3481">
    <p class='ocr_par' dir='ltr' id='par_1_32' title="bbox 1055 3433 1620 3481">
     <span class='ocr_line' id='line_1_32' title="bbox 1055 3433 1620 3481; baseline -0.018 0"><span class='ocrx_word' id='word_1_220' title='bbox 1055 3437 1228 3481; x_wconf 77' lang='lat' dir='ltr'><strong>SERIO</strong></span> <span class='ocrx_word' id='word_1_221' title='bbox 1273 3438 1341 3478; x_wconf 66' lang='lat' dir='ltr'><strong>AD</strong></span> <span class='ocrx_word' id='word_1_222' title='bbox 1395 3433 1620 3476; x_wconf 73' lang='grc' dir='ltr'>Ριειιιιιι.</span> 
     </span>
    </p>
   </div>
   <div class='ocr_carea' id='block_1_33' title="bbox 634 3524 2142 3617">
    <p class='ocr_par' dir='ltr' id='par_1_33' title="bbox 634 3524 2142 3617">
     <span class='ocr_line' id='line_1_33' title="bbox 634 3524 2142 3617; baseline -0.013 -17"><span class='ocrx_word' id='word_1_223' title='bbox 634 3547 684 3600; x_wconf 81' lang='lat' dir='ltr'><strong>l.</strong></span> <span class='ocrx_word' id='word_1_224' title='bbox 718 3543 878 3617; x_wconf 74' lang='lat' dir='ltr'><strong>[i-ers.</strong></span> <span class='ocrx_word' id='word_1_225' title='bbox 913 3537 985 3612; x_wconf 87' lang='lat' dir='ltr'><strong>l.]</strong></span> <span class='ocrx_word' id='word_1_226' title='bbox 1027 3531 1480 3594; x_wconf 89' lang='lat' dir='ltr'><strong>Considerandum</strong></span> <span class='ocrx_word' id='word_1_227' title='bbox 1511 3544 1631 3586; x_wconf 89' lang='lat' dir='ltr'><strong>cum</strong></span> <span class='ocrx_word' id='word_1_228' title='bbox 1655 3527 1842 3584; x_wconf 71' lang='lat' dir='ltr'><strong>Vestra</strong></span> <span class='ocrx_word' id='word_1_229' title='bbox 1871 3524 2142 3580; x_wconf 85' lang='lat' dir='ltr'><strong>Cliaritate</strong></span> 
     </span>
    </p>
   </div>
   <div class='ocr_carea' id='block_1_34' title="bbox 565 3617 2144 3708">
    <p class='ocr_par' dir='ltr' id='par_1_34' title="bbox 565 3617 2144 3708">
     <span class='ocr_line' id='line_1_34' title="bbox 565 3617 2144 3708; baseline -0.011 -22"><span class='ocrx_word' id='word_1_230' title='bbox 565 3637 822 3708; x_wconf 77' lang='lat' dir='ltr'><strong>psalmum</strong></span> <span class='ocrx_word' id='word_1_231' title='bbox 846 3635 1001 3688; x_wconf 89' lang='lat' dir='ltr'><strong>istum</strong></span> <span class='ocrx_word' id='word_1_232' title='bbox 1029 3628 1382 3698; x_wconf 81' lang='lat' dir='ltr'><strong>suscepimus.</strong></span> <span class='ocrx_word' id='word_1_233' title='bbox 1416 3622 1599 3679; x_wconf 84' lang='lat' dir='ltr'><strong>Brevis</strong></span> <span class='ocrx_word' id='word_1_234' title='bbox 1623 3627 1738 3685; x_wconf 92' lang='lat' dir='ltr'><strong>est;</strong></span> <span class='ocrx_word' id='word_1_235' title='bbox 1765 3617 1936 3672; x_wconf 82' lang='lat' dir='ltr'><strong>aderit</strong></span> <span class='ocrx_word' id='word_1_236' title='bbox 1964 3617 2144 3670; x_wconf 87' lang='lat' dir='ltr'><strong>Domi-</strong></span> 
     </span>
    </p>
   </div>
   <div class='ocr_carea' id='block_1_35' title="bbox 565 3711 2140 3785">
    <p class='ocr_par' dir='ltr' id='par_1_35' title="bbox 565 3711 2140 3785">
     <span class='ocr_line' id='line_1_35' title="bbox 565 3711 2140 3785; baseline -0.011 -4"><span class='ocrx_word' id='word_1_237' title='bbox 565 3745 663 3781; x_wconf 93' lang='lat' dir='ltr'><strong>nns</strong></span> <span class='ocrx_word' id='word_1_238' title='bbox 684 3737 741 3781; x_wconf 92' lang='lat' dir='ltr'><strong>nt</strong></span> <span class='ocrx_word' id='word_1_239' title='bbox 760 3725 1083 3781; x_wconf 80' lang='lat' dir='ltr'><strong>sufﬁcienter</strong></span> <span class='ocrx_word' id='word_1_240' title='bbox 1108 3738 1172 3775; x_wconf 82' lang='lat' dir='ltr'><strong>ex</strong></span> <span class='ocrx_word' id='word_1_241' title='bbox 1194 3735 1279 3785; x_wconf 89' lang='lat' dir='ltr'><strong>eo,</strong></span> <span class='ocrx_word' id='word_1_242' title='bbox 1310 3728 1364 3772; x_wconf 90' lang='lat' dir='ltr'><strong>et</strong></span> <span class='ocrx_word' id='word_1_243' title='bbox 1384 3717 1617 3771; x_wconf 91' lang='lat' dir='ltr'><strong>breviter</strong></span> <span class='ocrx_word' id='word_1_244' title='bbox 1638 3713 1936 3783; x_wconf 87' lang='lat' dir='ltr'><strong>loquamur.</strong></span> <span class='ocrx_word' id='word_1_245' title='bbox 1965 3711 2140 3778; x_wconf 87' lang='lat' dir='ltr'><strong>Quan-</strong></span> 
     </span>
    </p>
   </div>
   <div class='ocr_carea' id='block_1_36' title="bbox 566 3804 2143 3892">
    <p class='ocr_par' dir='ltr' id='par_1_36' title="bbox 566 3804 2143 3892">
     <span class='ocr_line' id='line_1_36' title="bbox 566 3804 2143 3892; baseline -0.009 -22"><span class='ocrx_word' id='word_1_246' title='bbox 566 3831 673 3892; x_wconf 76' lang='lat' dir='ltr'><strong>tum</strong></span> <span class='ocrx_word' id='word_1_247' title='bbox 701 3816 961 3884; x_wconf 74' lang='lat' dir='ltr'><strong>adiuverit</strong></span> <span class='ocrx_word' id='word_1_248' title='bbox 987 3816 1099 3885; x_wconf 89' lang='lat' dir='ltr'><strong>ipse</strong></span> <span class='ocrx_word' id='word_1_249' title='bbox 1129 3811 1217 3883; x_wconf 91' lang='lat' dir='ltr'><strong>qui</strong></span> <span class='ocrx_word' id='word_1_250' title='bbox 1249 3825 1346 3865; x_wconf 90' lang='lat' dir='ltr'><strong>nos</strong></span> <span class='ocrx_word' id='word_1_251' title='bbox 1369 3808 1522 3877; x_wconf 89' lang='lat' dir='ltr'><strong>jubet</strong></span> <span class='ocrx_word' id='word_1_252' title='bbox 1549 3804 1714 3875; x_wconf 89' lang='lat' dir='ltr'><strong>loqui,</strong></span> <span class='ocrx_word' id='word_1_253' title='bbox 1739 3805 1814 3858; x_wconf 91' lang='lat' dir='ltr'><strong>sic</strong></span> <span class='ocrx_word' id='word_1_254' title='bbox 1840 3817 1935 3859; x_wconf 89' lang='lat' dir='ltr'><strong>ero</strong></span> <span class='ocrx_word' id='word_1_255' title='bbox 1962 3804 2143 3857; x_wconf 88' lang='lat' dir='ltr'><strong>volen-</strong></span> 
     </span>
    </p>
   </div>
   <div class='ocr_carea' id='block_1_37' title="bbox 567 3895 2142 3969">
    <p class='ocr_par' dir='ltr' id='par_1_37' title="bbox 567 3895 2142 3969">
     <span class='ocr_line' id='line_1_37' title="bbox 567 3895 2142 3969; baseline -0.008 -9"><span class='ocrx_word' id='word_1_256' title='bbox 567 3909 708 3962; x_wconf 88' lang='lat' dir='ltr'><strong>tibus</strong></span> <span class='ocrx_word' id='word_1_257' title='bbox 729 3906 1017 3969; x_wconf 83' lang='lat' dir='ltr'><strong>olﬁciosus,</strong></span> <span class='ocrx_word' id='word_1_258' title='bbox 1049 3912 1105 3957; x_wconf 90' lang='lat' dir='ltr'><strong>ut</strong></span> <span class='ocrx_word' id='word_1_259' title='bbox 1137 3918 1240 3956; x_wconf 92' lang='lat' dir='ltr'><strong>non</strong></span> <span class='ocrx_word' id='word_1_260' title='bbox 1269 3900 1366 3954; x_wconf 92' lang='lat' dir='ltr'><strong>sim</strong></span> <span class='ocrx_word' id='word_1_261' title='bbox 1395 3897 1558 3952; x_wconf 86' lang='lat' dir='ltr'><strong>tardis</strong></span> <span class='ocrx_word' id='word_1_262' title='bbox 1587 3895 1865 3961; x_wconf 82' lang='lat' dir='ltr'><strong>molestus,</strong></span> <span class='ocrx_word' id='word_1_263' title='bbox 1892 3908 1991 3948; x_wconf 87' lang='lat' dir='ltr'><strong>nec</strong></span> <span class='ocrx_word' id='word_1_264' title='bbox 2016 3909 2142 3963; x_wconf 90' lang='lat' dir='ltr'><strong>pau-</strong></span> 
     </span>
    </p>
   </div>
   <div class='ocr_carea' id='block_1_38' title="bbox 567 3986 2137 4063">
    <p class='ocr_par' dir='ltr' id='par_1_38' title="bbox 567 3986 2137 4063">
     <span class='ocr_line' id='line_1_38' title="bbox 567 3986 2137 4063; baseline -0.009 -9"><span class='ocrx_word' id='word_1_265' title='bbox 567 3999 644 4054; x_wconf 88' lang='lat' dir='ltr'><strong>cis</strong></span> <span class='ocrx_word' id='word_1_266' title='bbox 669 3999 886 4062; x_wconf 88' lang='lat' dir='ltr'><strong>multus,</strong></span> <span class='ocrx_word' id='word_1_267' title='bbox 919 4011 1017 4051; x_wconf 89' lang='lat' dir='ltr'><strong>nec</strong></span> <span class='ocrx_word' id='word_1_268' title='bbox 1041 3993 1312 4063; x_wconf 83' lang='lat' dir='ltr'><strong>occupatis</strong></span> <span class='ocrx_word' id='word_1_269' title='bbox 1338 4003 1616 4046; x_wconf 88' lang='lat' dir='ltr'><strong>onerosus.</strong></span> <span class='ocrx_word' id='word_1_270' title='bbox 1659 3987 1868 4042; x_wconf 87' lang='lat' dir='ltr'><strong>Titulus</strong></span> <span class='ocrx_word' id='word_1_271' title='bbox 1897 3986 2011 4056; x_wconf 89' lang='lat' dir='ltr'><strong>ejus</strong></span> <span class='ocrx_word' id='word_1_272' title='bbox 2035 4001 2137 4040; x_wconf 90' lang='lat' dir='ltr'><strong>non</strong></span> 
     </span>
    </p>
   </div>
   <div class='ocr_carea' id='block_1_39' title="bbox 566 4078 2136 4154">
    <p class='ocr_par' dir='ltr' id='par_1_39' title="bbox 566 4078 2136 4154">
     <span class='ocr_line' id='line_1_39' title="bbox 566 4078 2136 4154; baseline -0.01 -9"><span class='ocrx_word' id='word_1_273' title='bbox 566 4109 661 4148; x_wconf 93' lang='lat' dir='ltr'><strong>nos</strong></span> <span class='ocrx_word' id='word_1_274' title='bbox 691 4100 854 4147; x_wconf 81' lang='lat' dir='ltr'><strong>tenet.</strong></span> <span class='ocrx_word' id='word_1_275' title='bbox 888 4091 981 4145; x_wconf 79' lang='lat' dir='ltr'><strong>Est</strong></span> <span class='ocrx_word' id='word_1_276' title='bbox 1006 4089 1168 4152; x_wconf 89' lang='lat' dir='ltr'><strong>enim,</strong></span> <span class='ocrx_word' id='word_1_277' title='bbox 1201 4085 1264 4139; x_wconf 88' lang='lat' dir='ltr'><strong>In</strong></span> <span class='ocrx_word' id='word_1_278' title='bbox 1307 4085 1479 4154; x_wconf 84' lang='lat' dir='ltr'><strong>linem,</strong></span> <span class='ocrx_word' id='word_1_279' title='bbox 1509 4083 1559 4137; x_wconf 90' lang='lat' dir='ltr'><strong>in</strong></span> <span class='ocrx_word' id='word_1_280' title='bbox 1584 4081 1800 4152; x_wconf 86' lang='lat' dir='ltr'><strong>hymnis,</strong></span> <span class='ocrx_word' id='word_1_281' title='bbox 1832 4079 1930 4150; x_wconf 87' lang='lat' dir='ltr'><strong>ipsi</strong></span> <span class='ocrx_word' id='word_1_282' title='bbox 1960 4078 2136 4132; x_wconf 81' lang='lat' dir='ltr'><strong>David.</strong></span> 
     </span>
    </p>
   </div>
   <div class='ocr_carea' id='block_1_40' title="bbox 567 4171 2136 4255">
    <p class='ocr_par' dir='ltr' id='par_1_40' title="bbox 567 4171 2136 4255">
     <span class='ocr_line' id='line_1_40' title="bbox 567 4171 2136 4255; baseline -0.008 -18"><span class='ocrx_word' id='word_1_283' title='bbox 567 4185 629 4238; x_wconf 88' lang='lat' dir='ltr'><strong>In</strong></span> <span class='ocrx_word' id='word_1_284' title='bbox 667 4183 867 4255; x_wconf 80' lang='lat' dir='ltr'><strong>hymnis</strong></span> <span class='ocrx_word' id='word_1_285' title='bbox 892 4224 907 4249; x_wconf 94' lang='lat'><strong>,</strong></span> <span class='ocrx_word' id='word_1_286' title='bbox 947 4181 1130 4248; x_wconf 79' lang='lat' dir='ltr'><strong>utique</strong></span> <span class='ocrx_word' id='word_1_287' title='bbox 1176 4179 1225 4232; x_wconf 91' lang='lat' dir='ltr'><strong>in</strong></span> <span class='ocrx_word' id='word_1_288' title='bbox 1269 4175 1532 4230; x_wconf 83' lang='lat' dir='ltr'><strong>laudibus.</strong></span> <span class='ocrx_word' id='word_1_289' title='bbox 1565 4171 1632 4227; x_wconf 85' lang='lat' dir='ltr'><strong>In</strong></span> <span class='ocrx_word' id='word_1_290' title='bbox 1675 4173 1845 4242; x_wconf 80' lang='lat' dir='ltr'><strong>ﬁnem,</strong></span> <span class='ocrx_word' id='word_1_291' title='bbox 1877 4171 2057 4239; x_wconf 91' lang='lat' dir='ltr'><strong>utique</strong></span> <span class='ocrx_word' id='word_1_292' title='bbox 2086 4171 2136 4224; x_wconf 88' lang='lat' dir='ltr'><strong>in</strong></span> 
     </span>
    </p>
   </div>
   <div class='ocr_carea' id='block_1_41' title="bbox 560 4263 2136 4341">
    <p class='ocr_par' dir='ltr' id='par_1_41' title="bbox 560 4263 2136 4341">
     <span class='ocr_line' id='line_1_41' title="bbox 560 4263 2136 4341; baseline -0.01 -13"><span class='ocrx_word' id='word_1_293' title='bbox 560 4280 850 4333; x_wconf 70' lang='lat' dir='ltr'><strong>Christum.</strong></span> <span class='ocrx_word' id='word_1_294' title='bbox 880 4275 1026 4330; x_wconf 77' lang='lat' dir='ltr'><strong>Finis</strong></span> <span class='ocrx_word' id='word_1_295' title='bbox 1064 4273 1194 4327; x_wconf 87' lang='lat' dir='ltr'><strong>enim</strong></span> <span class='ocrx_word' id='word_1_296' title='bbox 1235 4270 1380 4341; x_wconf 82' lang='lat' dir='ltr'><strong>chis</strong></span> <span class='ocrx_word' id='word_1_297' title='bbox 1404 4266 1635 4323; x_wconf 83' lang='lat' dir='ltr'><strong>Christus</strong></span> <span class='ocrx_word' id='word_1_298' title='bbox 1667 4272 1771 4326; x_wconf 87' lang='lat' dir='ltr'><strong>est.</strong></span> <span class='ocrx_word' id='word_1_299' title='bbox 1799 4264 1867 4316; x_wconf 84' lang='lat' dir='ltr'><strong>ad</strong></span> <span class='ocrx_word' id='word_1_300' title='bbox 1884 4263 2136 4333; x_wconf 69' lang='lat' dir='ltr'><strong>justitiam</strong></span> 
     </span>
    </p>
   </div>
   <div class='ocr_carea' id='block_1_42' title="bbox 560 4351 2134 4438">
    <p class='ocr_par' dir='ltr' id='par_1_42' title="bbox 560 4351 2134 4438">
     <span class='ocr_line' id='line_1_42' title="bbox 560 4351 2134 4438; baseline -0.011 -15"><span class='ocrx_word' id='word_1_301' title='bbox 560 4372 696 4425; x_wconf 88' lang='lat' dir='ltr'><strong>omni</strong></span> <span class='ocrx_word' id='word_1_302' title='bbox 736 4367 954 4424; x_wconf 84' lang='lat' dir='ltr'><strong>credenti</strong></span> <span class='ocrx_word' id='word_1_303' title='bbox 994 4365 1168 4438; x_wconf 85' lang='lat' dir='ltr'><strong>(Rom.</strong></span> <span class='ocrx_word' id='word_1_304' title='bbox 1203 4379 1260 4426; x_wconf 76' lang='grc' dir='ltr'><strong>χ,</strong></span> <span class='ocrx_word' id='word_1_305' title='bbox 1302 4361 1381 4428; x_wconf 67' lang='grc' dir='ltr'><strong>Α).</strong></span> <span class='ocrx_word' id='word_1_306' title='bbox 1409 4359 1473 4413; x_wconf 87' lang='lat' dir='ltr'><strong>Et</strong></span> <span class='ocrx_word' id='word_1_307' title='bbox 1493 4358 1592 4428; x_wconf 84' lang='lat' dir='ltr'><strong>ipsi</strong></span> <span class='ocrx_word' id='word_1_308' title='bbox 1624 4353 1807 4416; x_wconf 84' lang='lat' dir='ltr'><strong>David,</strong></span> <span class='ocrx_word' id='word_1_309' title='bbox 1847 4371 1948 4407; x_wconf 93' lang='lat' dir='ltr'><strong>non</strong></span> <span class='ocrx_word' id='word_1_310' title='bbox 1975 4351 2134 4406; x_wconf 90' lang='lat' dir='ltr'><strong>alium</strong></span> 
     </span>
    </p>
   </div>
   <div class='ocr_carea' id='block_1_43' title="bbox 560 4443 2137 4530">
    <p class='ocr_par' dir='ltr' id='par_1_43' title="bbox 560 4443 2137 4530">
     <span class='ocr_line' id='line_1_43' title="bbox 560 4443 2137 4530; baseline -0.01 -16"><span class='ocrx_word' id='word_1_311' title='bbox 560 4477 716 4528; x_wconf 88' lang='lat' dir='ltr'><strong>quam</strong></span> <span class='ocrx_word' id='word_1_312' title='bbox 745 4461 916 4530; x_wconf 90' lang='lat' dir='ltr'><strong>ipsum</strong></span> <span class='ocrx_word' id='word_1_313' title='bbox 959 4455 1200 4525; x_wconf 88' lang='lat' dir='ltr'><strong>accipere</strong></span> <span class='ocrx_word' id='word_1_314' title='bbox 1225 4451 1503 4515; x_wconf 68' lang='lat' dir='ltr'><strong>def-emus,</strong></span> <span class='ocrx_word' id='word_1_315' title='bbox 1533 4446 1624 4519; x_wconf 92' lang='lat' dir='ltr'><strong>qui</strong></span> <span class='ocrx_word' id='word_1_316' title='bbox 1662 4445 1809 4500; x_wconf 90' lang='lat' dir='ltr'><strong>venit</strong></span> <span class='ocrx_word' id='word_1_317' title='bbox 1838 4460 1902 4498; x_wconf 78' lang='lat' dir='ltr'><strong>ex</strong></span> <span class='ocrx_word' id='word_1_318' title='bbox 1934 4443 2137 4498; x_wconf 86' lang='lat' dir='ltr'><strong>semine</strong></span> 
     </span>
    </p>
   </div>
   <div class='ocr_carea' id='block_1_44' title="bbox 565 4536 2106 4616">
    <p class='ocr_par' dir='ltr' id='par_1_44' title="bbox 565 4536 2106 4616">
     <span class='ocr_line' id='line_1_44' title="bbox 565 4536 2106 4616; baseline -0.012 -7"><span class='ocrx_word' id='word_1_319' title='bbox 565 4554 752 4616; x_wconf 82' lang='lat' dir='ltr'><strong>David,</strong></span> <span class='ocrx_word' id='word_1_320' title='bbox 780 4562 835 4606; x_wconf 87' lang='lat' dir='ltr'><strong>ut</strong></span> <span class='ocrx_word' id='word_1_321' title='bbox 858 4560 1000 4607; x_wconf 60' lang='grc' dir='ltr'>εμεει</span> <span class='ocrx_word' id='word_1_322' title='bbox 1027 4548 1188 4602; x_wconf 82' lang='grc' dir='ltr'>Ιιοηιο</span> <span class='ocrx_word' id='word_1_323' title='bbox 1210 4546 1350 4599; x_wconf 82' lang='lat' dir='ltr'><strong>inter</strong></span> <span class='ocrx_word' id='word_1_324' title='bbox 1378 4541 1645 4605; x_wconf 90' lang='lat' dir='ltr'><strong>homines,</strong></span> <span class='ocrx_word' id='word_1_325' title='bbox 1675 4547 1725 4593; x_wconf 91' lang='lat' dir='ltr'><strong>et</strong></span> <span class='ocrx_word' id='word_1_326' title='bbox 1765 4536 1997 4606; x_wconf 68' lang='lat' dir='ltr'><strong>a3qnales</strong></span> <span class='ocrx_word' id='word_1_327' title='bbox 2025 4536 2106 4590; x_wconf 85' lang='lat' dir='ltr'><strong>An</strong></span> 
     </span>
    </p>
   </div>
   <div class='ocr_carea' id='block_1_45' title="bbox 561 4627 2132 4713">
    <p class='ocr_par' dir='ltr' id='par_1_45' title="bbox 561 4627 2132 4713">
     <span class='ocr_line' id='line_1_45' title="bbox 561 4627 2132 4713; baseline -0.013 -14"><span class='ocrx_word' id='word_1_328' title='bbox 561 4645 693 4713; x_wconf 76' lang='lat' dir='ltr'><strong>gelis</strong></span> <span class='ocrx_word' id='word_1_329' title='bbox 731 4643 926 4697; x_wconf 84' lang='lat' dir='ltr'><strong>faceret</strong></span> <span class='ocrx_word' id='word_1_330' title='bbox 966 4641 1228 4694; x_wconf 83' lang='lat' dir='ltr'><strong>homines.</strong></span> <span class='ocrx_word' id='word_1_331' title='bbox 1257 4636 1454 4690; x_wconf 82' lang='lat' dir='ltr'><strong>Vocem</strong></span> <span class='ocrx_word' id='word_1_332' title='bbox 1481 4641 1658 4687; x_wconf 87' lang='lat' dir='ltr'><strong>autem</strong></span> <span class='ocrx_word' id='word_1_333' title='bbox 1688 4631 1738 4684; x_wconf 91' lang='lat' dir='ltr'><strong>in</strong></span> <span class='ocrx_word' id='word_1_334' title='bbox 1780 4630 1882 4683; x_wconf 90' lang='lat' dir='ltr'><strong>isto</strong></span> <span class='ocrx_word' id='word_1_335' title='bbox 1913 4627 2132 4697; x_wconf 81' lang='lat' dir='ltr'><strong>psalmo,</strong></span> 
     </span>
    </p>
   </div>
   <div class='ocr_carea' id='block_1_46' title="bbox 564 4717 2136 4798">
    <p class='ocr_par' dir='ltr' id='par_1_46' title="bbox 564 4717 2136 4798">
     <span class='ocr_line' id='line_1_46' title="bbox 564 4717 2136 4798; baseline -0.012 -9"><span class='ocrx_word' id='word_1_336' title='bbox 564 4737 607 4790; x_wconf 89' lang='lat' dir='ltr'><strong>si</strong></span> <span class='ocrx_word' id='word_1_337' title='bbox 651 4734 703 4788; x_wconf 92' lang='lat' dir='ltr'><strong>in</strong></span> <span class='ocrx_word' id='word_1_338' title='bbox 734 4731 990 4787; x_wconf 89' lang='lat' dir='ltr'><strong>membris</strong></span> <span class='ocrx_word' id='word_1_339' title='bbox 1033 4730 1148 4798; x_wconf 86' lang='lat' dir='ltr'><strong>ejus</strong></span> <span class='ocrx_word' id='word_1_340' title='bbox 1177 4727 1311 4780; x_wconf 89' lang='lat' dir='ltr'><strong>etin</strong></span> <span class='ocrx_word' id='word_1_341' title='bbox 1359 4737 1585 4792; x_wconf 87' lang='lat' dir='ltr'><strong>corpore</strong></span> <span class='ocrx_word' id='word_1_342' title='bbox 1626 4733 1845 4784; x_wconf 89' lang='lat' dir='ltr'><strong>sumus,</strong></span> <span class='ocrx_word' id='word_1_343' title='bbox 1887 4718 2021 4771; x_wconf 89' lang='lat' dir='ltr'><strong>sicut</strong></span> <span class='ocrx_word' id='word_1_344' title='bbox 2047 4717 2136 4772; x_wconf 89' lang='lat' dir='ltr'><strong>illo</strong></span> 
     </span>
    </p>
   </div>
   <div class='ocr_carea' id='block_1_47' title="bbox 560 4807 2136 4894">
    <p class='ocr_par' dir='ltr' id='par_1_47' title="bbox 560 4807 2136 4894">
     <span class='ocr_line' id='line_1_47' title="bbox 560 4807 2136 4894; baseline -0.014 -12"><span class='ocrx_word' id='word_1_345' title='bbox 560 4829 875 4882; x_wconf 82' lang='lat' dir='ltr'><strong>exhortante</strong></span> <span class='ocrx_word' id='word_1_346' title='bbox 916 4834 1237 4894; x_wconf 69' lang='lat' dir='ltr'><strong>prmsnmere</strong></span> <span class='ocrx_word' id='word_1_347' title='bbox 1281 4815 1537 4870; x_wconf 87' lang='lat' dir='ltr'><strong>audemus</strong></span> <span class='ocrx_word' id='word_1_348' title='bbox 1563 4853 1577 4876; x_wconf 90' lang='lat'><strong>,</strong></span> <span class='ocrx_word' id='word_1_349' title='bbox 1607 4818 1842 4866; x_wconf 91' lang='lat' dir='ltr'><strong>nostram</strong></span> <span class='ocrx_word' id='word_1_350' title='bbox 1882 4807 2136 4862; x_wconf 86' lang='lat' dir='ltr'><strong>debemus</strong></span> 
     </span>
    </p>
   </div>
   <div class='ocr_carea' id='block_1_48' title="bbox 558 4901 2133 4986">
    <p class='ocr_par' dir='ltr' id='par_1_48' title="bbox 558 4901 2133 4986">
     <span class='ocr_line' id='line_1_48' title="bbox 558 4901 2133 4986; baseline -0.011 -16"><span class='ocrx_word' id='word_1_351' title='bbox 558 4930 868 4986; x_wconf 88' lang='lat' dir='ltr'><strong>agnoscere,</strong></span> <span class='ocrx_word' id='word_1_352' title='bbox 896 4928 999 4966; x_wconf 90' lang='lat' dir='ltr'><strong>non</strong></span> <span class='ocrx_word' id='word_1_353' title='bbox 1025 4910 1244 4979; x_wconf 83' lang='lat' dir='ltr'><strong>alicujus</strong></span> <span class='ocrx_word' id='word_1_354' title='bbox 1272 4904 1529 4960; x_wconf 83' lang='lat' dir='ltr'><strong>extranei.</strong></span> <span class='ocrx_word' id='word_1_355' title='bbox 1552 4901 1794 4956; x_wconf 84' lang='lat' dir='ltr'><strong>Nostram</strong></span> <span class='ocrx_word' id='word_1_356' title='bbox 1821 4908 1996 4953; x_wconf 90' lang='lat' dir='ltr'><strong>autem</strong></span> <span class='ocrx_word' id='word_1_357' title='bbox 2027 4913 2133 4953; x_wconf 91' lang='lat' dir='ltr'><strong>non</strong></span> 
     </span>
    </p>
   </div>
   <div class='ocr_carea' id='block_1_49' title="bbox 556 4991 2135 5074">
    <p class='ocr_par' dir='ltr' id='par_1_49' title="bbox 556 4991 2135 5074">
     <span class='ocr_line' id='line_1_49' title="bbox 556 4991 2135 5074; baseline -0.011 -12"><span class='ocrx_word' id='word_1_358' title='bbox 556 5009 636 5062; x_wconf 87' lang='lat' dir='ltr'><strong>sic</strong></span> <span class='ocrx_word' id='word_1_359' title='bbox 665 5005 790 5069; x_wconf 82' lang='lat' dir='ltr'><strong>dixi,</strong></span> <span class='ocrx_word' id='word_1_360' title='bbox 825 5003 974 5074; x_wconf 86' lang='lat' dir='ltr'><strong>quasi</strong></span> <span class='ocrx_word' id='word_1_361' title='bbox 1005 5016 1188 5057; x_wconf 90' lang='lat' dir='ltr'><strong>eorum</strong></span> <span class='ocrx_word' id='word_1_362' title='bbox 1220 5006 1420 5054; x_wconf 88' lang='lat' dir='ltr'><strong>tantum</strong></span> <span class='ocrx_word' id='word_1_363' title='bbox 1446 4994 1535 5067; x_wconf 92' lang='lat' dir='ltr'><strong>qui</strong></span> <span class='ocrx_word' id='word_1_364' title='bbox 1564 4994 1614 5048; x_wconf 92' lang='lat' dir='ltr'><strong>in</strong></span> <span class='ocrx_word' id='word_1_365' title='bbox 1651 4991 1930 5064; x_wconf 72' lang='lat' dir='ltr'><strong>prmsentia</strong></span> <span class='ocrx_word' id='word_1_366' title='bbox 1952 5004 2135 5044; x_wconf 86' lang='lat' dir='ltr'><strong>smnus</strong></span> 
     </span>
    </p>
   </div>
   <div class='ocr_carea' id='block_1_50' title="bbox 557 5081 2130 5164">
    <p class='ocr_par' dir='ltr' id='par_1_50' title="bbox 557 5081 2130 5164">
     <span class='ocr_line' id='line_1_50' title="bbox 557 5081 2130 5164; baseline -0.014 -9"><span class='ocrx_word' id='word_1_367' title='bbox 557 5099 746 5164; x_wconf 91' lang='lat' dir='ltr'><strong>modo;</strong></span> <span class='ocrx_word' id='word_1_368' title='bbox 789 5095 882 5152; x_wconf 90' lang='lat' dir='ltr'><strong>sed</strong></span> <span class='ocrx_word' id='word_1_369' title='bbox 927 5103 1158 5151; x_wconf 88' lang='lat' dir='ltr'><strong>nostram</strong></span> <span class='ocrx_word' id='word_1_370' title='bbox 1189 5089 1278 5161; x_wconf 91' lang='lat' dir='ltr'><strong>qui</strong></span> <span class='ocrx_word' id='word_1_371' title='bbox 1305 5103 1487 5144; x_wconf 90' lang='lat' dir='ltr'><strong>sumus</strong></span> <span class='ocrx_word' id='word_1_372' title='bbox 1525 5102 1619 5157; x_wconf 89' lang='lat' dir='ltr'><strong>per</strong></span> <span class='ocrx_word' id='word_1_373' title='bbox 1659 5094 1824 5139; x_wconf 91' lang='lat' dir='ltr'><strong>totum</strong></span> <span class='ocrx_word' id='word_1_374' title='bbox 1855 5081 2130 5148; x_wconf 90' lang='lat' dir='ltr'><strong>mundum,</strong></span> 
     </span>
    </p>
   </div>
   <div class='ocr_carea' id='block_1_51' title="bbox 556 5175 2131 5260">
    <p class='ocr_par' dir='ltr' id='par_1_51' title="bbox 556 5175 2131 5260">
     <span class='ocr_line' id='line_1_51' title="bbox 556 5175 2131 5260; baseline -0.011 -16"><span class='ocrx_word' id='word_1_375' title='bbox 556 5192 644 5260; x_wconf 85' lang='lat' dir='ltr'><strong>qui</strong></span> <span class='ocrx_word' id='word_1_376' title='bbox 668 5205 854 5244; x_wconf 90' lang='lat' dir='ltr'><strong>sumus</strong></span> <span class='ocrx_word' id='word_1_377' title='bbox 883 5187 952 5241; x_wconf 92' lang='lat' dir='ltr'><strong>ab</strong></span> <span class='ocrx_word' id='word_1_378' title='bbox 975 5184 1180 5239; x_wconf 87' lang='lat' dir='ltr'><strong>oriente</strong></span> <span class='ocrx_word' id='word_1_379' title='bbox 1208 5197 1372 5252; x_wconf 91' lang='lat' dir='ltr'><strong>usque</strong></span> <span class='ocrx_word' id='word_1_380' title='bbox 1399 5180 1450 5233; x_wconf 92' lang='lat' dir='ltr'><strong>in</strong></span> <span class='ocrx_word' id='word_1_381' title='bbox 1479 5179 1828 5234; x_wconf 68' lang='lat' dir='ltr'><strong>occidentem.</strong></span> <span class='ocrx_word' id='word_1_382' title='bbox 1855 5175 1921 5230; x_wconf 88' lang='lat' dir='ltr'><strong>Et</strong></span> <span class='ocrx_word' id='word_1_383' title='bbox 1951 5185 2006 5229; x_wconf 91' lang='lat' dir='ltr'><strong>ut</strong></span> <span class='ocrx_word' id='word_1_384' title='bbox 2034 5189 2131 5228; x_wconf 93' lang='lat' dir='ltr'><strong>no-</strong></span> 
     </span>
    </p>
   </div>
   <div class='ocr_carea' id='block_1_52' title="bbox 556 5264 2130 5337">
    <p class='ocr_par' dir='ltr' id='par_1_52' title="bbox 556 5264 2130 5337">
     <span class='ocr_line' id='line_1_52' title="bbox 556 5264 2130 5337; baseline -0.011 -1"><span class='ocrx_word' id='word_1_385' title='bbox 556 5281 739 5336; x_wconf 89' lang='lat' dir='ltr'><strong>veritis</strong></span> <span class='ocrx_word' id='word_1_386' title='bbox 781 5279 860 5334; x_wconf 90' lang='lat' dir='ltr'><strong>sic</strong></span> <span class='ocrx_word' id='word_1_387' title='bbox 887 5292 1007 5333; x_wconf 85' lang='lat' dir='ltr'><strong>esse</strong></span> <span class='ocrx_word' id='word_1_388' title='bbox 1046 5287 1231 5328; x_wconf 88' lang='lat' dir='ltr'><strong>vocem</strong></span> <span class='ocrx_word' id='word_1_389' title='bbox 1276 5281 1511 5326; x_wconf 85' lang='lat' dir='ltr'><strong>nostram</strong></span> <span class='ocrx_word' id='word_1_390' title='bbox 1538 5309 1553 5335; x_wconf 92' lang='lat'><strong>,</strong></span> <span class='ocrx_word' id='word_1_391' title='bbox 1606 5268 1840 5337; x_wconf 91' lang='lat' dir='ltr'><strong>loquitur</strong></span> <span class='ocrx_word' id='word_1_392' title='bbox 1869 5265 1954 5320; x_wconf 89' lang='lat' dir='ltr'><strong>hic</strong></span> <span class='ocrx_word' id='word_1_393' title='bbox 1982 5264 2130 5334; x_wconf 90' lang='lat' dir='ltr'><strong>quasi</strong></span> 
     </span>
    </p>
   </div>
   <div class='ocr_carea' id='block_1_53' title="bbox 555 5357 2128 5428">
    <p class='ocr_par' dir='ltr' id='par_1_53' title="bbox 555 5357 2128 5428">
     <span class='ocr_line' id='line_1_53' title="bbox 555 5357 2128 5428; baseline -0.011 0"><span class='ocrx_word' id='word_1_394' title='bbox 555 5387 692 5428; x_wconf 91' lang='lat' dir='ltr'><strong>unus</strong></span> <span class='ocrx_word' id='word_1_395' title='bbox 719 5371 880 5426; x_wconf 90' lang='lat' dir='ltr'><strong>homo</strong></span> <span class='ocrx_word' id='word_1_396' title='bbox 910 5388 922 5423; x_wconf 95' lang='lat'>:</span> <span class='ocrx_word' id='word_1_397' title='bbox 951 5385 1054 5423; x_wconf 86' lang='lat' dir='ltr'><strong>non</strong></span> <span class='ocrx_word' id='word_1_398' title='bbox 1078 5375 1160 5420; x_wconf 86' lang='lat' dir='ltr'><strong>est</strong></span> <span class='ocrx_word' id='word_1_399' title='bbox 1185 5373 1362 5419; x_wconf 89' lang='lat' dir='ltr'><strong>autem</strong></span> <span class='ocrx_word' id='word_1_400' title='bbox 1390 5376 1526 5416; x_wconf 90' lang='lat' dir='ltr'><strong>unus</strong></span> <span class='ocrx_word' id='word_1_401' title='bbox 1553 5361 1732 5424; x_wconf 88' lang='lat' dir='ltr'><strong>homo,</strong></span> <span class='ocrx_word' id='word_1_402' title='bbox 1761 5357 1854 5412; x_wconf 87' lang='lat' dir='ltr'><strong>sed</strong></span> <span class='ocrx_word' id='word_1_403' title='bbox 1883 5367 2128 5426; x_wconf 89' lang='lat' dir='ltr'><strong>tanquam</strong></span> 
     </span>
    </p>
   </div>
   <div class='ocr_carea' id='block_1_54' title="bbox 557 5451 2130 5526">
    <p class='ocr_par' dir='ltr' id='par_1_54' title="bbox 557 5451 2130 5526">
     <span class='ocr_line' id='line_1_54' title="bbox 557 5451 2130 5526; baseline -0.008 -12"><span class='ocrx_word' id='word_1_404' title='bbox 557 5477 696 5516; x_wconf 88' lang='lat' dir='ltr'><strong>unus</strong></span> <span class='ocrx_word' id='word_1_405' title='bbox 738 5461 911 5514; x_wconf 88' lang='lat' dir='ltr'><strong>unitas</strong></span> <span class='ocrx_word' id='word_1_406' title='bbox 950 5457 1200 5526; x_wconf 88' lang='lat' dir='ltr'><strong>loquitur.</strong></span> <span class='ocrx_word' id='word_1_407' title='bbox 1251 5453 1307 5508; x_wconf 87' lang='lat' dir='ltr'><strong>in</strong></span> <span class='ocrx_word' id='word_1_408' title='bbox 1337 5451 1551 5508; x_wconf 88' lang='lat' dir='ltr'><strong>Christo</strong></span> <span class='ocrx_word' id='word_1_409' title='bbox 1581 5459 1757 5503; x_wconf 88' lang='lat' dir='ltr'><strong>autem</strong></span> <span class='ocrx_word' id='word_1_410' title='bbox 1803 5462 1899 5502; x_wconf 90' lang='lat' dir='ltr'><strong>nos</strong></span> <span class='ocrx_word' id='word_1_411' title='bbox 1944 5461 2130 5501; x_wconf 89' lang='lat' dir='ltr'><strong>omnes</strong></span> 
     </span>
    </p>
   </div>
   <div class='ocr_carea' id='block_1_55' title="bbox 556 5538 2126 5620">
    <p class='ocr_par' dir='ltr' id='par_1_55' title="bbox 556 5538 2126 5620">
     <span class='ocr_line' id='line_1_55' title="bbox 556 5538 2126 5620; baseline -0.008 -16"><span class='ocrx_word' id='word_1_412' title='bbox 556 5568 689 5606; x_wconf 90' lang='lat' dir='ltr'><strong>unus</strong></span> <span class='ocrx_word' id='word_1_413' title='bbox 732 5551 923 5616; x_wconf 89' lang='lat' dir='ltr'><strong>homo;</strong></span> <span class='ocrx_word' id='word_1_414' title='bbox 967 5549 1087 5620; x_wconf 91' lang='lat' dir='ltr'><strong>quia</strong></span> <span class='ocrx_word' id='word_1_415' title='bbox 1119 5547 1275 5617; x_wconf 87' lang='lat' dir='ltr'><strong>hujus</strong></span> <span class='ocrx_word' id='word_1_416' title='bbox 1317 5545 1471 5600; x_wconf 91' lang='lat' dir='ltr'><strong>unius</strong></span> <span class='ocrx_word' id='word_1_417' title='bbox 1510 5541 1740 5596; x_wconf 89' lang='lat' dir='ltr'><strong>hominis</strong></span> <span class='ocrx_word' id='word_1_418' title='bbox 1777 5548 1932 5610; x_wconf 84' lang='lat' dir='ltr'><strong>caput</strong></span> <span class='ocrx_word' id='word_1_419' title='bbox 1970 5548 2048 5592; x_wconf 90' lang='lat' dir='ltr'><strong>est</strong></span> <span class='ocrx_word' id='word_1_420' title='bbox 2076 5538 2126 5592; x_wconf 92' lang='lat' dir='ltr'><strong>in</strong></span> 
     </span>
    </p>
   </div>
   <div class='ocr_carea' id='block_1_56' title="bbox 616 5689 2126 5761">
    <p class='ocr_par' dir='ltr' id='par_1_56' title="bbox 616 5689 2126 5761">
     <span class='ocr_line' id='line_1_56' title="bbox 616 5689 2126 5761; baseline -0.008 -11"><span class='ocrx_word' id='word_1_421' title='bbox 616 5705 629 5734; x_wconf 82' lang='grc'>³</span> <span class='ocrx_word' id='word_1_422' title='bbox 659 5701 770 5750; x_wconf 75' lang='lat' dir='ltr'><strong>Fdd.</strong></span> <span class='ocrx_word' id='word_1_423' title='bbox 790 5735 806 5761; x_wconf 91' lang='lat'><strong>,</strong></span> <span class='ocrx_word' id='word_1_424' title='bbox 831 5698 1048 5751; x_wconf 83' lang='lat' dir='ltr'><strong>salutem.</strong></span> <span class='ocrx_word' id='word_1_425' title='bbox 1091 5697 1453 5761; x_wconf 75' lang='lat' dir='ltr'><strong>Aliquot_ltsn._,</strong></span> <span class='ocrx_word' id='word_1_426' title='bbox 1493 5694 1643 5761; x_wconf 77' lang='lat' dir='ltr'><strong>salem</strong></span> <span class='ocrx_word' id='word_1_427' title='bbox 1671 5706 1688 5744; x_wconf 91' lang='lat'><strong><em>:</em></strong></span> <span class='ocrx_word' id='word_1_428' title='bbox 1723 5691 1971 5761; x_wconf 31' lang='lat' dir='ltr'><strong>alluditﬁad</strong></span> <span class='ocrx_word' id='word_1_429' title='bbox 2013 5689 2126 5761; x_wconf 67' lang='lat' dir='ltr'><strong>illud</strong></span> 
     </span>
    </p>
   </div>
   <div class='ocr_carea' id='block_1_57' title="bbox 571 5751 2127 5822">
    <p class='ocr_par' dir='ltr' id='par_1_57' title="bbox 571 5751 2127 5822">
     <span class='ocr_line' id='line_1_57' title="bbox 571 5751 2127 5822; baseline -0.006 -11"><span class='ocrx_word' id='word_1_430' title='bbox 571 5766 688 5813; x_wconf 79' lang='lat' dir='ltr'><strong>taret</strong></span> <span class='ocrx_word' id='word_1_431' title='bbox 710 5764 760 5822; x_wconf 86' lang='lat'><strong>9,</strong></span> <span class='ocrx_word' id='word_1_432' title='bbox 791 5751 884 5812; x_wconf 68' lang='lat'><strong>&#39;49:</strong></span> <span class='ocrx_word' id='word_1_433' title='bbox 916 5762 1090 5812; x_wconf 78' lang='lat' dir='ltr'><strong>Habete</strong></span> <span class='ocrx_word' id='word_1_434' title='bbox 1133 5751 1326 5810; x_wconf 71' lang='lat' dir='ltr'><strong>in&#39;vobis</strong></span> <span class='ocrx_word' id='word_1_435' title='bbox 1362 5751 1529 5820; x_wconf 64' lang='lat' dir='ltr'><strong>salem,</strong></span> <span class='ocrx_word' id='word_1_436' title='bbox 1555 5757 1627 5807; x_wconf 87' lang='lat' dir='ltr'><strong>uti</strong></span> <span class='ocrx_word' id='word_1_437' title='bbox 1646 5767 1806 5818; x_wconf 80' lang='lat' dir='ltr'><strong>supra,</strong></span> <span class='ocrx_word' id='word_1_438' title='bbox 1827 5769 1873 5804; x_wconf 81' lang='grc' dir='ltr'>ιι.</span> <span class='ocrx_word' id='word_1_439' title='bbox 1893 5753 1941 5804; x_wconf 83' lang='lat'><strong>9.</strong></span> <span class='ocrx_word' id='word_1_440' title='bbox 1958 5751 2127 5802; x_wconf 83' lang='lat' dir='ltr'><strong>Confer</strong></span> 
     </span>
    </p>
   </div>
   <div class='ocr_carea' id='block_1_58' title="bbox 551 5823 1176 5888">
    <p class='ocr_par' dir='ltr' id='par_1_58' title="bbox 551 5823 1176 5888">
     <span class='ocr_line' id='line_1_58' title="bbox 551 5823 1176 5888; baseline -0.003 -16"><span class='ocrx_word' id='word_1_441' title='bbox 551 5833 791 5888; x_wconf 60' lang='lat' dir='ltr'><strong>praeterea</strong></span> <span class='ocrx_word' id='word_1_442' title='bbox 807 5838 888 5888; x_wconf 78' lang='lat' dir='ltr'><strong>nn.</strong></span> <span class='ocrx_word' id='word_1_443' title='bbox 913 5823 945 5871; x_wconf 74' lang='grc'><strong>2</strong></span> <span class='ocrx_word' id='word_1_444' title='bbox 967 5831 1018 5872; x_wconf 86' lang='grc' dir='ltr'><strong>ει</strong></span> <span class='ocrx_word' id='word_1_445' title='bbox 1038 5824 1084 5871; x_wconf 87' lang='lat'><strong>7.</strong></span> <span class='ocrx_word' id='word_1_446' title='bbox 1103 5881 1130 5888; x_wconf 42' lang='grc' dir='ltr'>η</span> <span class='ocrx_word' id='word_1_447' title='bbox 1165 5851 1176 5864; x_wconf 69' lang='grc' dir='ltr'><strong>υ</strong></span> 
     </span>
    </p>
   </div>
   <div class='ocr_carea' id='block_1_59' title="bbox 613 5879 1444 5943">
    <p class='ocr_par' dir='ltr' id='par_1_59' title="bbox 613 5879 1444 5943">
     <span class='ocr_line' id='line_1_59' title="bbox 613 5879 1444 5943; baseline -0.007 -10"><span class='ocrx_word' id='word_1_448' title='bbox 613 5889 634 5918; x_wconf 79' lang='grc'><em>³</em></span> <span class='ocrx_word' id='word_1_449' title='bbox 657 5885 874 5934; x_wconf 62' lang='lat' dir='ltr'><strong>Nonnulli</strong></span> <span class='ocrx_word' id='word_1_450' title='bbox 899 5891 1026 5943; x_wconf 62' lang='lat' dir='ltr'><strong>Mss,</strong></span> <span class='ocrx_word' id='word_1_451' title='bbox 1049 5879 1325 5935; x_wconf 74' lang='lat' dir='ltr'><strong>tribulantes</strong></span> <span class='ocrx_word' id='word_1_452' title='bbox 1343 5891 1444 5930; x_wconf 77' lang='lat' dir='ltr'><strong>nos.</strong></span> 
     </span>
    </p>
   </div>
   <div class='ocr_carea' id='block_1_60' title="bbox 1781 455 2578 519">
    <p class='ocr_par' dir='ltr' id='par_1_60' title="bbox 1781 455 2578 519">
     <span class='ocr_line' id='line_1_60' title="bbox 1781 455 2578 519; baseline -0.011 -1"><span class='ocrx_word' id='word_1_453' title='bbox 1781 461 1837 519; x_wconf 77' lang='grc' dir='ltr'><strong>ὃ.</strong></span> <span class='ocrx_word' id='word_1_454' title='bbox 1877 457 2237 516; x_wconf 74' lang='lat' dir='ltr'><strong>AUGUSTINI</strong></span> <span class='ocrx_word' id='word_1_455' title='bbox 2279 455 2578 512; x_wconf 72' lang='lat' dir='ltr'><strong>El’iSCOPl</strong></span> 
     </span>
    </p>
   </div>
   <div class='ocr_carea' id='block_1_61' title="bbox 3702 459 3798 512">
    <p class='ocr_par' dir='ltr' id='par_1_61' title="bbox 3702 459 3798 512">
     <span class='ocr_line' id='line_1_61' title="bbox 3702 459 3798 512; baseline 0 0"><span class='ocrx_word' id='word_1_456' title='bbox 3702 459 3798 512; x_wconf 69' lang='lat' dir='ltr'><strong>72b</strong></span> 
     </span>
    </p>
   </div>
   <div class='ocr_carea' id='block_1_62' title="bbox 2233 557 3798 642">
    <p class='ocr_par' dir='ltr' id='par_1_62' title="bbox 2233 557 3798 642">
     <span class='ocr_line' id='line_1_62' title="bbox 2233 557 3798 642; baseline 0.002 -17"><span class='ocrx_word' id='word_1_457' title='bbox 2233 572 2387 635; x_wconf 68' lang='lat' dir='ltr'><strong>cado,</strong></span> <span class='ocrx_word' id='word_1_458' title='bbox 2417 582 2470 626; x_wconf 89' lang='lat' dir='ltr'><strong>et</strong></span> <span class='ocrx_word' id='word_1_459' title='bbox 2497 571 2730 625; x_wconf 83' lang='lat' dir='ltr'><strong>membra</strong></span> <span class='ocrx_word' id='word_1_460' title='bbox 2755 569 2927 623; x_wconf 87' lang='lat' dir='ltr'><strong>adhuc</strong></span> <span class='ocrx_word' id='word_1_461' title='bbox 2956 569 3197 624; x_wconf 83' lang='lat' dir='ltr'><strong>l..boraut</strong></span> <span class='ocrx_word' id='word_1_462' title='bbox 3224 570 3274 623; x_wconf 89' lang='lat' dir='ltr'><strong>in</strong></span> <span class='ocrx_word' id='word_1_463' title='bbox 3301 579 3439 624; x_wconf 87' lang='lat' dir='ltr'><strong>terra</strong></span> <span class='ocrx_word' id='word_1_464' title='bbox 3465 582 3550 628; x_wconf 88' lang='lat' dir='ltr'><strong>:ct</strong></span> <span class='ocrx_word' id='word_1_465' title='bbox 3577 573 3695 642; x_wconf 90' lang='lat' dir='ltr'><strong>quia</strong></span> <span class='ocrx_word' id='word_1_466' title='bbox 3724 557 3798 628; x_wconf 83' lang='lat' dir='ltr'><strong>la-</strong></span> 
     </span>
    </p>
   </div>
   <div class='ocr_carea' id='block_1_63' title="bbox 2231 662 3009 733">
    <p class='ocr_par' dir='ltr' id='par_1_63' title="bbox 2231 662 3009 733">
     <span class='ocr_line' id='line_1_63' title="bbox 2231 662 3009 733; baseline -0.008 -13"><span class='ocrx_word' id='word_1_467' title='bbox 2231 666 2435 728; x_wconf 87' lang='lat' dir='ltr'><strong>borant,</strong></span> <span class='ocrx_word' id='word_1_468' title='bbox 2463 665 2635 718; x_wconf 87' lang='lat' dir='ltr'><strong>videte</strong></span> <span class='ocrx_word' id='word_1_469' title='bbox 2664 662 2787 733; x_wconf 90' lang='lat' dir='ltr'><strong>quid</strong></span> <span class='ocrx_word' id='word_1_470' title='bbox 2813 663 3009 716; x_wconf 76' lang='lat' dir='ltr'><strong>dicat‘.</strong></span> 
     </span>
    </p>
   </div>
   <div class='ocr_carea' id='block_1_64' title="bbox 2302 751 3798 826">
    <p class='ocr_par' dir='ltr' id='par_1_64' title="bbox 2302 751 3798 826">
     <span class='ocr_line' id='line_1_64' title="bbox 2302 751 3798 826; baseline 0 -17"><span class='ocrx_word' id='word_1_471' title='bbox 2302 755 2357 809; x_wconf 77' lang='lat'><strong>‘2.</strong></span> <span class='ocrx_word' id='word_1_472' title='bbox 2386 754 2534 826; x_wconf 80' lang='lat' dir='ltr'><strong>[vers.</strong></span> <span class='ocrx_word' id='word_1_473' title='bbox 2564 752 2709 826; x_wconf 69' lang='lat'><strong>2-4.]</strong></span> <span class='ocrx_word' id='word_1_474' title='bbox 2748 753 2968 818; x_wconf 76' lang='lat' dir='ltr'><strong>Exaudi,</strong></span> <span class='ocrx_word' id='word_1_475' title='bbox 3015 751 3166 815; x_wconf 86' lang='lat' dir='ltr'><strong>Deus,</strong></span> <span class='ocrx_word' id='word_1_476' title='bbox 3203 752 3602 823; x_wconf 76' lang='lat' dir='ltr'><strong>deprecationem</strong></span> <span class='ocrx_word' id='word_1_477' title='bbox 3626 772 3798 821; x_wconf 89' lang='lat' dir='ltr'><strong>meam,</strong></span> 
     </span>
    </p>
   </div>
   <div class='ocr_carea' id='block_1_65' title="bbox 2234 841 3804 910">
    <p class='ocr_par' dir='ltr' id='par_1_65' title="bbox 2234 841 3804 910">
     <span class='ocr_line' id='line_1_65' title="bbox 2234 841 3804 910; baseline 0.003 -13"><span class='ocrx_word' id='word_1_478' title='bbox 2234 844 2434 898; x_wconf 89' lang='lat' dir='ltr'><strong>imende</strong></span> <span class='ocrx_word' id='word_1_479' title='bbox 2455 844 2673 896; x_wconf 89' lang='lat' dir='ltr'><strong>orationi</strong></span> <span class='ocrx_word' id='word_1_480' title='bbox 2697 859 2836 896; x_wconf 74' lang='lat' dir='ltr'><strong>mete.</strong></span> <span class='ocrx_word' id='word_1_481' title='bbox 2865 842 2993 908; x_wconf 89' lang='lat' dir='ltr'><strong>Quis</strong></span> <span class='ocrx_word' id='word_1_482' title='bbox 3023 841 3188 896; x_wconf 86' lang='lat' dir='ltr'><strong>dicit?</strong></span> <span class='ocrx_word' id='word_1_483' title='bbox 3209 841 3369 910; x_wconf 83' lang='lat' dir='ltr'><strong>Quasi</strong></span> <span class='ocrx_word' id='word_1_484' title='bbox 3408 859 3565 898; x_wconf 90' lang='lat' dir='ltr'><strong>unus.</strong></span> <span class='ocrx_word' id='word_1_485' title='bbox 3611 845 3738 900; x_wconf 81' lang='lat' dir='ltr'><strong>Vide</strong></span> <span class='ocrx_word' id='word_1_486' title='bbox 3762 850 3804 902; x_wconf 90' lang='lat' dir='ltr'><strong>si</strong></span> 
     </span>
    </p>
   </div>
   <div class='ocr_carea' id='block_1_66' title="bbox 2237 932 3806 1008">
    <p class='ocr_par' dir='ltr' id='par_1_66' title="bbox 2237 932 3806 1008">
     <span class='ocr_line' id='line_1_66' title="bbox 2237 932 3806 1008; baseline 0.001 -19"><span class='ocrx_word' id='word_1_487' title='bbox 2237 949 2372 989; x_wconf 89' lang='lat' dir='ltr'><strong>unus</strong></span> <span class='ocrx_word' id='word_1_488' title='bbox 2405 953 2418 989; x_wconf 90' lang='lat'><strong>:</strong></span> <span class='ocrx_word' id='word_1_489' title='bbox 2449 935 2490 987; x_wconf 85' lang='grc' dir='ltr'><em>Α</em></span> <span class='ocrx_word' id='word_1_490' title='bbox 2525 933 2710 1002; x_wconf 74' lang='lat' dir='ltr'><strong>ﬁnibus</strong></span> <span class='ocrx_word' id='word_1_491' title='bbox 2752 942 2898 987; x_wconf 67' lang='lat' dir='ltr'><strong>terra:</strong></span> <span class='ocrx_word' id='word_1_492' title='bbox 2937 932 3004 985; x_wconf 85' lang='lat' dir='ltr'><strong>ad</strong></span> <span class='ocrx_word' id='word_1_493' title='bbox 3043 942 3090 986; x_wconf 87' lang='lat' dir='ltr'><strong>te</strong></span> <span class='ocrx_word' id='word_1_494' title='bbox 3117 933 3351 999; x_wconf 78' lang='lat' dir='ltr'><strong>clamavi,</strong></span> <span class='ocrx_word' id='word_1_495' title='bbox 3383 935 3506 988; x_wconf 84' lang='lat' dir='ltr'><strong>dum</strong></span> <span class='ocrx_word' id='word_1_496' title='bbox 3550 949 3806 1008; x_wconf 82' lang='lat' dir='ltr'><strong>angeretur</strong></span> 
     </span>
    </p>
   </div>
   <div class='ocr_carea' id='block_1_67' title="bbox 2235 1023 3806 1096">
    <p class='ocr_par' dir='ltr' id='par_1_67' title="bbox 2235 1023 3806 1096">
     <span class='ocr_line' id='line_1_67' title="bbox 2235 1023 3806 1096; baseline 0.003 -19"><span class='ocrx_word' id='word_1_497' title='bbox 2235 1042 2322 1078; x_wconf 87' lang='lat' dir='ltr'><strong>cor</strong></span> <span class='ocrx_word' id='word_1_498' title='bbox 2361 1041 2545 1078; x_wconf 86' lang='lat' dir='ltr'><strong>meum.</strong></span> <span class='ocrx_word' id='word_1_499' title='bbox 2573 1023 2689 1078; x_wconf 87' lang='lat' dir='ltr'><strong>Jam</strong></span> <span class='ocrx_word' id='word_1_500' title='bbox 2720 1039 2846 1093; x_wconf 84' lang='lat' dir='ltr'><strong>ergo</strong></span> <span class='ocrx_word' id='word_1_501' title='bbox 2877 1039 2980 1078; x_wconf 91' lang='lat' dir='ltr'><strong>non</strong></span> <span class='ocrx_word' id='word_1_502' title='bbox 3013 1038 3178 1088; x_wconf 87' lang='lat' dir='ltr'><strong>unus;</strong></span> <span class='ocrx_word' id='word_1_503' title='bbox 3223 1025 3315 1078; x_wconf 89' lang='lat' dir='ltr'><strong>sed</strong></span> <span class='ocrx_word' id='word_1_504' title='bbox 3349 1023 3468 1079; x_wconf 89' lang='lat' dir='ltr'><strong>ideo</strong></span> <span class='ocrx_word' id='word_1_505' title='bbox 3493 1042 3648 1090; x_wconf 91' lang='lat' dir='ltr'><strong>unus,</strong></span> <span class='ocrx_word' id='word_1_506' title='bbox 3691 1029 3806 1096; x_wconf 84' lang='lat' dir='ltr'><strong>quia</strong></span> 
     </span>
    </p>
   </div>
   <div class='ocr_carea' id='block_1_68' title="bbox 2235 1113 3806 1184">
    <p class='ocr_par' dir='ltr' id='par_1_68' title="bbox 2235 1113 3806 1184">
     <span class='ocr_line' id='line_1_68' title="bbox 2235 1113 3806 1184; baseline 0.001 -14"><span class='ocrx_word' id='word_1_507' title='bbox 2235 1113 2480 1170; x_wconf 67' lang='lat' dir='ltr'><strong>Christus</strong></span> <span class='ocrx_word' id='word_1_508' title='bbox 2509 1129 2688 1180; x_wconf 91' lang='lat' dir='ltr'><strong>unus,</strong></span> <span class='ocrx_word' id='word_1_509' title='bbox 2739 1114 2890 1184; x_wconf 86' lang='lat' dir='ltr'><strong>cujus</strong></span> <span class='ocrx_word' id='word_1_510' title='bbox 2938 1129 3125 1168; x_wconf 91' lang='lat' dir='ltr'><strong>omnes</strong></span> <span class='ocrx_word' id='word_1_511' title='bbox 3167 1115 3405 1169; x_wconf 84' lang='lat' dir='ltr'><strong>membra</strong></span> <span class='ocrx_word' id='word_1_512' title='bbox 3451 1131 3654 1170; x_wconf 89' lang='lat' dir='ltr'><strong>sumus.</strong></span> <span class='ocrx_word' id='word_1_513' title='bbox 3683 1115 3806 1172; x_wconf 87' lang='lat' dir='ltr'><strong>Nam</strong></span> 
     </span>
    </p>
   </div>
   <div class='ocr_carea' id='block_1_69' title="bbox 2235 1204 3807 1276">
    <p class='ocr_par' dir='ltr' id='par_1_69' title="bbox 2235 1204 3807 1276">
     <span class='ocr_line' id='line_1_69' title="bbox 2235 1204 3807 1276; baseline 0.002 -16"><span class='ocrx_word' id='word_1_514' title='bbox 2235 1207 2357 1276; x_wconf 90' lang='lat' dir='ltr'><strong>quis</strong></span> <span class='ocrx_word' id='word_1_515' title='bbox 2380 1221 2514 1261; x_wconf 90' lang='lat' dir='ltr'><strong>unus</strong></span> <span class='ocrx_word' id='word_1_516' title='bbox 2543 1204 2704 1260; x_wconf 90' lang='lat' dir='ltr'><strong>homo</strong></span> <span class='ocrx_word' id='word_1_517' title='bbox 2743 1205 2939 1259; x_wconf 86' lang='lat' dir='ltr'><strong>clamat</strong></span> <span class='ocrx_word' id='word_1_518' title='bbox 2964 1220 2994 1259; x_wconf 89' lang='lat' dir='ltr'><strong>a</strong></span> <span class='ocrx_word' id='word_1_519' title='bbox 3037 1205 3230 1260; x_wconf 89' lang='lat' dir='ltr'><strong>ﬁnibus</strong></span> <span class='ocrx_word' id='word_1_520' title='bbox 3257 1207 3453 1261; x_wconf 66' lang='lat' dir='ltr'><strong>terra}?</strong></span> <span class='ocrx_word' id='word_1_521' title='bbox 3479 1207 3594 1263; x_wconf 85' lang='lat' dir='ltr'><strong>Non</strong></span> <span class='ocrx_word' id='word_1_522' title='bbox 3623 1209 3807 1264; x_wconf 86' lang='lat' dir='ltr'><strong>clamat</strong></span> 
     </span>
    </p>
   </div>
   <div class='ocr_carea' id='block_1_70' title="bbox 2235 1294 3806 1368">
    <p class='ocr_par' dir='ltr' id='par_1_70' title="bbox 2235 1294 3806 1368">
     <span class='ocr_line' id='line_1_70' title="bbox 2235 1294 3806 1368; baseline 0.004 -21"><span class='ocrx_word' id='word_1_523' title='bbox 2235 1312 2262 1347; x_wconf 74' lang='grc' dir='ltr'>ει</span> <span class='ocrx_word' id='word_1_524' title='bbox 2295 1295 2487 1350; x_wconf 90' lang='lat' dir='ltr'><strong>ﬁnibus</strong></span> <span class='ocrx_word' id='word_1_525' title='bbox 2533 1305 2690 1350; x_wconf 70' lang='lat' dir='ltr'><strong>terra:</strong></span> <span class='ocrx_word' id='word_1_526' title='bbox 2716 1335 2729 1355; x_wconf 89' lang='lat'><strong>.</strong></span> <span class='ocrx_word' id='word_1_527' title='bbox 2765 1295 2863 1348; x_wconf 89' lang='lat' dir='ltr'><strong>nisi</strong></span> <span class='ocrx_word' id='word_1_528' title='bbox 2911 1294 3192 1350; x_wconf 70' lang='lat' dir='ltr'><strong>limreditas</strong></span> <span class='ocrx_word' id='word_1_529' title='bbox 3223 1296 3309 1350; x_wconf 89' lang='lat' dir='ltr'><strong>illa</strong></span> <span class='ocrx_word' id='word_1_530' title='bbox 3335 1339 3350 1362; x_wconf 91' lang='lat'><strong>,</strong></span> <span class='ocrx_word' id='word_1_531' title='bbox 3391 1295 3458 1351; x_wconf 87' lang='lat' dir='ltr'><strong>de</strong></span> <span class='ocrx_word' id='word_1_532' title='bbox 3487 1313 3588 1368; x_wconf 91' lang='lat' dir='ltr'><strong>qua</strong></span> <span class='ocrx_word' id='word_1_533' title='bbox 3617 1298 3806 1355; x_wconf 86' lang='lat' dir='ltr'><strong>dictum</strong></span> 
     </span>
    </p>
   </div>
   <div class='ocr_carea' id='block_1_71' title="bbox 2237 1385 3806 1460">
    <p class='ocr_par' dir='ltr' id='par_1_71' title="bbox 2237 1385 3806 1460">
     <span class='ocr_line' id='line_1_71' title="bbox 2237 1385 3806 1460; baseline 0.004 -21"><span class='ocrx_word' id='word_1_534' title='bbox 2237 1395 2318 1440; x_wconf 88' lang='lat' dir='ltr'><strong>est</strong></span> <span class='ocrx_word' id='word_1_535' title='bbox 2347 1385 2444 1455; x_wconf 91' lang='lat' dir='ltr'><strong>ipsi</strong></span> <span class='ocrx_word' id='word_1_536' title='bbox 2475 1385 2613 1440; x_wconf 86' lang='lat' dir='ltr'><strong>Filio</strong></span> <span class='ocrx_word' id='word_1_537' title='bbox 2641 1404 2654 1440; x_wconf 87' lang='lat'><strong>:</strong></span> <span class='ocrx_word' id='word_1_538' title='bbox 2699 1385 2916 1440; x_wconf 85' lang='lat' dir='ltr'><strong>Postulo</strong></span> <span class='ocrx_word' id='word_1_539' title='bbox 2955 1402 2986 1438; x_wconf 92' lang='lat' dir='ltr'><strong>a</strong></span> <span class='ocrx_word' id='word_1_540' title='bbox 3016 1403 3115 1450; x_wconf 86' lang='lat' dir='ltr'><strong>me,</strong></span> <span class='ocrx_word' id='word_1_541' title='bbox 3138 1397 3184 1440; x_wconf 89' lang='lat' dir='ltr'><strong>et</strong></span> <span class='ocrx_word' id='word_1_542' title='bbox 3213 1387 3342 1441; x_wconf 82' lang='lat' dir='ltr'><strong>dabo</strong></span> <span class='ocrx_word' id='word_1_543' title='bbox 3368 1389 3455 1442; x_wconf 87' lang='lat' dir='ltr'><strong>tibi</strong></span> <span class='ocrx_word' id='word_1_544' title='bbox 3480 1399 3649 1460; x_wconf 80' lang='lat' dir='ltr'><strong>gentes</strong></span> <span class='ocrx_word' id='word_1_545' title='bbox 3669 1392 3806 1446; x_wconf 74' lang='lat' dir='ltr'><strong>hatre-</strong></span> 
     </span>
    </p>
   </div>
   <div class='ocr_carea' id='block_1_72' title="bbox 2237 1477 3806 1551">
    <p class='ocr_par' dir='ltr' id='par_1_72' title="bbox 2237 1477 3806 1551">
     <span class='ocr_line' id='line_1_72' title="bbox 2237 1477 3806 1551; baseline 0.006 -23"><span class='ocrx_word' id='word_1_546' title='bbox 2237 1477 2440 1529; x_wconf 81' lang='lat' dir='ltr'><strong>tlitatem</strong></span> <span class='ocrx_word' id='word_1_547' title='bbox 2461 1484 2618 1541; x_wconf 87' lang='lat' dir='ltr'><strong>tuam,</strong></span> <span class='ocrx_word' id='word_1_548' title='bbox 2639 1477 3048 1546; x_wconf 83' lang='lat' dir='ltr'><strong>ctposscssionem</strong></span> <span class='ocrx_word' id='word_1_549' title='bbox 3070 1487 3205 1530; x_wconf 87' lang='lat' dir='ltr'><strong>tuum</strong></span> <span class='ocrx_word' id='word_1_550' title='bbox 3228 1480 3461 1534; x_wconf 87' lang='lat' dir='ltr'><strong>terminos</strong></span> <span class='ocrx_word' id='word_1_551' title='bbox 3481 1490 3628 1535; x_wconf 67' lang='lat' dir='ltr'><strong>terna</strong></span> <span class='ocrx_word' id='word_1_552' title='bbox 3647 1481 3806 1551; x_wconf 68' lang='lat' dir='ltr'><strong>(Paul.</strong></span> 
     </span>
    </p>
   </div>
   <div class='ocr_carea' id='block_1_73' title="bbox 2239 1563 3808 1637">
    <p class='ocr_par' dir='ltr' id='par_1_73' title="bbox 2239 1563 3808 1637">
     <span class='ocr_line' id='line_1_73' title="bbox 2239 1563 3808 1637; baseline 0.006 -18"><span class='ocrx_word' id='word_1_553' title='bbox 2239 1582 2293 1628; x_wconf 84' lang='grc' dir='ltr'>ιι,</span> <span class='ocrx_word' id='word_1_554' title='bbox 2320 1564 2395 1637; x_wconf 89' lang='grc'><strong>8).</strong></span> <span class='ocrx_word' id='word_1_555' title='bbox 2429 1565 2552 1622; x_wconf 70' lang='lat' dir='ltr'><strong>Hzec</strong></span> <span class='ocrx_word' id='word_1_556' title='bbox 2581 1581 2708 1636; x_wconf 87' lang='lat' dir='ltr'><strong>ergo</strong></span> <span class='ocrx_word' id='word_1_557' title='bbox 2739 1563 2936 1621; x_wconf 87' lang='lat' dir='ltr'><strong>Christi</strong></span> <span class='ocrx_word' id='word_1_558' title='bbox 2965 1569 3252 1637; x_wconf 88' lang='lat' dir='ltr'><strong>possessio,</strong></span> <span class='ocrx_word' id='word_1_559' title='bbox 3283 1569 3394 1624; x_wconf 87' lang='lat' dir='ltr'><strong>ha-c</strong></span> <span class='ocrx_word' id='word_1_560' title='bbox 3422 1569 3618 1625; x_wconf 89' lang='lat' dir='ltr'><strong>Christi</strong></span> <span class='ocrx_word' id='word_1_561' title='bbox 3645 1571 3808 1628; x_wconf 76' lang='lat' dir='ltr'><strong>lucre-</strong></span> 
     </span>
    </p>
   </div>
   <div class='ocr_carea' id='block_1_74' title="bbox 2241 1655 3808 1728">
    <p class='ocr_par' dir='ltr' id='par_1_74' title="bbox 2241 1655 3808 1728">
     <span class='ocr_line' id='line_1_74' title="bbox 2241 1655 3808 1728; baseline 0.006 -20"><span class='ocrx_word' id='word_1_562' title='bbox 2241 1655 2400 1722; x_wconf 86' lang='lat' dir='ltr'><strong>ditas,</strong></span> <span class='ocrx_word' id='word_1_563' title='bbox 2448 1656 2550 1711; x_wconf 89' lang='lat' dir='ltr'><strong>hoc</strong></span> <span class='ocrx_word' id='word_1_564' title='bbox 2580 1657 2777 1712; x_wconf 87' lang='lat' dir='ltr'><strong>Christi</strong></span> <span class='ocrx_word' id='word_1_565' title='bbox 2809 1673 3024 1726; x_wconf 88' lang='lat' dir='ltr'><strong>corpus,</strong></span> <span class='ocrx_word' id='word_1_566' title='bbox 3056 1659 3169 1715; x_wconf 63' lang='lat' dir='ltr'><strong>hate</strong></span> <span class='ocrx_word' id='word_1_567' title='bbox 3195 1675 3299 1714; x_wconf 90' lang='lat' dir='ltr'><strong>uua</strong></span> <span class='ocrx_word' id='word_1_568' title='bbox 3329 1659 3526 1716; x_wconf 85' lang='lat' dir='ltr'><strong>Christi</strong></span> <span class='ocrx_word' id='word_1_569' title='bbox 3560 1662 3808 1728; x_wconf 83' lang='lat' dir='ltr'><strong>Ecclesia,</strong></span> 
     </span>
    </p>
   </div>
   <div class='ocr_carea' id='block_1_75' title="bbox 2241 1746 3807 1817">
    <p class='ocr_par' dir='ltr' id='par_1_75' title="bbox 2241 1746 3807 1817">
     <span class='ocr_line' id='line_1_75' title="bbox 2241 1746 3807 1817; baseline 0.006 -19"><span class='ocrx_word' id='word_1_570' title='bbox 2241 1746 2355 1799; x_wconf 70' lang='lat' dir='ltr'><strong>haec</strong></span> <span class='ocrx_word' id='word_1_571' title='bbox 2380 1746 2556 1801; x_wconf 86' lang='lat' dir='ltr'><strong>unitas</strong></span> <span class='ocrx_word' id='word_1_572' title='bbox 2595 1762 2712 1817; x_wconf 67' lang='lat' dir='ltr'><strong>qua:</strong></span> <span class='ocrx_word' id='word_1_573' title='bbox 2753 1762 2850 1802; x_wconf 89' lang='lat' dir='ltr'><strong>nos</strong></span> <span class='ocrx_word' id='word_1_574' title='bbox 2890 1763 3106 1812; x_wconf 89' lang='lat' dir='ltr'><strong>sumus,</strong></span> <span class='ocrx_word' id='word_1_575' title='bbox 3135 1749 3324 1804; x_wconf 90' lang='lat' dir='ltr'><strong>clamat</strong></span> <span class='ocrx_word' id='word_1_576' title='bbox 3369 1766 3396 1802; x_wconf 89' lang='lat' dir='ltr'><strong>a</strong></span> <span class='ocrx_word' id='word_1_577' title='bbox 3427 1751 3621 1807; x_wconf 91' lang='lat' dir='ltr'><strong>ﬁnibus</strong></span> <span class='ocrx_word' id='word_1_578' title='bbox 3645 1761 3807 1808; x_wconf 57' lang='lat' dir='ltr'><strong>terrai.</strong></span> 
     </span>
    </p>
   </div>
   <div class='ocr_carea' id='block_1_76' title="bbox 2240 1837 3806 1913">
    <p class='ocr_par' dir='ltr' id='par_1_76' title="bbox 2240 1837 3806 1913">
     <span class='ocr_line' id='line_1_76' title="bbox 2240 1837 3806 1913; baseline 0.007 -23"><span class='ocrx_word' id='word_1_579' title='bbox 2240 1837 2373 1903; x_wconf 83' lang='lat' dir='ltr'><strong>Quid</strong></span> <span class='ocrx_word' id='word_1_580' title='bbox 2411 1847 2586 1892; x_wconf 89' lang='lat' dir='ltr'><strong>autem</strong></span> <span class='ocrx_word' id='word_1_581' title='bbox 2609 1839 2840 1894; x_wconf 85' lang='lat' dir='ltr'><strong>clamat?</strong></span> <span class='ocrx_word' id='word_1_582' title='bbox 2863 1839 3014 1906; x_wconf 90' lang='lat' dir='ltr'><strong>Quod</strong></span> <span class='ocrx_word' id='word_1_583' title='bbox 3049 1855 3206 1910; x_wconf 90' lang='lat' dir='ltr'><strong>supra</strong></span> <span class='ocrx_word' id='word_1_584' title='bbox 3235 1840 3363 1908; x_wconf 74' lang='lat' dir='ltr'><strong>dixi,</strong></span> <span class='ocrx_word' id='word_1_585' title='bbox 3396 1841 3626 1909; x_wconf 73' lang='lat' dir='ltr'><strong>Exaudi,</strong></span> <span class='ocrx_word' id='word_1_586' title='bbox 3655 1845 3806 1913; x_wconf 83' lang='lat' dir='ltr'><strong>Deus,</strong></span> 
     </span>
    </p>
   </div>
   <div class='ocr_carea' id='block_1_77' title="bbox 2241 1930 3812 2008">
    <p class='ocr_par' dir='ltr' id='par_1_77' title="bbox 2241 1930 3812 2008">
     <span class='ocr_line' id='line_1_77' title="bbox 2241 1930 3812 2008; baseline 0.006 -25"><span class='ocrx_word' id='word_1_587' title='bbox 2241 1930 2639 2000; x_wconf 86' lang='lat' dir='ltr'><strong>deprecationem</strong></span> <span class='ocrx_word' id='word_1_588' title='bbox 2667 1948 2859 1996; x_wconf 88' lang='lat' dir='ltr'><strong>meam,</strong></span> <span class='ocrx_word' id='word_1_589' title='bbox 2895 1932 3097 1986; x_wconf 82' lang='lat' dir='ltr'><strong>intende</strong></span> <span class='ocrx_word' id='word_1_590' title='bbox 3123 1934 3337 1986; x_wconf 87' lang='lat' dir='ltr'><strong>orationi</strong></span> <span class='ocrx_word' id='word_1_591' title='bbox 3379 1951 3503 1989; x_wconf 65' lang='lat' dir='ltr'><strong>met:</strong></span> <span class='ocrx_word' id='word_1_592' title='bbox 3527 1953 3546 1990; x_wconf 87' lang='lat'><em>:</em></span> <span class='ocrx_word' id='word_1_593' title='bbox 3575 1953 3609 1990; x_wconf 86' lang='grc' dir='ltr'><em>α</em></span> <span class='ocrx_word' id='word_1_594' title='bbox 3640 1938 3812 2008; x_wconf 79' lang='lat' dir='ltr'><strong>ﬁnibus</strong></span> 
     </span>
    </p>
   </div>
   <div class='ocr_carea' id='block_1_78' title="bbox 2243 2021 3810 2098">
    <p class='ocr_par' dir='ltr' id='par_1_78' title="bbox 2243 2021 3810 2098">
     <span class='ocr_line' id='line_1_78' title="bbox 2243 2021 3810 2098; baseline 0.006 -26"><span class='ocrx_word' id='word_1_595' title='bbox 2243 2030 2389 2076; x_wconf 71' lang='lat' dir='ltr'><strong>terra:</strong></span> <span class='ocrx_word' id='word_1_596' title='bbox 2414 2021 2481 2073; x_wconf 84' lang='lat' dir='ltr'><strong>ad</strong></span> <span class='ocrx_word' id='word_1_597' title='bbox 2504 2031 2552 2074; x_wconf 88' lang='lat' dir='ltr'><strong>te</strong></span> <span class='ocrx_word' id='word_1_598' title='bbox 2574 2021 2806 2076; x_wconf 84' lang='lat' dir='ltr'><strong>clamavi.</strong></span> <span class='ocrx_word' id='word_1_599' title='bbox 2840 2023 2894 2077; x_wconf 85' lang='lat' dir='ltr'><strong>Id</strong></span> <span class='ocrx_word' id='word_1_600' title='bbox 2922 2032 3023 2089; x_wconf 87' lang='lat' dir='ltr'><strong>est,</strong></span> <span class='ocrx_word' id='word_1_601' title='bbox 3052 2022 3152 2078; x_wconf 87' lang='lat' dir='ltr'><strong>hoc</strong></span> <span class='ocrx_word' id='word_1_602' title='bbox 3180 2023 3246 2077; x_wconf 89' lang='lat' dir='ltr'><strong>ad</strong></span> <span class='ocrx_word' id='word_1_603' title='bbox 3276 2033 3326 2080; x_wconf 87' lang='lat' dir='ltr'><strong>te</strong></span> <span class='ocrx_word' id='word_1_604' title='bbox 3348 2024 3568 2081; x_wconf 79' lang='lat' dir='ltr'><strong>clamavi</strong></span> <span class='ocrx_word' id='word_1_605' title='bbox 3604 2047 3616 2079; x_wconf 88' lang='lat'><strong>:</strong></span> <span class='ocrx_word' id='word_1_606' title='bbox 3645 2045 3676 2081; x_wconf 87' lang='lat' dir='ltr'><strong>a</strong></span> <span class='ocrx_word' id='word_1_607' title='bbox 3699 2030 3810 2098; x_wconf 77' lang='lat' dir='ltr'><strong>ﬁni-</strong></span> 
     </span>
    </p>
   </div>
   <div class='ocr_carea' id='block_1_79' title="bbox 2241 2109 3029 2184">
    <p class='ocr_par' dir='ltr' id='par_1_79' title="bbox 2241 2109 3029 2184">
     <span class='ocr_line' id='line_1_79' title="bbox 2241 2109 3029 2184; baseline 0.005 -21"><span class='ocrx_word' id='word_1_608' title='bbox 2241 2109 2330 2164; x_wconf 80' lang='lat' dir='ltr'><strong>bus</strong></span> <span class='ocrx_word' id='word_1_609' title='bbox 2355 2121 2499 2165; x_wconf 71' lang='lat' dir='ltr'><strong>terrm</strong></span> <span class='ocrx_word' id='word_1_610' title='bbox 2525 2127 2544 2166; x_wconf 93' lang='lat'><em>:</em></span> <span class='ocrx_word' id='word_1_611' title='bbox 2566 2112 2614 2166; x_wconf 93' lang='lat' dir='ltr'><strong>id</strong></span> <span class='ocrx_word' id='word_1_612' title='bbox 2644 2123 2744 2176; x_wconf 91' lang='lat' dir='ltr'><strong>est,</strong></span> <span class='ocrx_word' id='word_1_613' title='bbox 2777 2113 3029 2184; x_wconf 82' lang='lat' dir='ltr'><strong>undique.</strong></span> 
     </span>
    </p>
   </div>
   <div class='ocr_carea' id='block_1_80' title="bbox 2314 2201 3810 2279">
    <p class='ocr_par' dir='ltr' id='par_1_80' title="bbox 2314 2201 3810 2279">
     <span class='ocr_line' id='line_1_80' title="bbox 2314 2201 3810 2279; baseline 0.006 -23"><span class='ocrx_word' id='word_1_614' title='bbox 2314 2202 2367 2256; x_wconf 82' lang='grc'><strong>5.</strong></span> <span class='ocrx_word' id='word_1_615' title='bbox 2387 2201 2492 2256; x_wconf 91' lang='lat' dir='ltr'><strong>Sed</strong></span> <span class='ocrx_word' id='word_1_616' title='bbox 2513 2219 2674 2273; x_wconf 86' lang='lat' dir='ltr'><strong>quare</strong></span> <span class='ocrx_word' id='word_1_617' title='bbox 2691 2204 2914 2259; x_wconf 85' lang='lat' dir='ltr'><strong>clamavi</strong></span> <span class='ocrx_word' id='word_1_618' title='bbox 2932 2205 3065 2260; x_wconf 86' lang='lat' dir='ltr'><strong>hoc?</strong></span> <span class='ocrx_word' id='word_1_619' title='bbox 3089 2204 3218 2260; x_wconf 83' lang='lat' dir='ltr'><strong>Dum</strong></span> <span class='ocrx_word' id='word_1_620' title='bbox 3240 2218 3509 2279; x_wconf 83' lang='lat' dir='ltr'><strong>angeretur</strong></span> <span class='ocrx_word' id='word_1_621' title='bbox 3529 2225 3616 2264; x_wconf 88' lang='lat' dir='ltr'><strong>cor</strong></span> <span class='ocrx_word' id='word_1_622' title='bbox 3635 2228 3810 2265; x_wconf 83' lang='lat' dir='ltr'><strong>meum.</strong></span> 
     </span>
    </p>
   </div>
   <div class='ocr_carea' id='block_1_81' title="bbox 2243 2293 3812 2368">
    <p class='ocr_par' dir='ltr' id='par_1_81' title="bbox 2243 2293 3812 2368">
     <span class='ocr_line' id='line_1_81' title="bbox 2243 2293 3812 2368; baseline 0.006 -22"><span class='ocrx_word' id='word_1_623' title='bbox 2243 2293 2487 2348; x_wconf 82' lang='lat' dir='ltr'><strong>Ostendit</strong></span> <span class='ocrx_word' id='word_1_624' title='bbox 2529 2309 2589 2350; x_wconf 88' lang='lat' dir='ltr'><strong>se</strong></span> <span class='ocrx_word' id='word_1_625' title='bbox 2629 2310 2749 2350; x_wconf 86' lang='lat' dir='ltr'><strong>esse</strong></span> <span class='ocrx_word' id='word_1_626' title='bbox 2780 2311 2873 2365; x_wconf 83' lang='lat' dir='ltr'><strong>per</strong></span> <span class='ocrx_word' id='word_1_627' title='bbox 2899 2310 3085 2350; x_wconf 91' lang='lat' dir='ltr'><strong>omnes</strong></span> <span class='ocrx_word' id='word_1_628' title='bbox 3113 2307 3304 2368; x_wconf 81' lang='lat' dir='ltr'><strong>gentes</strong></span> <span class='ocrx_word' id='word_1_629' title='bbox 3341 2307 3451 2354; x_wconf 89' lang='lat' dir='ltr'><strong>toto</strong></span> <span class='ocrx_word' id='word_1_630' title='bbox 3479 2299 3612 2356; x_wconf 87' lang='lat' dir='ltr'><strong>orbe</strong></span> <span class='ocrx_word' id='word_1_631' title='bbox 3653 2310 3812 2356; x_wconf 53' lang='lat' dir='ltr'><strong>terra-</strong></span> 
     </span>
    </p>
   </div>
   <div class='ocr_carea' id='block_1_82' title="bbox 2244 2385 3814 2458">
    <p class='ocr_par' dir='ltr' id='par_1_82' title="bbox 2244 2385 3814 2458">
     <span class='ocr_line' id='line_1_82' title="bbox 2244 2385 3814 2458; baseline 0.006 -21"><span class='ocrx_word' id='word_1_632' title='bbox 2244 2399 2360 2437; x_wconf 90' lang='lat' dir='ltr'><strong>rum</strong></span> <span class='ocrx_word' id='word_1_633' title='bbox 2385 2386 2405 2415; x_wconf 80' lang='grc'>³</span> <span class='ocrx_word' id='word_1_634' title='bbox 2429 2385 2478 2438; x_wconf 92' lang='lat' dir='ltr'><strong>in</strong></span> <span class='ocrx_word' id='word_1_635' title='bbox 2507 2399 2693 2455; x_wconf 82' lang='lat' dir='ltr'><strong>magna</strong></span> <span class='ocrx_word' id='word_1_636' title='bbox 2716 2385 2903 2455; x_wconf 85' lang='lat' dir='ltr'><strong>gloria,</strong></span> <span class='ocrx_word' id='word_1_637' title='bbox 2924 2386 3017 2441; x_wconf 90' lang='lat' dir='ltr'><strong>sed</strong></span> <span class='ocrx_word' id='word_1_638' title='bbox 3039 2386 3091 2441; x_wconf 89' lang='lat' dir='ltr'><strong>in</strong></span> <span class='ocrx_word' id='word_1_639' title='bbox 3120 2403 3308 2458; x_wconf 87' lang='lat' dir='ltr'><strong>magna</strong></span> <span class='ocrx_word' id='word_1_640' title='bbox 3331 2392 3641 2446; x_wconf 88' lang='lat' dir='ltr'><strong>tcntatione.</strong></span> <span class='ocrx_word' id='word_1_641' title='bbox 3660 2391 3814 2447; x_wconf 84' lang='lat' dir='ltr'><strong>Nam-</strong></span> 
     </span>
    </p>
   </div>
   <div class='ocr_carea' id='block_1_83' title="bbox 2245 2476 3813 2552">
    <p class='ocr_par' dir='ltr' id='par_1_83' title="bbox 2245 2476 3813 2552">
     <span class='ocr_line' id='line_1_83' title="bbox 2245 2476 3813 2552; baseline 0.008 -24"><span class='ocrx_word' id='word_1_642' title='bbox 2245 2491 2347 2544; x_wconf 91' lang='lat' dir='ltr'><strong>que</strong></span> <span class='ocrx_word' id='word_1_643' title='bbox 2367 2476 2470 2529; x_wconf 75' lang='lat' dir='ltr'><strong>vita</strong></span> <span class='ocrx_word' id='word_1_644' title='bbox 2503 2484 2684 2530; x_wconf 89' lang='lat' dir='ltr'><strong>nostra</strong></span> <span class='ocrx_word' id='word_1_645' title='bbox 2717 2477 2767 2531; x_wconf 92' lang='lat' dir='ltr'><strong>in</strong></span> <span class='ocrx_word' id='word_1_646' title='bbox 2799 2477 2899 2532; x_wconf 86' lang='lat' dir='ltr'><strong>hac</strong></span> <span class='ocrx_word' id='word_1_647' title='bbox 2924 2479 3354 2549; x_wconf 87' lang='lat' dir='ltr'><strong>peregrinatione</strong></span> <span class='ocrx_word' id='word_1_648' title='bbox 3384 2497 3487 2536; x_wconf 88' lang='lat' dir='ltr'><strong>non</strong></span> <span class='ocrx_word' id='word_1_649' title='bbox 3516 2492 3682 2552; x_wconf 88' lang='lat' dir='ltr'><strong>potest</strong></span> <span class='ocrx_word' id='word_1_650' title='bbox 3700 2498 3813 2540; x_wconf 85' lang='lat' dir='ltr'><strong>esse</strong></span> 
     </span>
    </p>
   </div>
   <div class='ocr_carea' id='block_1_84' title="bbox 2245 2565 3814 2642">
    <p class='ocr_par' dir='ltr' id='par_1_84' title="bbox 2245 2565 3814 2642">
     <span class='ocr_line' id='line_1_84' title="bbox 2245 2565 3814 2642; baseline 0.008 -26"><span class='ocrx_word' id='word_1_651' title='bbox 2245 2565 2361 2619; x_wconf 90' lang='lat' dir='ltr'><strong>sine</strong></span> <span class='ocrx_word' id='word_1_652' title='bbox 2403 2565 2692 2621; x_wconf 88' lang='lat' dir='ltr'><strong>tentatione</strong></span> <span class='ocrx_word' id='word_1_653' title='bbox 2731 2585 2745 2621; x_wconf 89' lang='lat'><strong>:</strong></span> <span class='ocrx_word' id='word_1_654' title='bbox 2787 2568 2906 2636; x_wconf 89' lang='lat' dir='ltr'><strong>quia</strong></span> <span class='ocrx_word' id='word_1_655' title='bbox 2939 2578 3218 2637; x_wconf 90' lang='lat' dir='ltr'><strong>provectus</strong></span> <span class='ocrx_word' id='word_1_656' title='bbox 3245 2582 3427 2626; x_wconf 89' lang='lat' dir='ltr'><strong>noster</strong></span> <span class='ocrx_word' id='word_1_657' title='bbox 3453 2587 3547 2642; x_wconf 87' lang='lat' dir='ltr'><strong>per</strong></span> <span class='ocrx_word' id='word_1_658' title='bbox 3575 2574 3814 2628; x_wconf 79' lang='lat' dir='ltr'><strong>tcntatio-</strong></span> 
     </span>
    </p>
   </div>
   <div class='ocr_carea' id='block_1_85' title="bbox 2248 2651 3813 2730">
    <p class='ocr_par' dir='ltr' id='par_1_85' title="bbox 2248 2651 3813 2730">
     <span class='ocr_line' id='line_1_85' title="bbox 2248 2651 3813 2730; baseline 0.007 -20"><span class='ocrx_word' id='word_1_659' title='bbox 2248 2673 2368 2712; x_wconf 89' lang='lat' dir='ltr'><strong>nein</strong></span> <span class='ocrx_word' id='word_1_660' title='bbox 2399 2666 2636 2712; x_wconf 87' lang='lat' dir='ltr'><strong>nostram</strong></span> <span class='ocrx_word' id='word_1_661' title='bbox 2661 2660 2737 2725; x_wconf 86' lang='lat' dir='ltr'><strong>tit,</strong></span> <span class='ocrx_word' id='word_1_662' title='bbox 2773 2651 2877 2714; x_wconf 3' lang='lat' dir='ltr'><strong>nec?</strong></span> <span class='ocrx_word' id='word_1_663' title='bbox 2901 2660 3001 2715; x_wconf 88' lang='lat' dir='ltr'><strong>sibi</strong></span> <span class='ocrx_word' id='word_1_664' title='bbox 3030 2661 3254 2730; x_wconf 89' lang='lat' dir='ltr'><strong>quisque</strong></span> <span class='ocrx_word' id='word_1_665' title='bbox 3276 2663 3557 2719; x_wconf 90' lang='lat' dir='ltr'><strong>innotescit</strong></span> <span class='ocrx_word' id='word_1_666' title='bbox 3586 2666 3683 2721; x_wconf 92' lang='lat' dir='ltr'><strong>nisi</strong></span> <span class='ocrx_word' id='word_1_667' title='bbox 3712 2679 3813 2721; x_wconf 59' lang='lat' dir='ltr'><strong>tene</strong></span> 
     </span>
    </p>
   </div>
   <div class='ocr_carea' id='block_1_86' title="bbox 2247 2755 3815 2828">
    <p class='ocr_par' dir='ltr' id='par_1_86' title="bbox 2247 2755 3815 2828">
     <span class='ocr_line' id='line_1_86' title="bbox 2247 2755 3815 2828; baseline 0.006 -24"><span class='ocrx_word' id='word_1_668' title='bbox 2247 2758 2388 2805; x_wconf 87' lang='lat' dir='ltr'><strong>tatus</strong></span> <span class='ocrx_word' id='word_1_669' title='bbox 2414 2791 2428 2817; x_wconf 89' lang='lat'><strong>,</strong></span> <span class='ocrx_word' id='word_1_670' title='bbox 2461 2768 2559 2806; x_wconf 85' lang='lat' dir='ltr'><strong>nec</strong></span> <span class='ocrx_word' id='word_1_671' title='bbox 2599 2761 2770 2821; x_wconf 88' lang='lat' dir='ltr'><strong>potest</strong></span> <span class='ocrx_word' id='word_1_672' title='bbox 2816 2755 3062 2808; x_wconf 88' lang='lat' dir='ltr'><strong>coronari</strong></span> <span class='ocrx_word' id='word_1_673' title='bbox 3110 2755 3210 2808; x_wconf 89' lang='lat' dir='ltr'><strong>nisi</strong></span> <span class='ocrx_word' id='word_1_674' title='bbox 3257 2755 3478 2819; x_wconf 90' lang='lat' dir='ltr'><strong>vicerit,</strong></span> <span class='ocrx_word' id='word_1_675' title='bbox 3516 2772 3614 2812; x_wconf 90' lang='lat' dir='ltr'><strong>nec</strong></span> <span class='ocrx_word' id='word_1_676' title='bbox 3659 2767 3815 2828; x_wconf 88' lang='lat' dir='ltr'><strong>potest</strong></span> 
     </span>
    </p>
   </div>
   <div class='ocr_carea' id='block_1_87' title="bbox 2249 2844 3815 2915">
    <p class='ocr_par' dir='ltr' id='par_1_87' title="bbox 2249 2844 3815 2915">
     <span class='ocr_line' id='line_1_87' title="bbox 2249 2844 3815 2915; baseline 0.007 -20"><span class='ocrx_word' id='word_1_677' title='bbox 2249 2844 2460 2898; x_wconf 84' lang='lat' dir='ltr'><strong>vincere</strong></span> <span class='ocrx_word' id='word_1_678' title='bbox 2488 2844 2585 2899; x_wconf 92' lang='lat' dir='ltr'><strong>nisi</strong></span> <span class='ocrx_word' id='word_1_679' title='bbox 2613 2845 2916 2909; x_wconf 89' lang='lat' dir='ltr'><strong>certaverit,</strong></span> <span class='ocrx_word' id='word_1_680' title='bbox 2951 2862 3048 2901; x_wconf 89' lang='lat' dir='ltr'><strong>nec</strong></span> <span class='ocrx_word' id='word_1_681' title='bbox 3079 2857 3255 2915; x_wconf 90' lang='lat' dir='ltr'><strong>potest</strong></span> <span class='ocrx_word' id='word_1_682' title='bbox 3283 2858 3488 2904; x_wconf 90' lang='lat' dir='ltr'><strong>certare</strong></span> <span class='ocrx_word' id='word_1_683' title='bbox 3520 2851 3622 2906; x_wconf 90' lang='lat' dir='ltr'><strong>nisi</strong></span> <span class='ocrx_word' id='word_1_684' title='bbox 3649 2851 3815 2915; x_wconf 85' lang='lat' dir='ltr'><strong>inimi-</strong></span> 
     </span>
    </p>
   </div>
   <div class='ocr_carea' id='block_1_88' title="bbox 2247 2937 3816 3012">
    <p class='ocr_par' dir='ltr' id='par_1_88' title="bbox 2247 2937 3816 3012">
     <span class='ocr_line' id='line_1_88' title="bbox 2247 2937 3816 3012; baseline 0.007 -23"><span class='ocrx_word' id='word_1_685' title='bbox 2247 2951 2367 2990; x_wconf 91' lang='lat' dir='ltr'><strong>cum</strong></span> <span class='ocrx_word' id='word_1_686' title='bbox 2395 2945 2448 2992; x_wconf 90' lang='lat' dir='ltr'><strong>et</strong></span> <span class='ocrx_word' id='word_1_687' title='bbox 2477 2938 2795 2993; x_wconf 88' lang='lat' dir='ltr'><strong>tcntationes</strong></span> <span class='ocrx_word' id='word_1_688' title='bbox 2827 2937 3089 2993; x_wconf 87' lang='lat' dir='ltr'><strong>habuerit.</strong></span> <span class='ocrx_word' id='word_1_689' title='bbox 3123 2939 3347 3009; x_wconf 87' lang='lat' dir='ltr'><strong>Angitur</strong></span> <span class='ocrx_word' id='word_1_690' title='bbox 3371 2957 3498 3012; x_wconf 89' lang='lat' dir='ltr'><strong>ergo</strong></span> <span class='ocrx_word' id='word_1_691' title='bbox 3523 2943 3624 2998; x_wconf 92' lang='lat' dir='ltr'><strong>iste</strong></span> <span class='ocrx_word' id='word_1_692' title='bbox 3651 2960 3679 2997; x_wconf 90' lang='lat' dir='ltr'><strong>a</strong></span> <span class='ocrx_word' id='word_1_693' title='bbox 3707 2945 3816 2999; x_wconf 86' lang='lat' dir='ltr'><strong>lini-</strong></span> 
     </span>
    </p>
   </div>
   <div class='ocr_carea' id='block_1_89' title="bbox 2249 3025 3816 3104">
    <p class='ocr_par' dir='ltr' id='par_1_89' title="bbox 2249 3025 3816 3104">
     <span class='ocr_line' id='line_1_89' title="bbox 2249 3025 3816 3104; baseline 0.009 -26"><span class='ocrx_word' id='word_1_694' title='bbox 2249 3025 2346 3081; x_wconf 89' lang='lat' dir='ltr'><strong>lms</strong></span> <span class='ocrx_word' id='word_1_695' title='bbox 2380 3039 2533 3082; x_wconf 74' lang='lat' dir='ltr'><strong>terrm</strong></span> <span class='ocrx_word' id='word_1_696' title='bbox 2561 3028 2817 3092; x_wconf 88' lang='lat' dir='ltr'><strong>clamans,</strong></span> <span class='ocrx_word' id='word_1_697' title='bbox 2860 3030 2953 3084; x_wconf 85' lang='lat' dir='ltr'><strong>sed</strong></span> <span class='ocrx_word' id='word_1_698' title='bbox 2983 3039 3156 3086; x_wconf 89' lang='lat' dir='ltr'><strong>tamen</strong></span> <span class='ocrx_word' id='word_1_699' title='bbox 3195 3047 3299 3086; x_wconf 92' lang='lat' dir='ltr'><strong>non</strong></span> <span class='ocrx_word' id='word_1_700' title='bbox 3326 3033 3658 3104; x_wconf 90' lang='lat' dir='ltr'><strong>relinquitur.</strong></span> <span class='ocrx_word' id='word_1_701' title='bbox 3684 3035 3816 3104; x_wconf 82' lang='lat' dir='ltr'><strong>Quo-</strong></span> 
     </span>
    </p>
   </div>
   <div class='ocr_carea' id='block_1_90' title="bbox 2248 3120 3818 3196">
    <p class='ocr_par' dir='ltr' id='par_1_90' title="bbox 2248 3120 3818 3196">
     <span class='ocr_line' id='line_1_90' title="bbox 2248 3120 3818 3196; baseline 0.006 -24"><span class='ocrx_word' id='word_1_702' title='bbox 2248 3120 2388 3173; x_wconf 88' lang='lat' dir='ltr'><strong>niam</strong></span> <span class='ocrx_word' id='word_1_703' title='bbox 2421 3134 2518 3174; x_wconf 90' lang='lat' dir='ltr'><strong>nos</strong></span> <span class='ocrx_word' id='word_1_704' title='bbox 2547 3120 2726 3189; x_wconf 86' lang='lat' dir='ltr'><strong>ipsos,</strong></span> <span class='ocrx_word' id='word_1_705' title='bbox 2761 3120 2900 3190; x_wconf 91' lang='lat' dir='ltr'><strong>quod</strong></span> <span class='ocrx_word' id='word_1_706' title='bbox 2933 3129 3016 3176; x_wconf 88' lang='lat' dir='ltr'><strong>est</strong></span> <span class='ocrx_word' id='word_1_707' title='bbox 3057 3136 3249 3192; x_wconf 90' lang='lat' dir='ltr'><strong>corpus</strong></span> <span class='ocrx_word' id='word_1_708' title='bbox 3278 3138 3432 3178; x_wconf 91' lang='lat' dir='ltr'><strong>suum</strong></span> <span class='ocrx_word' id='word_1_709' title='bbox 3453 3166 3467 3189; x_wconf 91' lang='lat'><strong>,</strong></span> <span class='ocrx_word' id='word_1_710' title='bbox 3495 3125 3664 3180; x_wconf 89' lang='lat' dir='ltr'><strong>voluit</strong></span> <span class='ocrx_word' id='word_1_711' title='bbox 3692 3143 3818 3196; x_wconf 79' lang='lat' dir='ltr'><strong>pra:-</strong></span> 
     </span>
    </p>
   </div>
   <div class='ocr_carea' id='block_1_91' title="bbox 2250 3209 3818 3284">
    <p class='ocr_par' dir='ltr' id='par_1_91' title="bbox 2250 3209 3818 3284">
     <span class='ocr_line' id='line_1_91' title="bbox 2250 3209 3818 3284; baseline 0.006 -22"><span class='ocrx_word' id='word_1_712' title='bbox 2250 3209 2478 3279; x_wconf 85' lang='lat' dir='ltr'><strong>ﬁgurarc</strong></span> <span class='ocrx_word' id='word_1_713' title='bbox 2500 3221 2554 3267; x_wconf 89' lang='lat' dir='ltr'><strong>et</strong></span> <span class='ocrx_word' id='word_1_714' title='bbox 2586 3211 2637 3264; x_wconf 92' lang='lat' dir='ltr'><strong>in</strong></span> <span class='ocrx_word' id='word_1_715' title='bbox 2669 3211 2758 3265; x_wconf 89' lang='lat' dir='ltr'><strong>illo</strong></span> <span class='ocrx_word' id='word_1_716' title='bbox 2779 3227 3003 3281; x_wconf 89' lang='lat' dir='ltr'><strong>corpore</strong></span> <span class='ocrx_word' id='word_1_717' title='bbox 3026 3227 3142 3275; x_wconf 88' lang='lat' dir='ltr'><strong>suo,</strong></span> <span class='ocrx_word' id='word_1_718' title='bbox 3171 3213 3220 3266; x_wconf 93' lang='lat' dir='ltr'><strong>in</strong></span> <span class='ocrx_word' id='word_1_719' title='bbox 3249 3228 3354 3284; x_wconf 92' lang='lat' dir='ltr'><strong>quo</strong></span> <span class='ocrx_word' id='word_1_720' title='bbox 3374 3216 3482 3284; x_wconf 89' lang='lat' dir='ltr'><strong>jam</strong></span> <span class='ocrx_word' id='word_1_721' title='bbox 3510 3224 3563 3270; x_wconf 91' lang='lat' dir='ltr'><strong>et</strong></span> <span class='ocrx_word' id='word_1_722' title='bbox 3594 3227 3818 3272; x_wconf 87' lang='lat' dir='ltr'><strong>mortuus</strong></span> 
     </span>
    </p>
   </div>
   <div class='ocr_carea' id='block_1_92' title="bbox 2247 3301 3818 3377">
    <p class='ocr_par' dir='ltr' id='par_1_92' title="bbox 2247 3301 3818 3377">
     <span class='ocr_line' id='line_1_92' title="bbox 2247 3301 3818 3377; baseline 0.004 -22"><span class='ocrx_word' id='word_1_723' title='bbox 2247 3309 2362 3362; x_wconf 87' lang='lat' dir='ltr'><strong>est.</strong></span> <span class='ocrx_word' id='word_1_724' title='bbox 2406 3311 2457 3356; x_wconf 89' lang='lat' dir='ltr'><strong>et</strong></span> <span class='ocrx_word' id='word_1_725' title='bbox 2502 3301 2792 3355; x_wconf 85' lang='lat' dir='ltr'><strong>resurrexit</strong></span> <span class='ocrx_word' id='word_1_726' title='bbox 2819 3343 2832 3364; x_wconf 91' lang='lat'><strong>,</strong></span> <span class='ocrx_word' id='word_1_727' title='bbox 2879 3312 2932 3356; x_wconf 92' lang='lat' dir='ltr'><strong>et</strong></span> <span class='ocrx_word' id='word_1_728' title='bbox 2974 3302 3026 3356; x_wconf 91' lang='lat' dir='ltr'><strong>in</strong></span> <span class='ocrx_word' id='word_1_729' title='bbox 3073 3303 3265 3358; x_wconf 63' lang='lat' dir='ltr'><strong>coelum</strong></span> <span class='ocrx_word' id='word_1_730' title='bbox 3311 3306 3584 3371; x_wconf 84' lang='lat' dir='ltr'><strong>ascendit;</strong></span> <span class='ocrx_word' id='word_1_731' title='bbox 3631 3316 3686 3361; x_wconf 93' lang='lat' dir='ltr'><strong>ut</strong></span> <span class='ocrx_word' id='word_1_732' title='bbox 3725 3321 3818 3377; x_wconf 91' lang='lat' dir='ltr'><strong>quo</strong></span> 
     </span>
    </p>
   </div>
   <div class='ocr_carea' id='block_1_93' title="bbox 2246 3392 3815 3462">
    <p class='ocr_par' dir='ltr' id='par_1_93' title="bbox 2246 3392 3815 3462">
     <span class='ocr_line' id='line_1_93' title="bbox 2246 3392 3815 3462; baseline 0.003 -15"><span class='ocrx_word' id='word_1_733' title='bbox 2246 3402 2410 3462; x_wconf 90' lang='lat' dir='ltr'><strong>caput</strong></span> <span class='ocrx_word' id='word_1_734' title='bbox 2439 3393 2728 3461; x_wconf 51' lang='lat' dir='ltr'><strong>praecessit,</strong></span> <span class='ocrx_word' id='word_1_735' title='bbox 2763 3393 2886 3447; x_wconf 91' lang='lat' dir='ltr'><strong>illuc</strong></span> <span class='ocrx_word' id='word_1_736' title='bbox 2915 3407 2974 3447; x_wconf 92' lang='lat' dir='ltr'><strong>se</strong></span> <span class='ocrx_word' id='word_1_737' title='bbox 3003 3392 3235 3449; x_wconf 90' lang='lat' dir='ltr'><strong>membra</strong></span> <span class='ocrx_word' id='word_1_738' title='bbox 3265 3404 3511 3450; x_wconf 87' lang='lat' dir='ltr'><strong>secutura</strong></span> <span class='ocrx_word' id='word_1_739' title='bbox 3533 3396 3815 3453; x_wconf 84' lang='lat' dir='ltr'><strong>conﬁdant.</strong></span> 
     </span>
    </p>
   </div>
   <div class='ocr_carea' id='block_1_94' title="bbox 2246 3485 3818 3558">
    <p class='ocr_par' dir='ltr' id='par_1_94' title="bbox 2246 3485 3818 3558">
     <span class='ocr_line' id='line_1_94' title="bbox 2246 3485 3818 3558; baseline 0.001 -16"><span class='ocrx_word' id='word_1_740' title='bbox 2246 3487 2388 3557; x_wconf 86' lang='lat' dir='ltr'><strong>Ergo</strong></span> <span class='ocrx_word' id='word_1_741' title='bbox 2411 3503 2510 3542; x_wconf 90' lang='lat' dir='ltr'><strong>nos</strong></span> <span class='ocrx_word' id='word_1_742' title='bbox 2538 3487 2935 3558; x_wconf 87' lang='lat' dir='ltr'><strong>transﬁguravit</strong></span> <span class='ocrx_word' id='word_1_743' title='bbox 2977 3485 3032 3541; x_wconf 90' lang='lat' dir='ltr'><strong>in</strong></span> <span class='ocrx_word' id='word_1_744' title='bbox 3057 3500 3136 3551; x_wconf 90' lang='lat' dir='ltr'><strong>se,</strong></span> <span class='ocrx_word' id='word_1_745' title='bbox 3165 3485 3377 3557; x_wconf 90' lang='lat' dir='ltr'><strong>quando</strong></span> <span class='ocrx_word' id='word_1_746' title='bbox 3399 3489 3555 3543; x_wconf 86' lang='lat' dir='ltr'><strong>voluit</strong></span> <span class='ocrx_word' id='word_1_747' title='bbox 3586 3490 3768 3546; x_wconf 89' lang='lat' dir='ltr'><strong>tentari</strong></span> <span class='ocrx_word' id='word_1_748' title='bbox 3790 3504 3818 3544; x_wconf 91' lang='lat' dir='ltr'><strong>a</strong></span> 
     </span>
    </p>
   </div>
   <div class='ocr_carea' id='block_1_95' title="bbox 2245 3576 3820 3653">
    <p class='ocr_par' dir='ltr' id='par_1_95' title="bbox 2245 3576 3820 3653">
     <span class='ocr_line' id='line_1_95' title="bbox 2245 3576 3820 3653; baseline 0.003 -21"><span class='ocrx_word' id='word_1_749' title='bbox 2245 3585 2427 3632; x_wconf 87' lang='lat' dir='ltr'><strong>satana</strong></span> <span class='ocrx_word' id='word_1_750' title='bbox 2478 3577 2690 3648; x_wconf 78' lang='lat' dir='ltr'><strong>(Matth.</strong></span> <span class='ocrx_word' id='word_1_751' title='bbox 2735 3593 2806 3642; x_wconf 84' lang='lat' dir='ltr'><strong>iv,</strong></span> <span class='ocrx_word' id='word_1_752' title='bbox 2837 3579 2916 3643; x_wconf 79' lang='lat' dir='ltr'><strong>l).</strong></span> <span class='ocrx_word' id='word_1_753' title='bbox 2947 3576 3102 3632; x_wconf 85' lang='lat' dir='ltr'><strong>Modo</strong></span> <span class='ocrx_word' id='word_1_754' title='bbox 3128 3577 3402 3648; x_wconf 81' lang='lat' dir='ltr'><strong>legebatur</strong></span> <span class='ocrx_word' id='word_1_755' title='bbox 3444 3580 3494 3634; x_wconf 93' lang='lat' dir='ltr'><strong>in</strong></span> <span class='ocrx_word' id='word_1_756' title='bbox 3543 3581 3820 3653; x_wconf 80' lang='lat' dir='ltr'><strong>Evangelia</strong></span> 
     </span>
    </p>
   </div>
   <div class='ocr_carea' id='block_1_96' title="bbox 2245 3667 3816 3740">
    <p class='ocr_par' dir='ltr' id='par_1_96' title="bbox 2245 3667 3816 3740">
     <span class='ocr_line' id='line_1_96' title="bbox 2245 3667 3816 3740; baseline 0.002 -17"><span class='ocrx_word' id='word_1_757' title='bbox 2245 3670 2366 3740; x_wconf 88' lang='lat' dir='ltr'><strong>quia</strong></span> <span class='ocrx_word' id='word_1_758' title='bbox 2395 3669 2653 3723; x_wconf 89' lang='lat' dir='ltr'><strong>Dominus</strong></span> <span class='ocrx_word' id='word_1_759' title='bbox 2697 3667 2854 3723; x_wconf 80' lang='lat' dir='ltr'><strong>Jesus</strong></span> <span class='ocrx_word' id='word_1_760' title='bbox 2895 3667 3136 3723; x_wconf 85' lang='lat' dir='ltr'><strong>Christus</strong></span> <span class='ocrx_word' id='word_1_761' title='bbox 3177 3669 3228 3722; x_wconf 89' lang='lat' dir='ltr'><strong>in</strong></span> <span class='ocrx_word' id='word_1_762' title='bbox 3257 3683 3440 3722; x_wconf 88' lang='lat' dir='ltr'><strong>eremo</strong></span> <span class='ocrx_word' id='word_1_763' title='bbox 3472 3671 3770 3726; x_wconf 84' lang='lat' dir='ltr'><strong>tentabatur</strong></span> <span class='ocrx_word' id='word_1_764' title='bbox 3790 3685 3816 3725; x_wconf 89' lang='lat' dir='ltr'><strong>a</strong></span> 
     </span>
    </p>
   </div>
   <div class='ocr_carea' id='block_1_97' title="bbox 2249 3757 3817 3818">
    <p class='ocr_par' dir='ltr' id='par_1_97' title="bbox 2249 3757 3817 3818">
     <span class='ocr_line' id='line_1_97' title="bbox 2249 3757 3817 3818; baseline 0.001 -4"><span class='ocrx_word' id='word_1_765' title='bbox 2249 3759 2484 3814; x_wconf 88' lang='lat' dir='ltr'><strong>diabolo.</strong></span> <span class='ocrx_word' id='word_1_766' title='bbox 2530 3760 2759 3814; x_wconf 88' lang='lat' dir='ltr'><strong>Prorsus</strong></span> <span class='ocrx_word' id='word_1_767' title='bbox 2803 3757 3047 3814; x_wconf 88' lang='lat' dir='ltr'><strong>Christus</strong></span> <span class='ocrx_word' id='word_1_768' title='bbox 3092 3759 3395 3813; x_wconf 86' lang='lat' dir='ltr'><strong>teutabatur</strong></span> <span class='ocrx_word' id='word_1_769' title='bbox 3437 3775 3467 3813; x_wconf 89' lang='lat' dir='ltr'><strong>a</strong></span> <span class='ocrx_word' id='word_1_770' title='bbox 3508 3761 3740 3818; x_wconf 86' lang='lat' dir='ltr'><strong>diabolo.</strong></span> <span class='ocrx_word' id='word_1_771' title='bbox 3767 3760 3817 3816; x_wconf 88' lang='lat' dir='ltr'><strong>lu</strong></span> 
     </span>
    </p>
   </div>
   <div class='ocr_carea' id='block_1_98' title="bbox 2242 3849 3817 3920">
    <p class='ocr_par' dir='ltr' id='par_1_98' title="bbox 2242 3849 3817 3920">
     <span class='ocr_line' id='line_1_98' title="bbox 2242 3849 3817 3920; baseline -0.001 -13"><span class='ocrx_word' id='word_1_772' title='bbox 2242 3851 2456 3907; x_wconf 89' lang='lat' dir='ltr'><strong>Christo</strong></span> <span class='ocrx_word' id='word_1_773' title='bbox 2497 3850 2639 3906; x_wconf 90' lang='lat' dir='ltr'><strong>enim</strong></span> <span class='ocrx_word' id='word_1_774' title='bbox 2681 3859 2736 3905; x_wconf 90' lang='lat' dir='ltr'><strong>tu</strong></span> <span class='ocrx_word' id='word_1_775' title='bbox 2763 3849 3070 3916; x_wconf 83' lang='lat' dir='ltr'><strong>tentabaris,</strong></span> <span class='ocrx_word' id='word_1_776' title='bbox 3111 3850 3232 3920; x_wconf 90' lang='lat' dir='ltr'><strong>quia</strong></span> <span class='ocrx_word' id='word_1_777' title='bbox 3263 3849 3508 3906; x_wconf 90' lang='lat' dir='ltr'><strong>Christus</strong></span> <span class='ocrx_word' id='word_1_778' title='bbox 3531 3851 3602 3908; x_wconf 88' lang='lat' dir='ltr'><strong>de</strong></span> <span class='ocrx_word' id='word_1_779' title='bbox 3641 3861 3692 3908; x_wconf 90' lang='lat' dir='ltr'><strong>te</strong></span> <span class='ocrx_word' id='word_1_780' title='bbox 3726 3852 3817 3910; x_wconf 85' lang='lat' dir='ltr'><strong>sibi</strong></span> 
     </span>
    </p>
   </div>
   <div class='ocr_carea' id='block_1_99' title="bbox 2245 3941 3818 4009">
    <p class='ocr_par' dir='ltr' id='par_1_99' title="bbox 2245 3941 3818 4009">
     <span class='ocr_line' id='line_1_99' title="bbox 2245 3941 3818 4009; baseline 0 -11"><span class='ocrx_word' id='word_1_781' title='bbox 2245 3943 2478 3999; x_wconf 88' lang='lat' dir='ltr'><strong>habebat</strong></span> <span class='ocrx_word' id='word_1_782' title='bbox 2514 3957 2752 4009; x_wconf 87' lang='lat' dir='ltr'><strong>carnem,</strong></span> <span class='ocrx_word' id='word_1_783' title='bbox 2780 3943 2846 3997; x_wconf 93' lang='lat' dir='ltr'><strong>de</strong></span> <span class='ocrx_word' id='word_1_784' title='bbox 2870 3957 2928 3998; x_wconf 89' lang='lat' dir='ltr'><strong>se</strong></span> <span class='ocrx_word' id='word_1_785' title='bbox 2958 3941 3051 3997; x_wconf 90' lang='lat' dir='ltr'><strong>tibi</strong></span> <span class='ocrx_word' id='word_1_786' title='bbox 3079 3943 3339 4009; x_wconf 84' lang='lat' dir='ltr'><strong>salutem;</strong></span> <span class='ocrx_word' id='word_1_787' title='bbox 3366 3944 3434 3998; x_wconf 89' lang='lat' dir='ltr'><strong>de</strong></span> <span class='ocrx_word' id='word_1_788' title='bbox 3464 3953 3514 3999; x_wconf 91' lang='lat' dir='ltr'><strong>te</strong></span> <span class='ocrx_word' id='word_1_789' title='bbox 3543 3946 3650 4000; x_wconf 89' lang='lat' dir='ltr'><strong>sibi</strong></span> <span class='ocrx_word' id='word_1_790' title='bbox 3688 3962 3818 4000; x_wconf 86' lang='lat' dir='ltr'><strong>mor-</strong></span> 
     </span>
    </p>
   </div>
   <div class='ocr_carea' id='block_1_100' title="bbox 2245 4032 3818 4102">
    <p class='ocr_par' dir='ltr' id='par_1_100' title="bbox 2245 4032 3818 4102">
     <span class='ocr_line' id='line_1_100' title="bbox 2245 4032 3818 4102; baseline 0 -13"><span class='ocrx_word' id='word_1_791' title='bbox 2245 4045 2371 4102; x_wconf 88' lang='lat' dir='ltr'><strong>tem,</strong></span> <span class='ocrx_word' id='word_1_792' title='bbox 2412 4034 2480 4088; x_wconf 92' lang='lat' dir='ltr'><strong>dc</strong></span> <span class='ocrx_word' id='word_1_793' title='bbox 2506 4047 2565 4088; x_wconf 88' lang='lat' dir='ltr'><strong>se</strong></span> <span class='ocrx_word' id='word_1_794' title='bbox 2592 4033 2682 4088; x_wconf 89' lang='lat' dir='ltr'><strong>tibi</strong></span> <span class='ocrx_word' id='word_1_795' title='bbox 2707 4034 2901 4097; x_wconf 88' lang='lat' dir='ltr'><strong>vitam;</strong></span> <span class='ocrx_word' id='word_1_796' title='bbox 2944 4032 3010 4086; x_wconf 89' lang='lat' dir='ltr'><strong>de</strong></span> <span class='ocrx_word' id='word_1_797' title='bbox 3042 4041 3092 4087; x_wconf 91' lang='lat' dir='ltr'><strong>te</strong></span> <span class='ocrx_word' id='word_1_798' title='bbox 3136 4033 3234 4087; x_wconf 89' lang='lat' dir='ltr'><strong>sibi</strong></span> <span class='ocrx_word' id='word_1_799' title='bbox 3273 4034 3657 4101; x_wconf 83' lang='lat' dir='ltr'><strong>contumelias,</strong></span> <span class='ocrx_word' id='word_1_800' title='bbox 3683 4034 3818 4090; x_wconf 83' lang='lat' dir='ltr'><strong>dese</strong></span> 
     </span>
    </p>
   </div>
   <div class='ocr_carea' id='block_1_101' title="bbox 2244 4120 3818 4193">
    <p class='ocr_par' dir='ltr' id='par_1_101' title="bbox 2244 4120 3818 4193">
     <span class='ocr_line' id='line_1_101' title="bbox 2244 4120 3818 4193; baseline -0.001 -15"><span class='ocrx_word' id='word_1_801' title='bbox 2244 4125 2337 4179; x_wconf 92' lang='lat' dir='ltr'><strong>tibi</strong></span> <span class='ocrx_word' id='word_1_802' title='bbox 2378 4126 2642 4188; x_wconf 88' lang='lat' dir='ltr'><strong>honores;</strong></span> <span class='ocrx_word' id='word_1_803' title='bbox 2683 4138 2810 4193; x_wconf 87' lang='lat' dir='ltr'><strong>ergo</strong></span> <span class='ocrx_word' id='word_1_804' title='bbox 2838 4121 2906 4176; x_wconf 90' lang='lat' dir='ltr'><strong>de</strong></span> <span class='ocrx_word' id='word_1_805' title='bbox 2941 4129 2992 4176; x_wconf 91' lang='lat' dir='ltr'><strong>te</strong></span> <span class='ocrx_word' id='word_1_806' title='bbox 3029 4120 3128 4176; x_wconf 89' lang='lat' dir='ltr'><strong>sibi</strong></span> <span class='ocrx_word' id='word_1_807' title='bbox 3157 4123 3517 4186; x_wconf 89' lang='lat' dir='ltr'><strong>tcntationem,</strong></span> <span class='ocrx_word' id='word_1_808' title='bbox 3551 4122 3623 4176; x_wconf 89' lang='lat' dir='ltr'><strong>de</strong></span> <span class='ocrx_word' id='word_1_809' title='bbox 3651 4138 3709 4177; x_wconf 86' lang='lat' dir='ltr'><strong>se</strong></span> <span class='ocrx_word' id='word_1_810' title='bbox 3733 4122 3818 4176; x_wconf 82' lang='lat' dir='ltr'><strong>tibi</strong></span> 
     </span>
    </p>
   </div>
   <div class='ocr_carea' id='block_1_102' title="bbox 2244 4213 3818 4278">
    <p class='ocr_par' dir='ltr' id='par_1_102' title="bbox 2244 4213 3818 4278">
     <span class='ocr_line' id='line_1_102' title="bbox 2244 4213 3818 4278; baseline 0 -9"><span class='ocrx_word' id='word_1_811' title='bbox 2244 4216 2542 4270; x_wconf 88' lang='lat' dir='ltr'><strong>victoriam.</strong></span> <span class='ocrx_word' id='word_1_812' title='bbox 2570 4213 2625 4270; x_wconf 90' lang='lat' dir='ltr'><strong>Si</strong></span> <span class='ocrx_word' id='word_1_813' title='bbox 2671 4214 2724 4268; x_wconf 91' lang='lat' dir='ltr'><strong>in</strong></span> <span class='ocrx_word' id='word_1_814' title='bbox 2754 4213 2844 4268; x_wconf 94' lang='lat' dir='ltr'><strong>illo</strong></span> <span class='ocrx_word' id='word_1_815' title='bbox 2874 4228 2972 4267; x_wconf 89' lang='lat' dir='ltr'><strong>nos</strong></span> <span class='ocrx_word' id='word_1_816' title='bbox 3017 4213 3202 4267; x_wconf 90' lang='lat' dir='ltr'><strong>tentati</strong></span> <span class='ocrx_word' id='word_1_817' title='bbox 3246 4227 3427 4266; x_wconf 90' lang='lat' dir='ltr'><strong>sumus</strong></span> <span class='ocrx_word' id='word_1_818' title='bbox 3452 4254 3466 4278; x_wconf 94' lang='lat'><strong>,</strong></span> <span class='ocrx_word' id='word_1_819' title='bbox 3498 4214 3548 4267; x_wconf 91' lang='lat' dir='ltr'><strong>in</strong></span> <span class='ocrx_word' id='word_1_820' title='bbox 3597 4215 3688 4269; x_wconf 90' lang='lat' dir='ltr'><strong>illo</strong></span> <span class='ocrx_word' id='word_1_821' title='bbox 3729 4229 3818 4269; x_wconf 78' lang='lat' dir='ltr'><strong>nos</strong></span> 
     </span>
    </p>
   </div>
   <div class='ocr_carea' id='block_1_103' title="bbox 2242 4301 3818 4374">
    <p class='ocr_par' dir='ltr' id='par_1_103' title="bbox 2242 4301 3818 4374">
     <span class='ocr_line' id='line_1_103' title="bbox 2242 4301 3818 4374; baseline 0.001 -15"><span class='ocrx_word' id='word_1_822' title='bbox 2242 4306 2510 4361; x_wconf 83' lang='lat' dir='ltr'><strong>diabolum</strong></span> <span class='ocrx_word' id='word_1_823' title='bbox 2533 4319 2865 4374; x_wconf 84' lang='lat' dir='ltr'><strong>superamus.</strong></span> <span class='ocrx_word' id='word_1_824' title='bbox 2891 4301 3136 4358; x_wconf 84' lang='lat' dir='ltr'><strong>Attendis</strong></span> <span class='ocrx_word' id='word_1_825' title='bbox 3158 4303 3279 4372; x_wconf 87' lang='lat' dir='ltr'><strong>quia</strong></span> <span class='ocrx_word' id='word_1_826' title='bbox 3319 4303 3564 4359; x_wconf 89' lang='lat' dir='ltr'><strong>Christus</strong></span> <span class='ocrx_word' id='word_1_827' title='bbox 3598 4314 3818 4360; x_wconf 87' lang='lat' dir='ltr'><strong>tentatus</strong></span> 
     </span>
    </p>
   </div>
   <div class='ocr_carea' id='block_1_104' title="bbox 2241 4393 3816 4465">
    <p class='ocr_par' dir='ltr' id='par_1_104' title="bbox 2241 4393 3816 4465">
     <span class='ocr_line' id='line_1_104' title="bbox 2241 4393 3816 4465; baseline -0.002 -12"><span class='ocrx_word' id='word_1_828' title='bbox 2241 4408 2343 4465; x_wconf 72' lang='lat' dir='ltr'><strong>est,</strong></span> <span class='ocrx_word' id='word_1_829' title='bbox 2374 4409 2427 4453; x_wconf 90' lang='grc' dir='ltr'><strong>ει</strong></span> <span class='ocrx_word' id='word_1_830' title='bbox 2455 4413 2562 4452; x_wconf 90' lang='lat' dir='ltr'><strong>non</strong></span> <span class='ocrx_word' id='word_1_831' title='bbox 2587 4395 2816 4451; x_wconf 89' lang='lat' dir='ltr'><strong>attendis</strong></span> <span class='ocrx_word' id='word_1_832' title='bbox 2841 4397 2961 4465; x_wconf 88' lang='lat' dir='ltr'><strong>quia</strong></span> <span class='ocrx_word' id='word_1_833' title='bbox 2986 4393 3148 4448; x_wconf 86' lang='lat' dir='ltr'><strong>vicit?</strong></span> <span class='ocrx_word' id='word_1_834' title='bbox 3177 4395 3415 4463; x_wconf 84' lang='lat' dir='ltr'><strong>Agnosce</strong></span> <span class='ocrx_word' id='word_1_835' title='bbox 3439 4405 3487 4448; x_wconf 93' lang='lat' dir='ltr'><strong>tc</strong></span> <span class='ocrx_word' id='word_1_836' title='bbox 3513 4395 3563 4448; x_wconf 94' lang='lat' dir='ltr'><strong>in</strong></span> <span class='ocrx_word' id='word_1_837' title='bbox 3589 4396 3680 4450; x_wconf 91' lang='lat' dir='ltr'><strong>illo</strong></span> <span class='ocrx_word' id='word_1_838' title='bbox 3707 4406 3816 4450; x_wconf 90' lang='lat' dir='ltr'><strong>ten-</strong></span> 
     </span>
    </p>
   </div>
   <div class='ocr_carea' id='block_1_105' title="bbox 2242 4486 3818 4558">
    <p class='ocr_par' dir='ltr' id='par_1_105' title="bbox 2242 4486 3818 4558">
     <span class='ocr_line' id='line_1_105' title="bbox 2242 4486 3818 4558; baseline -0.001 -13"><span class='ocrx_word' id='word_1_839' title='bbox 2242 4501 2431 4558; x_wconf 73' lang='lat' dir='ltr'><strong>czitum,</strong></span> <span class='ocrx_word' id='word_1_840' title='bbox 2473 4497 2530 4545; x_wconf 89' lang='lat' dir='ltr'><strong>et</strong></span> <span class='ocrx_word' id='word_1_841' title='bbox 2568 4499 2620 4545; x_wconf 87' lang='lat' dir='ltr'><strong>te</strong></span> <span class='ocrx_word' id='word_1_842' title='bbox 2649 4489 2701 4542; x_wconf 94' lang='lat' dir='ltr'><strong>in</strong></span> <span class='ocrx_word' id='word_1_843' title='bbox 2733 4489 2823 4543; x_wconf 89' lang='lat' dir='ltr'><strong>illo</strong></span> <span class='ocrx_word' id='word_1_844' title='bbox 2847 4501 3074 4558; x_wconf 89' lang='lat' dir='ltr'><strong>agnosce</strong></span> <span class='ocrx_word' id='word_1_845' title='bbox 3099 4486 3421 4541; x_wconf 81' lang='lat' dir='ltr'><strong>vincentem.</strong></span> <span class='ocrx_word' id='word_1_846' title='bbox 3465 4486 3681 4542; x_wconf 88' lang='lat' dir='ltr'><strong>Poterat</strong></span> <span class='ocrx_word' id='word_1_847' title='bbox 3707 4505 3734 4542; x_wconf 93' lang='lat' dir='ltr'><strong>a</strong></span> <span class='ocrx_word' id='word_1_848' title='bbox 3763 4504 3818 4544; x_wconf 88' lang='lat' dir='ltr'><strong>sc</strong></span> 
     </span>
    </p>
   </div>
   <div class='ocr_carea' id='block_1_106' title="bbox 2241 4583 3815 4656">
    <p class='ocr_par' dir='ltr' id='par_1_106' title="bbox 2241 4583 3815 4656">
     <span class='ocr_line' id='line_1_106' title="bbox 2241 4583 3815 4656; baseline -0.007 -14"><span class='ocrx_word' id='word_1_849' title='bbox 2241 4586 2510 4642; x_wconf 89' lang='lat' dir='ltr'><strong>diabolum</strong></span> <span class='ocrx_word' id='word_1_850' title='bbox 2538 4585 2822 4656; x_wconf 88' lang='lat' dir='ltr'><strong>prohibere</strong></span> <span class='ocrx_word' id='word_1_851' title='bbox 2855 4601 2869 4637; x_wconf 89' lang='lat'>:</span> <span class='ocrx_word' id='word_1_852' title='bbox 2897 4583 2989 4639; x_wconf 91' lang='lat' dir='ltr'><strong>sed</strong></span> <span class='ocrx_word' id='word_1_853' title='bbox 3018 4584 3061 4637; x_wconf 93' lang='lat' dir='ltr'><strong>si</strong></span> <span class='ocrx_word' id='word_1_854' title='bbox 3090 4598 3194 4637; x_wconf 90' lang='lat' dir='ltr'><strong>non</strong></span> <span class='ocrx_word' id='word_1_855' title='bbox 3225 4590 3539 4647; x_wconf 89' lang='lat' dir='ltr'><strong>tentaretur,</strong></span> <span class='ocrx_word' id='word_1_856' title='bbox 3574 4583 3668 4637; x_wconf 91' lang='lat' dir='ltr'><strong>tibi</strong></span> <span class='ocrx_word' id='word_1_857' title='bbox 3705 4591 3815 4637; x_wconf 87' lang='lat' dir='ltr'><strong>ten-</strong></span> 
     </span>
    </p>
   </div>
   <div class='ocr_carea' id='block_1_107' title="bbox 2241 4673 3816 4748">
    <p class='ocr_par' dir='ltr' id='par_1_107' title="bbox 2241 4673 3816 4748">
     <span class='ocr_line' id='line_1_107' title="bbox 2241 4673 3816 4748; baseline -0.004 -14"><span class='ocrx_word' id='word_1_858' title='bbox 2241 4679 2404 4734; x_wconf 89' lang='lat' dir='ltr'><strong>tando</strong></span> <span class='ocrx_word' id='word_1_859' title='bbox 2455 4677 2700 4733; x_wconf 86' lang='lat' dir='ltr'><strong>vincendi</strong></span> <span class='ocrx_word' id='word_1_860' title='bbox 2748 4677 3109 4748; x_wconf 87' lang='lat' dir='ltr'><strong>magisterium</strong></span> <span class='ocrx_word' id='word_1_861' title='bbox 3153 4691 3256 4729; x_wconf 92' lang='lat' dir='ltr'><strong>non</strong></span> <span class='ocrx_word' id='word_1_862' title='bbox 3305 4675 3590 4744; x_wconf 73' lang='lat' dir='ltr'><strong>prmbcret.</strong></span> <span class='ocrx_word' id='word_1_863' title='bbox 3647 4673 3816 4743; x_wconf 79' lang='lat' dir='ltr'><strong>itaun</strong></span> 
     </span>
    </p>
   </div>
   <div class='ocr_carea' id='block_1_108' title="bbox 2241 4765 3816 4836">
    <p class='ocr_par' dir='ltr' id='par_1_108' title="bbox 2241 4765 3816 4836">
     <span class='ocr_line' id='line_1_108' title="bbox 2241 4765 3816 4836; baseline -0.006 -10"><span class='ocrx_word' id='word_1_864' title='bbox 2241 4787 2345 4826; x_wconf 91' lang='lat' dir='ltr'><strong>non</strong></span> <span class='ocrx_word' id='word_1_865' title='bbox 2377 4772 2590 4836; x_wconf 89' lang='lat' dir='ltr'><strong>mirum,</strong></span> <span class='ocrx_word' id='word_1_866' title='bbox 2614 4770 2658 4823; x_wconf 90' lang='lat' dir='ltr'><strong>si</strong></span> <span class='ocrx_word' id='word_1_867' title='bbox 2685 4769 2820 4822; x_wconf 90' lang='lat' dir='ltr'><strong>inter</strong></span> <span class='ocrx_word' id='word_1_868' title='bbox 2850 4768 3169 4822; x_wconf 90' lang='lat' dir='ltr'><strong>tcntationes</strong></span> <span class='ocrx_word' id='word_1_869' title='bbox 3192 4767 3393 4835; x_wconf 90' lang='lat' dir='ltr'><strong>positus</strong></span> <span class='ocrx_word' id='word_1_870' title='bbox 3423 4765 3522 4820; x_wconf 92' lang='lat' dir='ltr'><strong>iste</strong></span> <span class='ocrx_word' id='word_1_871' title='bbox 3549 4765 3750 4820; x_wconf 87' lang='lat' dir='ltr'><strong>clamat</strong></span> <span class='ocrx_word' id='word_1_872' title='bbox 3791 4780 3816 4817; x_wconf 86' lang='lat' dir='ltr'><strong>a</strong></span> 
     </span>
    </p>
   </div>
   <div class='ocr_carea' id='block_1_109' title="bbox 2241 4855 3822 4930">
    <p class='ocr_par' dir='ltr' id='par_1_109' title="bbox 2241 4855 3822 4930">
     <span class='ocr_line' id='line_1_109' title="bbox 2241 4855 3822 4930; baseline -0.006 -11"><span class='ocrx_word' id='word_1_873' title='bbox 2241 4863 2435 4920; x_wconf 87' lang='lat' dir='ltr'><strong>ﬁnibus</strong></span> <span class='ocrx_word' id='word_1_874' title='bbox 2467 4871 2646 4918; x_wconf 69' lang='lat' dir='ltr'><strong>terras.</strong></span> <span class='ocrx_word' id='word_1_875' title='bbox 2677 4859 2781 4916; x_wconf 87' lang='lat' dir='ltr'><strong>Sed</strong></span> <span class='ocrx_word' id='word_1_876' title='bbox 2803 4875 2968 4930; x_wconf 90' lang='lat' dir='ltr'><strong>quare</strong></span> <span class='ocrx_word' id='word_1_877' title='bbox 2993 4875 3098 4914; x_wconf 90' lang='lat' dir='ltr'><strong>non</strong></span> <span class='ocrx_word' id='word_1_878' title='bbox 3126 4857 3394 4913; x_wconf 80' lang='lat' dir='ltr'><strong>vincitur?</strong></span> <span class='ocrx_word' id='word_1_879' title='bbox 3421 4856 3490 4912; x_wconf 83' lang='lat' dir='ltr'><strong>In</strong></span> <span class='ocrx_word' id='word_1_880' title='bbox 3511 4868 3656 4929; x_wconf 83' lang='lat' dir='ltr'><strong>petra</strong></span> <span class='ocrx_word' id='word_1_881' title='bbox 3683 4855 3822 4914; x_wconf 71' lang='lat' dir='ltr'><strong>exal—</strong></span> 
     </span>
    </p>
   </div>
   <div class='ocr_carea' id='block_1_110' title="bbox 2241 4947 3822 5023">
    <p class='ocr_par' dir='ltr' id='par_1_110' title="bbox 2241 4947 3822 5023">
     <span class='ocr_line' id='line_1_110' title="bbox 2241 4947 3822 5023; baseline -0.008 -11"><span class='ocrx_word' id='word_1_882' title='bbox 2241 4957 2359 5012; x_wconf 87' lang='lat' dir='ltr'><strong>tasti</strong></span> <span class='ocrx_word' id='word_1_883' title='bbox 2381 4971 2476 5010; x_wconf 86' lang='lat' dir='ltr'><strong>me.</strong></span> <span class='ocrx_word' id='word_1_884' title='bbox 2505 4955 2622 5010; x_wconf 85' lang='lat' dir='ltr'><strong>Jam</strong></span> <span class='ocrx_word' id='word_1_885' title='bbox 2654 4967 2782 5023; x_wconf 88' lang='lat' dir='ltr'><strong>ergo</strong></span> <span class='ocrx_word' id='word_1_886' title='bbox 2809 4952 2898 5006; x_wconf 91' lang='lat' dir='ltr'><strong>hic</strong></span> <span class='ocrx_word' id='word_1_887' title='bbox 2921 4951 3262 5022; x_wconf 86' lang='lat' dir='ltr'><strong>agnoscimus</strong></span> <span class='ocrx_word' id='word_1_888' title='bbox 3287 4950 3406 5019; x_wconf 90' lang='lat' dir='ltr'><strong>quis</strong></span> <span class='ocrx_word' id='word_1_889' title='bbox 3427 4950 3624 5004; x_wconf 84' lang='lat' dir='ltr'><strong>clamet</strong></span> <span class='ocrx_word' id='word_1_890' title='bbox 3647 4963 3677 5002; x_wconf 84' lang='lat' dir='ltr'><strong>a</strong></span> <span class='ocrx_word' id='word_1_891' title='bbox 3705 4947 3822 5001; x_wconf 89' lang='lat' dir='ltr'><strong>ﬁni-</strong></span> 
     </span>
    </p>
   </div>
   <div class='ocr_carea' id='block_1_111' title="bbox 2226 5041 3865 5113">
    <p class='ocr_par' dir='ltr' id='par_1_111' title="bbox 2226 5041 3865 5113">
     <span class='ocr_line' id='line_1_111' title="bbox 2226 5041 3865 5113; baseline -0.01 -7"><span class='ocrx_word' id='word_1_892' title='bbox 2226 5051 2338 5106; x_wconf 89' lang='lat' dir='ltr'><strong>bus</strong></span> <span class='ocrx_word' id='word_1_893' title='bbox 2357 5059 2533 5105; x_wconf 65' lang='lat' dir='ltr'><strong>terrae.</strong></span> <span class='ocrx_word' id='word_1_894' title='bbox 2556 5047 2874 5103; x_wconf 82' lang='lat' dir='ltr'><strong>Recolamus</strong></span> <span class='ocrx_word' id='word_1_895' title='bbox 2895 5043 3235 5113; x_wconf 85' lang='lat' dir='ltr'><strong>Evangelium</strong></span> <span class='ocrx_word' id='word_1_896' title='bbox 3258 5059 3271 5095; x_wconf 90' lang='lat'><strong>:</strong></span> <span class='ocrx_word' id='word_1_897' title='bbox 3293 5041 3461 5110; x_wconf 83' lang='lat' dir='ltr'><strong>Super</strong></span> <span class='ocrx_word' id='word_1_898' title='bbox 3481 5042 3612 5094; x_wconf 88' lang='lat' dir='ltr'><strong>hanc</strong></span> <span class='ocrx_word' id='word_1_899' title='bbox 3635 5048 3822 5109; x_wconf 80' lang='lat' dir='ltr'><strong>petram</strong></span> <span class='ocrx_word' id='word_1_900' title='bbox 3857 5053 3865 5066; x_wconf 59' lang='grc' dir='ltr'>δ</span> 
     </span>
    </p>
   </div>
   <div class='ocr_carea' id='block_1_112' title="bbox 2237 5131 3861 5213">
    <p class='ocr_par' dir='ltr' id='par_1_112' title="bbox 2237 5131 3861 5213">
     <span class='ocr_line' id='line_1_112' title="bbox 2237 5131 3861 5213; baseline -0.012 -15"><span class='ocrx_word' id='word_1_901' title='bbox 2237 5142 2497 5213; x_wconf 76' lang='lat' dir='ltr'><strong>wdiﬁcabo</strong></span> <span class='ocrx_word' id='word_1_902' title='bbox 2549 5139 2825 5195; x_wconf 81' lang='lat' dir='ltr'><strong>Ecclesium</strong></span> <span class='ocrx_word' id='word_1_903' title='bbox 2876 5152 3037 5192; x_wconf 86' lang='lat' dir='ltr'><strong>meam</strong></span> <span class='ocrx_word' id='word_1_904' title='bbox 3064 5135 3174 5207; x_wconf 87' lang='lat' dir='ltr'><strong>(Id.</strong></span> <span class='ocrx_word' id='word_1_905' title='bbox 3222 5151 3350 5200; x_wconf 82' lang='lat' dir='ltr'><strong>va,</strong></span> <span class='ocrx_word' id='word_1_906' title='bbox 3395 5133 3505 5202; x_wconf 79' lang='grc'><strong>18).</strong></span> <span class='ocrx_word' id='word_1_907' title='bbox 3554 5133 3701 5203; x_wconf 84' lang='lat' dir='ltr'><strong>Ergo</strong></span> <span class='ocrx_word' id='word_1_908' title='bbox 3740 5131 3820 5185; x_wconf 89' lang='lat' dir='ltr'><strong>illa</strong></span> <span class='ocrx_word' id='word_1_909' title='bbox 3858 5174 3861 5177; x_wconf 93' lang='lat'><strong>.</strong></span> 
     </span>
    </p>
   </div>
   <div class='ocr_carea' id='block_1_113' title="bbox 2237 5225 3823 5300">
    <p class='ocr_par' dir='ltr' id='par_1_113' title="bbox 2237 5225 3823 5300">
     <span class='ocr_line' id='line_1_113' title="bbox 2237 5225 3823 5300; baseline -0.011 -9"><span class='ocrx_word' id='word_1_910' title='bbox 2237 5238 2484 5292; x_wconf 87' lang='lat' dir='ltr'><strong>clamata</strong></span> <span class='ocrx_word' id='word_1_911' title='bbox 2515 5233 2708 5288; x_wconf 87' lang='lat' dir='ltr'><strong>ﬁnibus</strong></span> <span class='ocrx_word' id='word_1_912' title='bbox 2736 5239 2912 5295; x_wconf 65' lang='lat' dir='ltr'><strong>terrae,</strong></span> <span class='ocrx_word' id='word_1_913' title='bbox 2955 5244 3112 5300; x_wconf 90' lang='lat' dir='ltr'><strong>quam</strong></span> <span class='ocrx_word' id='word_1_914' title='bbox 3159 5227 3326 5280; x_wconf 80' lang='lat' dir='ltr'><strong>voluit</strong></span> <span class='ocrx_word' id='word_1_915' title='bbox 3369 5225 3625 5280; x_wconf 70' lang='lat' dir='ltr'><strong>aediﬁcari</strong></span> <span class='ocrx_word' id='word_1_916' title='bbox 3667 5237 3823 5292; x_wconf 88' lang='lat' dir='ltr'><strong>super</strong></span> 
     </span>
    </p>
   </div>
   <div class='ocr_carea' id='block_1_114' title="bbox 2238 5319 3819 5399">
    <p class='ocr_par' dir='ltr' id='par_1_114' title="bbox 2238 5319 3819 5399">
     <span class='ocr_line' id='line_1_114' title="bbox 2238 5319 3819 5399; baseline -0.01 -16"><span class='ocrx_word' id='word_1_917' title='bbox 2238 5339 2460 5399; x_wconf 88' lang='lat' dir='ltr'><strong>petram.</strong></span> <span class='ocrx_word' id='word_1_918' title='bbox 2488 5326 2560 5382; x_wconf 88' lang='lat' dir='ltr'><strong>Ut</strong></span> <span class='ocrx_word' id='word_1_919' title='bbox 2584 5333 2759 5379; x_wconf 87' lang='lat' dir='ltr'><strong>autem</strong></span> <span class='ocrx_word' id='word_1_920' title='bbox 2786 5322 3140 5376; x_wconf 80' lang='lat' dir='ltr'><strong>:ediﬁearetur</strong></span> <span class='ocrx_word' id='word_1_921' title='bbox 3169 5319 3411 5374; x_wconf 84' lang='lat' dir='ltr'><strong>Ecclesia</strong></span> <span class='ocrx_word' id='word_1_922' title='bbox 3435 5333 3595 5388; x_wconf 88' lang='lat' dir='ltr'><strong>super</strong></span> <span class='ocrx_word' id='word_1_923' title='bbox 3617 5326 3819 5386; x_wconf 83' lang='lat' dir='ltr'><strong>petram</strong></span> 
     </span>
    </p>
   </div>
   <div class='ocr_carea' id='block_1_115' title="bbox 2235 5405 3812 5490">
    <p class='ocr_par' dir='ltr' id='par_1_115' title="bbox 2235 5405 3812 5490">
     <span class='ocr_line' id='line_1_115' title="bbox 2235 5405 3812 5490; baseline -0.01 -18"><span class='ocrx_word' id='word_1_924' title='bbox 2235 5419 2353 5490; x_wconf 88' lang='lat' dir='ltr'><strong>quis</strong></span> <span class='ocrx_word' id='word_1_925' title='bbox 2383 5419 2550 5472; x_wconf 81' lang='lat' dir='ltr'><strong>factus</strong></span> <span class='ocrx_word' id='word_1_926' title='bbox 2576 5424 2657 5471; x_wconf 91' lang='lat' dir='ltr'><strong>est</strong></span> <span class='ocrx_word' id='word_1_927' title='bbox 2685 5413 2870 5484; x_wconf 88' lang='lat' dir='ltr'><strong>petra?</strong></span> <span class='ocrx_word' id='word_1_928' title='bbox 2900 5412 3119 5466; x_wconf 86' lang='lat' dir='ltr'><strong>Paulum</strong></span> <span class='ocrx_word' id='word_1_929' title='bbox 3147 5411 3271 5464; x_wconf 88' lang='lat' dir='ltr'><strong>andi</strong></span> <span class='ocrx_word' id='word_1_930' title='bbox 3310 5409 3575 5464; x_wconf 87' lang='lat' dir='ltr'><strong>dicentem</strong></span> <span class='ocrx_word' id='word_1_931' title='bbox 3609 5424 3622 5459; x_wconf 89' lang='lat'><strong>:</strong></span> <span class='ocrx_word' id='word_1_932' title='bbox 3655 5405 3812 5459; x_wconf 83' lang='lat' dir='ltr'><strong>Petra</strong></span> 
     </span>
    </p>
   </div>
   <div class='ocr_carea' id='block_1_116' title="bbox 2233 5495 3820 5571">
    <p class='ocr_par' dir='ltr' id='par_1_116' title="bbox 2233 5495 3820 5571">
     <span class='ocr_line' id='line_1_116' title="bbox 2233 5495 3820 5571; baseline -0.009 -8"><span class='ocrx_word' id='word_1_933' title='bbox 2233 5521 2399 5564; x_wconf 83' lang='lat' dir='ltr'><strong>autem</strong></span> <span class='ocrx_word' id='word_1_934' title='bbox 2420 5518 2523 5561; x_wconf 90' lang='lat' dir='ltr'><strong>erat</strong></span> <span class='ocrx_word' id='word_1_935' title='bbox 2543 5506 2770 5562; x_wconf 82' lang='lat' dir='ltr'><strong>Christus</strong></span> <span class='ocrx_word' id='word_1_936' title='bbox 2797 5503 2836 5571; x_wconf 92' lang='grc'><strong>(1</strong></span> <span class='ocrx_word' id='word_1_937' title='bbox 2861 5501 2978 5557; x_wconf 90' lang='lat' dir='ltr'><strong>Cor.</strong></span> <span class='ocrx_word' id='word_1_938' title='bbox 3010 5517 3068 5568; x_wconf 70' lang='grc' dir='ltr'><strong>Χ,</strong></span> <span class='ocrx_word' id='word_1_939' title='bbox 3098 5502 3180 5568; x_wconf 68' lang='grc'><strong>4).</strong></span> <span class='ocrx_word' id='word_1_940' title='bbox 3211 5500 3266 5554; x_wconf 89' lang='lat' dir='ltr'><strong>In</strong></span> <span class='ocrx_word' id='word_1_941' title='bbox 3301 5500 3392 5554; x_wconf 91' lang='lat' dir='ltr'><strong>illo</strong></span> <span class='ocrx_word' id='word_1_942' title='bbox 3417 5513 3543 5568; x_wconf 80' lang='lat' dir='ltr'><strong>ergo</strong></span> <span class='ocrx_word' id='word_1_943' title='bbox 3570 5495 3820 5551; x_wconf 78' lang='lat' dir='ltr'><strong>:edilicati</strong></span> 
     </span>
    </p>
   </div>
   <div class='ocr_carea' id='block_1_117' title="bbox 2233 5587 3818 5668">
    <p class='ocr_par' dir='ltr' id='par_1_117' title="bbox 2233 5587 3818 5668">
     <span class='ocr_line' id='line_1_117' title="bbox 2233 5587 3818 5668; baseline -0.012 -11"><span class='ocrx_word' id='word_1_944' title='bbox 2233 5617 2439 5657; x_wconf 82' lang='lat' dir='ltr'><strong>sumus.</strong></span> <span class='ocrx_word' id='word_1_945' title='bbox 2482 5600 2763 5668; x_wconf 82' lang='lat' dir='ltr'><strong>Propterea</strong></span> <span class='ocrx_word' id='word_1_946' title='bbox 2791 5603 2939 5665; x_wconf 83' lang='lat' dir='ltr'><strong>petra</strong></span> <span class='ocrx_word' id='word_1_947' title='bbox 2980 5593 3064 5647; x_wconf 89' lang='lat' dir='ltr'><strong>illa</strong></span> <span class='ocrx_word' id='word_1_948' title='bbox 3107 5593 3286 5661; x_wconf 91' lang='lat' dir='ltr'><strong>inqua</strong></span> <span class='ocrx_word' id='word_1_949' title='bbox 3323 5587 3565 5644; x_wconf 76' lang='lat' dir='ltr'><strong>:ediﬁcati</strong></span> <span class='ocrx_word' id='word_1_950' title='bbox 3609 5598 3818 5650; x_wconf 86' lang='lat' dir='ltr'><strong>sumus,</strong></span> 
     </span>
    </p>
   </div>
   <div class='ocr_carea' id='block_1_118' title="bbox 2231 5676 3816 5767">
    <p class='ocr_par' dir='ltr' id='par_1_118' title="bbox 2231 5676 3816 5767">
     <span class='ocr_line' id='line_1_118' title="bbox 2231 5676 3816 5767; baseline -0.013 -19"><span class='ocrx_word' id='word_1_951' title='bbox 2231 5695 2377 5767; x_wconf 90' lang='lat' dir='ltr'><strong>prior</strong></span> <span class='ocrx_word' id='word_1_952' title='bbox 2397 5703 2642 5760; x_wconf 82' lang='lat' dir='ltr'><strong>percussa</strong></span> <span class='ocrx_word' id='word_1_953' title='bbox 2664 5697 2746 5742; x_wconf 91' lang='lat' dir='ltr'><strong>est</strong></span> <span class='ocrx_word' id='word_1_954' title='bbox 2766 5686 2958 5750; x_wconf 88' lang='lat' dir='ltr'><strong>ventis,</strong></span> <span class='ocrx_word' id='word_1_955' title='bbox 2985 5683 3199 5737; x_wconf 78' lang='lat' dir='ltr'><strong>ﬂumine</strong></span> <span class='ocrx_word' id='word_1_956' title='bbox 3221 5723 3235 5749; x_wconf 89' lang='lat'><strong>,</strong></span> <span class='ocrx_word' id='word_1_957' title='bbox 3265 5681 3440 5752; x_wconf 87' lang='lat' dir='ltr'><strong>pluvia</strong></span> <span class='ocrx_word' id='word_1_958' title='bbox 3475 5676 3692 5750; x_wconf 79' lang='lat' dir='ltr'><strong>(.llatth.</strong></span> <span class='ocrx_word' id='word_1_959' title='bbox 3727 5691 3816 5742; x_wconf 80' lang='lat' dir='ltr'><strong>vn,</strong></span> 
     </span>
    </p>
   </div>
   <div class='ocr_carea' id='block_1_119' title="bbox 2296 5799 2850 5857">
    <p class='ocr_par' dir='ltr' id='par_1_119' title="bbox 2296 5799 2850 5857">
     <span class='ocr_line' id='line_1_119' title="bbox 2296 5799 2850 5857; baseline -0.009 -5"><span class='ocrx_word' id='word_1_960' title='bbox 2296 5809 2311 5836; x_wconf 82' lang='grc'>²</span> <span class='ocrx_word' id='word_1_961' title='bbox 2340 5801 2506 5852; x_wconf 82' lang='lat' dir='ltr'><strong>Plures</strong></span> <span class='ocrx_word' id='word_1_962' title='bbox 2520 5807 2648 5857; x_wconf 66' lang='lat'><strong>3155.,</strong></span> <span class='ocrx_word' id='word_1_963' title='bbox 2673 5799 2850 5848; x_wconf 82' lang='lat' dir='ltr'><strong>dicunt.</strong></span> 
     </span>
    </p>
   </div>
   <div class='ocr_carea' id='block_1_120' title="bbox 2298 5857 3560 5925">
    <p class='ocr_par' dir='ltr' id='par_1_120' title="bbox 2298 5857 3560 5925">
     <span class='ocr_line' id='line_1_120' title="bbox 2298 5857 3560 5925; baseline -0.006 -11"><span class='ocrx_word' id='word_1_964' title='bbox 2298 5871 2315 5898; x_wconf 76' lang='grc'>³</span> <span class='ocrx_word' id='word_1_965' title='bbox 2341 5864 2472 5925; x_wconf 67' lang='lat' dir='ltr'><strong>cdd,</strong></span> <span class='ocrx_word' id='word_1_966' title='bbox 2499 5874 2589 5910; x_wconf 89' lang='lat' dir='ltr'><strong>non</strong></span> <span class='ocrx_word' id='word_1_967' title='bbox 2612 5860 2661 5909; x_wconf 85' lang='lat' dir='ltr'><strong>in</strong></span> <span class='ocrx_word' id='word_1_968' title='bbox 2687 5873 2853 5922; x_wconf 86' lang='lat' dir='ltr'><strong>magna</strong></span> <span class='ocrx_word' id='word_1_969' title='bbox 2877 5857 3049 5922; x_wconf 80' lang='lat' dir='ltr'><strong>gloria.</strong></span> <span class='ocrx_word' id='word_1_970' title='bbox 3078 5858 3240 5919; x_wconf 80' lang='lat' dir='ltr'><strong>Abest,</strong></span> <span class='ocrx_word' id='word_1_971' title='bbox 3273 5868 3382 5919; x_wconf 88' lang='lat' dir='ltr'><strong>non,</strong></span> <span class='ocrx_word' id='word_1_972' title='bbox 3407 5867 3435 5908; x_wconf 88' lang='lat' dir='ltr'><strong>a</strong></span> <span class='ocrx_word' id='word_1_973' title='bbox 3457 5863 3560 5906; x_wconf 71' lang='lat' dir='ltr'><strong>Mss.</strong></span> 
     </span>
    </p>
   </div>
  </div>
