4038 6480
283 419 390 473 725

289 530 373 593 εει.
403 526 519 599 25),
546 524 757 597 quando
796 520 1037 577 Christus
1062 534 1090 572 a
1118 515 1328 573 diabolo
1375 513 1691 568 laniabatur.
1724 510 1860 564 Ecce

292 618 341 674 in
369 634 471 689 qua
501 618 749 671 ﬁrmitate
780 622 831 667 te
860 611 1023 664 voluit
1052 608 1305 664 stabilire.
1352 606 1539 660 Merito
1580 619 1683 656 non
1718 609 1869 653 vacat

293 688 393 764 vos
424 719 627 771 nostra,
653 705 743 759 sed
766 702 1045 759 exauditur
1069 718 1082 754 :
1114 700 1167 754 in
1199 712 1391 767 magna
1421 695 1562 749 enim
1590 706 1685 762 spe
1710 688 1867 762 positi

294 814 473 857 Sumus
498 816 512 864 ;
540 796 601 852 In
625 805 763 866 petra
784 792 1013 848 exaltasti
1033 808 1129 845 me.

362 894 414 946 4.
468 889 731 944 Deduxiin
775 903 884 951 me,
927 885 1044 954 quia
1084 884 1245 953 [actus
1274 896 1325 934 es
1368 894 1479 948 spes
1518 892 1646 929 mea.
1695 874 1787 929 Ille
1825 872 1867 925 si

296 994 475 1037 nostra
506 996 630 1049 spes
656 981 822 1033 factus
851 993 954 1031 non
979 985 1141 1038 esset,
1167 990 1273 1027 non
1305 986 1401 1025 nos
1427 968 1733 1023 deduceret.
1767 964 1867 1017 Dc-

295 1076 441 1129 dncit
479 1084 727 1142 tanquam
756 1071 883 1135 dux,
910 1069 1039 1123 etin
1061 1082 1119 1121 se
1148 1064 1293 1119 ducit
1319 1073 1564 1131 tanquam
1593 1058 1695 1121 via,
1725 1064 1779 1110 et
1806 1054 1871 1108 ad

296 1184 353 1220 se
386 1165 627 1235 perducit
651 1175 898 1232 tanquam
930 1158 1115 1229 patria.
1147 1155 1369 1210 Deducit
1394 1166 1523 1221 ergo
1550 1165 1662 1203 nos.
1689 1146 1872 1203 Unde?

296 1258 428 1325 Quia
478 1256 645 1308 factus
691 1264 770 1307 est
816 1266 939 1320 spes
985 1258 1182 1303 nostra.
1224 1244 1376 1301 Unde
1418 1242 1586 1296 factus
1629 1247 1712 1292 est
1752 1250 1874 1305 spes

297 1354 477 1399 nostra
495 1344 520 1396 τ
549 1344 685 1396 Ecce
710 1343 785 1395 sic
810 1338 1074 1409 quomodo
1098 1335 1319 1390 audistis
1346 1334 1466 1402 quia
1501 1336 1731 1385 tentatus
1759 1334 1839 1380 est
1856 1366 1870 1386 ,

296 1437 418 1503 quia
452 1448 641 1503 passus
662 1441 774 1498 est,
812 1431 932 1500 quia
965 1428 1272 1488 resurrexit,
1308 1423 1476 1477 factus
1501 1430 1585 1475 est
1621 1433 1744 1488 spes
1782 1431 1876 1469 no-

295 1536 428 1579 stra.
457 1523 593 1591 Quid
621 1524 759 1577 enim
805 1520 957 1575 nobis
982 1518 1208 1573 dicimus
1232 1513 1445 1585 quando
1474 1513 1587 1565 inec
1615 1506 1875 1579 legimus?

296 1616 412 1671 Non
444 1617 585 1670 enim
606 1613 791 1685 perdet
814 1626 909 1666 nos
931 1612 1087 1676 Deus,
1118 1617 1331 1678 propter
1350 1619 1482 1674 quos
1502 1603 1695 1657 Filium
1721 1614 1873 1654 suum

298 1707 446 1760 misit
477 1705 703 1769 tentari,
736 1701 999 1770 crucifigi,
1042 1699 1209 1762 mori,
1257 1707 1568 1765 resurgere:
1602 1706 1706 1746 non
1733 1688 1874 1744 enim

299 1812 426 1851 vere
458 1810 556 1850 nos
592 1792 817 1862 despicit
860 1791 1033 1854 Deus,
1081 1798 1297 1858 propter
1336 1798 1469 1854 quos
1494 1782 1629 1837 Filio
1662 1779 1875 1848 proprio

300 1906 405 1943 non
439 1888 706 1958 pepercit.
754 1885 846 1951 sed
889 1901 982 1953 pro
1027 1883 1180 1936 nobis
1216 1880 1461 1933 omnilms
1504 1875 1717 1930 tradidit
1753 1889 1873 1929 eum

298 1980 477 2051 (Rom.
505 1996 624 2045 νιιι,
654 1977 764 2050 39.).
813 1977 902 2030 Sic
930 1991 1055 2045 ergo
1102 1975 1267 2027 factus
1296 1981 1375 2025 est
1419 1984 1543 2039 spes
1573 1975 1773 2023 nostra.
1818 1965 1873 2019 lu

300 2072 395 2127 illo
420 2072 569 2125 vides
599 2081 652 2125 et
692 2070 925 2123 laborem
955 2078 1099 2121 tuum
1120 2107 1133 2130 ,
1163 2075 1217 2121 et
1259 2061 1555 2117 mercedem
1586 2069 1761 2124 tuam;
1800 2059 1876 2113 la—

300 2164 482 2219 borem
530 2164 581 2217 in
622 2163 893 2233 passione,
932 2159 1228 2214 mercedem
1260 2158 1311 2209 in
1352 2153 1758 2210 resurrectione.
1787 2151 1877 2207 Sic

298 2269 427 2324 ergo
471 2254 641 2308 factus
669 2262 752 2308 est
780 2266 900 2322 Spes
931 2262 1130 2305 nostra.
1177 2248 1441 2303 Habemus
1470 2245 1608 2299 enim
1639 2243 1771 2297 duas
1800 2242 1878 2296 vi-

300 2354 410 2410 tas;
458 2345 552 2399 sed
582 2360 736 2398 unam
769 2344 820 2397 in
865 2358 966 2413 qua
1012 2356 1219 2403 sumus,
1254 2340 1471 2393 alteram
1503 2353 1660 2407 quam
1688 2350 1875 2404 spera-

298 2449 437 2487 mus.
473 2433 526 2486 ln
556 2449 658 2503 qua
686 2446 884 2495 sumus,
920 2440 1040 2484 nota
1073 2430 1224 2483 nobis
1252 2439 1365 2493 est;
1394 2443 1550 2498 quam
1577 2440 1872 2496 speramus,

297 2525 473 2592 ignota
507 2525 658 2577 nobis
682 2531 780 2577 est.
811 2523 999 2577 Tolera
1028 2522 1078 2574 in
1106 2537 1205 2590 qua
1246 2536 1334 2583 es,
1364 2530 1417 2572 et
1464 2518 1686 2572 habebis
1714 2531 1870 2586 quam

300 2614 535 2668 nondum
579 2614 763 2668 habes.
797 2613 1074 2681 Quomodo
1101 2612 1331 2666 toleras?
1363 2610 1428 2665 Ut
1458 2624 1560 2662 non
1589 2608 1815 2662 vincaris
1843 2622 1872 2660 a

299 2714 582 2759 tentatore.
609 2704 898 2759 Laboribus
927 2705 1056 2767 suis,
1089 2701 1480 2760 tentationilms.
1517 2698 1867 2769 passiouibus,

296 2806 469 2850 morte
498 2810 593 2849 sua
614 2795 995 2849 demonstravit
1015 2794 1104 2847 tibi
1134 2794 1290 2845 vitam
1311 2790 1555 2845 Christus
1582 2787 1633 2843 in
1655 2804 1756 2858 qua
1779 2801 1873 2855 es;

299 2886 693 2941 resurrectione
720 2899 811 2938 sua
835 2886 1215 2939 demonstrant
1245 2881 1335 2935 tibi
1360 2882 1517 2933 vitam
1540 2881 1591 2933 in
1616 2892 1716 2948 qua
1743 2878 1869 2932 eris.

298 2977 405 3032 Nos
448 2978 591 3031 enim
636 2990 740 3031 non
794 2990 1111 3030 noveramus
1160 2972 1261 3026 nisi
1307 2971 1449 3024 nasci
1502 2970 1767 3023 hominem
1821 2978 1874 3021 ct

298 3068 433 3121 mori
457 3083 471 3131 ;
504 3081 783 3137 resurgere
812 3066 1078 3119 hominem
1104 3074 1156 3118 et
1192 3064 1367 3116 vivere
1410 3061 1462 3114 in
1485 3070 1739 3113 mlernum
1767 3073 1871 3112 non

258 3202 261 3203 ν
299 3171 619 3210 noveramus
644 3172 655 3208 :
686 3156 919 3223 suscepit
947 3153 1087 3223 quod
1118 3166 1373 3215 noveras,
1403 3159 1456 3204 et
1491 3147 1874 3203 demonstravit

296 3246 435 3315 quod
461 3263 565 3299 non
597 3261 840 3300 noveras.
870 3243 991 3298 ldeo
1017 3259 1142 3313 ergo
1172 3240 1340 3297 factus
1364 3251 1445 3293 est
1466 3254 1587 3309 spes
1612 3250 1790 3293 nostra
1820 3238 1871 3291 in

300 3337 746 3402 tribulationibus,
778 3337 830 3390 in
861 3335 1258 3389 tentatiooibus.
1290 3331 1420 3385 Vide
1449 3331 1756 3399 Apostolum
1788 3329 1873 3382 di-

297 3440 508 3485 centem
536 3448 549 3484 :
584 3428 702 3483 Non
730 3430 892 3483 solum
921 3437 1105 3491 autent,
1134 3426 1222 3479 sed
1247 3435 1292 3478 et
1319 3424 1626 3494 gloriamur,
1670 3421 1870 3490 inquit,

297 3524 351 3577 in
393 3520 798 3576 tribulationibus
822 3540 841 3573 :
879 3521 1087 3573 scientes
1127 3520 1245 3587 quia
1286 3515 1538 3568 tribulatio
1584 3514 1875 3583 patientiam

299 3626 564 3684 operatur,
607 3613 848 3682 patientia
878 3610 1248 3681 probationem,
1293 3608 1518 3677 probatio
1559 3623 1735 3675 spem;
1761 3621 1876 3675 spes

297 3716 465 3759 autem
492 3722 590 3758 non
619 3704 883 3774 confundit
909 3718 928 3756 :
953 3700 1190 3773 quoniam
1216 3699 1434 3753 Charitas
1462 3697 1554 3750 Dei
1578 3695 1769 3763 di/fusa
1804 3704 1878 3749 est

299 3799 351 3852 in
378 3797 612 3852 cordibus
637 3796 820 3849 nostris
850 3812 937 3865 per
969 3793 1218 3864 Spiritum
1245 3800 1473 3846 sanctum
1496 3790 1580 3858 qui
1618 3788 1767 3841 datus
1805 3796 1877 3841 est

300 3892 441 3944 nobis
470 3889 585 3963 (Id.
618 3906 669 3956 v,
703 3890 839 3959 3-5).
884 3888 1025 3957 Ergo
1056 3885 1226 3940 factus
1253 3893 1335 3938 est
1367 3884 1479 3953 ipse
1507 3897 1629 3952 spes
1658 3890 1836 3937 nostra
1859 3922 1873 3945 ,

299 3981 388 4049 qui
432 3980 578 4034 dedit
625 3980 776 4032 nobis
820 3977 1074 4047 Spiritum
1123 3984 1408 4031 sanctum:
1453 3983 1507 4027 et
1548 3972 1877 4027 ambulamus

304 4068 463 4123 modo
491 4070 557 4124 ad
590 4084 771 4138 spem;
806 4084 909 4122 non
941 4069 1081 4122 enim
1109 4066 1500 4120 ambularemus
1520 4105 1535 4129 ,
1569 4064 1668 4117 nisi
1696 4079 1879 4133 spera-

303 4177 501 4214 rcnms.
531 4160 665 4227 Quid
689 4161 759 4211 ait
787 4160 896 4227 ipse
924 4157 1241 4228 Apostolus?
1271 4156 1419 4223 Quod
1440 4156 1571 4208 enim
1592 4156 1720 4208 videt
1743 4156 1874 4225 quis,

301 4253 423 4320 quid
449 4252 658 4314 sperat?
685 4250 745 4305 Si
771 4260 935 4303 autem
954 4250 1088 4319 quod
1111 4265 1211 4302 non
1237 4248 1461 4300 videmus
1488 4264 1766 4317 speramus,
1792 4263 1879 4315 per

304 4346 595 4414 patientiam
620 4355 980 4413 exspectamus.
1012 4344 1079 4398 Et
1104 4344 1227 4397 item
1254 4361 1267 4396 :
1303 4341 1410 4411 Spe
1432 4342 1564 4396 enim
1593 4341 1719 4396 salvi
1756 4342 1879 4413 facti

302 4453 471 4489 sumus
505 4435 611 4503 (Id.
644 4452 756 4500 VIII,
784 4436 873 4499 24,
903 4435 1018 4504 25).

372 4528 424 4581 5.
462 4526 728 4580 Deduxiin
748 4542 844 4587 me,
867 4525 984 4594 quia
1011 4527 1171 4594 [artus
1201 4540 1252 4577 es
1279 4539 1391 4593 spes
1415 4539 1523 4575 mea
1546 4540 1563 4575 :
1593 4522 1744 4575 turris
1768 4526 1877 4589 for-

303 4616 531 4669 titudinis
560 4632 592 4667 a
636 4614 765 4685 [acie
806 4614 1013 4667 inimici.
1066 4614 1289 4683 Angitur
1317 4628 1410 4666 cor
1449 4627 1660 4675 mcmu,
1711 4611 1880 4679 inquit

304 4709 399 4763 ista
428 4709 603 4762 unitas
628 4722 656 4759 a
688 4706 879 4760 ﬁnibus
900 4715 1076 4771 terra),
1108 4714 1163 4759 et
1187 4705 1368 4758 laboro
1395 4703 1533 4759 inter
1560 4702 1879 4758 tcntatioues

302 4809 354 4853 ct
375 4798 619 4854 scandala
648 4816 660 4852 :
694 4796 929 4851 invident
958 4796 1149 4865 Pagani
1176 4836 1191 4861 ,
1236 4795 1356 4863 quia
1402 4794 1524 4848 victi
1569 4802 1719 4858 sunt;
1751 4792 1879 4846 insi-

302 4891 510 4944 diantur
536 4890 766 4943 haeretici
800 4889 955 4956 pallio
975 4887 1129 4942 velati
1158 4885 1384 4940 nominis
1409 4884 1712 4950 christiani;
1741 4884 1879 4940 intus

303 4983 348 5036 in
382 4984 493 5051 ipsa
519 4982 755 5036 Ecclesia
780 4982 882 5034 vim
901 4981 1094 5049 patitur
1121 4979 1443 5033 frumentum
1470 4993 1498 5028 a
1528 4976 1675 5044 palea
1701 4992 1716 5028 :
1741 4976 1880 5032 inter

303 5077 411 5129 lure
431 5077 610 5128 omnia
636 5089 758 5127 cum
790 5075 999 5142 angitur
1018 5087 1114 5126 cor
1132 5085 1329 5133 meum,
1364 5067 1602 5122 clamabo
1631 5081 1661 5119 a
1688 5066 1879 5122 finibus

304 5176 478 5221 terrai.
530 5164 635 5220 Sed
687 5181 790 5218 non
840 5180 925 5217 me
964 5163 1164 5217 deserit
1202 5161 1314 5231 ipse
1359 5158 1449 5230 qui
1496 5174 1582 5213 me
1622 5157 1879 5213 exultavit

298 5274 457 5326 super
486 5267 686 5327 petram
706 5298 719 5319 ,
750 5266 807 5309 ut
829 5256 1055 5311 deducat
1081 5271 1165 5308 me
1208 5268 1373 5323 usque
1397 5250 1462 5309 ad
1492 5266 1552 5311 se
1576 5268 1590 5308 :
1619 5250 1740 5320 quia
1776 5251 1874 5305 etsi

301 5351 504 5415 laboro,
531 5348 745 5401 diabolo
769 5362 868 5417 per
897 5355 973 5400 tot
1000 5346 1110 5401 loca
1142 5355 1195 5399 et
1222 5352 1457 5412 tempora
1488 5351 1537 5396 et
1571 5340 1879 5396 occasiones

299 5442 580 5499 insidiante
604 5439 862 5494 adversus
890 5452 975 5493 me
994 5479 1009 5503 ,
1052 5437 1137 5491 hic
1163 5444 1244 5491 est
1274 5434 1401 5489 mihi
1432 5434 1591 5488 turris
1615 5431 1878 5487 fortitudi-

300 5534 405 5594 nis;
437 5544 545 5602 quo
573 5546 694 5586 eum
731 5528 1045 5597 confugero,
1077 5542 1183 5581 non
1222 5525 1395 5580 solum
1432 5523 1611 5578 vitabo
1642 5522 1743 5577 tela
1772 5522 1875 5578 ini-

302 5623 439 5687 mici,
468 5621 563 5675 sed
589 5621 747 5675 etiam
776 5621 826 5674 in
853 5621 999 5674 illmn
1028 5634 1145 5686 qua:
1169 5617 1386 5672 voluero
1415 5631 1635 5671 securus
1662 5614 1774 5683 ipse
1792 5612 1877 5683 ja-

302 5712 532 5767 culabor.
584 5712 699 5781 Ipse
738 5711 879 5766 enim
922 5710 1164 5764 Christus
1192 5718 1275 5764 est
1321 5708 1516 5772 turris;
1566 5708 1680 5776 ipse
1722 5707 1875 5760 nobis

302 5803 463 5863 lactus
491 5810 575 5859 est
602 5803 762 5857 turris
788 5817 817 5856 a
844 5800 977 5857 facie
1006 5800 1224 5868 inimici,
1248 5799 1334 5870 qni
1360 5806 1444 5853 est
1465 5806 1519 5854 et
1544 5806 1691 5868 petra
1712 5811 1873 5867 super

1385 394 1777 456 ENARRATIO
1817 392 1880 449 ΙΝ
1924 384 2245 452 PSALMUM
2284 396 2395 450 LX.

3440 396 3545 453 726

1972 524 2128 578 quam
2159 509 2411 563 :nditleata
2443 518 2525 564 ομι
2555 509 2808 565 Ecclesia.
2840 509 3009 565 Cares
3039 525 3105 565 ne
3131 506 3338 566 feriaris
3365 524 3395 564 a
3425 510 3543 565 dia-

1975 604 2137 661 bolo?
2164 604 2308 673 Fugc
2337 602 2401 657 ad
2433 612 2628 656 turrem
2656 621 2668 658 :
2696 618 2961 671 nunquam
2989 612 3041 658 te
3066 602 3131 657 ad
3172 603 3315 658 illam
3344 613 3543 659 turrem

1974 695 2235 750 diabolica
2262 694 2432 764 iacula
2471 704 2719 749 secutura
2745 702 2896 759 sunt;
2925 693 2995 748 ibi
3025 694 3191 749 stabis
3233 693 3475 757 munitus,
3492 703 3548 748 et

1976 788 2129 842 ﬁxus.
2158 787 2440 855 Quomodo
2470 796 2643 842 autem
2688 784 2857 857 fugies
2900 785 2965 841 ad
3012 786 3249 840 turrem?
3292 786 3369 843 Ne
3409 784 3549 841 forte

1975 881 2196 950 quisque
2243 881 2294 935 in
2351 881 2641 935 tentatione
2695 879 2895 950 positus
2945 877 3291 947 corporaliter
3342 885 3548 948 quaerat

1978 982 2173 1029 turrem
2202 973 2390 1036 istam;
2419 982 2471 1026 et
2508 987 2627 1030 cum
2653 986 2769 1026 eam
2812 985 2917 1024 non
2959 969 3251 1036 invenerit,
3281 968 3551 1041 fatigetur,

1978 1071 2067 1116 aut
2092 1062 2305 1117 deficiat
2330 1063 2381 1117 in
2419 1064 2731 1117 tentatione.
2771 1062 2909 1117 Ante
2938 1070 2989 1117 te
3027 1071 3107 1118 est
3139 1062 3334 1116 turris:
3366 1076 3547 1117 recor-

1978 1153 2105 1209 dare
2129 1155 2392 1210 Christum
2412 1196 2425 1218 ,
2470 1166 2523 1209 ct
2552 1154 2685 1209 intra
2726 1154 2777 1208 in
2806 1163 3025 1211 turrem.
3067 1155 3345 1223 Quomodo
3369 1171 3552 1211 recor-

1977 1245 2123 1300 daris
2152 1244 2442 1309 Christum,
2466 1256 2523 1300 ut
2540 1246 2704 1301 intres
2722 1248 2772 1300 in
2802 1247 3028 1301 turrem?
3043 1246 3304 1317 Quidquid
3326 1248 3548 1319 pateris,

1978 1337 2149 1407 Cogita
2177 1337 2296 1403 quia
2322 1337 2466 1405 prior
2495 1352 2684 1407 passus
2711 1347 2812 1403 est,
2837 1347 2893 1392 et
2912 1340 3081 1408 cogita
3106 1354 3213 1409 quo
3238 1340 3343 1395 ﬁne
3368 1355 3554 1409 passus

1980 1436 2090 1490 est,
2123 1437 2179 1482 ut
2219 1438 2518 1483 moreretur
2558 1438 2609 1482 et
2652 1438 2973 1499 resurgeret.
2999 1430 3180 1485 Talem
3211 1439 3264 1485 ct
3293 1442 3347 1485 tu
3394 1430 3552 1487 linem

1980 1534 2135 1589 spera
2164 1521 2335 1589 qualis
2365 1521 2415 1574 in
2458 1522 2549 1575 illo
2577 1520 2880 1592 praecessit,
2925 1529 2978 1576 et
3008 1522 3211 1601 iugasti
3256 1522 3309 1577 in
3352 1531 3553 1579 turrem

1981 1625 2085 1664 non
2114 1611 2495 1667 consentiendo
2527 1611 2757 1667 inimico.
2804 1610 2859 1668 Si
2897 1613 3038 1667 enim
3077 1613 3412 1668 consenseris
3454 1614 3556 1669 ini-

1982 1702 2141 1765 mico,
2172 1711 2294 1756 tunc
2319 1701 2384 1755 ad
2436 1712 2486 1756 te
2515 1704 2751 1772 pervenit
2793 1704 3145 1773 oppugnantis
3178 1702 3433 1772 jaculum.
3474 1701 3553 1758 Tu

1981 1793 2158 1863 potius
2185 1794 2235 1847 in
2266 1792 2411 1848 illum
2443 1794 2677 1861 jaculare
2702 1794 2802 1849 tela
2825 1836 2838 1859 ,
2866 1793 3057 1864 quibus
3092 1793 3328 1858 feriatur,
3360 1793 3555 1863 quibus

1979 1887 2239 1938 vincatur.
2268 1884 2397 1951 Quae
2427 1894 2554 1939 sunt
2580 1885 2679 1939 ista
2708 1884 2850 1939 tela?
2874 1884 3046 1940 Verba
3093 1883 3225 1951 Dei,
3271 1883 3402 1939 fides
3427 1894 3514 1938 tua
3535 1925 3551 1951 ,
3570 1869 3587 1879 ’

1979 1989 2104 2046 Spes
2133 1976 2244 2047 ipsa
2275 1983 2360 2029 tua
2381 2017 2393 2039 ,
2417 1990 2579 2045 Opera
2605 1976 2763 2031 bona.
2797 1975 2910 2031 Non
2939 1976 3095 2030 dico:
3123 1975 3209 2030 Sic
3238 1984 3352 2030 esto
3375 1976 3426 2029 in
3454 1975 3554 2030 ista

1982 2078 2156 2133 turre,
2190 2076 2247 2122 ut
2279 2082 2435 2121 vaces
2475 2067 2579 2133 ibi,
2618 2076 2671 2122 et
2709 2065 2935 2122 sufliciat
2972 2066 3063 2121 tibi
3103 2067 3222 2136 quia
3255 2081 3361 2120 non
3408 2064 3473 2118 ad
3503 2074 3556 2120 to

1978 2161 2151 2216 hostis
2180 2160 2280 2215 tela
2309 2160 2647 2229 perveniunt.
2680 2158 2791 2229 Age
2828 2159 2899 2214 ibi
2927 2157 3124 2229 aliquid
3150 2174 3165 2222 ;
3197 2173 3300 2211 non
3343 2150 3555 2212 cessent

1980 2266 2168 2306 manus
2198 2270 2210 2304 :
2241 2266 2400 2321 opera
2431 2250 2565 2304 bona
2597 2261 2681 2304 tua
2711 2242 2869 2321 gladii
2899 2258 3022 2304 sunt
3050 2248 3425 2305 interficientes
3450 2249 3554 2303 ini-

1980 2343 2195 2399 micam.

2051 2434 2102 2488 6.
2146 2431 2295 2505 [rem
2328 2430 2405 2505 5.]
2445 2432 2729 2504 Inquilinus
2755 2448 2837 2486 ero
2866 2432 2916 2485 in
2941 2428 3260 2485 tabernaculo
3290 2440 3375 2484 tuo
3406 2446 3556 2498 usque

1980 2526 2031 2578 iu
2060 2526 2263 2580 sa’cula.
2296 2525 2496 2581 Videtis
2522 2526 2641 2596 quia
2688 2525 2794 2590 ille,
2831 2523 2897 2580 de
2927 2540 3030 2594 quo
3063 2523 3328 2589 diximus,
3362 2533 3444 2580 est
3469 2526 3554 2593 qui

1979 2618 2190 2671 clamat.
2213 2616 2341 2683 Quis
2370 2628 2607 2671 nostrum
2636 2627 2714 2671 est
2743 2615 3024 2686 inquilinus
3052 2630 3214 2684 usque
3240 2615 3291 2669 in
3322 2614 3556 2668 saecula?

1978 2706 2167 2760 Paucis
2194 2707 2381 2762 diebus
2421 2707 2505 2762 hic
2543 2708 2794 2774 vivimus,
2844 2716 2897 2760 et
2940 2707 3221 2760 transimus
3258 2723 3272 2759 :
3315 2706 3557 2775 inquilini

1977 2797 2118 2850 enim
2157 2795 2243 2850 hic
2270 2811 2473 2862 summ,
2515 2796 2837 2852 habitatores
2872 2796 2923 2849 in
2972 2796 3109 2850 cmlo
3147 2796 3361 2850 erimus.
3397 2796 3467 2850 lbi
3498 2812 3556 2849 es

1978 2887 2283 2957 inquilinus,
2317 2888 2455 2942 unde
2480 2887 2754 2942 auditurus
2784 2902 2841 2942 es
2868 2902 3048 2941 vocem
3079 2886 3283 2940 Domini
3317 2885 3408 2941 Dei
3435 2886 3507 2939 tui
3537 2902 3552 2938 ε

1979 2979 2159 3048 Migra.
2186 2978 2313 3032 Nam
2338 2978 2403 3032 de
2429 2978 2586 3033 domo
2610 2979 2693 3033 illa
2724 2987 2915 3032 aeterna
2949 2978 2998 3031 iu
3029 2977 3179 3032 caalis
3207 2991 3363 3031 nemo
3389 2987 3440 3031 te
3464 2975 3553 3042 ju-

1978 3070 2121 3123 bcbit
2150 3070 2396 3138 migrare.
2447 3068 2542 3124 llic
2567 3084 2692 3138 ergo
2719 3068 3020 3139 inquilinus.
3053 3066 3203 3122 Unde
3227 3066 3385 3121 etiam
3420 3064 3555 3119 dici-

1979 3170 2066 3217 tur
2095 3164 2146 3215 in
2174 3163 2277 3217 alio
2303 3162 2506 3232 psalmo
2536 3161 2855 3233 :quuiliuus
2881 3178 2970 3231 ego
2994 3177 3103 3215 sum
3120 3159 3259 3229 apud
3278 3169 3343 3225 te,
3367 3170 3413 3212 et
3434 3175 3552 3228 per-

1979 3256 2201 3323 egrinus,
2225 3255 2350 3307 sicut
2372 3271 2542 3308 omnes
2586 3264 2749 3324 patres
2772 3254 2867 3307 mei
2892 3252 3058 3321 (I’sal.
3081 3268 3299 3318 xxxvtu,
3316 3252 3427 3320 15).
3458 3250 3553 3306 llic

1978 3359 2106 3414 ergo
2132 3344 2370 3414 inquilini
2407 3359 2623 3407 sumus;
2656 3345 2724 3398 ibi
2770 3344 3023 3399 Dominus
3063 3342 3215 3397 nobis
3254 3342 3557 3397 mansiones

1976 3435 2123 3491 dabit
2150 3445 2375 3490 zelernas
2414 3453 2430 3490 :
2479 3434 2677 3502 Multa',
2720 3436 2911 3504 inquit,
2953 3435 3235 3488 mansiones
3276 3442 3394 3487 sunt
3418 3433 3557 3502 apud

1980 3525 2190 3581 Patrem
2215 3543 2377 3580 meum
2402 3526 2576 3597 (Joan.
2604 3542 2711 3589 xw,
2740 3524 2818 3597 Ξ).
2849 3525 3143 3579 Mansiones
3174 3524 3290 3578 illas
3322 3540 3424 3578 non
3448 3533 3557 3577 tan-

1978 3633 2136 3689 quam
2182 3618 2448 3688 inquilinis
2481 3618 2644 3684 dabit,
2690 3618 2782 3672 sed
2815 3627 3059 3687 tanquam
3087 3615 3290 3670 civibus
3317 3616 3367 3669 in
3394 3600 3556 3669 inter-

1981 3726 2105 3766 num
2132 3711 2415 3765 mansuris.
2455 3709 2550 3765 Bic
2578 3719 2776 3775 tamen,
2822 3708 3030 3776 fratres,
3059 3708 3178 3778 quia
3213 3724 3316 3761 non
3348 3706 3557 3783 modico

1981 3812 2222 3872 tempore
2251 3802 2426 3856 futura
2451 3811 2564 3857 erat
2592 3801 2821 3856 Ecclesia
2843 3800 2893 3855 in
2916 3800 3015 3854 hac
3041 3809 3202 3866 terra,
3231 3798 3324 3854 sed
3354 3800 3437 3854 hic
3456 3799 3559 3854 erit

1982 3896 2217 3951 Ecclesia
2258 3911 2423 3965 usque
2467 3896 2519 3950 in
2566 3896 2721 3948 linem
2750 3893 2926 3948 smculi
2960 3910 2974 3945 :
3008 3890 3127 3947 ideo
3158 3891 3243 3946 hic
3268 3891 3418 3956 dixit,
3461 3889 3561 3943 ln-

1980 3987 2199 4057 quilinns
2225 4001 2309 4040 er.)
2334 3985 2386 4039 in
2414 3984 2731 4039 tabernaculo
2760 3994 2843 4037 tuo
2864 3999 3017 4053 usque
3041 3981 3091 4035 in
3121 3980 3324 4036 sazcula.
3366 3980 3561 4034 Saeviat

1981 4077 2369 4147 quantumlibet
2398 4076 2642 4130 inimicus
2666 4116 2679 4139 ,
2720 4081 2987 4143 oppugnet
3016 4088 3099 4126 me
3122 4115 3138 4139 ,
3183 4072 3401 4127 insidias
3430 4070 3563 4134 mihi

1983 4177 2277 4239 pneparet,
2319 4167 2583 4221 scandalis
2632 4166 2949 4229 crebrescat,
2999 4172 3054 4217 et
3104 4162 3259 4216 faciat
3305 4162 3423 4230 angi
3469 4174 3562 4214 cor

1986 4275 2160 4314 meum
2196 4276 2208 4311 :
2242 4260 2519 4328 inquilinus
2548 4273 2632 4311 ero
2661 4257 2712 4309 in
2745 4255 3064 4308 tabernaculo
3086 4262 3171 4306 tuo
3202 4268 3354 4321 usque
3383 4250 3433 4302 in
3461 4265 3560 4303 sa!-

1981 4351 2115 4405 cula.
2158 4349 2273 4404 Non
2317 4349 2556 4403 vincetur
2585 4346 2820 4400 Ecclesia
2845 4386 2859 4408 ,
2908 4360 3011 4399 non
3041 4341 3394 4399 eradicabitnr
3414 4382 3427 4404 ,
3462 4355 3561 4395 nec

1970 4426 2138 4498 cedet
2174 4441 2493 4513 quibuslibet
2524 4438 2920 4502 tentationibus,
2965 4436 3133 4490 donec
3180 4433 3354 4488 veniat
3404 4432 3560 4500 hujus

1982 4533 2160 4590 saeculi
2194 4533 2331 4599 linis,
2359 4541 2414 4587 et
2442 4547 2537 4587 nos
2564 4531 2630 4585 ab
2656 4530 2752 4585 ista
2783 4527 3055 4596 temporali
3077 4535 3270 4581 teterna
3299 4526 3383 4579 illa
3411 4524 3561 4579 babiq

1985 4626 2112 4679 tatio
2140 4625 2424 4694 suscipiat,
2454 4622 2519 4676 ad
2565 4636 2721 4693 quam
2767 4635 2863 4676 nos
2890 4617 3114 4673 deducet
3141 4618 3228 4687 qui
3272 4615 3440 4670 factus
3478 4626 3565 4671 est.

1983 4732 2107 4787 spes
2135 4725 2332 4771 nostra.
2367 4714 2654 4786 Inquilinus
2678 4730 2763 4768 ero
2795 4713 2848 4767 in
2870 4710 3191 4768 tabernacqu
3222 4718 3305 4761 tuo
3327 4723 3481 4779 usque
3510 4707 3561 4761 in

1983 4808 2187 4882 sucula.
2228 4806 2283 4863 Si
2311 4806 2398 4861 diu
2438 4806 2545 4860 eris
2575 4804 2882 4874 inquilinus,
2915 4800 3063 4870 quasi
3107 4801 3207 4855 hoc
3253 4799 3324 4853 illi
3352 4798 3560 4853 dicere-

1986 4914 2104 4955 mus
2127 4942 2142 4967 ,
2174 4898 2508 4953 laboratnrus
2546 4910 2671 4966 ergo
2700 4910 2757 4948 es
2788 4893 2838 4949 in
2865 4903 3003 4947 terra
3031 4891 3169 4951 inter
3196 4899 3365 4946 tantas
3395 4898 3563 4943 tenta.

1985 4993 2158 5047 tiones
2192 5011 2203 5046 :
2246 5007 2365 5046 nam
2397 4990 2441 5044 si
2482 5003 2765 5059 paucorum
2795 4985 2999 5039 dierum
3028 4984 3113 5039 hic
3134 4992 3275 5038 esset
3304 4981 3558 5042 Ecclesia,

1982 5085 2090 5138 cito
2135 5082 2411 5136 {inirentur
2460 5078 2734 5134 tentatoris
2779 5076 3000 5131 insidiaz.
3050 5075 3226 5140 Bene;
3272 5086 3559 5143 paucorqu

1982 5174 2187 5227 dierum
2218 5172 2381 5226 velles
2409 5184 2527 5225 esse
2570 5166 2887 5222 teutationes
2929 5185 2950 5222 εΔ
2984 5166 3077 5221 sed
3105 5163 3371 5235 quomodo
3412 5160 3561 5215 collis

1979 5271 2131 5334 geret
2155 5271 2307 5317 natos
2344 5275 2551 5328 omnes,
2591 5258 2691 5315 nisi
2732 5258 2821 5314 diu
2868 5258 2954 5312 hic
2982 5266 3142 5318 esset,
3171 5255 3271 5309 nisi
3300 5267 3466 5321 usque
3507 5253 3559 5307 in

1984 5354 2146 5407 linem
2175 5352 2579 5422 proteuderetur
2593 5350 2627 5404 ’ἐι
2665 5350 2779 5404 Noli
2809 5347 3042 5403 invidere
3089 5343 3298 5399 cmteris
3325 5349 3445 5411 post
3474 5340 3559 5394 fu.-

1983 5445 2143 5507 tnris;
2176 5443 2303 5508 noli,
2330 5443 2449 5513 quia
2468 5442 2577 5513 jam
2599 5440 2853 5505 transisti,
2886 5444 3099 5508 pontem
3132 5430 3509 5487 misericordia
3536 5431 3561 5462 ι

1981 5536 2116 5590 velle
2147 5533 2435 5605 prmcidere
2467 5551 2480 5587 :
2511 5534 2580 5589 sit
2607 5531 2693 5587 hic
2718 5544 2883 5601 usque
2908 5527 2959 5582 in
2986 5524 3198 5581 saecula.
3248 5522 3316 5578 Et
3341 5520 3468 5592 quid
3493 5518 3566 5582 de

2047 5801 2063 5830 ι
2092 5806 2209 5857 vox,
2228 5792 2589 5853 misericordiw,
2612 5790 2751 5840 abest
2772 5800 2800 5836 a
2822 5783 3065 5849 plerisque
3091 5789 3195 5834 nas,
