4038 6522
450 373 553 430 τεν

449 492 860 561 mutationibus,
891 506 1010 564 quas
1048 503 1268 550 necesse
1302 498 1386 547 est
1416 496 1479 545 ut
1525 486 1798 546 abundent
1837 494 2038 558 quanto

447 584 619 654 magis
644 584 864 639 veniunt
896 576 1182 639 scandala?
1226 581 1435 638 Etenim
1464 580 1579 650 ipse
1605 579 1680 633 ait
1720 594 1736 633 :
1785 573 2038 644 Quoniam

448 668 723 729 abundabit
752 673 1012 745 iniquitas,
1038 673 1327 746 refrigescet
1355 671 1578 727 charitas
1607 669 1895 724 multorum.
1928 667 2035 722 Sed

448 759 541 824 illa
564 759 802 824 Ecclesia
830 779 951 838 quae
976 763 1170 822 clamat
1193 780 1222 819 a
1252 764 1444 820 linibus
1467 773 1645 826 terrm,
1675 761 1727 815 in
1754 761 1836 815 his
1863 759 2035 816 estde

447 847 642 930 quibus
657 858 896 928 sequitur
911 848 1095 913 dicens
1121 875 1135 911 :
1168 856 1267 925 Qui
1292 866 1460 910 autent
1475 854 1861 925 perseveraverit
1882 865 2038 924 usque

447 939 501 1002 in
537 948 709 1017 ﬁnem,
758 939 841 1001 ltic
881 946 1049 1002 salvus
1089 947 1182 1002 erit
1217 945 1424 1017 (Matth.
1456 959 1602 1010 xxw,
1650 943 1736 1010 12,
1769 943 1884 1012 i3).
1929 941 2036 997 Sed

448 1030 591 1095 tinde
624 1039 1026 1111 perseverabis?
1062 1038 1188 1107 Qua:
1213 1037 1353 1092 vires
1397 1045 1500 1091 tuae
1530 1035 1669 1098 inter
1697 1040 1840 1088 tanta
1878 1044 2036 1088 scan.

445 1123 567 1188 dala
591 1173 608 1200 ,
636 1126 776 1187 inter
822 1141 994 1188 tantas
1046 1130 1366 1185 tentationcs
1389 1170 1406 1196 ,
1439 1128 1576 1182 inter
1600 1137 1772 1182 tantas
1798 1123 2036 1196 pugnas?

448 1225 642 1296 quibus
671 1225 869 1279 viribus
892 1222 1059 1278 vincis
1098 1207 1302 1276 hostem
1339 1234 1496 1290 quem
1527 1232 1634 1273 non
1658 1214 1846 1272 vides?
1878 1231 2034 1270 nutu-

449 1315 576 1386 quid
606 1315 750 1372 tuis?
785 1315 926 1384 Ergo
952 1313 1072 1384 quia
1103 1327 1270 1383 usque
1299 1311 1352 1366 in
1393 1307 1586 1371 ssccula
1620 1309 1722 1364 erit
1749 1307 2037 1378 inquilinus

450 1399 552 1464 iste
572 1407 678 1474 hic,
701 1422 819 1476 quae
842 1406 912 1460 illi
940 1419 1063 1474 spes
1087 1410 1169 1459 est
1194 1411 1252 1458 ut
1283 1397 1474 1458 duret?
1506 1400 1778 1470 (Σουρία-ἱατ-
1817 1399 1872 1454 in
1903 1399 2037 1452 rela-

449 1508 619 1556 inento
639 1500 834 1555 alarum
861 1502 1082 1551 tuarum.
1123 1495 1260 1552 Ecce
1285 1509 1448 1565 quare
1472 1493 1650 1550 securi
1684 1507 1867 1546 sumus
1896 1493 2038 1546 inter

451 1591 626 1646 tantas
670 1584 1006 1653 tentatitlnes,
1037 1588 1208 1644 donec
1233 1587 1412 1642 veniat
1454 1585 1573 1640 linis
1613 1584 1816 1651 saeculi,
1846 1593 1901 1638 et
1921 1598 2038 1638 sus-

451 1669 652 1752 cipiunt
678 1696 778 1737 nos
829 1681 1024 1736 smcula
1050 1689 1250 1735 aeterna
1277 1678 1431 1748 :quia
1445 1677 1782 1747 cooperitnur
1812 1677 1863 1730 in
1892 1674 2036 1730 vela-

451 1773 862 1844 mentoalarum
907 1773 1091 1842 ipsius.
1141 1770 1328 1827 Estus
1357 1779 1438 1826 est
1463 1769 1642 1825 saeculi
1667 1808 1685 1835 ,
1717 1767 1808 1824 sed
1849 1782 2037 1839 magna

452 1867 640 1926 umbra
673 1878 756 1925 est
787 1867 890 1925 sub
917 1866 1016 1924 alis
1055 1865 1149 1922 Dei
1180 1881 1196 1920 :
1227 1859 1499 1936 Cooperiar
1522 1863 1576 1917 in
1613 1863 1889 1918 uelamento
1929 1860 2040 1917 ala-

451 1977 512 2014 ru
518 1978 566 2014 m
587 1969 604 2014 ι
607 1973 784 2014 uarum
792 1999 805 2013 ο

524 2047 578 2106 7.
619 2044 767 2124 (vers.
797 2046 875 2124 6.]
914 2049 1166 2118 Quoniam
1209 2060 1287 2115 tu,
1327 2045 1464 2104 Deus
1493 2049 1536 2113 ⁸,
1571 2045 1821 2104 exaudisti
1847 2047 2038 2103 oratio-

451 2153 568 2198 nem
593 2158 774 2196 meam.
804 2142 972 2210 Quam
996 2142 1019 2196 ?
1043 2143 1081 2196 Α
1122 2156 1226 2212 qua
1265 2140 1425 2210 coepit
1449 2157 1462 2194 :
1491 2139 1730 2205 Exaudi,
1759 2138 1918 2202 Deus,
1952 2138 2042 2194 de-

453 2233 789 2304 precationem
841 2249 1026 2296 meam,
1060 2232 1276 2300 vintende
1313 2231 1531 2286 orationi
1574 2247 1697 2284 mea:
1729 2245 1747 2283 :
1782 2247 1817 2284 a
1856 2229 2041 2299 ﬁnibus

453 2327 601 2378 teme
622 2324 689 2377 ad
714 2331 761 2377 te
787 2321 1020 2377 clamavi.
1051 2321 1160 2377 lloc
1180 2321 1249 2376 ad
1276 2330 1326 2376 te
1355 2321 1576 2376 clamavi
1601 2337 1632 2373 a
1651 2319 1841 2374 linibus
1861 2327 2038 2374 terras.

452 2411 580 2471 Ideo
598 2418 858 2484 cooperiar
882 2414 935 2468 in
955 2413 1231 2469 uelamento
1257 2414 1454 2468 alarum
1485 2421 1713 2478 tuarum,
1737 2411 1855 2482 quia
1884 2427 2041 2466 exau-

453 2503 575 2562 disti
611 2504 1006 2579 deprecationem
1044 2522 1223 2561 meam.
1255 2505 1618 2561 Admonemur
1644 2520 1797 2574 ergo,
1827 2503 2039 2574 fratres,

452 2613 561 2656 non
589 2610 799 2656 ceSsare
827 2598 1052 2666 orando,
1073 2599 1322 2670 quamdiu
1346 2607 1554 2671 tempus
1569 2611 1650 2654 est
1671 2599 2037 2654 Ientationum.

453 2683 652 2747 Dedisti
676 2691 1017 2747 haereditatem
1035 2689 1321 2746 timentibus
1345 2707 1524 2745 nomen
1544 2699 1705 2744 tuum.
1730 2689 2041 2746 Persevere-

453 2795 578 2840 mus
603 2799 731 2854 ergo
758 2784 808 2839 in
843 2784 1032 2839 timore
1057 2783 1288 2838 nominis
1313 2783 1406 2838 Dei
1441 2800 1454 2836 :
1487 2790 1718 2836 aeternus
1751 2780 1911 2836 Pater
1935 2797 2040 2836 non

454 2886 556 2933 nos
585 2876 736 2932 fallit.
768 2873 1036 2934 Laborant
1057 2875 1172 2942 lilii,
1203 2884 1261 2930 ut
1286 2875 1580 2945 suscipiant
1607 2883 1885 2944 parentum
1911 2887 2041 2928 suo-

455 2981 574 3023 rum
615 2967 999 3032 hacreditatem,
1036 2969 1228 3038 quibus
1265 2967 1488 3022 mortuis
1525 2965 1825 3022 successuri
1866 2965 2042 3020 sunt?

455 3068 557 3116 nos
596 3071 703 3114 non
730 3057 1032 3113 laboramus
1059 3058 1305 3128 accipere
1342 3055 1706 3112 bzcreditatcm
1733 3055 1802 3110 ab
1831 3055 1920 3110 illo
1943 3056 2046 3110 Pa-

456 3160 563 3220 tre,
593 3153 678 3209 cui
723 3169 831 3209 non
874 3154 1121 3209 morienti
1169 3154 1543 3220 succedamus,
1583 3152 1677 3208 sed
1705 3169 1825 3208 cum
1854 3154 1946 3208 illo
1988 3153 2042 3208 in

455 3244 572 3315 ipsa
605 3242 914 3319 haereditate
942 3245 995 3300 in
1019 3252 1276 3300 aeternum
1307 3245 1580 3300 vivamus!
1611 3244 1808 3300 Dedisti
1827 3244 2044 3300 ltwredi-

459 3345 609 3392 tatem
637 3337 920 3394 timentibus
945 3355 1126 3393 nomen
1152 3347 1312 3392 tuum.
1618 3360 1622 3364 θ
1843 3356 1849 3360 ·

529 3428 583 3484 8.
624 3424 774 3502 [vers.
801 3428 880 3502 7.]
916 3429 1036 3484 Dies
1057 3446 1207 3501 super
1226 3429 1332 3484 dies
1353 3431 1486 3501 regis
1500 3430 1712 3502 adjicies
1731 3447 1892 3486 annos
1911 3431 2042 3502 ejus.

458 3509 559 3576 llic
584 3529 812 3593 estergo
841 3537 939 3577 rex
969 3521 1125 3591 cujus
1151 3523 1390 3578 membra
1417 3537 1622 3579 sumus.
1650 3524 1763 3578 Rex
1801 3523 2045 3580 Christus

458 3620 563 3680 est,
589 3622 745 3682 caput
770 3621 1036 3681 nostrum,
1064 3629 1155 3669 rex
1187 3624 1389 3670 noster.
1415 3615 1613 3671 Dedisti
1642 3615 1714 3670 illi
1743 3615 1867 3672 dies
1882 3631 2046 3686 super

459 3704 607 3771 dies;
652 3720 758 3760 non
787 3706 957 3760 solum
986 3705 1116 3760 istos
1146 3705 1262 3762 dies
1290 3707 1341 3761 in
1365 3707 1466 3761 isto
1495 3716 1734 3775 tempore
1762 3723 1882 3762 cum
1915 3709 2043 3774 line,

459 3795 555 3851 sed
580 3795 694 3852 dies
721 3811 882 3866 super
908 3799 1038 3852 istos
1065 3797 1182 3854 dies
1212 3798 1327 3853 sine
1358 3798 1482 3851 line.
1529 3797 1802 3864 Ilabitabo,
1850 3799 2042 3870 inquit,

459 3880 516 3938 in
536 3885 684 3938 domo
700 3879 932 3952 Domini,
950 3887 1001 3940 in
1022 3885 1382 3957 longitudinem
1404 3887 1598 3942 dierum
1614 3888 1785 3958 (Psal.
1808 3906 1940 3955 ml,
1964 3891 2044 3962 6).

461 3974 658 4044 Quare,
693 3977 745 4030 in
777 3977 1138 4047 longitudinem
1162 3980 1380 4046 dierum,
1405 3981 1504 4035 nisi
1531 3981 1654 4050 quia
1683 3980 1844 4037 modo
1872 3982 2048 4038 brevi-

461 4075 546 4120 tas
588 4074 671 4122 est
717 4066 959 4122 dierum?
989 4067 1174 4122 Omnis
1211 4069 1352 4124 enim
1401 4084 1488 4126 res
1518 4087 1636 4140 qua:
1665 4070 1824 4126 linem
1865 4071 2046 4140 habet,

462 4154 648 4212 brevis
690 4166 773 4213 est
819 4175 833 4212 :
882 4157 976 4214 sed
1004 4160 1144 4229 regis
1172 4160 1328 4228 hujus
1352 4160 1468 4216 dies
1507 4177 1669 4232 super
1690 4163 1826 4231 dies,
1859 4174 2047 4221 utnon

461 4248 652 4306 diebus
687 4251 862 4306 solum
899 4251 1016 4307 istis
1046 4253 1442 4309 transeuntibus
1479 4264 1666 4325 regnet
1705 4256 1949 4312 Christus
1993 4258 2047 4313 in

465 4337 708 4396 Ecclesia
737 4356 832 4396 sua
853 4382 872 4407 ,
911 4341 1009 4398 sed
1045 4353 1265 4415 regnent
1289 4358 1407 4398 cum
1439 4344 1530 4399 illo
1555 4345 1724 4401 sancti
1767 4348 1820 4401 ia
1861 4346 2048 4404 diebus

461 4433 569 4488 illis
590 4435 679 4505 qui
701 4449 806 4488 non
833 4433 1030 4490 habent
1051 4433 1230 4490 linem.
1262 4435 1334 4491 lbi
1363 4451 1500 4492 unus
1521 4436 1638 4492 dies
1666 4447 1769 4504 est,
1801 4446 1855 4493 et
1893 4439 2048 4495 multi

462 4519 578 4579 dies
596 4531 743 4580 sunt.
771 4523 906 4592 Quia
941 4525 1090 4578 multi
1117 4524 1232 4580 dies
1260 4535 1408 4593 sunt,
1436 4525 1545 4581 dixi
1571 4526 1704 4596 jam,
1734 4526 1800 4581 In
1829 4528 2050 4600 longitu-

463 4612 634 4666 dinem
657 4614 854 4668 dierum
885 4629 904 4669 :
930 4615 1052 4686 quia
1081 4630 1215 4670 unus
1239 4615 1376 4683 dies,
1408 4617 1486 4672 sic
1511 4617 1844 4688 intelligitur,
1881 4619 2050 4675 Filius

463 4718 606 4757 meus
647 4719 701 4757 es
744 4713 821 4771 tu,
850 4721 941 4776 ego
987 4706 1135 4761 hodie
1177 4707 1330 4777 genui
1358 4717 1404 4761 te
1446 4706 1618 4780 (Psal.
1665 4723 1723 4774 tt,
1769 4709 1846 4778 7).
1874 4709 2049 4765 Unum

463 4792 607 4849 diem
635 4792 770 4851 dixit
793 4795 949 4850 hodie
977 4811 997 4850 :
1021 4796 1115 4852 sed
1141 4798 1242 4852 iste
1268 4796 1384 4853 dies
1413 4812 1518 4852 non
1548 4799 1760 4868 ponitur
1789 4800 1841 4854 in
1873 4801 2050 4856 medio

465 4882 608 4939 inter
632 4883 939 4942 hesternum
979 4898 1033 4943 et
1067 4891 1380 4954 crastinum,
1413 4903 1514 4944 nec
1550 4889 1757 4944 initium
1781 4891 1898 4958 ejus
1927 4879 2050 4947 linis

465 4982 551 5030 est
578 4971 839 5044 hesterni,
868 4992 970 5032 nec
1001 4976 1124 5034 linis
1147 4978 1263 5049 ejus
1292 4978 1497 5034 initium
1537 4979 1779 5036 craStini.
1824 4981 1954 5036 Nam
1994 4991 2051 5038 et

463 5069 589 5125 anni
622 5068 715 5126 Dei
739 5069 866 5124 dicti
896 5079 1022 5126 sunt
1049 5089 1062 5125 :
1093 5070 1172 5126 Tu
1193 5081 1361 5128 autem
1383 5073 1518 5127 idem
1541 5073 1651 5143 ipse
1669 5089 1741 5137 es,
1769 5083 1816 5129 et
1835 5075 1959 5128 anni
1975 5076 2050 5130 tui

463 5177 568 5216 non
597 5161 830 5231 deﬁcient
865 5161 1035 5234 (Psal.
1059 5177 1109 5217 Cl
1127 5203 1141 5226 ,
1168 5162 1283 5232 28).
1315 5163 1594 5231 Quomodo
1623 5165 1770 5228 anni,
1799 5164 1877 5220 sic
1904 5165 2047 5233 dies,

462 5254 543 5309 sic
573 5269 710 5310 unus
733 5253 850 5309 dies
873 5295 888 5319 ,
917 5253 1180 5323 Quidquid
1209 5253 1288 5308 vis
1312 5254 1446 5309 dicis
1471 5255 1539 5310 de
1564 5257 1886 5311 aeternitate.
1925 5257 2050 5312 Ideo

464 5343 724 5416 quidquid
759 5344 839 5399 vis
865 5345 1020 5411 dicis,
1049 5345 1172 5415 quia
1203 5345 1456 5415 quidquid
1487 5347 1711 5411 dixeris,
1757 5348 1934 5404 minus
1962 5349 2048 5404 di-

463 5434 683 5492 cis.Sed
709 5433 832 5490 ideo
865 5450 1085 5492 necesse
1105 5436 1402 5506 estaliquid
1430 5436 1596 5504 dicas,
1622 5446 1679 5492 ut
1704 5440 1774 5493 sit
1798 5439 1934 5494 unde
1959 5455 2051 5496 co-

463 5529 601 5599 gites
627 5528 771 5598 quod
797 5544 901 5584 non
932 5537 1107 5598 potest
1133 5528 1258 5583 dici.
1304 5528 1428 5584 Dies
1455 5546 1610 5599 super
1629 5531 1736 5584 dies
1761 5532 1892 5600 regis
1917 5532 2050 5601 adji-

463 5621 565 5674 cics
603 5635 764 5674 annos
797 5620 926 5690 ejus,
957 5637 1112 5690 usque
1145 5620 1197 5673 in
1220 5619 1352 5673 diem
1381 5620 1713 5689 generationis
1746 5631 1790 5674 et
1831 5639 2048 5692 genera-

461 5840 509 5896 η
733 5781 857 5828 Deus
884 5787 1034 5828 meus.
1077 5775 1240 5836 Abest,
1265 5785 1415 5837 meus,
1434 5775 1494 5824 ab
1517 5781 1590 5827 Er.
1628 5784 1679 5827 et
1702 5783 1830 5838 Mss,
1855 5791 1947 5829 nec
1971 5786 2048 5829 est

513 5856 521 5880 ι
542 5850 554 5881 Ι
630 5873 654 5884 ,.
725 5869 736 5886 ο

513 5850 585 5884 ιιιιι
611 5850 713 5885 LXX
725 5869 736 5886 ο

1687 365 1744 424 S.
1784 367 1920 425 AUC
1929 365 2146 426 USTINI
2185 367 2487 429 EPISCOPI

3621 383 3738 442 ηε

2145 489 2313 545 tionis.
2365 490 2736 549 Generatiunis
2787 492 2944 565 hujus
2985 503 3042 552 et
3086 492 3442 566 generationis
3486 498 3728 556 lutum:

2143 582 2497 652 generationis
2537 583 2694 652 hujus
2744 600 2865 655 qua:
2907 597 3244 656 comparatur
3293 588 3452 657 lunae,
3480 599 3732 660 propter

2142 670 2283 740 quod
2314 670 2438 726 luna
2466 674 2720 740 nascitur,
2743 674 2956 742 crescit,
2986 675 3272 744 perﬁcitur,
3303 680 3534 734 senescit
3552 688 3608 735 et
3633 693 3732 734 oc.

2141 761 2299 828 cidit;
2345 765 2423 820 sic
2449 773 2573 822 sunt
2600 766 2968 836 generationes
2994 768 3109 822 istae
3133 769 3386 825 mortales
3417 787 3430 823 :
3463 779 3518 826 et
3551 785 3730 841 gene-

2097 883 2099 886 ‹
2142 856 2362 910 rationis
2385 871 2487 928 qua
2510 873 2886 928 regeneramur
2911 860 3238 930 resurgendo
3256 903 3269 924 ,
3298 869 3354 916 et
3379 862 3728 932 permanebi-

2141 961 2261 1004 mus
2304 947 2356 1002 in
2403 957 2660 1004 aeternum
2705 964 2826 1003 cum
2872 950 3000 1013 Deo,
3041 950 3253 1020 quando
3276 950 3387 1020 jam
3433 967 3539 1006 non
3580 952 3730 1008 sicut

2141 1038 2288 1104 luna,
2315 1039 2408 1094 sed
2437 1041 2578 1111 quod
2607 1042 2682 1096 ait
2709 1042 2982 1105 Dominus,
3019 1041 3160 1114 Tunc
3173 1042 3304 1113 justi
3332 1043 3594 1113 fulgebunt
3619 1045 3728 1099 sio-

2139 1141 2194 1184 ut
2213 1131 2291 1185 sol
2314 1131 2367 1184 in
2387 1147 2540 1202 regno
2567 1131 2740 1188 Patris
2758 1133 2838 1187 sui
2858 1131 3068 1204 (Matth.
3103 1149 3220 1197 xm,
3245 1135 3361 1202 43).
3404 1134 3551 1189 Luna
3571 1135 3726 1188 enim

2141 1224 2360 1294 figurate
2383 1225 2435 1280 in
2466 1225 2754 1295 Scripturis
2783 1241 2880 1296 pro
2911 1227 3259 1281 mutabilitate
3283 1226 3440 1295 hujus
3472 1226 3726 1283 mortali-

2141 1317 2267 1372 tatis
2293 1317 2525 1385 ponitur.
2560 1317 2683 1372 Ideo
2707 1318 2772 1372 ad
2795 1317 3012 1374 Iericho
3039 1317 3394 1374 descendebat
3420 1319 3508 1374 ille
3533 1319 3603 1374 ab
3629 1316 3729 1374 Je-

2138 1409 2370 1466 rusalem
2395 1411 2484 1481 qui
2513 1411 2734 1466 incurrit
2763 1411 2815 1466 in
2843 1411 3074 1466 latrones
3095 1428 3115 1467 :
3143 1412 3264 1480 quia
3290 1410 3503 1466 Jericho
3529 1410 3730 1467 civitas

2141 1501 2361 1558 verbum
2387 1510 2471 1558 est
2509 1502 2801 1570 bebneum,
2843 1512 2901 1558 et
2947 1504 3326 1573 interpretatur
3357 1503 3518 1558 latnie
3547 1502 3726 1560 Luna.

2143 1593 2510 1650 Descendebat
2531 1608 2661 1664 ergo
2683 1603 2929 1664 tanquam
2954 1594 3025 1650 ab
3059 1593 3456 1650 immortalitate
3477 1593 3542 1648 ad
3569 1609 3728 1649 mor-

2143 1683 2400 1740 talitatem
2424 1702 2440 1739 :
2468 1694 2524 1740 et
2561 1685 2754 1740 merito
2781 1685 2836 1739 in
2862 1685 3052 1740 itinere
3077 1684 3386 1739 vulneratus
3423 1699 3455 1738 a
3494 1683 3727 1739 latroni-

2139 1775 2241 1832 bus
2260 1784 2315 1832 et
2332 1777 2626 1834 semivivus
2648 1777 2861 1833 relictus
2891 1785 2972 1833 est
3005 1775 3155 1849 (Luc.
3181 1792 3237 1842 χ,
3271 1775 3360 1848 50)
3396 1775 3486 1831 ille
3525 1775 3732 1844 Adam,

2141 1881 2212 1923 ex
2235 1882 2340 1938 quo
2355 1878 2438 1924 est
2458 1877 2622 1923 totum
2637 1882 2808 1938 genus
2822 1868 3132 1923 humanum.
3152 1865 3295 1937 Ergo
3309 1865 3415 1920 dies
3441 1882 3596 1934 super
3613 1865 3730 1920 dies

2141 1960 2274 2031 regis
2313 1959 2522 2030 adjicies
2550 1975 2708 2014 annos
2733 1960 2866 2029 ejus,
2906 1975 3061 2027 usque
3095 1959 3151 2012 in
3189 1958 3320 2012 diem
3364 1943 3728 2029 generationis,

2142 2050 2505 2120 generationis
2533 2048 2775 2104 mortalis
2799 2048 3022 2118 accipio.
3049 2046 3214 2116 Cujus
3242 2047 3611 2117 generationis.
3637 2047 3732 2101 al-

2143 2140 2312 2196 terius
2335 2139 2658 2194 mentionem
2681 2138 2884 2194 lecisti?
2915 2138 3116 2209 Cujus?
3142 2138 3296 2193 audi:

2214 2230 2268 2286 9.
2309 2229 2458 2303 [vers.
2499 2228 2578 2303 8.]
2621 2229 2940 2285 Permanebit
2988 2231 3042 2285 in
3082 2239 3324 2285 internum
3360 2229 3414 2284 in
3457 2240 3736 2300 conspecti

2143 2322 2241 2378 Dei
2261 2341 2280 2378 ε
2300 2322 2604 2379 Secundum
2618 2323 2762 2393 quid,
2787 2332 2880 2378 aut
2907 2332 3122 2394 propter
3135 2322 3300 2392 quid?
3324 2322 3730 2377 Misericordia"

2143 2424 2190 2468 et
2215 2415 2468 2469 veritatem
2505 2415 2614 2484 ejus
2648 2415 2760 2481 quis
2785 2415 2997 2484 requiret
3023 2415 3107 2469 ci?
3149 2413 3286 2469 Dicit
3322 2425 3379 2470 et
3408 2413 3512 2469 alio
3550 2414 3670 2470 loco
3704 2427 3738 2472 :

2148 2506 2406 2563 Universae
2425 2507 2517 2561 via
2537 2506 2741 2561 Domini
2764 2506 3110 2561 misericordia
3135 2517 3182 2560 et
3207 2508 3410 2572 ueritas,
3434 2507 3731 2577 requirenti-

2144 2599 2236 2654 bus
2277 2607 2622 2653 testamentum
2655 2599 2766 2664 eius
2802 2607 2850 2653 et
2886 2597 3168 2653 testimonia
3206 2599 3316 2669 eius
3357 2596 3525 2668 (Psal.
3567 2612 3734 2665 Inv,

2145 2689 2256 2762 10).
2287 2689 2506 2761 Magnus
2545 2704 2724 2745 sermo
2760 2689 2828 2745 de
2862 2691 3088 2746 veritate
3117 2697 3172 2744 et
3200 2689 3560 2746 misericordia
3579 2728 3596 2755 ,
3623 2687 3730 2744 sed

2142 2783 2462 2839 brevitatem
2489 2783 2850 2852 promisimus.
2878 2781 3118 2837 Breviter
3137 2781 3361 2852 accipite
3387 2780 3513 2851 quid
3537 2781 3609 2835 sit
3632 2794 3748 2836 vet

2144 2874 2276 2929 ritas
2307 2882 2364 2929 et
2391 2871 2783 2934 misericordia;
2827 2871 2949 2942 quia
2987 2885 3092 2926 non
3129 2885 3350 2941 parvum
3377 2878 3460 2925 est
3482 2868 3622 2940 quod
3645 2868 3736 2924 di-

2144 2975 2290 3022 ctum
2353 2974 2473 3032 est,
2538 2963 2798 3019 Universae
2847 2965 2942 3018 vim
3000 2963 3208 3018 Domini
3269 2963 3615 3018 misericordia
3679 2971 3739 3016 es

2145 3058 2348 3112 ueritas.
2379 3056 2738 3112 Misericordia
2764 3056 2962 3111 dicitur
2983 3097 2999 3122 ,
3038 3056 3160 3126 quia
3191 3069 3298 3110 non
3329 3059 3518 3111 merita
3542 3063 3736 3111 nostra

2145 3148 2374 3204 attendit
2430 3149 2570 3203 Deus
2600 3190 2617 3214 ,
2662 3147 2758 3202 sed
2815 3147 3105 3202 bonitatem
3151 3162 3341 3209 suam,
3394 3155 3456 3201 ut
3512 3155 3731 3216 peccata

2145 3239 2300 3294 nobis
2328 3239 2506 3292 omnia
2529 3239 2840 3302 dimitteret,
2871 3249 2926 3294 et
2951 3239 3111 3292 vitam
3147 3248 3402 3292 aeternam
3445 3238 3732 3307 promitte-

2116 3366 2120 3368 -
2147 3340 2231 3386 ret
2261 3347 2274 3384 :
2304 3331 2499 3386 veritas
2521 3339 2721 3395 autem,
2763 3330 2884 3399 quia
2909 3343 3015 3384 non
3046 3329 3178 3384 l'allit
3202 3329 3425 3384 reddere
3449 3343 3567 3399 qua:
3595 3342 3731 3398 pro-

2146 3423 2312 3481 misit.
2345 3425 2709 3494 Agnoscamus
2752 3422 2839 3477 hic
2881 3437 3037 3490 eam,
3085 3430 3141 3476 et
3186 3435 3286 3476 nos
3333 3420 3587 3476 iaciamus
3624 3428 3734 3476 :ut

2147 3516 2415 3588 quomodo
2435 3516 2588 3570 nobis
2616 3515 2754 3569 Deus
2782 3513 3025 3570 exhibuit
3047 3511 3463 3568 misericordiam
3490 3525 3641 3566 suam
3671 3521 3731 3567 et

2147 3608 2422 3663 veritatem
2467 3620 2655 3672 suam;
2706 3605 3122 3660 misericordiam
3169 3603 3492 3659 dimittenda
3512 3613 3732 3673 peccata

2149 3711 2352 3766 nostra,
2383 3699 2660 3754 veritatem
2685 3697 2986 3753 exhibendo
3009 3697 3267 3768 promissa
3293 3711 3388 3750 sua
3413 3714 3426 3750 :
3451 3697 3529 3751 sic
3557 3704 3612 3752 et
3633 3710 3734 3751 nos

2148 3792 2404 3847 faciamus
2431 3791 2517 3846 hic
2545 3790 2962 3845 misericordiam
3001 3798 3056 3844 et
3083 3788 3358 3844 veritatem
3383 3804 3404 3854 ;
3430 3788 3737 3842 misericor-

2149 3886 2290 3940 diam
2332 3886 2474 3940 circa
2523 3885 2784 3947 inlirmos,
2829 3882 2968 3938 circa
3015 3890 3261 3963 egentes,
3299 3881 3448 3936 circa
3487 3881 3738 3936 inimicos

2148 3978 2308 4032 etiam
2336 3985 2544 4030 nostros
2569 3992 2584 4042 ;
2609 3974 2881 4030 veritatem
2905 3989 3008 4028 non
3030 3973 3320 4044 peccando,
3344 3988 3444 4028 nec
3469 3972 3736 4050 adjicien-

2150 4072 2220 4127 do
2247 4078 2516 4141 peccatum
2543 4083 2703 4137 super
2731 4076 3030 4138 peccatum.
3060 4065 3318 4133 Quoniam
3363 4065 3453 4135 qui
3502 4065 3736 4119 multum

2149 4165 2250 4219 sibi
2281 4163 2558 4233 pollicetur
2583 4159 2654 4216 de
2698 4158 3058 4214 misericordia
3093 4157 3207 4223 Dei,
3253 4156 3494 4226 subrepit
3531 4156 3584 4210 in
3612 4156 3738 4210 ani-

2151 4271 2296 4311 mum
2328 4255 2492 4326 ipsius
2521 4261 2580 4308 ut
2604 4251 2762 4308 faciat
2799 4251 3054 4320 injustam
3095 4249 3280 4315 Deum,
3323 4259 3379 4303 et
3420 4256 3568 4317 putet
3609 4252 3739 4317 quia

2152 4351 2195 4405 si
2222 4347 2576 4420 permanserit
2599 4353 2866 4418 peccator,
2911 4352 2967 4397 et
2994 4342 3226 4397 noluerit
3256 4340 3506 4396 recedere
3529 4339 3598 4394 ab
3628 4339 3740 4393 ini-

2151 4439 2437 4510 quitatibus
2466 4439 2596 4500 suis,
2628 4435 2807 4489 veniet
2835 4433 2944 4497 ille,
2983 4440 3039 4487 et
3065 4432 3135 4486 ibi
3179 4445 3302 4486 cum
3337 4429 3608 4498 positurus
3652 4437 3741 4483 est

2155 4534 2242 4587 ubi
2283 4532 2429 4602 ponit
2457 4545 2638 4586 servos
2667 4543 2792 4584 suos
2821 4526 2909 4597 qui
2938 4526 2985 4580 ei
3015 4525 3408 4594 obtemperant.
3440 4523 3506 4576 Et
3529 4521 3738 4591 justum

2152 4624 2256 4680 hoc
2285 4625 2405 4689 erit,
2450 4632 2507 4677 ut
2536 4621 2605 4676 ibi
2636 4629 2688 4675 te
2715 4627 2879 4690 ponat
2907 4624 3335 4689 perseverantem
3376 4613 3427 4667 in
3461 4613 3696 4683 peccatis
3718 4653 3742 4679 ,

2154 4717 2242 4772 ubi
2274 4717 2538 4786 positurus
2563 4711 2646 4768 est
2683 4713 2801 4767 illos
2826 4711 2914 4782 qui
2937 4717 3266 4764 recesserunt
3287 4722 3316 4760 a
3346 4704 3618 4776 peccatis?
3645 4705 3740 4760 Sic

2153 4809 2236 4864 vis
2265 4807 2488 4877 injustus
2514 4819 2653 4867 esse,
2684 4813 2742 4858 ut
2769 4811 2825 4858 et
2869 4802 3036 4857 Deum
3078 4800 3241 4856 iacias
3269 4797 3566 4868 injustam?
3596 4797 3740 4864 Quid

2155 4900 2237 4956 vis
2263 4913 2390 4970 ergo
2431 4904 2743 4952 convertere
2787 4894 2952 4949 Deum
2984 4891 3049 4946 ad
3077 4892 3401 4946 voluntatem
3439 4887 3624 4942 tuam?
3656 4887 3741 4942 Tu

2155 5000 2467 5047 convertere
2504 4987 2570 5042 ad
2597 4985 2924 5041 voluntatem
2957 4983 3072 5038 Dei.
3101 4981 3232 5048 Quis
3256 4989 3486 5051 estergo
3508 4979 3602 5048 qui
3632 4977 3744 5034 hoc

2155 5086 2301 5151 facit,
2335 5083 2435 5139 nisi
2459 5096 2524 5136 ex
2554 5081 2658 5135 illis
2685 5078 2888 5149 paucis,
2915 5077 2983 5133 de
3011 5075 3203 5147 quibus
3226 5073 3419 5129 dicitur
3446 5090 3460 5126 :
3487 5071 3587 5138 Qui
3617 5088 3743 5141 per-

2155 5175 2446 5232 severaverit
2471 5188 2626 5244 usque
2650 5172 2700 5224 in
2724 5173 2894 5237 liuent,
2923 5169 3004 5221 hic
3026 5168 3194 5222 salvus
3217 5167 3309 5220 erit
3336 5163 3558 5235 (Matth.
3589 5178 3746 5230 xxiv,

2157 5272 2270 5343 15).
2299 5269 2486 5325 Merito
2515 5275 2570 5322 et
2597 5265 2682 5319 hic
2705 5261 3104 5317 misericordiam
3132 5269 3177 5314 et
3201 5259 3456 5314 veritatem
3479 5256 3590 5326 ejus
3625 5258 3744 5326 quis

2155 5365 2368 5433 requiret
2400 5361 2488 5417 ei?
2529 5357 2667 5426 Quid
2704 5364 2807 5423 est,
2853 5356 2943 5410 ei?
2986 5353 3283 5417 Sufﬁcerct,
3329 5353 3440 5424 quis
3483 5353 3748 5420 requiret:

2155 5473 2338 5529 quare,
2368 5453 2588 5517 addidit,
2635 5450 2714 5515 ei,
2763 5448 2863 5503 nisi
2893 5447 3016 5516 quia
3058 5444 3210 5499 multi
3238 5451 3484 5514 quarrunt
3521 5443 3745 5497 miseri-

2156 5548 2390 5604 cordiam
2435 5545 2549 5614 ejus
2577 5551 2630 5596 ct
2660 5540 2936 5596 veritatem
2977 5536 3186 5592 discere
3215 5536 3266 5588 in
3310 5534 3460 5588 libris
3505 5531 3660 5602 ejus;
3691 5537 3747 5586 et

2155 5657 2276 5696 cum
2303 5635 2604 5701 didicerint,
2650 5633 2749 5688 sibi
2793 5631 2993 5691 vivunt,
3040 5644 3144 5682 non
3185 5628 3296 5690 illi;
3324 5640 3416 5679 sua
3446 5633 3698 5694 qna‘runt
3725 5663 3742 5688 ,

2156 5749 2260 5790 non
2294 5747 2412 5800 quae
2458 5729 2582 5784 Jt-su
2627 5725 2820 5781 Christi
2861 5722 3118 5792 (Philipp.
3169 5735 3222 5783 tt,
3267 5719 3412 5786 2i);
3448 5714 3745 5786 pra‘dicant

2159 5820 2574 5880 misericordiam
2599 5827 2646 5874 et
2673 5818 2966 5882 veritatem,
2999 5824 3049 5869 et
3081 5830 3185 5867 non
3211 5811 3404 5866 faciunt
3433 5809 3745 5864 miscricor-
