4038 6474
237 373 345 434 πθ

236 494 382 547 diam
423 501 480 548 et
524 488 846 547 veritatem?
891 487 996 543 Sed
1036 483 1374 556 praedicando
1419 484 1584 551 illam,
1625 491 1816 538 norunt

237 586 380 638 illam
426 599 578 637 :non
626 582 766 637 enim
810 580 1161 651 praedicarent
1206 578 1389 640 illam,
1438 575 1542 630 nisi
1601 583 1820 630 nossent

237 671 404 728 illam.
433 672 539 729 Sed
565 674 654 743 qui
688 674 853 727 Deum
880 679 1022 724 amat.
1045 679 1097 724 et
1124 669 1409 730 Christum,
1446 668 1500 722 in
1527 660 1822 736 przedicau-

233 765 305 818 do
345 764 766 820 misericordiam
796 773 846 818 et
875 763 1148 817 veritatem
1190 759 1375 829 ipsius,
1406 759 1519 827 ipse
1559 757 1704 811 illam
1731 772 1819 811 re-

235 858 410 927 quiret
437 859 509 923 ei,
541 873 645 912 non
671 856 770 910 sibi
797 871 814 908 :
845 853 898 908 id
927 861 1028 919 est,
1054 867 1160 907 non
1191 860 1248 905 ut
1275 851 1387 920 ipse
1415 849 1606 903 habeat
1627 863 1691 902 ex
1719 847 1820 902 hac

235 949 616 1020 praedicatione
653 947 930 1002 commoda
987 944 1336 1012 temporalia,
1388 940 1485 996 sed
1542 948 1600 994 ut
1654 940 1820 1008 prosit

233 1043 496 1099 membris
528 1040 726 1111 ipsius,
754 1039 806 1094 id
851 1047 935 1094 est
964 1036 1204 1091 lidelihus
1243 1034 1393 1102 eius,
1433 1047 1554 1087 cum
1595 1031 1819 1085 veritate

231 1133 592 1190 ministrando
637 1131 778 1201 quod
828 1130 1010 1192 novit;
1056 1137 1113 1180 ut
1157 1127 1247 1195 qui
1284 1124 1412 1178 vivit
1440 1137 1544 1177 non
1580 1121 1688 1190 jam
1717 1119 1817 1174 sibi

229 1227 398 1292 vivat,
427 1225 520 1281 sed
557 1224 606 1280 ei
643 1223 731 1293 qui
780 1238 874 1291 pro
916 1219 1160 1274 omnibus
1209 1225 1445 1271 mortuus
1468 1221 1552 1268 est
1593 1209 1676 1284 (ll
1698 1212 1814 1266 Cor.

223 1314 264 1389 iv
285 1360 300 1384 ,
335 1320 452 1389 15).
484 1315 886 1372 Misericordiam
931 1322 979 1369 et
1027 1312 1281 1366 ueritatem
1321 1309 1431 1378 ejus
1481 1308 1592 1378 quis
1646 1306 1816 1375 requi-

227 1388 304 1464 ἱει
327 1411 414 1464 ei?

301 1501 396 1560 l0.
424 1499 577 1573 [uers.
596 1498 676 1573 9.]
709 1500 798 1555 Sic
825 1498 1040 1571 psallam
1065 1495 1254 1551 nomini
1277 1503 1382 1559 tuo,
1401 1491 1558 1559 Deus,
1577 1492 1630 1545 in
1649 1507 1812 1545 siccu-

226 1597 336 1652 lnm
360 1597 556 1660 seculi,
577 1605 633 1649 ut
657 1595 868 1650 reddant
891 1602 1004 1647 vota
1028 1607 1138 1644 mea
1155 1589 1219 1644 de
1234 1589 1316 1642 die
1341 1588 1394 1641 in
1421 1588 1572 1642 diem.
1600 1585 1654 1640 Si
1678 1583 1819 1654 psaia

227 1687 295 1742 lis
321 1687 527 1742 nomini
561 1687 674 1750 Dei,
717 1700 790 1740 ne
815 1683 1014 1754 psallas
1054 1680 1121 1735 ad
1173 1690 1401 1748 tempus.
1437 1677 1526 1730 Vis
1556 1676 1608 1729 in
1649 1689 1817 1729 smeu-

227 1778 340 1833 lum
363 1776 546 1832 saeculi
575 1774 846 1846 psallere?
868 1773 947 1826 vis
975 1772 1026 1825 in
1057 1779 1315 1825 :eternum
1336 1764 1601 1837 psallere?
1634 1763 1815 1819 Redde

224 1868 279 1923 ei
305 1877 429 1920 vota
461 1876 548 1920 tua
575 1867 642 1920 de
683 1864 771 1918 die
801 1863 852 1916 in
882 1861 1044 1915 diem.
1076 1858 1213 1927 Quid
1257 1866 1359 1921 est,
1405 1855 1570 1911 redde
1614 1854 1665 1909 ei
1693 1862 1812 1908 vota

225 1967 312 2012 tua
335 1957 407 2011 de
429 1956 518 2010 die
546 1956 598 2008 in
625 1953 806 2009 diem?
837 1953 910 2006 De
935 1949 1021 2005 die
1051 1949 1152 2004 isto
1177 1949 1229 2003 in
1255 1947 1402 2001 illum
1426 1946 1584 2000 diem.
1617 1945 1810 2000 Perse-

223 2065 356 2105 vera
384 2048 612 2103 reddere
638 2054 758 2100 vota
789 2045 848 2098 in.
879 2043 982 2097 isto
1011 2041 1121 2106 die,
1148 2039 1320 2095 donec
1343 2038 1529 2093 venias
1565 2035 1632 2092 ad
1661 2034 1808 2089 illum

221 2140 366 2196 diem
397 2158 416 2195 :
443 2140 548 2194 hoc
571 2144 674 2204 est,
709 2136 808 2205 Qui
836 2132 1217 2206 perseveraverit
1256 2145 1412 2201 usque
1430 2129 1484 2182 in
1511 2128 1684 2198 ﬁnem,
1727 2126 1810 2180 hic

221 2233 396 2286 salsus
419 2231 534 2285 erit.

655 2437 735 2498 IN
781 2434 1160 2498 PSALMUM
1201 2432 1345 2494 LXI

790 2533 1210 2593 ENARRATIO.

713 2642 884 2684 δειιιιο
920 2642 988 2682 Δί)
1026 2639 1253 2681 ΡιΕΒῑΙ.

293 2725 348 2782 l.
379 2724 534 2798 [ιτεη.
566 2718 645 2794 1.]
686 2718 979 2776 Delectatio
1007 2717 1306 2772 divinorum
1344 2715 1674 2787 eloquiorum
1701 2757 1718 2784 ,
1752 2724 1807 2772 et

219 2805 450 2871 tl'uleedo
473 2809 798 2882 intelligendi
828 2809 972 2865 verbi
1005 2807 1119 2874 Dei,
1149 2806 1432 2877 adjuvante
1459 2807 1574 2878 ipso
1598 2807 1686 2878 qui
1715 2806 1807 2862 dat

217 2907 535 2961 suavitatem
555 2943 571 2969 ,
618 2909 678 2958 ut
705 2909 843 2958 terra
871 2908 1052 2956 nostra
1079 2898 1168 2954 det
1199 2899 1420 2954 fructum
1447 2913 1602 2953 suum
1627 2896 1802 2968 (Psal.

220 3012 440 3064 Lxxxrv,
471 2996 587 3068 15),
618 3002 672 3050 et
697 3009 797 3050 nos
821 2991 886 3048 ad
917 2991 1237 3060 loquendum
1259 3031 1273 3054 ,
1301 2998 1356 3046 et
1378 3005 1472 3045 vos
1492 2989 1558 3044 ad
1580 2989 1802 3044 audien-

217 3092 345 3146 dum
368 3089 699 3144 exhortatur.
750 3085 919 3140 Video
958 3097 1056 3138 vos
1093 3083 1210 3136 sine
1254 3079 1466 3135 fastidio
1494 3080 1678 3135 audire
1701 3121 1716 3145 ,
1750 3089 1804 3136 et

215 3180 423 3252 gaudeo
451 3179 628 3249 palato
655 3175 830 3232 cordis
855 3174 1037 3240 vestri,
1068 3187 1098 3227 a
1119 3186 1224 3242 quo
1245 3171 1294 3226 id
1317 3170 1456 3241 quod
1482 3170 1693 3226 salubre
1722 3181 1804 3226 est

219 3288 324 3328 non
355 3271 644 3341 reSpuitur,
667 3267 761 3324 sed
790 3281 909 3322 enm
938 3264 1192 3319 aviditate
1217 3262 1506 3332 percipitur
1527 3301 1542 3328 ,
1575 3269 1630 3317 et
1658 3261 1802 3316 utili-

218 3375 300 3421 ter
327 3364 648 3419 contiuctur.
695 3359 1000 3428 Loquamur
1019 3369 1147 3424 ergo
1175 3353 1325 3408 vobis
1350 3364 1404 3409 et
1428 3353 1609 3417 hodie,
1636 3368 1804 3423 quan-

217 3466 326 3510 tum
349 3454 605 3510 Dominus
631 3451 820 3514 donat,
851 3448 918 3504 de
947 3448 1048 3502 isto
1071 3446 1276 3516 psalmo
1303 3459 1460 3514 quem
1493 3443 1651 3497 modo
1676 3458 1803 3498 can-

219 3551 464 3603 lavimus.
495 3545 702 3599 Titulus
727 3543 840 3611 ejus
858 3549 958 3605 est,
977 3538 1040 3591 In
1059 3539 1212 3606 ﬁnem
1233 3577 1248 3603 ,
1276 3552 1368 3606 pro
1388 3534 1620 3600 Iditliun,
1654 3533 1806 3588 Psal-

216 3656 328 3694 mus
357 3638 457 3708 ipsi
482 3633 673 3690 David.
724 3633 839 3687 Jam
881 3629 1030 3684 vobis
1072 3628 1394 3682 insinuatum
1431 3641 1550 3681 esse
1578 3626 1702 3695 quid
1733 3626 1804 3681 sit

217 3730 426 3785 ldithun
451 3771 466 3794 ,
499 3726 682 3782 recolo
716 3722 909 3796 (a).Ex
935 3720 1372 3791 interpretatione
1400 3719 1541 3772 enim
1573 3718 1800 3773 hebraeae

218 3823 410 3889 linguae
442 3830 496 3873 ut
520 3817 582 3872 ad
610 3833 706 3872 nos
722 3815 979 3886 pervenit,
1010 3812 1168 3868 latine
1187 3811 1381 3867 dicitur
1403 3810 1613 3866 ldithun
1632 3810 1802 3866 Tran-

216 3916 397 3968 siliens
427 3926 543 3966 eos.
595 3907 846 3962 Transilit
887 3920 1017 3975 ergo
1059 3905 1159 3959 iste
1187 3904 1274 3974 qui
1314 3909 1491 3958 cantat
1518 3901 1796 3972 quosdam,

217 4021 352 4074 quos
377 3999 614 4070 desuper
641 3999 886 4069 despicit.
919 3995 1205 4052 Videamus
1233 4009 1509 4066 quousque
1533 3993 1800 4049 transilie-

218 4097 321 4158 rit,
367 4103 425 4147 et
452 4106 586 4162 quos
618 4087 969 4153 transilierit,
1021 4093 1076 4142 et
1122 4084 1209 4140 ubi
1253 4085 1496 4155 quamvis
1542 4083 1799 4154 quosdam

217 4183 528 4239 transilierit
570 4181 773 4251 positus
818 4179 887 4234 sit
921 4195 934 4232 :
963 4175 1031 4231 de
1063 4190 1169 4246 quo
1196 4174 1451 4244 Spirituali
1491 4173 1719 4244 quodam
1746 4182 1802 4230 et

219 4292 404 4332 securo
432 4275 554 4330 loco
587 4274 853 4329 intueatur
878 4269 1013 4335 ima;
1045 4283 1150 4323 non
1179 4268 1250 4322 ita
1291 4267 1584 4338 reSpieiens
1613 4275 1669 4321 ut
1704 4281 1798 4322 ca-

218 4368 326 4434 dat,
342 4366 438 4422 sed
461 4374 518 4420 ut
544 4373 753 4420 moveat
770 4365 786 4395 ί
808 4363 894 4434 qui
914 4361 1193 4417 transilivit
1219 4361 1394 4430 pigros
1419 4368 1474 4414 ut
1489 4367 1797 4429 sequantur,

220 4471 270 4514 et
294 4459 470 4514 laudet
509 4457 684 4512 locum
728 4470 834 4526 quo
880 4453 1220 4509 transiliendo
1267 4453 1525 4523 pervenit.
1555 4453 1628 4507 lta
1655 4454 1797 4508 enim

223 4553 321 4607 iste
358 4549 664 4606 transiliens
707 4562 868 4617 super
894 4545 1088 4616 aliquid
1116 4552 1198 4599 est
1217 4587 1232 4611 ,
1274 4553 1330 4598 nt
1352 4543 1453 4599 sub
1477 4543 1654 4614 aliquo
1680 4544 1750 4598 sit
1779 4561 1794 4599 :

227 4643 357 4697 unde
382 4643 532 4712 prius
561 4639 713 4694 nobis
756 4639 1025 4693 insinuare
1054 4636 1217 4690 voluit
1257 4637 1356 4690 sub
1384 4649 1490 4705 quo
1538 4644 1682 4690 tutus
1707 4633 1796 4703 sit,

230 4746 282 4788 ut
301 4734 431 4788 illud
459 4730 608 4804 quod
646 4729 962 4796 transilivit,
1005 4742 1110 4782 non
1147 4727 1217 4782 sit
1243 4726 1506 4796 superbia:
1545 4725 1638 4781 sed
1668 4740 1797 4797 pro-

232 4835 416 4880 vectus.

288 4916 341 4970 2.
373 4915 526 4988 [νει-ε.
553 4910 700 4984 ἳοῶέῙ
743 4910 800 4966 ln
839 4907 1067 4980 quodam
1095 4921 1223 4978 ergo
1267 4906 1386 4962 loco
1424 4908 1626 4962 munito
1652 4907 1800 4977 posi-

228 5016 305 5063 tus
328 5009 438 5073 ait,
473 5005 660 5059 Nonne
689 5005 794 5058 Deo
832 5002 1118 5071 subjicietur
1143 5001 1314 5053 animo
1359 5001 1509 5054 mea?
1551 4999 1802 5054 Audierat

230 5102 359 5155 enim
380 5143 396 5167 ,
427 5100 528 5167 Qui
555 5115 610 5152 se
631 5097 819 5150 exultat
837 5137 851 5159 ,
889 5093 1264 5156 humiliabitur;
1290 5102 1335 5145 et
1358 5092 1443 5163 qui
1469 5107 1521 5145 se
1547 5090 1800 5158 lmmiliat,

235 5194 523 5247 excitabitur
552 5190 764 5263 (Matth.
794 5203 922 5242 χχιιι
947 5229 962 5251 ,
995 5187 1084 5258 12)
1121 5205 1134 5241 :
1163 5196 1217 5242 et
1260 5186 1492 5256 trepidus
1517 5202 1584 5241 ne
1614 5188 1805 5242 transi-

235 5283 400 5338 liendo
429 5281 747 5352 superbiret,
777 5294 881 5333 non
907 5278 1077 5332 elatus
1101 5292 1166 5331 ex
1190 5277 1273 5330 his
1300 5293 1417 5346 qua:
1443 5276 1580 5331 infra
1603 5285 1802 5342 essent,

240 5377 321 5429 sed
348 5376 561 5430 humilis
589 5387 654 5429 ex
681 5387 747 5428 eo
769 5373 857 5442 qui
887 5372 907 5403 ’
931 5385 1089 5440 supra
1110 5378 1289 5433 esset;
1331 5379 1578 5439 tanquam
1602 5369 1808 5424 miuan~

241 5468 367 5522 tibus
393 5469 440 5522 ei
486 5466 696 5521 ruinam
723 5463 914 5518 invidis
942 5463 1030 5532 qui
1065 5477 1185 5516 eum
1228 5463 1576 5516 transilivisse
1616 5463 1807 5516 dolue-

245 5567 383 5625 rant,
410 5557 726 5628 respondit,
771 5553 957 5610 Nonne
988 5552 1093 5608 Deo
1119 5553 1408 5624 subjicictur
1449 5554 1619 5608 animo
1658 5554 1808 5607 mea?

303 5715 318 5746 ⁸
343 5714 505 5764 Plures
523 5718 653 5770 llas,
675 5716 881 5763 moneat.

303 5777 412 5840 {sic
432 5775 614 5840 aliquot
635 5781 740 5822 uss.
767 5773 879 5822 ιω.
897 5785 1036 5840 vero,
1059 5785 1124 5827 ex
1146 5785 1203 5827 eo
1223 5773 1351 5840 quod
1375 5787 1524 5840 supra
1541 5781 1678 5828 esset.

305 5836 375 5886 tat
404 5844 452 5886 tu
475 5835 592 5886 rs‘al.
620 5849 817 5889 xxxvtu.
841 5848 889 5884 n.
917 5836 962 5884 i.

1371 362 1762 422 EXARRATlO
1801 360 1866 416 IN
1907 362 2233 424 PSALMUSI
2269 371 2405 428 LXI.

3414 379 3522 439 730

1926 481 2061 550 Quid
2077 495 2162 542 est
2180 488 2324 558 qitod
2343 488 2473 545 mihi
2489 490 2646 547 veluti
2667 503 2982 552 transiticnu
2997 498 3234 569 quaeritis
3251 497 3470 572 laqueos
3485 500 3515 556 τ

1928 576 2271 637 lnsultatione
2297 582 2531 651 dejicere
2559 601 2644 640 me
2670 587 2856 652 vultis,
2900 599 2994 646 aut
3032 591 3341 650 seductione
3361 594 3511 651 deei-

1927 684 2074 739 pere.
2102 672 2366 744 Numquid
2395 676 2464 730 ita
2492 677 2708 732 memini
2734 695 2894 750 supra
2924 683 3062 752 quod
3087 699 3201 740 sum
3223 727 3240 748 .
3278 694 3337 742 ut
3372 686 3511 742 obli-

1928 770 2010 817 tus
2035 766 2134 818 sim
2170 765 2270 819 sub
2295 782 2400 837 quo
2424 783 2541 822 sum
2562 769 2586 822 ?
2625 769 2812 826 Nonne
2838 769 2945 826 Deo
2972 772 3194 843 subjecta
3218 777 3311 831 erit
3333 778 3509 833 anima

1924 857 2080 910 mea?
2128 856 2623 930 Quantumcumque
2671 862 2962 929 accedam,
3020 875 3507 939 quantumcumque

1923 946 2233 1008 ascendam.
2264 963 2751 1024 quantumcumque
2773 956 3088 1021 transiliam,
3119 957 3220 1013 sub
3250 960 3357 1015 Deo
3382 976 3499 1025 ero.

1924 1050 2030 1091 non
2073 1051 2256 1094 contra
2305 1042 2488 1098 Deum.
2535 1043 2765 1100 Securus
2793 1061 2920 1117 ergo
2948 1049 3264 1104 transcendo
3289 1059 3506 1120 etetera,

1922 1133 2134 1201 quando
2158 1135 2245 1188 ille
2275 1151 2360 1190 me
2400 1137 2500 1191 sub
2545 1153 2605 1193 se
2648 1148 2830 1206 tenet,
2879 1141 3080 1209 quiest
3118 1155 3279 1210 super
3302 1143 3504 1198 omnia.

1925 1221 2113 1278 Nonne
2147 1223 2256 1278 Deo
2282 1226 2502 1295 subjecta
2525 1229 2618 1281 erit
2646 1230 2817 1282 anima
2834 1232 2984 1285 mea?
3013 1230 3087 1284 Ab
3116 1232 3226 1302 ipso
3251 1233 3385 1286 enim
3413 1249 3503 1288 sa-

1923 1311 2087 1366 lutare
2099 1329 2281 1368 meum.
2303 1313 2499 1368 Etenim
2521 1318 2703 1387 ipscest
2727 1316 2862 1372 Deus
2878 1336 3015 1373 meus
3026 1328 3072 1374 et
3083 1321 3319 1375 salutaris
3337 1337 3498 1388 meus,

1921 1415 2181 1474 susceptor
2208 1422 2347 1460 meus
2364 1447 2379 1472 ,
2407 1422 2508 1461 non
2539 1407 2768 1463 movebar
2792 1411 3030 1478 amplius.
3053 1410 3177 1466 Scio
3201 1412 3328 1482 quis
3344 1428 3504 1484 supra

1922 1512 2010 1552 me
2033 1498 2121 1564 sit,
2141 1499 2251 1553 scio
2276 1500 2395 1570 quis
2413 1501 2704 1570 praetendat
2728 1503 3141 1558 misericordiam
3157 1518 3307 1559 suam
3328 1505 3506 1561 scien-

1922 1587 2066 1642 tibus
2082 1602 2166 1653 se,
2191 1590 2303 1644 scio
2329 1590 2428 1644 sub
2454 1591 2605 1660 cujus
2623 1592 2825 1646 alarum
2856 1594 3089 1664 tegmine
3111 1609 3318 1664 sperem
3352 1613 3370 1650 :
3399 1611 3502 1651 non

1921 1682 2151 1735 movebar
2189 1684 2428 1753 amplius.
2463 1684 2633 1753 Agitis
2659 1685 2872 1754 quidem
2902 1700 2997 1740 vos
3019 1726 3036 1752 ,
3064 1687 3138 1740 ait
3159 1686 3500 1756 quibusdam,

1922 1772 2228 1827 transiliens
2255 1788 2350 1828 eos
2376 1775 2518 1843 ipsos
2547 1776 2740 1844 quibus
2763 1776 2890 1830 dicit
2919 1793 2933 1832 :
2965 1777 3120 1846 agitis
3154 1777 3370 1847 quidem
3396 1792 3496 1834 vos

1920 1873 1976 1918 nt
2006 1879 2258 1930 movear,
2281 1866 2374 1920 sed
2404 1883 2502 1919 non
2526 1868 2688 1920 veniat
2715 1868 2838 1920 mihi
2863 1883 2947 1936 pes
2975 1869 3243 1936 superbior.
3293 1867 3368 1922 Ex
3397 1867 3504 1924 hoc

1917 1958 2060 2012 enim
2089 1959 2150 2013 tit
2175 1959 2314 2028 quod
2337 1969 2390 2013 et
2417 1959 2468 2013 in
2497 1960 2612 2028 ipso
2637 1959 2843 2030 psalmo
2872 1959 3112 2030 sequitur
3133 2000 3148 2024 ,
3182 1959 3293 2014 Nec
3317 1977 3500 2016 manus

1914 2057 2233 2118 peccatorum
2257 2050 2503 2104 dimoveat
2524 2067 2603 2105 me
2630 2049 2798 2120 (Psal.
2825 2066 2961 2104 xxxv
2981 2091 2997 2118 ,
3027 2050 3118 2120 12)
3148 2069 3162 2104 :
3194 2051 3278 2106 cui
3309 2066 3500 2107 conso-

1915 2151 2041 2208 nat,
2089 2139 2210 2194 Non
2243 2142 2474 2196 movebar
2501 2143 2741 2212 amplius.
2793 2142 2873 2196 Ad
2918 2142 3044 2197 illud
3081 2143 3225 2196 enim
3256 2142 3398 2213 quod
3426 2143 3498 2199 ibi

1913 2234 2112 2291 dictum
2137 2246 2252 2302 est,
2297 2236 2407 2290 Nec
2433 2252 2614 2289 manus
2658 2248 2975 2306 peccatorum
2995 2236 3242 2290 dimoveat
3267 2253 3370 2301 me,
3413 2252 3500 2292 re-

1912 2325 2140 2395 spondet
2185 2325 2270 2380 hic
2290 2367 2305 2393 ,
2354 2324 2474 2380 Non
2511 2325 2740 2379 movebar
2761 2325 2980 2395 amplius
3007 2341 3025 2382 .°
3053 2325 3118 2378 ad
3150 2325 3275 2379 illud
3316 2332 3497 2380 autem

1911 2419 2054 2489 quod
2112 2419 2182 2473 ibi
2225 2419 2423 2474 dictum
2465 2427 2581 2484 est,
2640 2417 2761 2471 Non
2809 2420 2972 2471 reuiat
3010 2418 3134 2471 milii
3179 2433 3267 2490 pes
3317 2433 3499 2488 super-

1910 2510 2038 2574 biae,
2080 2510 2369 2582 reSpondet
2408 2509 2530 2577 hic,
2578 2508 2766 2564 Nonne
2798 2507 2907 2564 Deo
2941 2509 3167 2580 subjecta
3195 2509 3288 2563 erit
3323 2509 3497 2563 anima

1908 2619 2022 2658 mea
2039 2602 2066 2657 ?

1985 2695 2036 2749 3.
2069 2693 2210 2764 Ergo
2239 2694 2306 2750 de
2329 2695 2608 2764 superiore
2652 2694 2773 2750 loco
2806 2693 3043 2749 munitus
3083 2701 3138 2748 et
3183 2701 3362 2754 tutus.
3409 2693 3496 2750 cui

1909 2786 2082 2843 factus
2106 2798 2187 2844 est
2216 2789 2468 2844 Dominus
2497 2789 2782 2860 refugium,
2815 2790 2898 2844 cui
2925 2799 3007 2844 est
3032 2789 3143 2858 ipse
3164 2789 3303 2843 Deus
3331 2788 3383 2842 in
3415 2787 3496 2843 lo-

1908 2895 2030 2936 cum
2061 2881 2343 2947 munitum,
2376 2881 2594 2952 respicit
2619 2882 2684 2935 ad
2715 2896 2809 2936 eos
2829 2897 2964 2952 quos
2984 2881 3287 2946 transilivit,
3317 2890 3364 2935 et
3395 2880 3494 2936 ἀει

1908 2974 2142 3044 spiciens
2171 2989 2263 3029 eos
2291 2974 2542 3044 loquitur,
2568 2984 2813 3044 tanquam
2837 2975 2904 3028 de
2926 2975 3054 3028 turri
3085 2974 3294 3029 excelsa
3320 2989 3336 3036 ;
3368 2987 3492 3027 nam

1909 3075 1964 3122 et
1993 3065 2094 3121 hoc
2133 3065 2334 3121 dictum
2364 3075 2447 3120 est
2481 3066 2551 3120 de
2592 3080 2658 3120 eo
2678 3107 2694 3131 ,
2741 3064 2922 3119 Turris
2959 3065 3271 3136 fortitudinis
3303 3082 3333 3117 a
3363 3063 3494 3135 faeie

1907 3157 2098 3214 inimici
2123 3157 2292 3230 (Psal.
2325 3175 2390 3214 ex
2413 3200 2429 3222 ,
2458 3157 2514 3230 4)
2547 3174 2560 3212 :
2595 3158 2819 3213 attendit
2855 3172 2986 3228 ergo
3010 3158 3075 3212 ad
3101 3173 3194 3212 eos
3218 3199 3234 3224 ,
3259 3166 3314 3213 et
3338 3156 3489 3222 dicit,

1911 3251 2464 3321 Quousqueapponitis
2495 3267 2648 3320 super
2690 3251 2984 3305 hominem?
3025 3248 3330 3303 insultando
3351 3283 3366 3314 ,
3399 3262 3494 3316 0p—

1910 3342 2120 3411 probria
2146 3343 2392 3411 jaciendo
2413 3384 2428 3409 ,
2459 3341 2756 3396 insidiando
2780 3381 2796 3406 ,
2826 3338 3236 3410 persequendo,
3271 3337 3493 3408 apponi-

1908 3435 1976 3490 tis
2002 3449 2164 3504 super
2189 3434 2459 3489 hominem
2488 3449 2648 3488 onera
2672 3451 2686 3497 ;
2731 3433 3000 3503 apponitis
3025 3447 3186 3500 super
3215 3431 3486 3483 hominem

1905 3533 2160 3595 quantum
2213 3532 2385 3594 potest
2419 3525 2436 3556 ¹
2475 3523 2612 3578 ferre
2656 3522 2864 3576 homo:
2906 3521 2999 3576 sed
3031 3531 3086 3574 ut
3133 3523 3265 3574 ferat
3303 3519 3486 3582 homo,

1905 3619 2005 3674 sub
2040 3619 2133 3674 illo
2167 3628 2250 3674 est
2288 3619 2376 3688 qui
2418 3617 2540 3673 fecit
2584 3616 2874 3672 hominem.
2926 3614 3196 3681 Quousque
3234 3611 3490 3682 apponitis

1905 3727 2059 3782 super
2087 3711 2340 3765 banti-tem
2362 3711 2386 3764 ?
2411 3709 2467 3764 Si
2494 3709 2559 3765 ad
2589 3708 2857 3762 hominem
2887 3704 3177 3769 attenditis,
3209 3703 3489 3769 Inter/idle

1906 3819 2096 3858 omnes.
2127 3803 2264 3856 Ecce
2292 3801 2566 3870 apponite,
2593 3799 2776 3854 saevite
2795 3840 2809 3862 ,
2835 3797 3102 3866 interﬁcite
3129 3811 3322 3850 omnes.
3347 3793 3488 3848 Tan-

1904 3893 2283 3964 quam‘parieti
2320 3893 2564 3946 inclinato
2602 3901 2647 3945 et
2684 3889 2918 3944 maceria
2955 3887 3227 3958 impulsw:
3262 3886 3478 3950 instate,

1906 3983 2193 4053 impellite.
2239 3984 2388 4052 quasi
2434 3980 2731 4050 dejecturi.‘
2759 3979 2826 4033 Et
2850 3979 2938 4034 ubi
2966 3986 3074 4044 est,
3107 3977 3223 4030 Non
3258 3975 3489 4030 movebar

1903 4073 2122 4144 untplius
2143 4072 2167 4126 .9
2192 4071 2295 4128 Sed
2322 4086 2508 4142 quare,
2542 4069 2661 4124 Non
2691 4069 2922 4124 movebar
2940 4067 3202 4138 amplius?
3225 4067 3357 4132 Quia
3381 4067 3490 4135 ipse

1904 4176 1975 4220 est
1994 4164 2134 4218 Deus
2152 4163 2388 4218 salutaris
2410 4177 2569 4226 meus,
2596 4170 2853 4229 susceptor
2880 4175 3036 4211 meus.
3070 4156 3213 4225 Ergo
3241 4155 3486 4208 homines

1905 4253 2126 4324 potestis
2153 4265 2424 4321 apponere
2443 4264 2606 4304 onera
2637 4249 2657 4279 ⁸
2686 4262 2852 4316 super
2877 4246 3143 4300 hominem
3177 4261 3189 4296 :
3231 4242 3487 4312 numquid

1902 4361 2064 4416 super
2085 4345 2248 4398 Demn
2280 4342 2373 4412 qui
2398 4351 2573 4396 tuetur
2602 4337 2914 4393 hominem?

1972 4437 2029 4491 4.
2062 4435 2340 4502 Interﬁcite
2363 4448 2553 4486 omnes.
2591 4429 2743 4496 Quod
2771 4438 2972 4482 tantum
2994 4425 3219 4496 spatium
3246 4422 3487 4492 corporis

1903 4529 1956 4582 in
1984 4541 2090 4582 uno
2115 4525 2352 4590 homine,
2378 4523 2469 4578 ubi
2501 4522 2668 4593 possit
2695 4519 2923 4576 interﬁci
2956 4518 3024 4572 ab
3051 4515 3340 4571 omnibus?
3374 4514 3486 4570 Sed

1902 4621 2161 4676 debemus
2199 4617 2493 4687 intelligere
2541 4628 2824 4685 personam
2873 4621 3152 4676 nostram,
3203 4623 3487 4679 personam

1903 4711 2156 4767 Ecclesiae
2200 4717 2432 4774 nostrae,
2481 4720 2764 4777 personam
2806 4705 3047 4775 corporis
3069 4700 3286 4755 Christi.
3337 4699 3490 4756 Unus

1904 4803 2050 4857 enim
2069 4801 2231 4856 homo
2257 4814 2378 4855 eum
2407 4799 2581 4868 capite
2609 4804 2661 4852 et
2685 4810 2909 4867 corpore
2925 4809 3021 4848 suo
3045 4792 3202 4849 Jesus
3219 4791 3486 4860 Christus,

1904 4894 2139 4949 salvator
2167 4893 2407 4964 corporis
2436 4899 2490 4945 et
2533 4890 2771 4943 membra
2800 4885 3038 4955 corporis
3062 4926 3077 4950 ,
3113 4883 3218 4939 duo
3244 4884 3296 4938 in
3327 4899 3490 4938 carne

1906 5001 2011 5041 una
2037 4985 2193 5054 (Gen.
2223 5001 2294 5050 ιι,
2321 4984 2414 5048 24,
2447 4991 2494 5036 et
2523 4981 2713 5050 Eplies.
2739 4995 2791 5045 v,
2822 4979 2937 5048 3|),
2968 4986 3020 5032 et
3045 4977 3096 5030 in
3123 4992 3254 5032 voce
3283 4991 3407 5038 una,
3435 4986 3489 5030 et

1909 5080 1960 5135 in
1991 5071 2237 5148 passione
2265 5090 2403 5140 una;
2445 5085 2498 5128 et
2526 5088 2646 5127 cum
2693 5070 2963 5126 transierit
2997 5070 3284 5140 iniquitas,
3318 5068 3367 5120 in
3400 5081 3484 5120 re-

1911 5173 2032 5240 quie
2057 5185 2181 5224 una.
2209 5167 2492 5222 Passiones
2509 5164 2684 5233 itaque
2699 5161 2894 5217 Christi
2913 5177 3018 5215 non
3040 5163 3090 5216 in
3115 5157 3488 5223 soloChristo;

1911 5261 2019 5316 imo
2059 5259 2332 5330 passiones
2370 5255 2565 5311 Christi
2611 5255 2822 5308 nonnisi
2873 5255 2924 5308 in
2968 5254 3196 5308 Christo.
3251 5248 3304 5303 Si
3345 5251 3488 5303 enim

1912 5352 2184 5406 Christum
2214 5348 2474 5417 intelligas
2501 5353 2661 5416 caput
2679 5355 2733 5401 et
2753 5361 2968 5415 corpus,
3000 5344 3274 5414 passiones
3294 5339 3490 5395 Christi

1915 5441 2123 5497 nonnisi
2171 5441 2220 5493 in
2265 5438 2477 5493 Christo
2510 5453 2523 5490 :
2551 5438 2592 5491 si
2621 5446 2796 5491 autem
2825 5434 3089 5489 Christum
3118 5431 3380 5498 intelligas
3405 5444 3490 5483 so-

1915 5533 2020 5587 lum
2047 5539 2200 5602 caput
2223 5572 2238 5598 ,
2267 5529 2543 5600 passiones
2570 5527 2768 5583 Christi
2803 5542 2906 5580 non
2938 5524 2990 5578 in
3023 5523 3138 5577 solo
3166 5521 3399 5575 Christo.
3431 5519 3491 5576 Si

1978 5709 1994 5740 ι
2021 5714 2140 5756 Tres
2161 5713 2290 5765 Mss,
2314 5710 2540 5768 quantum
2555 5717 2646 5753 non
2667 5706 2812 5768 potest
2834 5700 2982 5760 ferre.

1978 5773 1998 5803 ι
2022 5772 2094 5818 sic
2117 5769 2216 5818 duo
2239 5757 2344 5818 ass:
2384 5767 2470 5817 Alii
2491 5780 2601 5817 cum
2643 5757 2775 5825 Edd.,
2798 5757 3036 5826 apponere
3077 5757 3311 5812 hominem
3343 5769 3492 5824 super

1917 5837 2169 5885 hominem.
