  <div class='ocr_page' id='page_1' title='image "/cluster/home/n/w/nwhite01/storage/ocr_20150623/36/hvd.32044015471469/371.png"; bbox 0 0 4038 6466; ppageno 0'>
   <div class='ocr_carea' id='block_1_1' title="bbox 591 348 2675 438">
    <p class='ocr_par' dir='ltr' id='par_1_1' title="bbox 591 348 2675 438">
     <span class='ocr_line' id='line_1_1' title="bbox 591 348 2675 438; baseline -0.004 0"><span class='ocrx_word' id='word_1_1' title='bbox 591 383 686 438; x_wconf 71' lang='grc' dir='ltr'><strong>τδι</strong></span> <span class='ocrx_word' id='word_1_2' title='bbox 1814 377 1868 434; x_wconf 91' lang='lat' dir='ltr'><strong>s.</strong></span> <span class='ocrx_word' id='word_1_3' title='bbox 1911 371 2278 434; x_wconf 83' lang='lat' dir='ltr'><strong>AUGUSTINI</strong></span> <span class='ocrx_word' id='word_1_4' title='bbox 2319 371 2618 431; x_wconf 83' lang='lat' dir='ltr'><strong>El’lSCOPl</strong></span> <span class='ocrx_word' id='word_1_5' title='bbox 2673 348 2675 350; x_wconf 75' lang='grc'><strong><em>’</em></strong></span> 
     </span>
    </p>
   </div>
   <div class='ocr_carea' id='block_1_2' title="bbox 590 483 2164 564">
    <p class='ocr_par' dir='ltr' id='par_1_2' title="bbox 590 483 2164 564">
     <span class='ocr_line' id='line_1_2' title="bbox 590 483 2164 564; baseline -0.006 -17"><span class='ocrx_word' id='word_1_6' title='bbox 590 494 731 548; x_wconf 86' lang='lat' dir='ltr'><strong>enim</strong></span> <span class='ocrx_word' id='word_1_7' title='bbox 759 493 1032 564; x_wconf 89' lang='lat' dir='ltr'><strong>passiones</strong></span> <span class='ocrx_word' id='word_1_8' title='bbox 1058 488 1273 547; x_wconf 88' lang='lat' dir='ltr'><strong>Christi</strong></span> <span class='ocrx_word' id='word_1_9' title='bbox 1302 489 1355 543; x_wconf 92' lang='lat' dir='ltr'><strong>in</strong></span> <span class='ocrx_word' id='word_1_10' title='bbox 1395 487 1510 543; x_wconf 88' lang='lat' dir='ltr'><strong>solo</strong></span> <span class='ocrx_word' id='word_1_11' title='bbox 1533 486 1748 544; x_wconf 86' lang='lat' dir='ltr'><strong>Christo</strong></span> <span class='ocrx_word' id='word_1_12' title='bbox 1766 528 1782 554; x_wconf 91' lang='lat'><strong>,</strong></span> <span class='ocrx_word' id='word_1_13' title='bbox 1830 486 1940 541; x_wconf 90' lang='lat' dir='ltr'><strong>imo</strong></span> <span class='ocrx_word' id='word_1_14' title='bbox 1967 487 2021 540; x_wconf 92' lang='lat' dir='ltr'><strong>in</strong></span> <span class='ocrx_word' id='word_1_15' title='bbox 2048 483 2164 539; x_wconf 87' lang='lat' dir='ltr'><strong>solo</strong></span> 
     </span>
    </p>
   </div>
   <div class='ocr_carea' id='block_1_3' title="bbox 590 575 2169 653">
    <p class='ocr_par' dir='ltr' id='par_1_3' title="bbox 590 575 2169 653">
     <span class='ocr_line' id='line_1_3' title="bbox 590 575 2169 653; baseline -0.005 -15"><span class='ocrx_word' id='word_1_16' title='bbox 590 585 796 653; x_wconf 89' lang='lat' dir='ltr'><strong>capite;</strong></span> <span class='ocrx_word' id='word_1_17' title='bbox 844 581 984 637; x_wconf 93' lang='lat' dir='ltr'><strong>unde</strong></span> <span class='ocrx_word' id='word_1_18' title='bbox 1028 581 1158 636; x_wconf 90' lang='lat' dir='ltr'><strong>dicit</strong></span> <span class='ocrx_word' id='word_1_19' title='bbox 1195 578 1460 651; x_wconf 77' lang='lat' dir='ltr'><strong>quoddam</strong></span> <span class='ocrx_word' id='word_1_20' title='bbox 1501 577 1798 634; x_wconf 82' lang='lat' dir='ltr'><strong>membrum</strong></span> <span class='ocrx_word' id='word_1_21' title='bbox 1828 577 1944 647; x_wconf 90' lang='lat' dir='ltr'><strong>ejus</strong></span> <span class='ocrx_word' id='word_1_22' title='bbox 1974 575 2169 631; x_wconf 84' lang='lat' dir='ltr'><strong>Paulus</strong></span> 
     </span>
    </p>
   </div>
   <div class='ocr_carea' id='block_1_4' title="bbox 590 668 2169 744">
    <p class='ocr_par' dir='ltr' id='par_1_4' title="bbox 590 668 2169 744">
     <span class='ocr_line' id='line_1_4' title="bbox 590 668 2169 744; baseline -0.003 -18"><span class='ocrx_word' id='word_1_23' title='bbox 590 675 884 744; x_wconf 74' lang='lat' dir='ltr'><strong>apostolus,</strong></span> <span class='ocrx_word' id='word_1_24' title='bbox 915 673 982 729; x_wconf 89' lang='lat' dir='ltr'><strong>Ut</strong></span> <span class='ocrx_word' id='word_1_25' title='bbox 997 673 1260 743; x_wconf 85' lang='lat' dir='ltr'><strong>suppleam</strong></span> <span class='ocrx_word' id='word_1_26' title='bbox 1280 686 1394 740; x_wconf 72' lang='lat' dir='ltr'><strong>qua:</strong></span> <span class='ocrx_word' id='word_1_27' title='bbox 1412 670 1591 724; x_wconf 84' lang='lat' dir='ltr'><strong>desunt</strong></span> <span class='ocrx_word' id='word_1_28' title='bbox 1619 685 1964 741; x_wconf 82' lang='lat' dir='ltr'><strong>pressurarum</strong></span> <span class='ocrx_word' id='word_1_29' title='bbox 1981 668 2169 724; x_wconf 84' lang='lat' dir='ltr'><strong>Christi</strong></span> 
     </span>
    </p>
   </div>
   <div class='ocr_carea' id='block_1_5' title="bbox 589 761 2166 833">
    <p class='ocr_par' dir='ltr' id='par_1_5' title="bbox 589 761 2166 833">
     <span class='ocr_line' id='line_1_5' title="bbox 589 761 2166 833; baseline -0.002 -15"><span class='ocrx_word' id='word_1_30' title='bbox 589 766 642 818; x_wconf 90' lang='lat' dir='ltr'><strong>in</strong></span> <span class='ocrx_word' id='word_1_31' title='bbox 684 782 836 819; x_wconf 88' lang='lat' dir='ltr'><strong>carne</strong></span> <span class='ocrx_word' id='word_1_32' title='bbox 861 781 973 820; x_wconf 87' lang='lat' dir='ltr'><strong>mea</strong></span> <span class='ocrx_word' id='word_1_33' title='bbox 1023 764 1239 833; x_wconf 87' lang='lat' dir='ltr'><strong>(Coloss.</strong></span> <span class='ocrx_word' id='word_1_34' title='bbox 1271 779 1327 828; x_wconf 87' lang='grc' dir='ltr'><strong>ι,</strong></span> <span class='ocrx_word' id='word_1_35' title='bbox 1356 762 1493 831; x_wconf 68' lang='lat'><strong>24)?</strong></span> <span class='ocrx_word' id='word_1_36' title='bbox 1547 761 1606 816; x_wconf 89' lang='lat' dir='ltr'><strong>Si</strong></span> <span class='ocrx_word' id='word_1_37' title='bbox 1647 777 1776 831; x_wconf 78' lang='lat' dir='ltr'><strong>ergo</strong></span> <span class='ocrx_word' id='word_1_38' title='bbox 1816 761 1868 816; x_wconf 88' lang='lat' dir='ltr'><strong>in</strong></span> <span class='ocrx_word' id='word_1_39' title='bbox 1913 761 2166 815; x_wconf 84' lang='lat' dir='ltr'><strong>membris</strong></span> 
     </span>
    </p>
   </div>
   <div class='ocr_carea' id='block_1_6' title="bbox 589 843 2163 927">
    <p class='ocr_par' dir='ltr' id='par_1_6' title="bbox 589 843 2163 927">
     <span class='ocr_line' id='line_1_6' title="bbox 589 843 2163 927; baseline -0.004 -16"><span class='ocrx_word' id='word_1_40' title='bbox 589 856 787 912; x_wconf 92' lang='lat' dir='ltr'><strong>Christi</strong></span> <span class='ocrx_word' id='word_1_41' title='bbox 816 873 910 922; x_wconf 89' lang='lat' dir='ltr'><strong>es,</strong></span> <span class='ocrx_word' id='word_1_42' title='bbox 961 843 1279 927; x_wconf 60' lang='lat' dir='ltr'><strong>quicumque</strong></span> <span class='ocrx_word' id='word_1_43' title='bbox 1306 856 1467 910; x_wconf 91' lang='lat' dir='ltr'><strong>homo</strong></span> <span class='ocrx_word' id='word_1_44' title='bbox 1493 894 1507 920; x_wconf 90' lang='lat'><strong>,</strong></span> <span class='ocrx_word' id='word_1_45' title='bbox 1554 853 1793 924; x_wconf 85' lang='lat' dir='ltr'><strong>quisquis</strong></span> <span class='ocrx_word' id='word_1_46' title='bbox 1835 853 1951 908; x_wconf 71' lang='lat' dir='ltr'><strong>haec</strong></span> <span class='ocrx_word' id='word_1_47' title='bbox 1992 852 2163 919; x_wconf 88' lang='lat' dir='ltr'><strong>audis,</strong></span> 
     </span>
    </p>
   </div>
   <div class='ocr_carea' id='block_1_7' title="bbox 590 943 2164 1018">
    <p class='ocr_par' dir='ltr' id='par_1_7' title="bbox 590 943 2164 1018">
     <span class='ocr_line' id='line_1_7' title="bbox 590 943 2164 1018; baseline -0.004 -16"><span class='ocrx_word' id='word_1_48' title='bbox 590 945 832 1018; x_wconf 86' lang='lat' dir='ltr'><strong>quisquis</strong></span> <span class='ocrx_word' id='word_1_49' title='bbox 861 947 977 1002; x_wconf 65' lang='lat' dir='ltr'><strong>haec</strong></span> <span class='ocrx_word' id='word_1_50' title='bbox 1002 962 1141 1002; x_wconf 90' lang='lat' dir='ltr'><strong>nunc</strong></span> <span class='ocrx_word' id='word_1_51' title='bbox 1171 961 1275 1001; x_wconf 89' lang='lat' dir='ltr'><strong>non</strong></span> <span class='ocrx_word' id='word_1_52' title='bbox 1299 946 1450 1000; x_wconf 87' lang='lat' dir='ltr'><strong>audis</strong></span> <span class='ocrx_word' id='word_1_53' title='bbox 1477 944 1592 1016; x_wconf 91' lang='lat' dir='ltr'><strong>(sed</strong></span> <span class='ocrx_word' id='word_1_54' title='bbox 1621 953 1796 999; x_wconf 91' lang='lat' dir='ltr'><strong>tamen</strong></span> <span class='ocrx_word' id='word_1_55' title='bbox 1828 943 2000 1007; x_wconf 90' lang='lat' dir='ltr'><strong>audis,</strong></span> <span class='ocrx_word' id='word_1_56' title='bbox 2033 944 2077 996; x_wconf 90' lang='lat' dir='ltr'><strong>si</strong></span> <span class='ocrx_word' id='word_1_57' title='bbox 2111 943 2164 996; x_wconf 91' lang='lat' dir='ltr'><strong>in</strong></span> 
     </span>
    </p>
   </div>
   <div class='ocr_carea' id='block_1_8' title="bbox 589 1033 2164 1107">
    <p class='ocr_par' dir='ltr' id='par_1_8' title="bbox 589 1033 2164 1107">
     <span class='ocr_line' id='line_1_8' title="bbox 589 1033 2164 1107; baseline -0.004 -15"><span class='ocrx_word' id='word_1_58' title='bbox 589 1040 847 1094; x_wconf 86' lang='lat' dir='ltr'><strong>membris</strong></span> <span class='ocrx_word' id='word_1_59' title='bbox 874 1037 1073 1094; x_wconf 90' lang='lat' dir='ltr'><strong>Christi</strong></span> <span class='ocrx_word' id='word_1_60' title='bbox 1100 1037 1180 1106; x_wconf 91' lang='lat' dir='ltr'><strong>es)</strong></span> <span class='ocrx_word' id='word_1_61' title='bbox 1203 1054 1215 1099; x_wconf 89' lang='lat'><strong>;</strong></span> <span class='ocrx_word' id='word_1_62' title='bbox 1241 1036 1494 1107; x_wconf 89' lang='lat' dir='ltr'><strong>quidquid</strong></span> <span class='ocrx_word' id='word_1_63' title='bbox 1524 1035 1722 1105; x_wconf 87' lang='lat' dir='ltr'><strong>pateris</strong></span> <span class='ocrx_word' id='word_1_64' title='bbox 1747 1034 1814 1087; x_wconf 88' lang='lat' dir='ltr'><strong>ab</strong></span> <span class='ocrx_word' id='word_1_65' title='bbox 1839 1035 1917 1089; x_wconf 90' lang='lat' dir='ltr'><strong>eis</strong></span> <span class='ocrx_word' id='word_1_66' title='bbox 1942 1033 2032 1102; x_wconf 92' lang='lat' dir='ltr'><strong>qui</strong></span> <span class='ocrx_word' id='word_1_67' title='bbox 2060 1048 2164 1087; x_wconf 92' lang='lat' dir='ltr'><strong>non</strong></span> 
     </span>
    </p>
   </div>
   <div class='ocr_carea' id='block_1_9' title="bbox 589 1123 2162 1194">
    <p class='ocr_par' dir='ltr' id='par_1_9' title="bbox 589 1123 2162 1194">
     <span class='ocr_line' id='line_1_9' title="bbox 589 1123 2162 1194; baseline -0.004 -12"><span class='ocrx_word' id='word_1_68' title='bbox 589 1137 713 1184; x_wconf 90' lang='lat' dir='ltr'><strong>sunt</strong></span> <span class='ocrx_word' id='word_1_69' title='bbox 736 1129 788 1184; x_wconf 90' lang='lat' dir='ltr'><strong>in</strong></span> <span class='ocrx_word' id='word_1_70' title='bbox 817 1129 1074 1183; x_wconf 88' lang='lat' dir='ltr'><strong>membris</strong></span> <span class='ocrx_word' id='word_1_71' title='bbox 1098 1127 1324 1192; x_wconf 77' lang='lat' dir='ltr'><strong>Christi,</strong></span> <span class='ocrx_word' id='word_1_72' title='bbox 1372 1126 1556 1182; x_wconf 89' lang='lat' dir='ltr'><strong>deerat</strong></span> <span class='ocrx_word' id='word_1_73' title='bbox 1595 1124 1926 1194; x_wconf 90' lang='lat' dir='ltr'><strong>passionibus</strong></span> <span class='ocrx_word' id='word_1_74' title='bbox 1947 1123 2162 1177; x_wconf 88' lang='lat' dir='ltr'><strong>Christi.</strong></span> 
     </span>
    </p>
   </div>
   <div class='ocr_carea' id='block_1_10' title="bbox 591 1214 2162 1288">
    <p class='ocr_par' dir='ltr' id='par_1_10' title="bbox 591 1214 2162 1288">
     <span class='ocr_line' id='line_1_10' title="bbox 591 1214 2162 1288; baseline -0.004 -16"><span class='ocrx_word' id='word_1_75' title='bbox 591 1218 716 1273; x_wconf 84' lang='lat' dir='ltr'><strong>ideo</strong></span> <span class='ocrx_word' id='word_1_76' title='bbox 743 1218 956 1273; x_wconf 84' lang='lat' dir='ltr'><strong>additur</strong></span> <span class='ocrx_word' id='word_1_77' title='bbox 978 1260 993 1285; x_wconf 94' lang='lat'><strong>,</strong></span> <span class='ocrx_word' id='word_1_78' title='bbox 1027 1218 1150 1288; x_wconf 86' lang='lat' dir='ltr'><strong>quia</strong></span> <span class='ocrx_word' id='word_1_79' title='bbox 1195 1217 1417 1282; x_wconf 86' lang='lat' dir='ltr'><strong>deerat;</strong></span> <span class='ocrx_word' id='word_1_80' title='bbox 1469 1231 1776 1270; x_wconf 83' lang='lat' dir='ltr'><strong>mensuram</strong></span> <span class='ocrx_word' id='word_1_81' title='bbox 1817 1214 2026 1285; x_wconf 80' lang='lat' dir='ltr'><strong>imples,</strong></span> <span class='ocrx_word' id='word_1_82' title='bbox 2059 1227 2162 1267; x_wconf 91' lang='lat' dir='ltr'><strong>non</strong></span> 
     </span>
    </p>
   </div>
   <div class='ocr_carea' id='block_1_11' title="bbox 587 1306 2165 1382">
    <p class='ocr_par' dir='ltr' id='par_1_11' title="bbox 587 1306 2165 1382">
     <span class='ocr_line' id='line_1_11' title="bbox 587 1306 2165 1382; baseline -0.003 -17"><span class='ocrx_word' id='word_1_83' title='bbox 587 1310 927 1382; x_wconf 83' lang='lat' dir='ltr'><strong>superfundis</strong></span> <span class='ocrx_word' id='word_1_84' title='bbox 953 1329 965 1364; x_wconf 89' lang='lat'>:</span> <span class='ocrx_word' id='word_1_85' title='bbox 994 1318 1212 1364; x_wconf 86' lang='lat' dir='ltr'><strong>tantum</strong></span> <span class='ocrx_word' id='word_1_86' title='bbox 1241 1310 1473 1380; x_wconf 90' lang='lat' dir='ltr'><strong>pateris,</strong></span> <span class='ocrx_word' id='word_1_87' title='bbox 1518 1317 1769 1378; x_wconf 90' lang='lat' dir='ltr'><strong>quantum</strong></span> <span class='ocrx_word' id='word_1_88' title='bbox 1813 1324 1874 1361; x_wconf 83' lang='lat' dir='ltr'><strong>ex</strong></span> <span class='ocrx_word' id='word_1_89' title='bbox 1906 1306 2165 1376; x_wconf 87' lang='lat' dir='ltr'><strong>passioni-</strong></span> 
     </span>
    </p>
   </div>
   <div class='ocr_carea' id='block_1_12' title="bbox 589 1398 2162 1469">
    <p class='ocr_par' dir='ltr' id='par_1_12' title="bbox 589 1398 2162 1469">
     <span class='ocr_line' id='line_1_12' title="bbox 589 1398 2162 1469; baseline -0.001 -15"><span class='ocrx_word' id='word_1_90' title='bbox 589 1400 687 1455; x_wconf 91' lang='lat' dir='ltr'><strong>bus</strong></span> <span class='ocrx_word' id='word_1_91' title='bbox 718 1402 819 1455; x_wconf 89' lang='lat' dir='ltr'><strong>tuis</strong></span> <span class='ocrx_word' id='word_1_92' title='bbox 841 1403 856 1431; x_wconf 85' lang='grc'>²</span> <span class='ocrx_word' id='word_1_93' title='bbox 887 1400 1219 1456; x_wconf 79' lang='lat' dir='ltr'><strong>inferendum</strong></span> <span class='ocrx_word' id='word_1_94' title='bbox 1242 1409 1354 1455; x_wconf 88' lang='lat' dir='ltr'><strong>erat</strong></span> <span class='ocrx_word' id='word_1_95' title='bbox 1381 1401 1643 1454; x_wconf 64' lang='lat' dir='ltr'><strong>universae</strong></span> <span class='ocrx_word' id='word_1_96' title='bbox 1684 1399 1913 1469; x_wconf 74' lang='lat' dir='ltr'><strong>paSsioni</strong></span> <span class='ocrx_word' id='word_1_97' title='bbox 1947 1398 2162 1464; x_wconf 90' lang='lat' dir='ltr'><strong>Christi,</strong></span> 
     </span>
    </p>
   </div>
   <div class='ocr_carea' id='block_1_13' title="bbox 588 1490 2165 1564">
    <p class='ocr_par' dir='ltr' id='par_1_13' title="bbox 588 1490 2165 1564">
     <span class='ocr_line' id='line_1_13' title="bbox 588 1490 2165 1564; baseline -0.001 -18"><span class='ocrx_word' id='word_1_98' title='bbox 588 1494 677 1562; x_wconf 91' lang='lat' dir='ltr'><strong>qui</strong></span> <span class='ocrx_word' id='word_1_99' title='bbox 705 1509 891 1564; x_wconf 89' lang='lat' dir='ltr'><strong>passus</strong></span> <span class='ocrx_word' id='word_1_100' title='bbox 920 1503 1003 1550; x_wconf 91' lang='lat' dir='ltr'><strong>est</strong></span> <span class='ocrx_word' id='word_1_101' title='bbox 1033 1495 1086 1548; x_wconf 89' lang='lat' dir='ltr'><strong>in</strong></span> <span class='ocrx_word' id='word_1_102' title='bbox 1110 1494 1286 1563; x_wconf 85' lang='lat' dir='ltr'><strong>capite</strong></span> <span class='ocrx_word' id='word_1_103' title='bbox 1311 1501 1512 1556; x_wconf 91' lang='lat' dir='ltr'><strong>nostro,</strong></span> <span class='ocrx_word' id='word_1_104' title='bbox 1541 1503 1594 1546; x_wconf 90' lang='lat' dir='ltr'><strong>et</strong></span> <span class='ocrx_word' id='word_1_105' title='bbox 1619 1493 1814 1560; x_wconf 90' lang='lat' dir='ltr'><strong>patitur</strong></span> <span class='ocrx_word' id='word_1_106' title='bbox 1835 1493 1884 1546; x_wconf 93' lang='lat' dir='ltr'><strong>in</strong></span> <span class='ocrx_word' id='word_1_107' title='bbox 1913 1490 2165 1544; x_wconf 85' lang='lat' dir='ltr'><strong>membris</strong></span> 
     </span>
    </p>
   </div>
   <div class='ocr_carea' id='block_1_14' title="bbox 587 1581 2164 1653">
    <p class='ocr_par' dir='ltr' id='par_1_14' title="bbox 587 1581 2164 1653">
     <span class='ocr_line' id='line_1_14' title="bbox 587 1581 2164 1653; baseline -0.003 -14"><span class='ocrx_word' id='word_1_108' title='bbox 587 1585 719 1652; x_wconf 87' lang='lat' dir='ltr'><strong>suis,</strong></span> <span class='ocrx_word' id='word_1_109' title='bbox 750 1584 800 1638; x_wconf 88' lang='lat' dir='ltr'><strong>id</strong></span> <span class='ocrx_word' id='word_1_110' title='bbox 828 1595 910 1640; x_wconf 91' lang='lat' dir='ltr'><strong>est</strong></span> <span class='ocrx_word' id='word_1_111' title='bbox 933 1586 983 1640; x_wconf 93' lang='lat' dir='ltr'><strong>in</strong></span> <span class='ocrx_word' id='word_1_112' title='bbox 1015 1585 1168 1640; x_wconf 90' lang='lat' dir='ltr'><strong>nobis</strong></span> <span class='ocrx_word' id='word_1_113' title='bbox 1192 1584 1344 1653; x_wconf 89' lang='lat' dir='ltr'><strong>ipsis.</strong></span> <span class='ocrx_word' id='word_1_114' title='bbox 1387 1582 1467 1637; x_wconf 86' lang='lat' dir='ltr'><strong>Ad</strong></span> <span class='ocrx_word' id='word_1_115' title='bbox 1493 1597 1828 1636; x_wconf 85' lang='lat' dir='ltr'><strong>communem</strong></span> <span class='ocrx_word' id='word_1_116' title='bbox 1862 1582 1997 1635; x_wconf 91' lang='lat' dir='ltr'><strong>hanc</strong></span> <span class='ocrx_word' id='word_1_117' title='bbox 2015 1581 2164 1650; x_wconf 88' lang='lat' dir='ltr'><strong>quasi</strong></span> 
     </span>
    </p>
   </div>
   <div class='ocr_carea' id='block_1_15' title="bbox 588 1672 2165 1747">
    <p class='ocr_par' dir='ltr' id='par_1_15' title="bbox 588 1672 2165 1747">
     <span class='ocr_line' id='line_1_15' title="bbox 588 1672 2165 1747; baseline -0.004 -16"><span class='ocrx_word' id='word_1_118' title='bbox 588 1676 970 1747; x_wconf 84' lang='lat' dir='ltr'><strong>rempublicam</strong></span> <span class='ocrx_word' id='word_1_119' title='bbox 1016 1685 1254 1732; x_wconf 89' lang='lat' dir='ltr'><strong>nostram</strong></span> <span class='ocrx_word' id='word_1_120' title='bbox 1302 1674 1528 1744; x_wconf 89' lang='lat' dir='ltr'><strong>quisque</strong></span> <span class='ocrx_word' id='word_1_121' title='bbox 1576 1688 1673 1742; x_wconf 91' lang='lat' dir='ltr'><strong>pro</strong></span> <span class='ocrx_word' id='word_1_122' title='bbox 1721 1672 1937 1726; x_wconf 87' lang='lat' dir='ltr'><strong>modulo</strong></span> <span class='ocrx_word' id='word_1_123' title='bbox 1982 1680 2165 1726; x_wconf 89' lang='lat' dir='ltr'><strong>nostro</strong></span> 
     </span>
    </p>
   </div>
   <div class='ocr_carea' id='block_1_16' title="bbox 588 1765 2164 1841">
    <p class='ocr_par' dir='ltr' id='par_1_16' title="bbox 588 1765 2164 1841">
     <span class='ocr_line' id='line_1_16' title="bbox 588 1765 2164 1841; baseline -0.004 -16"><span class='ocrx_word' id='word_1_124' title='bbox 588 1771 913 1826; x_wconf 80' lang='lat' dir='ltr'><strong>cxsolvimus</strong></span> <span class='ocrx_word' id='word_1_125' title='bbox 939 1770 1080 1841; x_wconf 89' lang='lat' dir='ltr'><strong>quod</strong></span> <span class='ocrx_word' id='word_1_126' title='bbox 1111 1769 1388 1836; x_wconf 88' lang='lat' dir='ltr'><strong>debemus,</strong></span> <span class='ocrx_word' id='word_1_127' title='bbox 1419 1777 1471 1823; x_wconf 90' lang='lat' dir='ltr'><strong>et</strong></span> <span class='ocrx_word' id='word_1_128' title='bbox 1499 1783 1594 1836; x_wconf 89' lang='lat' dir='ltr'><strong>pro</strong></span> <span class='ocrx_word' id='word_1_129' title='bbox 1615 1766 1948 1836; x_wconf 84' lang='lat' dir='ltr'><strong>possessione</strong></span> <span class='ocrx_word' id='word_1_130' title='bbox 1973 1765 2164 1820; x_wconf 91' lang='lat' dir='ltr'><strong>virium</strong></span> 
     </span>
    </p>
   </div>
   <div class='ocr_carea' id='block_1_17' title="bbox 589 1855 2167 1933">
    <p class='ocr_par' dir='ltr' id='par_1_17' title="bbox 589 1855 2167 1933">
     <span class='ocr_line' id='line_1_17' title="bbox 589 1855 2167 1933; baseline -0.004 -17"><span class='ocrx_word' id='word_1_131' title='bbox 589 1873 892 1917; x_wconf 90' lang='lat' dir='ltr'><strong>nostrarum</strong></span> <span class='ocrx_word' id='word_1_132' title='bbox 925 1863 1074 1933; x_wconf 90' lang='lat' dir='ltr'><strong>quasi</strong></span> <span class='ocrx_word' id='word_1_133' title='bbox 1100 1875 1358 1917; x_wconf 87' lang='lat' dir='ltr'><strong>canonem</strong></span> <span class='ocrx_word' id='word_1_134' title='bbox 1389 1861 1692 1929; x_wconf 84' lang='lat' dir='ltr'><strong>passionum</strong></span> <span class='ocrx_word' id='word_1_135' title='bbox 1733 1857 2024 1912; x_wconf 83' lang='lat' dir='ltr'><strong>inferimus.</strong></span> <span class='ocrx_word' id='word_1_136' title='bbox 2068 1855 2167 1910; x_wconf 85' lang='lat' dir='ltr'><strong>Pa-</strong></span> 
     </span>
    </p>
   </div>
   <div class='ocr_carea' id='block_1_18' title="bbox 590 1947 2164 2023">
    <p class='ocr_par' dir='ltr' id='par_1_18' title="bbox 590 1947 2164 2023">
     <span class='ocr_line' id='line_1_18' title="bbox 590 1947 2164 2023; baseline -0.003 -18"><span class='ocrx_word' id='word_1_137' title='bbox 590 1952 806 2008; x_wconf 83' lang='lat' dir='ltr'><strong>riatoria</strong></span> <span class='ocrx_word' id='word_1_138' title='bbox 839 1953 1070 2023; x_wconf 89' lang='lat' dir='ltr'><strong>plenaria</strong></span> <span class='ocrx_word' id='word_1_139' title='bbox 1114 1951 1414 2022; x_wconf 84' lang='lat' dir='ltr'><strong>passionum</strong></span> <span class='ocrx_word' id='word_1_140' title='bbox 1455 1949 1690 2003; x_wconf 90' lang='lat' dir='ltr'><strong>omnium</strong></span> <span class='ocrx_word' id='word_1_141' title='bbox 1735 1963 1840 2003; x_wconf 92' lang='lat' dir='ltr'><strong>non</strong></span> <span class='ocrx_word' id='word_1_142' title='bbox 1883 1947 2012 2014; x_wconf 90' lang='lat' dir='ltr'><strong>erit,</strong></span> <span class='ocrx_word' id='word_1_143' title='bbox 2065 1947 2164 2001; x_wconf 88' lang='lat' dir='ltr'><strong>nisi</strong></span> 
     </span>
    </p>
   </div>
   <div class='ocr_carea' id='block_1_19' title="bbox 588 2039 2211 2110">
    <p class='ocr_par' dir='ltr' id='par_1_19' title="bbox 588 2039 2211 2110">
     <span class='ocr_line' id='line_1_19' title="bbox 588 2039 2211 2110; baseline -0.001 -14"><span class='ocrx_word' id='word_1_144' title='bbox 588 2059 708 2097; x_wconf 88' lang='lat' dir='ltr'><strong>cum</strong></span> <span class='ocrx_word' id='word_1_145' title='bbox 729 2045 978 2099; x_wconf 69' lang='lat' dir='ltr'><strong>sarculum</strong></span> <span class='ocrx_word' id='word_1_146' title='bbox 1011 2043 1212 2097; x_wconf 81' lang='lat' dir='ltr'><strong>[initum</strong></span> <span class='ocrx_word' id='word_1_147' title='bbox 1241 2041 1420 2097; x_wconf 83' lang='lat' dir='ltr'><strong>fuerit.</strong></span> <span class='ocrx_word' id='word_1_148' title='bbox 1454 2041 1725 2110; x_wconf 77' lang='lat' dir='ltr'><strong>Quousque</strong></span> <span class='ocrx_word' id='word_1_149' title='bbox 1742 2039 1998 2110; x_wconf 85' lang='lat' dir='ltr'><strong>upponitis</strong></span> <span class='ocrx_word' id='word_1_150' title='bbox 2017 2055 2168 2108; x_wconf 90' lang='lat' dir='ltr'><strong>super</strong></span> <span class='ocrx_word' id='word_1_151' title='bbox 2209 2092 2211 2094; x_wconf 80' lang='lat'><strong>.</strong></span> 
     </span>
    </p>
   </div>
   <div class='ocr_carea' id='block_1_20' title="bbox 590 2129 2167 2205">
    <p class='ocr_par' dir='ltr' id='par_1_20' title="bbox 590 2129 2167 2205">
     <span class='ocr_line' id='line_1_20' title="bbox 590 2129 2167 2205; baseline -0.004 -17"><span class='ocrx_word' id='word_1_152' title='bbox 590 2137 841 2190; x_wconf 83' lang='lat' dir='ltr'><strong>hominem</strong></span> <span class='ocrx_word' id='word_1_153' title='bbox 864 2136 890 2189; x_wconf 86' lang='lat'><em>?</em></span> <span class='ocrx_word' id='word_1_154' title='bbox 937 2133 1200 2205; x_wconf 84' lang='lat' dir='ltr'><strong>Quidquid</strong></span> <span class='ocrx_word' id='word_1_155' title='bbox 1227 2133 1364 2205; x_wconf 86' lang='lat' dir='ltr'><strong>passi</strong></span> <span class='ocrx_word' id='word_1_156' title='bbox 1392 2142 1516 2187; x_wconf 89' lang='lat' dir='ltr'><strong>sunt</strong></span> <span class='ocrx_word' id='word_1_157' title='bbox 1544 2131 1821 2200; x_wconf 74' lang='lat' dir='ltr'><strong>Propheta:</strong></span> <span class='ocrx_word' id='word_1_158' title='bbox 1849 2146 1878 2184; x_wconf 89' lang='lat' dir='ltr'><strong>a</strong></span> <span class='ocrx_word' id='word_1_159' title='bbox 1909 2129 2167 2198; x_wconf 81' lang='lat' dir='ltr'><strong>sanguine</strong></span> 
     </span>
    </p>
   </div>
   <div class='ocr_carea' id='block_1_21' title="bbox 588 2221 2164 2300">
    <p class='ocr_par' dir='ltr' id='par_1_21' title="bbox 588 2221 2164 2300">
     <span class='ocr_line' id='line_1_21' title="bbox 588 2221 2164 2300; baseline -0.006 -18"><span class='ocrx_word' id='word_1_160' title='bbox 588 2230 722 2284; x_wconf 75' lang='lat' dir='ltr'><strong>Abel</strong></span> <span class='ocrx_word' id='word_1_161' title='bbox 746 2229 875 2300; x_wconf 85' lang='lat' dir='ltr'><strong>justi</strong></span> <span class='ocrx_word' id='word_1_162' title='bbox 895 2244 1062 2298; x_wconf 85' lang='lat' dir='ltr'><strong>usque</strong></span> <span class='ocrx_word' id='word_1_163' title='bbox 1085 2228 1150 2282; x_wconf 91' lang='lat' dir='ltr'><strong>ad</strong></span> <span class='ocrx_word' id='word_1_164' title='bbox 1172 2227 1482 2297; x_wconf 82' lang='lat' dir='ltr'><strong>sanguinem</strong></span> <span class='ocrx_word' id='word_1_165' title='bbox 1495 2224 1764 2279; x_wconf 75' lang='lat' dir='ltr'><strong>Zacharim</strong></span> <span class='ocrx_word' id='word_1_166' title='bbox 1787 2221 2000 2293; x_wconf 80' lang='lat' dir='ltr'><strong>(Matth.</strong></span> <span class='ocrx_word' id='word_1_167' title='bbox 2015 2237 2164 2288; x_wconf 80' lang='lat' dir='ltr'><strong>mn,</strong></span> 
     </span>
    </p>
   </div>
   <div class='ocr_carea' id='block_1_22' title="bbox 591 2313 2166 2390">
    <p class='ocr_par' dir='ltr' id='par_1_22' title="bbox 591 2313 2166 2390">
     <span class='ocr_line' id='line_1_22' title="bbox 591 2313 2166 2390; baseline -0.006 -17"><span class='ocrx_word' id='word_1_168' title='bbox 591 2320 682 2390; x_wconf 78' lang='lat'><strong>35)</strong></span> <span class='ocrx_word' id='word_1_169' title='bbox 707 2360 723 2386; x_wconf 99' lang='lat'><strong>,</strong></span> <span class='ocrx_word' id='word_1_170' title='bbox 770 2319 1068 2389; x_wconf 90' lang='lat' dir='ltr'><strong>appositum</strong></span> <span class='ocrx_word' id='word_1_171' title='bbox 1095 2327 1178 2373; x_wconf 90' lang='lat' dir='ltr'><strong>est</strong></span> <span class='ocrx_word' id='word_1_172' title='bbox 1203 2331 1364 2386; x_wconf 91' lang='lat' dir='ltr'><strong>super</strong></span> <span class='ocrx_word' id='word_1_173' title='bbox 1403 2315 1694 2378; x_wconf 90' lang='lat' dir='ltr'><strong>hominem,</strong></span> <span class='ocrx_word' id='word_1_174' title='bbox 1724 2313 1844 2382; x_wconf 91' lang='lat' dir='ltr'><strong>quia</strong></span> <span class='ocrx_word' id='word_1_175' title='bbox 1875 2325 2166 2381; x_wconf 68' lang='lat' dir='ltr'><strong>praecesse-</strong></span> 
     </span>
    </p>
   </div>
   <div class='ocr_carea' id='block_1_23' title="bbox 590 2403 2168 2473">
    <p class='ocr_par' dir='ltr' id='par_1_23' title="bbox 590 2403 2168 2473">
     <span class='ocr_line' id='line_1_23' title="bbox 590 2403 2168 2473; baseline -0.005 -10"><span class='ocrx_word' id='word_1_176' title='bbox 590 2418 714 2463; x_wconf 89' lang='lat' dir='ltr'><strong>runt</strong></span> <span class='ocrx_word' id='word_1_177' title='bbox 742 2409 1026 2464; x_wconf 86' lang='lat' dir='ltr'><strong>adventum</strong></span> <span class='ocrx_word' id='word_1_178' title='bbox 1057 2407 1439 2462; x_wconf 87' lang='lat' dir='ltr'><strong>incarnationis</strong></span> <span class='ocrx_word' id='word_1_179' title='bbox 1468 2405 1664 2460; x_wconf 87' lang='lat' dir='ltr'><strong>Christi</strong></span> <span class='ocrx_word' id='word_1_180' title='bbox 1707 2403 1950 2473; x_wconf 76' lang='lat' dir='ltr'><strong>quzedam</strong></span> <span class='ocrx_word' id='word_1_181' title='bbox 1999 2417 2168 2457; x_wconf 90' lang='lat' dir='ltr'><strong>mem-</strong></span> 
     </span>
    </p>
   </div>
   <div class='ocr_carea' id='block_1_24' title="bbox 590 2493 2170 2566">
    <p class='ocr_par' dir='ltr' id='par_1_24' title="bbox 590 2493 2170 2566">
     <span class='ocr_line' id='line_1_24' title="bbox 590 2493 2170 2566; baseline -0.004 -12"><span class='ocrx_word' id='word_1_182' title='bbox 590 2501 685 2555; x_wconf 87' lang='lat' dir='ltr'><strong>bra</strong></span> <span class='ocrx_word' id='word_1_183' title='bbox 710 2499 908 2555; x_wconf 86' lang='lat' dir='ltr'><strong>Christi</strong></span> <span class='ocrx_word' id='word_1_184' title='bbox 941 2517 954 2552; x_wconf 91' lang='lat'><strong>:</strong></span> <span class='ocrx_word' id='word_1_185' title='bbox 983 2499 1121 2554; x_wconf 83' lang='lat' dir='ltr'><strong>sicut</strong></span> <span class='ocrx_word' id='word_1_186' title='bbox 1147 2498 1198 2553; x_wconf 91' lang='lat' dir='ltr'><strong>in</strong></span> <span class='ocrx_word' id='word_1_187' title='bbox 1224 2505 1476 2553; x_wconf 89' lang='lat' dir='ltr'><strong>nascente</strong></span> <span class='ocrx_word' id='word_1_188' title='bbox 1497 2493 1726 2566; x_wconf 89' lang='lat' dir='ltr'><strong>quodam</strong></span> <span class='ocrx_word' id='word_1_189' title='bbox 1751 2535 1765 2561; x_wconf 91' lang='lat'><strong>,</strong></span> <span class='ocrx_word' id='word_1_190' title='bbox 1793 2493 2027 2549; x_wconf 91' lang='lat' dir='ltr'><strong>nondum</strong></span> <span class='ocrx_word' id='word_1_191' title='bbox 2053 2493 2170 2564; x_wconf 86' lang='lat' dir='ltr'><strong>qui-</strong></span> 
     </span>
    </p>
   </div>
   <div class='ocr_carea' id='block_1_25' title="bbox 591 2584 2164 2662">
    <p class='ocr_par' dir='ltr' id='par_1_25' title="bbox 591 2584 2164 2662">
     <span class='ocr_line' id='line_1_25' title="bbox 591 2584 2164 2662; baseline -0.005 -15"><span class='ocrx_word' id='word_1_192' title='bbox 591 2591 712 2647; x_wconf 90' lang='lat' dir='ltr'><strong>dem</strong></span> <span class='ocrx_word' id='word_1_193' title='bbox 763 2591 1086 2662; x_wconf 88' lang='lat' dir='ltr'><strong>procedente</strong></span> <span class='ocrx_word' id='word_1_194' title='bbox 1153 2590 1366 2660; x_wconf 82' lang='lat' dir='ltr'><strong>capite,</strong></span> <span class='ocrx_word' id='word_1_195' title='bbox 1420 2588 1681 2658; x_wconf 82' lang='lat' dir='ltr'><strong>processit</strong></span> <span class='ocrx_word' id='word_1_196' title='bbox 1734 2601 1925 2640; x_wconf 88' lang='lat' dir='ltr'><strong>manus</strong></span> <span class='ocrx_word' id='word_1_197' title='bbox 1979 2585 1998 2656; x_wconf 91' lang='lat'><strong>(</strong></span> <span class='ocrx_word' id='word_1_198' title='bbox 2036 2584 2164 2640; x_wconf 82' lang='lat' dir='ltr'><strong>Gen.</strong></span> 
     </span>
    </p>
   </div>
   <div class='ocr_carea' id='block_1_26' title="bbox 589 2679 2170 2754">
    <p class='ocr_par' dir='ltr' id='par_1_26' title="bbox 589 2679 2170 2754">
     <span class='ocr_line' id='line_1_26' title="bbox 589 2679 2170 2754; baseline -0.005 -16"><span class='ocrx_word' id='word_1_199' title='bbox 589 2699 784 2739; x_wconf 78' lang='lat' dir='ltr'><strong>xxxvtn</strong></span> <span class='ocrx_word' id='word_1_200' title='bbox 805 2725 821 2750; x_wconf 89' lang='lat'><strong>,</strong></span> <span class='ocrx_word' id='word_1_201' title='bbox 849 2685 945 2754; x_wconf 73' lang='lat'><strong>27)</strong></span> <span class='ocrx_word' id='word_1_202' title='bbox 966 2726 981 2750; x_wconf 93' lang='lat'><strong>,</strong></span> <span class='ocrx_word' id='word_1_203' title='bbox 1008 2684 1101 2738; x_wconf 92' lang='lat' dir='ltr'><strong>sed</strong></span> <span class='ocrx_word' id='word_1_204' title='bbox 1129 2692 1304 2738; x_wconf 89' lang='lat' dir='ltr'><strong>tamen</strong></span> <span class='ocrx_word' id='word_1_205' title='bbox 1336 2681 1494 2751; x_wconf 88' lang='lat' dir='ltr'><strong>capiti</strong></span> <span class='ocrx_word' id='word_1_206' title='bbox 1531 2679 1950 2734; x_wconf 88' lang='lat' dir='ltr'><strong>connectebatur</strong></span> <span class='ocrx_word' id='word_1_207' title='bbox 1975 2688 2027 2732; x_wconf 82' lang='lat' dir='ltr'><strong>et</strong></span> <span class='ocrx_word' id='word_1_208' title='bbox 2056 2693 2170 2731; x_wconf 89' lang='lat' dir='ltr'><strong>ma-</strong></span> 
     </span>
    </p>
   </div>
   <div class='ocr_carea' id='block_1_27' title="bbox 589 2769 2168 2846">
    <p class='ocr_par' dir='ltr' id='par_1_27' title="bbox 589 2769 2168 2846">
     <span class='ocr_line' id='line_1_27' title="bbox 589 2769 2168 2846; baseline -0.004 -17"><span class='ocrx_word' id='word_1_209' title='bbox 589 2791 710 2830; x_wconf 87' lang='lat' dir='ltr'><strong>nus.</strong></span> <span class='ocrx_word' id='word_1_210' title='bbox 753 2775 927 2831; x_wconf 80' lang='lat' dir='ltr'><strong>Nolite</strong></span> <span class='ocrx_word' id='word_1_211' title='bbox 951 2791 1079 2846; x_wconf 79' lang='lat' dir='ltr'><strong>ergo</strong></span> <span class='ocrx_word' id='word_1_212' title='bbox 1113 2783 1300 2845; x_wconf 86' lang='lat' dir='ltr'><strong>putare</strong></span> <span class='ocrx_word' id='word_1_213' title='bbox 1324 2815 1339 2837; x_wconf 90' lang='lat'><strong>,</strong></span> <span class='ocrx_word' id='word_1_214' title='bbox 1379 2771 1608 2838; x_wconf 84' lang='lat' dir='ltr'><strong>fratres,</strong></span> <span class='ocrx_word' id='word_1_215' title='bbox 1655 2785 1846 2827; x_wconf 92' lang='lat' dir='ltr'><strong>omnes</strong></span> <span class='ocrx_word' id='word_1_216' title='bbox 1879 2770 2052 2842; x_wconf 89' lang='lat' dir='ltr'><strong>jnstos</strong></span> <span class='ocrx_word' id='word_1_217' title='bbox 2079 2769 2168 2838; x_wconf 92' lang='lat' dir='ltr'><strong>qui</strong></span> 
     </span>
    </p>
   </div>
   <div class='ocr_carea' id='block_1_28' title="bbox 589 2861 2168 2937">
    <p class='ocr_par' dir='ltr' id='par_1_28' title="bbox 589 2861 2168 2937">
     <span class='ocr_line' id='line_1_28' title="bbox 589 2861 2168 2937; baseline -0.002 -19"><span class='ocrx_word' id='word_1_218' title='bbox 589 2866 730 2936; x_wconf 88' lang='lat' dir='ltr'><strong>passi</strong></span> <span class='ocrx_word' id='word_1_219' title='bbox 768 2875 893 2922; x_wconf 89' lang='lat' dir='ltr'><strong>sunt</strong></span> <span class='ocrx_word' id='word_1_220' title='bbox 928 2865 1352 2937; x_wconf 89' lang='lat' dir='ltr'><strong>persecutionem</strong></span> <span class='ocrx_word' id='word_1_221' title='bbox 1382 2864 1684 2934; x_wconf 89' lang='lat' dir='ltr'><strong>iniquorum</strong></span> <span class='ocrx_word' id='word_1_222' title='bbox 1707 2902 1722 2925; x_wconf 89' lang='lat'><strong>,</strong></span> <span class='ocrx_word' id='word_1_223' title='bbox 1746 2863 1908 2918; x_wconf 88' lang='lat' dir='ltr'><strong>etiam</strong></span> <span class='ocrx_word' id='word_1_224' title='bbox 1935 2861 2053 2916; x_wconf 89' lang='lat' dir='ltr'><strong>illos</strong></span> <span class='ocrx_word' id='word_1_225' title='bbox 2078 2861 2168 2931; x_wconf 90' lang='lat' dir='ltr'><strong>qui</strong></span> 
     </span>
    </p>
   </div>
   <div class='ocr_carea' id='block_1_29' title="bbox 589 2955 2172 3025">
    <p class='ocr_par' dir='ltr' id='par_1_29' title="bbox 589 2955 2172 3025">
     <span class='ocr_line' id='line_1_29' title="bbox 589 2955 2172 3025; baseline 0 -15"><span class='ocrx_word' id='word_1_226' title='bbox 589 2966 848 3012; x_wconf 86' lang='lat' dir='ltr'><strong>venerunt</strong></span> <span class='ocrx_word' id='word_1_227' title='bbox 892 2959 1038 3012; x_wconf 90' lang='lat' dir='ltr'><strong>missi</strong></span> <span class='ocrx_word' id='word_1_228' title='bbox 1085 2968 1209 3013; x_wconf 86' lang='lat' dir='ltr'><strong>ante</strong></span> <span class='ocrx_word' id='word_1_229' title='bbox 1242 2957 1450 3012; x_wconf 92' lang='lat' dir='ltr'><strong>Domini</strong></span> <span class='ocrx_word' id='word_1_230' title='bbox 1491 2956 1776 3010; x_wconf 81' lang='lat' dir='ltr'><strong>adventum</strong></span> <span class='ocrx_word' id='word_1_231' title='bbox 1812 2955 2172 3025; x_wconf 74' lang='lat' dir='ltr'><strong>prmnuntiare</strong></span> 
     </span>
    </p>
   </div>
   <div class='ocr_carea' id='block_1_30' title="bbox 589 3046 2167 3118">
    <p class='ocr_par' dir='ltr' id='par_1_30' title="bbox 589 3046 2167 3118">
     <span class='ocr_line' id='line_1_30' title="bbox 589 3046 2167 3118; baseline -0.002 -13"><span class='ocrx_word' id='word_1_232' title='bbox 589 3049 800 3105; x_wconf 87' lang='lat' dir='ltr'><strong>Domini</strong></span> <span class='ocrx_word' id='word_1_233' title='bbox 815 3049 1124 3116; x_wconf 83' lang='lat' dir='ltr'><strong>adventum,</strong></span> <span class='ocrx_word' id='word_1_234' title='bbox 1150 3063 1254 3103; x_wconf 88' lang='lat' dir='ltr'><strong>non</strong></span> <span class='ocrx_word' id='word_1_235' title='bbox 1275 3049 1590 3118; x_wconf 72' lang='lat' dir='ltr'><strong>pertinuisse</strong></span> <span class='ocrx_word' id='word_1_236' title='bbox 1605 3047 1670 3102; x_wconf 90' lang='lat' dir='ltr'><strong>ad</strong></span> <span class='ocrx_word' id='word_1_237' title='bbox 1689 3047 1926 3101; x_wconf 88' lang='lat' dir='ltr'><strong>membra</strong></span> <span class='ocrx_word' id='word_1_238' title='bbox 1947 3046 2167 3102; x_wconf 89' lang='lat' dir='ltr'><strong>Christi.</strong></span> 
     </span>
    </p>
   </div>
   <div class='ocr_carea' id='block_1_31' title="bbox 593 3135 2170 3207">
    <p class='ocr_par' dir='ltr' id='par_1_31' title="bbox 593 3135 2170 3207">
     <span class='ocr_line' id='line_1_31' title="bbox 593 3135 2170 3207; baseline -0.003 -14"><span class='ocrx_word' id='word_1_239' title='bbox 593 3139 745 3193; x_wconf 85' lang='lat' dir='ltr'><strong>Absit</strong></span> <span class='ocrx_word' id='word_1_240' title='bbox 771 3147 828 3193; x_wconf 91' lang='lat' dir='ltr'><strong>ut</strong></span> <span class='ocrx_word' id='word_1_241' title='bbox 855 3153 958 3192; x_wconf 93' lang='lat' dir='ltr'><strong>non</strong></span> <span class='ocrx_word' id='word_1_242' title='bbox 988 3139 1246 3207; x_wconf 90' lang='lat' dir='ltr'><strong>pertineat</strong></span> <span class='ocrx_word' id='word_1_243' title='bbox 1282 3136 1348 3190; x_wconf 89' lang='lat' dir='ltr'><strong>ad</strong></span> <span class='ocrx_word' id='word_1_244' title='bbox 1379 3137 1614 3191; x_wconf 88' lang='lat' dir='ltr'><strong>membra</strong></span> <span class='ocrx_word' id='word_1_245' title='bbox 1640 3135 1856 3203; x_wconf 89' lang='lat' dir='ltr'><strong>Christi,</strong></span> <span class='ocrx_word' id='word_1_246' title='bbox 1888 3137 1974 3205; x_wconf 91' lang='lat' dir='ltr'><strong>qui</strong></span> <span class='ocrx_word' id='word_1_247' title='bbox 2004 3135 2170 3206; x_wconf 83' lang='lat' dir='ltr'><strong>perti-</strong></span> 
     </span>
    </p>
   </div>
   <div class='ocr_carea' id='block_1_32' title="bbox 591 3227 2169 3300">
    <p class='ocr_par' dir='ltr' id='par_1_32' title="bbox 591 3227 2169 3300">
     <span class='ocr_line' id='line_1_32' title="bbox 591 3227 2169 3300; baseline -0.003 -14"><span class='ocrx_word' id='word_1_248' title='bbox 591 3239 684 3286; x_wconf 89' lang='lat' dir='ltr'><strong>net</strong></span> <span class='ocrx_word' id='word_1_249' title='bbox 723 3230 788 3285; x_wconf 91' lang='lat' dir='ltr'><strong>ad</strong></span> <span class='ocrx_word' id='word_1_250' title='bbox 840 3230 1114 3286; x_wconf 85' lang='lat' dir='ltr'><strong>civitatem</strong></span> <span class='ocrx_word' id='word_1_251' title='bbox 1157 3243 1274 3300; x_wconf 73' lang='lat' dir='ltr'><strong>quae</strong></span> <span class='ocrx_word' id='word_1_252' title='bbox 1319 3243 1497 3298; x_wconf 79' lang='lat' dir='ltr'><strong>regem</strong></span> <span class='ocrx_word' id='word_1_253' title='bbox 1547 3227 1704 3282; x_wconf 89' lang='lat' dir='ltr'><strong>habet</strong></span> <span class='ocrx_word' id='word_1_254' title='bbox 1737 3227 2030 3282; x_wconf 90' lang='lat' dir='ltr'><strong>Christum.</strong></span> <span class='ocrx_word' id='word_1_255' title='bbox 2079 3227 2169 3282; x_wconf 85' lang='lat' dir='ltr'><strong>Illa</strong></span> 
     </span>
    </p>
   </div>
   <div class='ocr_carea' id='block_1_33' title="bbox 591 3318 2170 3384">
    <p class='ocr_par' dir='ltr' id='par_1_33' title="bbox 591 3318 2170 3384">
     <span class='ocr_line' id='line_1_33' title="bbox 591 3318 2170 3384; baseline -0.001 -9"><span class='ocrx_word' id='word_1_256' title='bbox 591 3335 696 3375; x_wconf 88' lang='lat' dir='ltr'><strong>una</strong></span> <span class='ocrx_word' id='word_1_257' title='bbox 723 3328 806 3375; x_wconf 88' lang='lat' dir='ltr'><strong>est</strong></span> <span class='ocrx_word' id='word_1_258' title='bbox 829 3319 1124 3376; x_wconf 83' lang='lat' dir='ltr'><strong>Jerusalem</strong></span> <span class='ocrx_word' id='word_1_259' title='bbox 1156 3319 1388 3374; x_wconf 74' lang='lat' dir='ltr'><strong>cmlestis</strong></span> <span class='ocrx_word' id='word_1_260' title='bbox 1407 3358 1423 3384; x_wconf 89' lang='lat'><strong>,</strong></span> <span class='ocrx_word' id='word_1_261' title='bbox 1460 3318 1645 3373; x_wconf 83' lang='lat' dir='ltr'><strong>civitas</strong></span> <span class='ocrx_word' id='word_1_262' title='bbox 1670 3328 1852 3373; x_wconf 88' lang='lat' dir='ltr'><strong>sancta</strong></span> <span class='ocrx_word' id='word_1_263' title='bbox 1883 3334 1897 3372; x_wconf 91' lang='lat'><strong>:</strong></span> <span class='ocrx_word' id='word_1_264' title='bbox 1928 3319 2042 3373; x_wconf 81' lang='lat' dir='ltr'><strong>haec</strong></span> <span class='ocrx_word' id='word_1_265' title='bbox 2066 3335 2170 3374; x_wconf 87' lang='lat' dir='ltr'><strong>una</strong></span> 
     </span>
    </p>
   </div>
   <div class='ocr_carea' id='block_1_34' title="bbox 589 3408 2172 3480">
    <p class='ocr_par' dir='ltr' id='par_1_34' title="bbox 589 3408 2172 3480">
     <span class='ocr_line' id='line_1_34' title="bbox 589 3408 2172 3480; baseline -0.001 -14"><span class='ocrx_word' id='word_1_266' title='bbox 589 3410 776 3466; x_wconf 85' lang='lat' dir='ltr'><strong>civitas</strong></span> <span class='ocrx_word' id='word_1_267' title='bbox 816 3426 978 3466; x_wconf 91' lang='lat' dir='ltr'><strong>unum</strong></span> <span class='ocrx_word' id='word_1_268' title='bbox 1016 3410 1176 3466; x_wconf 87' lang='lat' dir='ltr'><strong>habet</strong></span> <span class='ocrx_word' id='word_1_269' title='bbox 1207 3425 1404 3480; x_wconf 76' lang='lat' dir='ltr'><strong>regem.</strong></span> <span class='ocrx_word' id='word_1_270' title='bbox 1440 3408 1554 3463; x_wconf 82' lang='lat' dir='ltr'><strong>Rex</strong></span> <span class='ocrx_word' id='word_1_271' title='bbox 1584 3408 1739 3478; x_wconf 89' lang='lat' dir='ltr'><strong>hujus</strong></span> <span class='ocrx_word' id='word_1_272' title='bbox 1765 3408 1992 3464; x_wconf 82' lang='lat' dir='ltr'><strong>civitatis</strong></span> <span class='ocrx_word' id='word_1_273' title='bbox 2017 3409 2172 3464; x_wconf 88' lang='lat' dir='ltr'><strong>Chri-</strong></span> 
     </span>
    </p>
   </div>
   <div class='ocr_carea' id='block_1_35' title="bbox 589 3499 2168 3570">
    <p class='ocr_par' dir='ltr' id='par_1_35' title="bbox 589 3499 2168 3570">
     <span class='ocr_line' id='line_1_35' title="bbox 589 3499 2168 3570; baseline -0.001 -12"><span class='ocrx_word' id='word_1_274' title='bbox 589 3509 704 3558; x_wconf 82' lang='lat' dir='ltr'><strong>stus</strong></span> <span class='ocrx_word' id='word_1_275' title='bbox 723 3510 807 3558; x_wconf 93' lang='lat' dir='ltr'><strong>est</strong></span> <span class='ocrx_word' id='word_1_276' title='bbox 838 3519 852 3555; x_wconf 90' lang='lat'><strong>:</strong></span> <span class='ocrx_word' id='word_1_277' title='bbox 883 3503 995 3570; x_wconf 90' lang='lat' dir='ltr'><strong>ipse</strong></span> <span class='ocrx_word' id='word_1_278' title='bbox 1020 3502 1162 3556; x_wconf 91' lang='lat' dir='ltr'><strong>enim</strong></span> <span class='ocrx_word' id='word_1_279' title='bbox 1186 3501 1234 3556; x_wconf 91' lang='lat' dir='ltr'><strong>ei</strong></span> <span class='ocrx_word' id='word_1_280' title='bbox 1264 3499 1429 3568; x_wconf 87' lang='lat' dir='ltr'><strong>dicit,</strong></span> <span class='ocrx_word' id='word_1_281' title='bbox 1469 3499 1636 3554; x_wconf 73' lang='lat' dir='ltr'><strong>Mater</strong></span> <span class='ocrx_word' id='word_1_282' title='bbox 1657 3501 1806 3567; x_wconf 83' lang='lat' dir='ltr'><strong>Sion,</strong></span> <span class='ocrx_word' id='word_1_283' title='bbox 1848 3499 1976 3554; x_wconf 84' lang='lat' dir='ltr'><strong>dicet</strong></span> <span class='ocrx_word' id='word_1_284' title='bbox 1997 3503 2168 3556; x_wconf 90' lang='lat' dir='ltr'><strong>homo.</strong></span> 
     </span>
    </p>
   </div>
   <div class='ocr_carea' id='block_1_36' title="bbox 591 3587 2170 3661">
    <p class='ocr_par' dir='ltr' id='par_1_36' title="bbox 591 3587 2170 3661">
     <span class='ocr_line' id='line_1_36' title="bbox 591 3587 2170 3661; baseline -0.003 -13"><span class='ocrx_word' id='word_1_285' title='bbox 591 3587 728 3648; x_wconf 85' lang='lat' dir='ltr'><strong>Dicit</strong></span> <span class='ocrx_word' id='word_1_286' title='bbox 772 3593 858 3661; x_wconf 92' lang='lat' dir='ltr'><strong>ei,</strong></span> <span class='ocrx_word' id='word_1_287' title='bbox 903 3591 1108 3658; x_wconf 81' lang='lat' dir='ltr'><strong>Mater;</strong></span> <span class='ocrx_word' id='word_1_288' title='bbox 1153 3591 1247 3647; x_wconf 89' lang='lat' dir='ltr'><strong>sed</strong></span> <span class='ocrx_word' id='word_1_289' title='bbox 1283 3591 1452 3645; x_wconf 88' lang='lat' dir='ltr'><strong>homo.</strong></span> <span class='ocrx_word' id='word_1_290' title='bbox 1518 3589 1687 3645; x_wconf 78' lang='lat' dir='ltr'><strong>Mater</strong></span> <span class='ocrx_word' id='word_1_291' title='bbox 1711 3591 1852 3646; x_wconf 90' lang='lat' dir='ltr'><strong>enim</strong></span> <span class='ocrx_word' id='word_1_292' title='bbox 1884 3589 2048 3656; x_wconf 86' lang='lat' dir='ltr'><strong>Sion,</strong></span> <span class='ocrx_word' id='word_1_293' title='bbox 2088 3591 2170 3645; x_wconf 85' lang='lat' dir='ltr'><strong>di-</strong></span> 
     </span>
    </p>
   </div>
   <div class='ocr_carea' id='block_1_37' title="bbox 589 3679 2170 3756">
    <p class='ocr_par' dir='ltr' id='par_1_37' title="bbox 589 3679 2170 3756">
     <span class='ocr_line' id='line_1_37' title="bbox 589 3679 2170 3756; baseline 0.003 -19"><span class='ocrx_word' id='word_1_294' title='bbox 589 3693 665 3738; x_wconf 87' lang='lat' dir='ltr'><strong>cet</strong></span> <span class='ocrx_word' id='word_1_295' title='bbox 695 3683 886 3746; x_wconf 86' lang='lat' dir='ltr'><strong>homo;</strong></span> <span class='ocrx_word' id='word_1_296' title='bbox 937 3691 982 3736; x_wconf 90' lang='lat' dir='ltr'><strong>et</strong></span> <span class='ocrx_word' id='word_1_297' title='bbox 1025 3682 1175 3735; x_wconf 88' lang='lat' dir='ltr'><strong>homo</strong></span> <span class='ocrx_word' id='word_1_298' title='bbox 1211 3685 1377 3753; x_wconf 79' lang='lat' dir='ltr'><strong>factus</strong></span> <span class='ocrx_word' id='word_1_299' title='bbox 1416 3689 1491 3735; x_wconf 87' lang='lat' dir='ltr'><strong>est</strong></span> <span class='ocrx_word' id='word_1_300' title='bbox 1532 3681 1586 3734; x_wconf 90' lang='lat' dir='ltr'><strong>in</strong></span> <span class='ocrx_word' id='word_1_301' title='bbox 1625 3696 1704 3751; x_wconf 87' lang='lat' dir='ltr'><strong>ea,</strong></span> <span class='ocrx_word' id='word_1_302' title='bbox 1735 3690 1782 3740; x_wconf 88' lang='lat' dir='ltr'><strong>et</strong></span> <span class='ocrx_word' id='word_1_303' title='bbox 1808 3681 1917 3754; x_wconf 84' lang='lat' dir='ltr'><strong>ipse</strong></span> <span class='ocrx_word' id='word_1_304' title='bbox 1941 3679 2170 3756; x_wconf 78' lang='lat' dir='ltr'><strong>[undavit</strong></span> 
     </span>
    </p>
   </div>
   <div class='ocr_carea' id='block_1_38' title="bbox 589 3772 2169 3846">
    <p class='ocr_par' dir='ltr' id='par_1_38' title="bbox 589 3772 2169 3846">
     <span class='ocr_line' id='line_1_38' title="bbox 589 3772 2169 3846; baseline 0.003 -18"><span class='ocrx_word' id='word_1_305' title='bbox 589 3791 702 3828; x_wconf 87' lang='lat' dir='ltr'><strong>eam</strong></span> <span class='ocrx_word' id='word_1_306' title='bbox 743 3774 1031 3830; x_wconf 71' lang='lat' dir='ltr'><strong>Altissimus</strong></span> <span class='ocrx_word' id='word_1_307' title='bbox 1088 3772 1268 3844; x_wconf 85' lang='lat' dir='ltr'><strong>(Psal.</strong></span> <span class='ocrx_word' id='word_1_308' title='bbox 1321 3787 1515 3829; x_wconf 65' lang='lat' dir='ltr'><strong>anno</strong></span> <span class='ocrx_word' id='word_1_309' title='bbox 1541 3816 1556 3841; x_wconf 96' lang='lat'><strong>,</strong></span> <span class='ocrx_word' id='word_1_310' title='bbox 1602 3772 1694 3846; x_wconf 86' lang='lat'><strong>5).</strong></span> <span class='ocrx_word' id='word_1_311' title='bbox 1753 3774 1847 3830; x_wconf 89' lang='lat' dir='ltr'><strong>llle</strong></span> <span class='ocrx_word' id='word_1_312' title='bbox 1899 3789 2027 3846; x_wconf 74' lang='lat' dir='ltr'><strong>ergo</strong></span> <span class='ocrx_word' id='word_1_313' title='bbox 2077 3793 2169 3833; x_wconf 81' lang='lat' dir='ltr'><strong>rex</strong></span> 
     </span>
    </p>
   </div>
   <div class='ocr_carea' id='block_1_39' title="bbox 590 3862 2166 3935">
    <p class='ocr_par' dir='ltr' id='par_1_39' title="bbox 590 3862 2166 3935">
     <span class='ocr_line' id='line_1_39' title="bbox 590 3862 2166 3935; baseline 0.004 -18"><span class='ocrx_word' id='word_1_314' title='bbox 590 3863 728 3933; x_wconf 87' lang='lat' dir='ltr'><strong>ejus,</strong></span> <span class='ocrx_word' id='word_1_315' title='bbox 757 3864 846 3932; x_wconf 90' lang='lat' dir='ltr'><strong>qui</strong></span> <span class='ocrx_word' id='word_1_316' title='bbox 875 3879 991 3919; x_wconf 87' lang='lat' dir='ltr'><strong>eam</strong></span> <span class='ocrx_word' id='word_1_317' title='bbox 1024 3862 1257 3920; x_wconf 79' lang='lat' dir='ltr'><strong>fundavit</strong></span> <span class='ocrx_word' id='word_1_318' title='bbox 1286 3866 1622 3930; x_wconf 85' lang='lat' dir='ltr'><strong>Altissimus;</strong></span> <span class='ocrx_word' id='word_1_319' title='bbox 1669 3865 1782 3935; x_wconf 92' lang='lat' dir='ltr'><strong>ipse</strong></span> <span class='ocrx_word' id='word_1_320' title='bbox 1828 3867 1884 3920; x_wconf 90' lang='lat' dir='ltr'><strong>in</strong></span> <span class='ocrx_word' id='word_1_321' title='bbox 1912 3882 1973 3922; x_wconf 89' lang='lat' dir='ltr'><strong>ea</strong></span> <span class='ocrx_word' id='word_1_322' title='bbox 2003 3868 2166 3924; x_wconf 91' lang='lat' dir='ltr'><strong>homo</strong></span> 
     </span>
    </p>
   </div>
   <div class='ocr_carea' id='block_1_40' title="bbox 594 3954 2169 4026">
    <p class='ocr_par' dir='ltr' id='par_1_40' title="bbox 594 3954 2169 4026">
     <span class='ocr_line' id='line_1_40' title="bbox 594 3954 2169 4026; baseline 0.003 -18"><span class='ocrx_word' id='word_1_323' title='bbox 594 3954 764 4011; x_wconf 82' lang='lat' dir='ltr'><strong>lactus</strong></span> <span class='ocrx_word' id='word_1_324' title='bbox 794 3965 878 4010; x_wconf 89' lang='lat' dir='ltr'><strong>est</strong></span> <span class='ocrx_word' id='word_1_325' title='bbox 924 3956 1270 4011; x_wconf 90' lang='lat' dir='ltr'><strong>humillimus.</strong></span> <span class='ocrx_word' id='word_1_326' title='bbox 1309 3955 1428 4025; x_wconf 84' lang='lat' dir='ltr'><strong>Ipse</strong></span> <span class='ocrx_word' id='word_1_327' title='bbox 1467 3967 1593 4026; x_wconf 82' lang='lat' dir='ltr'><strong>ergo</strong></span> <span class='ocrx_word' id='word_1_328' title='bbox 1626 3965 1750 4011; x_wconf 90' lang='lat' dir='ltr'><strong>ante</strong></span> <span class='ocrx_word' id='word_1_329' title='bbox 1777 3957 2058 4013; x_wconf 72' lang='lat' dir='ltr'><strong>adventum</strong></span> <span class='ocrx_word' id='word_1_330' title='bbox 2087 3959 2169 4013; x_wconf 84' lang='lat' dir='ltr'><strong>in-</strong></span> 
     </span>
    </p>
   </div>
   <div class='ocr_carea' id='block_1_41' title="bbox 595 4050 2172 4122">
    <p class='ocr_par' dir='ltr' id='par_1_41' title="bbox 595 4050 2172 4122">
     <span class='ocr_line' id='line_1_41' title="bbox 595 4050 2172 4122; baseline 0.001 -17"><span class='ocrx_word' id='word_1_331' title='bbox 595 4050 917 4106; x_wconf 88' lang='lat' dir='ltr'><strong>carnationis</strong></span> <span class='ocrx_word' id='word_1_332' title='bbox 945 4065 1057 4105; x_wconf 68' lang='lat' dir='ltr'><strong>suae</strong></span> <span class='ocrx_word' id='word_1_333' title='bbox 1083 4051 1340 4121; x_wconf 77' lang='lat' dir='ltr'><strong>prmmisit</strong></span> <span class='ocrx_word' id='word_1_334' title='bbox 1367 4050 1610 4120; x_wconf 62' lang='lat' dir='ltr'><strong>quaedam</strong></span> <span class='ocrx_word' id='word_1_335' title='bbox 1642 4052 1878 4105; x_wconf 85' lang='lat' dir='ltr'><strong>membra</strong></span> <span class='ocrx_word' id='word_1_336' title='bbox 1909 4067 2020 4116; x_wconf 90' lang='lat' dir='ltr'><strong>sua,</strong></span> <span class='ocrx_word' id='word_1_337' title='bbox 2055 4062 2172 4122; x_wconf 89' lang='lat' dir='ltr'><strong>post</strong></span> 
     </span>
    </p>
   </div>
   <div class='ocr_carea' id='block_1_42' title="bbox 593 4142 2170 4213">
    <p class='ocr_par' dir='ltr' id='par_1_42' title="bbox 593 4142 2170 4213">
     <span class='ocr_line' id='line_1_42' title="bbox 593 4142 2170 4213; baseline 0.001 -17"><span class='ocrx_word' id='word_1_338' title='bbox 593 4157 712 4212; x_wconf 70' lang='lat' dir='ltr'><strong>qua:</strong></span> <span class='ocrx_word' id='word_1_339' title='bbox 740 4143 1140 4212; x_wconf 69' lang='lat' dir='ltr'><strong>prtenuntiantia</strong></span> <span class='ocrx_word' id='word_1_340' title='bbox 1171 4157 1231 4197; x_wconf 91' lang='lat' dir='ltr'><strong>se</strong></span> <span class='ocrx_word' id='word_1_341' title='bbox 1257 4149 1539 4198; x_wconf 90' lang='lat' dir='ltr'><strong>venturum</strong></span> <span class='ocrx_word' id='word_1_342' title='bbox 1583 4142 1728 4197; x_wconf 84' lang='lat' dir='ltr'><strong>venit</strong></span> <span class='ocrx_word' id='word_1_343' title='bbox 1769 4152 1824 4198; x_wconf 88' lang='lat' dir='ltr'><strong>et</strong></span> <span class='ocrx_word' id='word_1_344' title='bbox 1867 4143 2010 4213; x_wconf 88' lang='lat' dir='ltr'><strong>ipse,</strong></span> <span class='ocrx_word' id='word_1_345' title='bbox 2039 4159 2170 4199; x_wconf 89' lang='lat' dir='ltr'><strong>cou-</strong></span> 
     </span>
    </p>
   </div>
   <div class='ocr_carea' id='block_1_43' title="bbox 594 4232 2167 4304">
    <p class='ocr_par' dir='ltr' id='par_1_43' title="bbox 594 4232 2167 4304">
     <span class='ocr_line' id='line_1_43' title="bbox 594 4232 2167 4304; baseline 0.003 -16"><span class='ocrx_word' id='word_1_346' title='bbox 594 4235 767 4288; x_wconf 55' lang='lat' dir='ltr'><strong>u’exus</strong></span> <span class='ocrx_word' id='word_1_347' title='bbox 792 4234 889 4288; x_wconf 90' lang='lat' dir='ltr'><strong>eis.</strong></span> <span class='ocrx_word' id='word_1_348' title='bbox 936 4232 1097 4288; x_wconf 77' lang='lat' dir='ltr'><strong>Refer</strong></span> <span class='ocrx_word' id='word_1_349' title='bbox 1124 4233 1189 4288; x_wconf 89' lang='lat' dir='ltr'><strong>ad</strong></span> <span class='ocrx_word' id='word_1_350' title='bbox 1229 4233 1628 4288; x_wconf 88' lang='lat' dir='ltr'><strong>similitudinem</strong></span> <span class='ocrx_word' id='word_1_351' title='bbox 1652 4236 1673 4267; x_wconf 79' lang='grc'>³</span> <span class='ocrx_word' id='word_1_352' title='bbox 1700 4236 1967 4290; x_wconf 89' lang='lat' dir='ltr'><strong>nascentis</strong></span> <span class='ocrx_word' id='word_1_353' title='bbox 1994 4237 2167 4304; x_wconf 91' lang='lat' dir='ltr'><strong>illius;</strong></span> 
     </span>
    </p>
   </div>
   <div class='ocr_carea' id='block_1_44' title="bbox 596 4323 2168 4395">
    <p class='ocr_par' dir='ltr' id='par_1_44' title="bbox 596 4323 2168 4395">
     <span class='ocr_line' id='line_1_44' title="bbox 596 4323 2168 4395; baseline 0.003 -18"><span class='ocrx_word' id='word_1_354' title='bbox 596 4325 717 4394; x_wconf 85' lang='lat' dir='ltr'><strong>quia</strong></span> <span class='ocrx_word' id='word_1_355' title='bbox 747 4339 937 4378; x_wconf 89' lang='lat' dir='ltr'><strong>manus</strong></span> <span class='ocrx_word' id='word_1_356' title='bbox 961 4333 1086 4378; x_wconf 89' lang='lat' dir='ltr'><strong>ante</strong></span> <span class='ocrx_word' id='word_1_357' title='bbox 1106 4335 1266 4393; x_wconf 89' lang='lat' dir='ltr'><strong>caput</strong></span> <span class='ocrx_word' id='word_1_358' title='bbox 1295 4323 1606 4392; x_wconf 89' lang='lat' dir='ltr'><strong>procedens,</strong></span> <span class='ocrx_word' id='word_1_359' title='bbox 1631 4331 1685 4380; x_wconf 91' lang='lat' dir='ltr'><strong>et</strong></span> <span class='ocrx_word' id='word_1_360' title='bbox 1709 4339 1830 4380; x_wconf 93' lang='lat' dir='ltr'><strong>cum</strong></span> <span class='ocrx_word' id='word_1_361' title='bbox 1865 4326 2038 4395; x_wconf 87' lang='lat' dir='ltr'><strong>capite</strong></span> <span class='ocrx_word' id='word_1_362' title='bbox 2066 4336 2168 4394; x_wconf 90' lang='lat' dir='ltr'><strong>est,</strong></span> 
     </span>
    </p>
   </div>
   <div class='ocr_carea' id='block_1_45' title="bbox 593 4414 2172 4488">
    <p class='ocr_par' dir='ltr' id='par_1_45' title="bbox 593 4414 2172 4488">
     <span class='ocr_line' id='line_1_45' title="bbox 593 4414 2172 4488; baseline 0 -16"><span class='ocrx_word' id='word_1_363' title='bbox 593 4425 649 4472; x_wconf 91' lang='lat' dir='ltr'><strong>et</strong></span> <span class='ocrx_word' id='word_1_364' title='bbox 679 4415 777 4473; x_wconf 88' lang='lat' dir='ltr'><strong>sub</strong></span> <span class='ocrx_word' id='word_1_365' title='bbox 802 4417 993 4488; x_wconf 89' lang='lat' dir='ltr'><strong>capite.</strong></span> <span class='ocrx_word' id='word_1_366' title='bbox 1027 4416 1104 4470; x_wconf 90' lang='lat' dir='ltr'><strong>De</strong></span> <span class='ocrx_word' id='word_1_367' title='bbox 1126 4415 1340 4471; x_wconf 88' lang='lat' dir='ltr'><strong>Christo</strong></span> <span class='ocrx_word' id='word_1_368' title='bbox 1373 4415 1516 4470; x_wconf 91' lang='lat' dir='ltr'><strong>enim</strong></span> <span class='ocrx_word' id='word_1_369' title='bbox 1541 4414 1739 4471; x_wconf 91' lang='lat' dir='ltr'><strong>dictum</strong></span> <span class='ocrx_word' id='word_1_370' title='bbox 1772 4425 1874 4484; x_wconf 90' lang='lat' dir='ltr'><strong>est,</strong></span> <span class='ocrx_word' id='word_1_371' title='bbox 1906 4432 2026 4472; x_wconf 93' lang='lat' dir='ltr'><strong>cum</strong></span> <span class='ocrx_word' id='word_1_372' title='bbox 2055 4418 2172 4472; x_wconf 81' lang='lat' dir='ltr'><strong>lau-</strong></span> 
     </span>
    </p>
   </div>
   <div class='ocr_carea' id='block_1_46' title="bbox 595 4505 2170 4577">
    <p class='ocr_par' dir='ltr' id='par_1_46' title="bbox 595 4505 2170 4577">
     <span class='ocr_line' id='line_1_46' title="bbox 595 4505 2170 4577; baseline 0.002 -16"><span class='ocrx_word' id='word_1_373' title='bbox 595 4508 815 4564; x_wconf 87' lang='lat' dir='ltr'><strong>daretur</strong></span> <span class='ocrx_word' id='word_1_374' title='bbox 839 4506 1150 4563; x_wconf 80' lang='lat' dir='ltr'><strong>excellentia</strong></span> <span class='ocrx_word' id='word_1_375' title='bbox 1179 4505 1356 4577; x_wconf 90' lang='lat' dir='ltr'><strong>populi</strong></span> <span class='ocrx_word' id='word_1_376' title='bbox 1386 4505 1579 4577; x_wconf 91' lang='lat' dir='ltr'><strong>primi,</strong></span> <span class='ocrx_word' id='word_1_377' title='bbox 1607 4517 1661 4563; x_wconf 93' lang='lat' dir='ltr'><strong>et</strong></span> <span class='ocrx_word' id='word_1_378' title='bbox 1684 4506 1998 4563; x_wconf 86' lang='lat' dir='ltr'><strong>dolerentur</strong></span> <span class='ocrx_word' id='word_1_379' title='bbox 2021 4509 2170 4565; x_wconf 76' lang='lat' dir='ltr'><strong>fracti</strong></span> 
     </span>
    </p>
   </div>
   <div class='ocr_carea' id='block_1_47' title="bbox 659 4782 2172 4850">
    <p class='ocr_par' dir='ltr' id='par_1_47' title="bbox 659 4782 2172 4850">
     <span class='ocr_line' id='line_1_47' title="bbox 659 4782 2172 4850; baseline -0.001 -14"><span class='ocrx_word' id='word_1_380' title='bbox 659 4791 678 4821; x_wconf 77' lang='grc' dir='ltr'>ί</span> <span class='ocrx_word' id='word_1_381' title='bbox 705 4787 838 4847; x_wconf 78' lang='lat' dir='ltr'><strong>Fdd.,</strong></span> <span class='ocrx_word' id='word_1_382' title='bbox 877 4797 1155 4850; x_wconf 77' lang='lat' dir='ltr'><strong>mensuram</strong></span> <span class='ocrx_word' id='word_1_383' title='bbox 1180 4783 1397 4850; x_wconf 76' lang='lat' dir='ltr'><strong>impleas,</strong></span> <span class='ocrx_word' id='word_1_384' title='bbox 1567 4782 1935 4850; x_wconf 72' lang='lat' dir='ltr'><strong>superfundens.</strong></span> <span class='ocrx_word' id='word_1_385' title='bbox 1973 4789 2172 4850; x_wconf 78' lang='lat' dir='ltr'><strong>Tautttm</strong></span> 
     </span>
    </p>
   </div>
   <div class='ocr_carea' id='block_1_48' title="bbox 595 4843 2172 4920">
    <p class='ocr_par' dir='ltr' id='par_1_48' title="bbox 595 4843 2172 4920">
     <span class='ocr_line' id='line_1_48' title="bbox 595 4843 2172 4920; baseline -0.001 1"><span class='ocrx_word' id='word_1_386' title='bbox 595 4863 710 4920; x_wconf 73' lang='grc' dir='ltr'><strong>ει-ςιρ</strong></span> <span class='ocrx_word' id='word_1_387' title='bbox 746 4843 929 4920; x_wconf 55' lang='lat' dir='ltr'><strong>pereas.</strong></span> <span class='ocrx_word' id='word_1_388' title='bbox 955 4854 1180 4920; x_wconf 60' lang='grc' dir='ltr'><strong>ηαρηειιεη</strong></span> <span class='ocrx_word' id='word_1_389' title='bbox 1208 4843 1273 4918; x_wconf 65' lang='grc' dir='ltr'><strong>ρέα</strong></span> <span class='ocrx_word' id='word_1_390' title='bbox 1303 4843 1598 4920; x_wconf 47' lang='lat' dir='ltr'><strong>eadem</strong></span> <span class='ocrx_word' id='word_1_391' title='bbox 1620 4843 1761 4920; x_wconf 59' lang='lat' dir='ltr'><strong>ius,</strong></span> <span class='ocrx_word' id='word_1_392' title='bbox 1786 4853 1905 4920; x_wconf 54' lang='lat' dir='ltr'><strong>ets:</strong></span> <span class='ocrx_word' id='word_1_393' title='bbox 1930 4843 2172 4920; x_wconf 67' lang='lat' dir='ltr'><strong>nan-eque</strong></span> 
     </span>
    </p>
   </div>
   <div class='ocr_carea' id='block_1_49' title="bbox 620 4904 2214 4978">
    <p class='ocr_par' dir='ltr' id='par_1_49' title="bbox 620 4904 2214 4978">
     <span class='ocr_line' id='line_1_49' title="bbox 620 4904 2214 4978; baseline -0.005 -16"><span class='ocrx_word' id='word_1_394' title='bbox 620 4904 725 4978; x_wconf 51' lang='grc' dir='ltr'><strong>ᾔει,</strong></span> <span class='ocrx_word' id='word_1_395' title='bbox 745 4904 798 4961; x_wconf 76' lang='lat' dir='ltr'><strong>id</strong></span> <span class='ocrx_word' id='word_1_396' title='bbox 819 4917 888 4960; x_wconf 86' lang='lat' dir='ltr'><strong>est</strong></span> <span class='ocrx_word' id='word_1_397' title='bbox 911 4904 1106 4978; x_wconf 70' lang='lat' dir='ltr'><strong>in&#39;nobis</strong></span> <span class='ocrx_word' id='word_1_398' title='bbox 1126 4908 1246 4978; x_wconf 80' lang='lat' dir='ltr'><strong>ipsis</strong></span> <span class='ocrx_word' id='word_1_399' title='bbox 1267 4904 1651 4978; x_wconf 53' lang='lat' dir='ltr'><strong>adcantuntnem</strong></span> <span class='ocrx_word' id='word_1_400' title='bbox 1672 4904 1795 4978; x_wconf 81' lang='lat' dir='ltr'><strong>hanc</strong></span> <span class='ocrx_word' id='word_1_401' title='bbox 1821 4904 1958 4968; x_wconf 78' lang='lat' dir='ltr'><strong>quasi</strong></span> <span class='ocrx_word' id='word_1_402' title='bbox 1982 4904 2173 4978; x_wconf 70' lang='lat' dir='ltr'><strong>rempu-</strong></span> <span class='ocrx_word' id='word_1_403' title='bbox 2204 4907 2214 4954; x_wconf 93' lang='lat' dir='ltr'><strong>l</strong></span> 
     </span>
    </p>
   </div>
   <div class='ocr_carea' id='block_1_50' title="bbox 628 4965 2174 5035">
    <p class='ocr_par' dir='ltr' id='par_1_50' title="bbox 628 4965 2174 5035">
     <span class='ocr_line' id='line_1_50' title="bbox 628 4965 2174 5035; baseline -0.003 -13"><span class='ocrx_word' id='word_1_404' title='bbox 628 4965 788 5022; x_wconf 83' lang='lat' dir='ltr'><strong>licam.</strong></span> <span class='ocrx_word' id='word_1_405' title='bbox 815 4979 936 5022; x_wconf 82' lang='lat' dir='ltr'><strong>Nam</strong></span> <span class='ocrx_word' id='word_1_406' title='bbox 954 4965 1167 5035; x_wconf 69' lang='lat' dir='ltr'><strong>quisque,</strong></span> <span class='ocrx_word' id='word_1_407' title='bbox 1197 4976 1291 5019; x_wconf 82' lang='lat' dir='ltr'><strong>etc.</strong></span> <span class='ocrx_word' id='word_1_408' title='bbox 1316 4976 1434 5018; x_wconf 83' lang='lat' dir='ltr'><strong>Tum</strong></span> <span class='ocrx_word' id='word_1_409' title='bbox 1450 4965 1592 5035; x_wconf 84' lang='lat' dir='ltr'><strong>_iul&#39;ra</strong></span> <span class='ocrx_word' id='word_1_410' title='bbox 1614 4972 1818 5035; x_wconf 38' lang='lat' dir='ltr'><strong>:.et_pro</strong></span> <span class='ocrx_word' id='word_1_411' title='bbox 1834 4965 1974 5029; x_wconf 70' lang='lat' dir='ltr'><strong>posse</strong></span> <span class='ocrx_word' id='word_1_412' title='bbox 1997 4965 2174 5035; x_wconf 66' lang='lat' dir='ltr'><strong>uirium</strong></span> 
     </span>
    </p>
   </div>
   <div class='ocr_carea' id='block_1_51' title="bbox 595 5027 2172 5099">
    <p class='ocr_par' dir='ltr' id='par_1_51' title="bbox 595 5027 2172 5099">
     <span class='ocr_line' id='line_1_51' title="bbox 595 5027 2172 5099; baseline -0.001 -16"><span class='ocrx_word' id='word_1_413' title='bbox 595 5041 871 5099; x_wconf 76' lang='lat' dir='ltr'><strong>nostrarum</strong></span> <span class='ocrx_word' id='word_1_414' title='bbox 891 5027 1028 5099; x_wconf 80' lang='lat' dir='ltr'><strong>quasi</strong></span> <span class='ocrx_word' id='word_1_415' title='bbox 1069 5027 1297 5099; x_wconf 54' lang='lat' dir='ltr'><strong>&#39;can&#39;onent</strong></span> <span class='ocrx_word' id='word_1_416' title='bbox 1331 5029 1605 5099; x_wconf 73' lang='lat' dir='ltr'><strong>passionum</strong></span> <span class='ocrx_word' id='word_1_417' title='bbox 1636 5027 1895 5099; x_wconf 52' lang='lat' dir='ltr'><strong>ingruat}:</strong></span> <span class='ocrx_word' id='word_1_418' title='bbox 1923 5030 2172 5099; x_wconf 68' lang='lat' dir='ltr'><strong>paratoria</strong></span> 
     </span>
    </p>
   </div>
   <div class='ocr_carea' id='block_1_52' title="bbox 597 5087 2172 5160">
    <p class='ocr_par' dir='ltr' id='par_1_52' title="bbox 597 5087 2172 5160">
     <span class='ocr_line' id='line_1_52' title="bbox 597 5087 2172 5160; baseline -0.004 -14"><span class='ocrx_word' id='word_1_419' title='bbox 597 5095 816 5160; x_wconf 74' lang='lat' dir='ltr'><strong>plenaria</strong></span> <span class='ocrx_word' id='word_1_420' title='bbox 836 5087 1142 5160; x_wconf 75' lang='lat' dir='ltr'><strong>:passionum</strong></span> <span class='ocrx_word' id='word_1_421' title='bbox 1162 5087 1372 5160; x_wconf 67' lang='lat' dir='ltr'><strong>omnium</strong></span> <span class='ocrx_word' id='word_1_422' title='bbox 1392 5087 1502 5160; x_wconf 56' lang='lat' dir='ltr'><strong>furis</strong></span> <span class='ocrx_word' id='word_1_423' title='bbox 1517 5102 1610 5160; x_wconf 76' lang='lat' dir='ltr'><strong>non</strong></span> <span class='ocrx_word' id='word_1_424' title='bbox 1631 5087 1741 5149; x_wconf 85' lang='lat' dir='ltr'><strong>erit,</strong></span> <span class='ocrx_word' id='word_1_425' title='bbox 1757 5088 1868 5160; x_wconf 77' lang='lat' dir='ltr'><strong>nisi,</strong></span> <span class='ocrx_word' id='word_1_426' title='bbox 1895 5087 1989 5160; x_wconf 34' lang='lat' dir='ltr'><strong>eltc.</strong></span> <span class='ocrx_word' id='word_1_427' title='bbox 2009 5096 2172 5140; x_wconf 84' lang='lat' dir='ltr'><strong>Emen-</strong></span> 
     </span>
    </p>
   </div>
   <div class='ocr_carea' id='block_1_53' title="bbox 599 5150 2171 5210">
    <p class='ocr_par' dir='ltr' id='par_1_53' title="bbox 599 5150 2171 5210">
     <span class='ocr_line' id='line_1_53' title="bbox 599 5150 2171 5210; baseline -0.003 -4"><span class='ocrx_word' id='word_1_428' title='bbox 599 5150 742 5208; x_wconf 73' lang='lat' dir='ltr'><strong>datur</strong></span> <span class='ocrx_word' id='word_1_429' title='bbox 767 5150 900 5206; x_wconf 74' lang='lat' dir='ltr'><strong>locus</strong></span> <span class='ocrx_word' id='word_1_430' title='bbox 922 5155 980 5203; x_wconf 90' lang='lat' dir='ltr'><strong>ad</strong></span> <span class='ocrx_word' id='word_1_431' title='bbox 994 5163 1096 5203; x_wconf 74' lang='lat' dir='ltr'><strong>Mss.</strong></span> <span class='ocrx_word' id='word_1_432' title='bbox 1111 5153 1229 5204; x_wconf 87' lang='lat' dir='ltr'><strong>etad</strong></span> <span class='ocrx_word' id='word_1_433' title='bbox 1243 5151 1381 5202; x_wconf 68' lang='lat' dir='ltr'><strong>[tedae</strong></span> <span class='ocrx_word' id='word_1_434' title='bbox 1393 5150 1736 5201; x_wconf 84' lang='lat' dir='ltr'><strong>collectionem</strong></span> <span class='ocrx_word' id='word_1_435' title='bbox 1759 5153 1808 5200; x_wconf 89' lang='lat' dir='ltr'><strong>in</strong></span> <span class='ocrx_word' id='word_1_436' title='bbox 1827 5151 2037 5200; x_wconf 82' lang='lat' dir='ltr'><strong>Paulum.</strong></span> <span class='ocrx_word' id='word_1_437' title='bbox 2058 5161 2171 5210; x_wconf 68' lang='lat' dir='ltr'><strong>(iure</strong></span> 
     </span>
    </p>
   </div>
   <div class='ocr_carea' id='block_1_54' title="bbox 597 5212 2172 5281">
    <p class='ocr_par' dir='ltr' id='par_1_54' title="bbox 597 5212 2172 5281">
     <span class='ocr_line' id='line_1_54' title="bbox 597 5212 2172 5281; baseline -0.003 -12"><span class='ocrx_word' id='word_1_438' title='bbox 597 5219 821 5269; x_wconf 86' lang='lat' dir='ltr'><strong>collectio</strong></span> <span class='ocrx_word' id='word_1_439' title='bbox 839 5219 885 5268; x_wconf 89' lang='lat' dir='ltr'><strong>in</strong></span> <span class='ocrx_word' id='word_1_440' title='bbox 909 5217 1153 5281; x_wconf 58' lang='lat' dir='ltr'><strong>corlnMs.</strong></span> <span class='ocrx_word' id='word_1_441' title='bbox 1179 5215 1260 5281; x_wconf 78' lang='lat' dir='ltr'><strong>ubi</strong></span> <span class='ocrx_word' id='word_1_442' title='bbox 1277 5213 1411 5262; x_wconf 73' lang='lat' dir='ltr'><strong>Floro</strong></span> <span class='ocrx_word' id='word_1_443' title='bbox 1428 5212 1670 5281; x_wconf 80' lang='lat' dir='ltr'><strong>tribuitur,</strong></span> <span class='ocrx_word' id='word_1_444' title='bbox 1687 5213 1944 5281; x_wconf 58' lang='lat' dir='ltr'><strong>habetpro</strong></span> <span class='ocrx_word' id='word_1_445' title='bbox 1959 5213 2172 5281; x_wconf 78' lang='lat' dir='ltr'><strong>portione</strong></span> 
     </span>
    </p>
   </div>
   <div class='ocr_carea' id='block_1_55' title="bbox 599 5273 2174 5336">
    <p class='ocr_par' dir='ltr' id='par_1_55' title="bbox 599 5273 2174 5336">
     <span class='ocr_line' id='line_1_55' title="bbox 599 5273 2174 5336; baseline -0.003 -6"><span class='ocrx_word' id='word_1_446' title='bbox 599 5281 774 5330; x_wconf 61' lang='lat' dir='ltr'><strong>saritur:</strong></span> <span class='ocrx_word' id='word_1_447' title='bbox 795 5291 811 5329; x_wconf 92' lang='lat'><em>:</em></span> <span class='ocrx_word' id='word_1_448' title='bbox 835 5287 886 5329; x_wconf 85' lang='lat' dir='ltr'><strong>at</strong></span> <span class='ocrx_word' id='word_1_449' title='bbox 905 5278 1070 5328; x_wconf 68' lang='lat' dir='ltr'><strong>caueri</strong></span> <span class='ocrx_word' id='word_1_450' title='bbox 1089 5283 1194 5326; x_wconf 71' lang='lat' dir='ltr'><strong>stss.</strong></span> <span class='ocrx_word' id='word_1_451' title='bbox 1215 5275 1309 5332; x_wconf 84' lang='lat' dir='ltr'><strong>hic,</strong></span> <span class='ocrx_word' id='word_1_452' title='bbox 1334 5273 1639 5336; x_wconf 72' lang='lat' dir='ltr'><strong>possessione.</strong></span> <span class='ocrx_word' id='word_1_453' title='bbox 1664 5273 2072 5336; x_wconf 59' lang='grc' dir='ltr'><strong>Διλιιυιηιὶῠεξιιιοιι</strong></span> <span class='ocrx_word' id='word_1_454' title='bbox 2087 5278 2174 5325; x_wconf 87' lang='lat' dir='ltr'><strong>mi-</strong></span> 
     </span>
    </p>
   </div>
   <div class='ocr_carea' id='block_1_56' title="bbox 598 5333 2173 5404">
    <p class='ocr_par' dir='ltr' id='par_1_56' title="bbox 598 5333 2173 5404">
     <span class='ocr_line' id='line_1_56' title="bbox 598 5333 2173 5404; baseline -0.004 -11"><span class='ocrx_word' id='word_1_455' title='bbox 598 5355 692 5393; x_wconf 90' lang='lat' dir='ltr'><strong>nus</strong></span> <span class='ocrx_word' id='word_1_456' title='bbox 711 5349 823 5403; x_wconf 79' lang='lat' dir='ltr'><strong>apte</strong></span> <span class='ocrx_word' id='word_1_457' title='bbox 848 5355 861 5390; x_wconf 89' lang='lat'><strong>:</strong></span> <span class='ocrx_word' id='word_1_458' title='bbox 887 5338 1078 5404; x_wconf 86' lang='lat' dir='ltr'><strong>quando</strong></span> <span class='ocrx_word' id='word_1_459' title='bbox 1098 5337 1156 5404; x_wconf 69' lang='lat' dir='ltr'><strong>ad</strong></span> <span class='ocrx_word' id='word_1_460' title='bbox 1180 5333 1364 5404; x_wconf 75' lang='lat' dir='ltr'><strong>morem</strong></span> <span class='ocrx_word' id='word_1_461' title='bbox 1385 5336 1582 5404; x_wconf 78' lang='lat' dir='ltr'><strong>canonis</strong></span> <span class='ocrx_word' id='word_1_462' title='bbox 1606 5333 1824 5385; x_wconf 83' lang='lat' dir='ltr'><strong>solvendi</strong></span> <span class='ocrx_word' id='word_1_463' title='bbox 1847 5335 2007 5404; x_wconf 71' lang='lat' dir='ltr'><strong>habita</strong></span> <span class='ocrx_word' id='word_1_464' title='bbox 2031 5338 2173 5404; x_wconf 77' lang='lat' dir='ltr'><strong>ratio-</strong></span> 
     </span>
    </p>
   </div>
   <div class='ocr_carea' id='block_1_57' title="bbox 599 5394 2174 5465">
    <p class='ocr_par' dir='ltr' id='par_1_57' title="bbox 599 5394 2174 5465">
     <span class='ocr_line' id='line_1_57' title="bbox 599 5394 2174 5465; baseline -0.003 -13"><span class='ocrx_word' id='word_1_465' title='bbox 599 5416 666 5452; x_wconf 92' lang='lat' dir='ltr'><strong>ne</strong></span> <span class='ocrx_word' id='word_1_466' title='bbox 691 5394 1047 5465; x_wconf 67' lang='lat' dir='ltr'><strong>pdssessionum</strong></span> <span class='ocrx_word' id='word_1_467' title='bbox 1069 5398 1239 5448; x_wconf 88' lang='lat' dir='ltr'><strong>alludit</strong></span> <span class='ocrx_word' id='word_1_468' title='bbox 1257 5397 1564 5465; x_wconf 55' lang='lat' dir='ltr'><strong>augustiuus.</strong></span> <span class='ocrx_word' id='word_1_469' title='bbox 1591 5404 1732 5465; x_wconf 80' lang='lat' dir='ltr'><strong>Porro</strong></span> <span class='ocrx_word' id='word_1_470' title='bbox 1747 5411 1868 5465; x_wconf 65' lang='lat' dir='ltr'><strong>vos,</strong></span> <span class='ocrx_word' id='word_1_471' title='bbox 1887 5394 2015 5465; x_wconf 67' lang='lat' dir='ltr'><strong>(iiiis,</strong></span> <span class='ocrx_word' id='word_1_472' title='bbox 2033 5398 2174 5465; x_wconf 76' lang='lat' dir='ltr'><strong>abest</strong></span> 
     </span>
    </p>
   </div>
   <div class='ocr_carea' id='block_1_58' title="bbox 597 5456 2170 5528">
    <p class='ocr_par' dir='ltr' id='par_1_58' title="bbox 597 5456 2170 5528">
     <span class='ocr_line' id='line_1_58' title="bbox 597 5456 2170 5528; baseline -0.003 -15"><span class='ocrx_word' id='word_1_473' title='bbox 597 5456 787 5528; x_wconf 27' lang='lat' dir='ltr'><strong>abst&#39;ssq</strong></span> <span class='ocrx_word' id='word_1_474' title='bbox 811 5466 892 5528; x_wconf 83' lang='lat' dir='ltr'><strong>qui</strong></span> <span class='ocrx_word' id='word_1_475' title='bbox 908 5463 1038 5528; x_wconf 69' lang='lat' dir='ltr'><strong>loco,</strong></span> <span class='ocrx_word' id='word_1_476' title='bbox 1066 5456 1348 5524; x_wconf 42' lang='lat' dir='ltr'><strong>paratoria,‘</strong></span> <span class='ocrx_word' id='word_1_477' title='bbox 1363 5456 1625 5528; x_wconf 68' lang='lat' dir='ltr'><strong>praafcrupt</strong></span> <span class='ocrx_word' id='word_1_478' title='bbox 1643 5458 1862 5528; x_wconf 54' lang='lat' dir='ltr'><strong>quidam,</strong></span> <span class='ocrx_word' id='word_1_479' title='bbox 1887 5456 2170 5521; x_wconf 75' lang='lat' dir='ltr'><strong>&#39;pariatoria,</strong></span> 
     </span>
    </p>
   </div>
   <div class='ocr_carea' id='block_1_59' title="bbox 599 5517 2169 5587">
    <p class='ocr_par' dir='ltr' id='par_1_59' title="bbox 599 5517 2169 5587">
     <span class='ocr_line' id='line_1_59' title="bbox 599 5517 2169 5587; baseline -0.002 -15"><span class='ocrx_word' id='word_1_480' title='bbox 599 5525 699 5585; x_wconf 86' lang='lat' dir='ltr'><strong>alii,</strong></span> <span class='ocrx_word' id='word_1_481' title='bbox 717 5517 982 5587; x_wconf 72' lang='lat' dir='ltr'><strong>pdriloria;</strong></span> <span class='ocrx_word' id='word_1_482' title='bbox 1004 5517 1128 5572; x_wconf 68' lang='lat' dir='ltr'><strong>forte</strong></span> <span class='ocrx_word' id='word_1_483' title='bbox 1149 5517 1392 5587; x_wconf 64' lang='lat' dir='ltr'><strong>mensura:</strong></span> <span class='ocrx_word' id='word_1_484' title='bbox 1415 5517 1495 5566; x_wconf 86' lang='lat' dir='ltr'><strong>vel</strong></span> <span class='ocrx_word' id='word_1_485' title='bbox 1513 5517 1678 5587; x_wconf 86' lang='lat' dir='ltr'><strong>tributi</strong></span> <span class='ocrx_word' id='word_1_486' title='bbox 1697 5517 1943 5587; x_wconf 72' lang='lat' dir='ltr'><strong>cujusdam</strong></span> <span class='ocrx_word' id='word_1_487' title='bbox 1961 5517 2169 5587; x_wconf 69' lang='lat' dir='ltr'><strong>nontené</strong></span> 
     </span>
    </p>
   </div>
   <div class='ocr_carea' id='block_1_60' title="bbox 603 5579 2172 5648">
    <p class='ocr_par' dir='ltr' id='par_1_60' title="bbox 603 5579 2172 5648">
     <span class='ocr_line' id='line_1_60' title="bbox 603 5579 2172 5648; baseline 0 -17"><span class='ocrx_word' id='word_1_488' title='bbox 603 5579 695 5644; x_wconf 58' lang='lat' dir='ltr'><strong>pro&#39;</strong></span> <span class='ocrx_word' id='word_1_489' title='bbox 710 5579 808 5648; x_wconf 77' lang='lat' dir='ltr'><strong>quo</strong></span> <span class='ocrx_word' id='word_1_490' title='bbox 829 5579 1073 5648; x_wconf 83' lang='lat' dir='ltr'><strong>nescimus</strong></span> <span class='ocrx_word' id='word_1_491' title='bbox 1108 5596 1168 5632; x_wconf 83' lang='lat' dir='ltr'><strong>an</strong></span> <span class='ocrx_word' id='word_1_492' title='bbox 1191 5579 1453 5648; x_wconf 80' lang='lat' dir='ltr'><strong>legendum</strong></span> <span class='ocrx_word' id='word_1_493' title='bbox 1487 5586 1660 5648; x_wconf 77' lang='lat' dir='ltr'><strong>parata</strong></span> <span class='ocrx_word' id='word_1_494' title='bbox 1681 5579 1806 5638; x_wconf 79' lang='lat' dir='ltr'><strong>vero,</strong></span> <span class='ocrx_word' id='word_1_495' title='bbox 1834 5583 1904 5630; x_wconf 89' lang='lat' dir='ltr'><strong>uti</strong></span> <span class='ocrx_word' id='word_1_496' title='bbox 1929 5581 2052 5644; x_wconf 84' lang='lat' dir='ltr'><strong>legit</strong></span> <span class='ocrx_word' id='word_1_497' title='bbox 2073 5581 2172 5631; x_wconf 76' lang='lat' dir='ltr'><strong>cla-</strong></span> 
     </span>
    </p>
   </div>
   <div class='ocr_carea' id='block_1_61' title="bbox 601 5639 2050 5713">
    <p class='ocr_par' dir='ltr' id='par_1_61' title="bbox 601 5639 2050 5713">
     <span class='ocr_line' id='line_1_61' title="bbox 601 5639 2050 5713; baseline -0.006 -17"><span class='ocrx_word' id='word_1_498' title='bbox 601 5639 1618 5713; x_wconf 53' lang='lat' dir='ltr'><strong>riss.i_z&#39;ngiusin0loss.,\jocc,l&#39;lettaria.</strong></span> <span class='ocrx_word' id='word_1_499' title='bbox 1681 5695 1714 5709; x_wconf 18' lang='grc' dir='ltr'><em>,ν</em></span> <span class='ocrx_word' id='word_1_500' title='bbox 1804 5702 1824 5713; x_wconf 45' lang='grc'><strong><em>⁸</em></strong></span> <span class='ocrx_word' id='word_1_501' title='bbox 1876 5708 1886 5713; x_wconf 28' lang='grc' dir='ltr'><strong>Δ</strong></span> <span class='ocrx_word' id='word_1_502' title='bbox 1965 5639 2006 5713; x_wconf 44' lang='grc'><strong>,⁷</strong></span> <span class='ocrx_word' id='word_1_503' title='bbox 2039 5702 2050 5713; x_wconf 45' lang='lat'>.</span> 
     </span>
    </p>
   </div>
   <div class='ocr_carea' id='block_1_62' title="bbox 666 5701 2174 5770">
    <p class='ocr_par' dir='ltr' id='par_1_62' title="bbox 666 5701 2174 5770">
     <span class='ocr_line' id='line_1_62' title="bbox 666 5701 2174 5770; baseline -0.003 -13"><span class='ocrx_word' id='word_1_504' title='bbox 666 5711 781 5770; x_wconf 19' lang='lat' dir='ltr'><strong>&#39;ﬂsic</strong></span> <span class='ocrx_word' id='word_1_505' title='bbox 803 5701 1027 5770; x_wconf 73' lang='lat' dir='ltr'><strong>plerique</strong></span> <span class='ocrx_word' id='word_1_506' title='bbox 1061 5701 1358 5759; x_wconf 45' lang='lat' dir='ltr'><strong>Ilss.&#39;AtEr.,</strong></span> <span class='ocrx_word' id='word_1_507' title='bbox 1382 5712 1624 5770; x_wconf 73' lang='lat' dir='ltr'><strong>cotmexus</strong></span> <span class='ocrx_word' id='word_1_508' title='bbox 1647 5701 1887 5770; x_wconf 75' lang='lat' dir='ltr'><strong>eis_re[ert</strong></span> <span class='ocrx_word' id='word_1_509' title='bbox 1907 5701 1977 5770; x_wconf 82' lang='lat' dir='ltr'><strong>_t_td</strong></span> <span class='ocrx_word' id='word_1_510' title='bbox 2009 5702 2174 5753; x_wconf 83' lang='lat' dir='ltr'><strong>simili-</strong></span> 
     </span>
    </p>
   </div>
   <div class='ocr_carea' id='block_1_63' title="bbox 619 5763 2174 5827">
    <p class='ocr_par' dir='ltr' id='par_1_63' title="bbox 619 5763 2174 5827">
     <span class='ocr_line' id='line_1_63' title="bbox 619 5763 2174 5827; baseline 0 -11"><span class='ocrx_word' id='word_1_511' title='bbox 619 5763 832 5825; x_wconf 84' lang='lat' dir='ltr'><strong>mliueni,</strong></span> <span class='ocrx_word' id='word_1_512' title='bbox 858 5763 960 5816; x_wconf 69' lang='lat' dir='ltr'><strong>etcf</strong></span> <span class='ocrx_word' id='word_1_513' title='bbox 996 5775 1123 5823; x_wconf 82' lang='lat' dir='ltr'><strong>t.ov.,</strong></span> <span class='ocrx_word' id='word_1_514' title='bbox 1149 5776 1390 5814; x_wconf 72' lang='lat' dir='ltr'><strong>connexus</strong></span> <span class='ocrx_word' id='word_1_515' title='bbox 1409 5763 1479 5813; x_wconf 83' lang='lat' dir='ltr'><strong>eis</strong></span> <span class='ocrx_word' id='word_1_516' title='bbox 1515 5764 1662 5827; x_wconf 76' lang='lat' dir='ltr'><strong>refert</strong></span> <span class='ocrx_word' id='word_1_517' title='bbox 1684 5763 2058 5816; x_wconf 77' lang='lat' dir='ltr'><strong>similitudinem.</strong></span> <span class='ocrx_word' id='word_1_518' title='bbox 2085 5772 2174 5816; x_wconf 72' lang='lat' dir='ltr'><strong>tte-</strong></span> 
     </span>
    </p>
   </div>
   <div class='ocr_carea' id='block_1_64' title="bbox 604 5831 1270 5894">
    <p class='ocr_par' dir='ltr' id='par_1_64' title="bbox 604 5831 1270 5894">
     <span class='ocr_line' id='line_1_64' title="bbox 604 5831 1270 5894; baseline -0.008 -15"><span class='ocrx_word' id='word_1_519' title='bbox 604 5832 711 5889; x_wconf 64' lang='lat' dir='ltr'><strong>gi&#39;ts</strong></span> <span class='ocrx_word' id='word_1_520' title='bbox 733 5837 834 5894; x_wconf 78' lang='lat' dir='ltr'><strong>tus.,</strong></span> <span class='ocrx_word' id='word_1_521' title='bbox 859 5831 1033 5881; x_wconf 81' lang='lat' dir='ltr'><strong>referte</strong></span> <span class='ocrx_word' id='word_1_522' title='bbox 1064 5836 1148 5888; x_wconf 73' lang='lat' dir='ltr'><strong>ait,</strong></span> <span class='ocrx_word' id='word_1_523' title='bbox 1173 5835 1270 5876; x_wconf 79' lang='lat' dir='ltr'><strong>etc.</strong></span> 
     </span>
    </p>
   </div>
   <div class='ocr_carea' id='block_1_65' title="bbox 3751 387 3861 443">
    <p class='ocr_par' dir='ltr' id='par_1_65' title="bbox 3751 387 3861 443">
     <span class='ocr_line' id='line_1_65' title="bbox 3751 387 3861 443; baseline 0.018 -2"><span class='ocrx_word' id='word_1_524' title='bbox 3751 387 3861 443; x_wconf 76' lang='grc'><strong>752</strong></span> 
     </span>
    </p>
   </div>
   <div class='ocr_carea' id='block_1_66' title="bbox 2278 483 3858 564">
    <p class='ocr_par' dir='ltr' id='par_1_66' title="bbox 2278 483 3858 564">
     <span class='ocr_line' id='line_1_66' title="bbox 2278 483 3858 564; baseline 0.009 -26"><span class='ocrx_word' id='word_1_525' title='bbox 2278 483 2409 538; x_wconf 83' lang='lat' dir='ltr'><strong>rami</strong></span> <span class='ocrx_word' id='word_1_526' title='bbox 2437 484 2705 540; x_wconf 84' lang='lat' dir='ltr'><strong>naturales</strong></span> <span class='ocrx_word' id='word_1_527' title='bbox 2733 485 2907 557; x_wconf 82' lang='lat' dir='ltr'><strong>(Rom.</strong></span> <span class='ocrx_word' id='word_1_528' title='bbox 2939 502 2991 541; x_wconf 73' lang='lat' dir='ltr'><strong>XI</strong></span> <span class='ocrx_word' id='word_1_529' title='bbox 3015 527 3029 550; x_wconf 91' lang='lat'><strong>,</strong></span> <span class='ocrx_word' id='word_1_530' title='bbox 3069 485 3160 555; x_wconf 71' lang='grc'><strong>21)</strong></span> <span class='ocrx_word' id='word_1_531' title='bbox 3195 506 3208 541; x_wconf 89' lang='lat'><strong>:</strong></span> <span class='ocrx_word' id='word_1_532' title='bbox 3243 491 3470 556; x_wconf 87' lang='lat' dir='ltr'><strong>Quorum</strong></span> <span class='ocrx_word' id='word_1_533' title='bbox 3511 494 3740 564; x_wconf 84' lang='lat' dir='ltr'><strong>adeptio.</strong></span> <span class='ocrx_word' id='word_1_534' title='bbox 3772 498 3858 553; x_wconf 61' lang='lat' dir='ltr'><strong>in-</strong></span> 
     </span>
    </p>
   </div>
   <div class='ocr_carea' id='block_1_67' title="bbox 2274 577 3854 657">
    <p class='ocr_par' dir='ltr' id='par_1_67' title="bbox 2274 577 3854 657">
     <span class='ocr_line' id='line_1_67' title="bbox 2274 577 3854 657; baseline 0.011 -31"><span class='ocrx_word' id='word_1_535' title='bbox 2274 577 2406 645; x_wconf 90' lang='lat' dir='ltr'><strong>quit,</strong></span> <span class='ocrx_word' id='word_1_536' title='bbox 2431 588 2477 630; x_wconf 88' lang='lat' dir='ltr'><strong>et</strong></span> <span class='ocrx_word' id='word_1_537' title='bbox 2501 587 2795 632; x_wconf 86' lang='lat' dir='ltr'><strong>testamenta</strong></span> <span class='ocrx_word' id='word_1_538' title='bbox 2817 589 2864 633; x_wconf 88' lang='lat' dir='ltr'><strong>et</strong></span> <span class='ocrx_word' id='word_1_539' title='bbox 2892 577 3042 649; x_wconf 80' lang='lat' dir='ltr'><strong>Legis</strong></span> <span class='ocrx_word' id='word_1_540' title='bbox 3067 582 3387 647; x_wconf 77' lang='lat' dir='ltr'><strong>constitutio;</strong></span> <span class='ocrx_word' id='word_1_541' title='bbox 3417 601 3629 656; x_wconf 86' lang='lat' dir='ltr'><strong>quorum</strong></span> <span class='ocrx_word' id='word_1_542' title='bbox 3656 599 3854 657; x_wconf 83' lang='lat' dir='ltr'><strong>patres,</strong></span> 
     </span>
    </p>
   </div>
   <div class='ocr_carea' id='block_1_68' title="bbox 2272 667 3858 750">
    <p class='ocr_par' dir='ltr' id='par_1_68' title="bbox 2272 667 3858 750">
     <span class='ocr_line' id='line_1_68' title="bbox 2272 667 3858 750; baseline 0.012 -32"><span class='ocrx_word' id='word_1_543' title='bbox 2272 678 2318 719; x_wconf 87' lang='lat' dir='ltr'><strong>et</strong></span> <span class='ocrx_word' id='word_1_544' title='bbox 2343 683 2406 720; x_wconf 68' lang='lat' dir='ltr'><strong>ex</strong></span> <span class='ocrx_word' id='word_1_545' title='bbox 2428 669 2606 737; x_wconf 84' lang='lat' dir='ltr'><strong>quibus</strong></span> <span class='ocrx_word' id='word_1_546' title='bbox 2630 667 2857 724; x_wconf 83' lang='lat' dir='ltr'><strong>Christus</strong></span> <span class='ocrx_word' id='word_1_547' title='bbox 2879 670 3151 724; x_wconf 84' lang='lat' dir='ltr'><strong>secundum</strong></span> <span class='ocrx_word' id='word_1_548' title='bbox 3189 688 3389 727; x_wconf 86' lang='lat' dir='ltr'><strong>carnem</strong></span> <span class='ocrx_word' id='word_1_549' title='bbox 3413 716 3428 738; x_wconf 92' lang='lat'><strong>,</strong></span> <span class='ocrx_word' id='word_1_550' title='bbox 3467 678 3554 744; x_wconf 73' lang='lat' dir='ltr'><strong>qui</strong></span> <span class='ocrx_word' id='word_1_551' title='bbox 3586 690 3659 732; x_wconf 84' lang='lat' dir='ltr'><strong>est</strong></span> <span class='ocrx_word' id='word_1_552' title='bbox 3699 697 3858 750; x_wconf 76' lang='lat' dir='ltr'><strong>super</strong></span> 
     </span>
    </p>
   </div>
   <div class='ocr_carea' id='block_1_69' title="bbox 2273 756 3859 839">
    <p class='ocr_par' dir='ltr' id='par_1_69' title="bbox 2273 756 3859 839">
     <span class='ocr_line' id='line_1_69' title="bbox 2273 756 3859 839; baseline 0.009 -31"><span class='ocrx_word' id='word_1_553' title='bbox 2273 758 2440 810; x_wconf 84' lang='lat' dir='ltr'><strong>omnia</strong></span> <span class='ocrx_word' id='word_1_554' title='bbox 2460 756 2599 812; x_wconf 86' lang='lat' dir='ltr'><strong>Deus</strong></span> <span class='ocrx_word' id='word_1_555' title='bbox 2622 757 2907 812; x_wconf 78' lang='lat' dir='ltr'><strong>benedictus</strong></span> <span class='ocrx_word' id='word_1_556' title='bbox 2927 760 2978 813; x_wconf 86' lang='lat' dir='ltr'><strong>in</strong></span> <span class='ocrx_word' id='word_1_557' title='bbox 2998 761 3180 814; x_wconf 78' lang='lat' dir='ltr'><strong>stecula</strong></span> <span class='ocrx_word' id='word_1_558' title='bbox 3207 761 3317 830; x_wconf 86' lang='lat' dir='ltr'><strong>(Id.</strong></span> <span class='ocrx_word' id='word_1_559' title='bbox 3342 779 3417 828; x_wconf 74' lang='grc' dir='ltr'><strong>ιι,</strong></span> <span class='ocrx_word' id='word_1_560' title='bbox 3443 766 3497 828; x_wconf 73' lang='grc'><strong>4,</strong></span> <span class='ocrx_word' id='word_1_561' title='bbox 3528 767 3604 836; x_wconf 81' lang='lat'><strong>5).</strong></span> <span class='ocrx_word' id='word_1_562' title='bbox 3640 767 3724 822; x_wconf 71' lang='lat' dir='ltr'><strong><em>Ex</em></strong></span> <span class='ocrx_word' id='word_1_563' title='bbox 3743 772 3859 839; x_wconf 80' lang='lat' dir='ltr'><strong>qui-</strong></span> 
     </span>
    </p>
   </div>
   <div class='ocr_carea' id='block_1_70' title="bbox 2272 846 3854 928">
    <p class='ocr_par' dir='ltr' id='par_1_70' title="bbox 2272 846 3854 928">
     <span class='ocr_line' id='line_1_70' title="bbox 2272 846 3854 928; baseline 0.011 -28"><span class='ocrx_word' id='word_1_564' title='bbox 2272 846 2365 901; x_wconf 89' lang='lat' dir='ltr'><strong>bus</strong></span> <span class='ocrx_word' id='word_1_565' title='bbox 2391 847 2618 902; x_wconf 86' lang='lat' dir='ltr'><strong>Christus</strong></span> <span class='ocrx_word' id='word_1_566' title='bbox 2643 850 2916 903; x_wconf 85' lang='lat' dir='ltr'><strong>secundum</strong></span> <span class='ocrx_word' id='word_1_567' title='bbox 2931 867 3155 917; x_wconf 85' lang='lat' dir='ltr'><strong>carnem,</strong></span> <span class='ocrx_word' id='word_1_568' title='bbox 3180 861 3426 924; x_wconf 89' lang='lat' dir='ltr'><strong>tanquam</strong></span> <span class='ocrx_word' id='word_1_569' title='bbox 3453 871 3520 911; x_wconf 75' lang='lat' dir='ltr'><strong>ex</strong></span> <span class='ocrx_word' id='word_1_570' title='bbox 3548 855 3697 923; x_wconf 86' lang='lat' dir='ltr'><strong>Sion,</strong></span> <span class='ocrx_word' id='word_1_571' title='bbox 3729 862 3854 928; x_wconf 83' lang='lat' dir='ltr'><strong>quia</strong></span> 
     </span>
    </p>
   </div>
   <div class='ocr_carea' id='block_1_71' title="bbox 2272 939 3856 1015">
    <p class='ocr_par' dir='ltr' id='par_1_71' title="bbox 2272 939 3856 1015">
     <span class='ocr_line' id='line_1_71' title="bbox 2272 939 3856 1015; baseline 0.008 -25"><span class='ocrx_word' id='word_1_572' title='bbox 2272 939 2419 993; x_wconf 91' lang='lat' dir='ltr'><strong>homo</strong></span> <span class='ocrx_word' id='word_1_573' title='bbox 2442 943 2606 1008; x_wconf 82' lang='lat' dir='ltr'><strong>factus</strong></span> <span class='ocrx_word' id='word_1_574' title='bbox 2624 951 2695 994; x_wconf 87' lang='lat' dir='ltr'><strong>est</strong></span> <span class='ocrx_word' id='word_1_575' title='bbox 2720 942 2772 994; x_wconf 89' lang='lat' dir='ltr'><strong>in</strong></span> <span class='ocrx_word' id='word_1_576' title='bbox 2800 959 2858 995; x_wconf 90' lang='lat' dir='ltr'><strong>ea</strong></span> <span class='ocrx_word' id='word_1_577' title='bbox 2886 957 2904 995; x_wconf 91' lang='lat'><strong><em>:</em></strong></span> <span class='ocrx_word' id='word_1_578' title='bbox 2929 942 3049 1011; x_wconf 87' lang='lat' dir='ltr'><strong>quia</strong></span> <span class='ocrx_word' id='word_1_579' title='bbox 3079 941 3306 998; x_wconf 87' lang='lat' dir='ltr'><strong>Christus</strong></span> <span class='ocrx_word' id='word_1_580' title='bbox 3342 962 3494 1015; x_wconf 86' lang='lat' dir='ltr'><strong>super</strong></span> <span class='ocrx_word' id='word_1_581' title='bbox 3519 950 3687 1001; x_wconf 78' lang='lat' dir='ltr'><strong>omnia</strong></span> <span class='ocrx_word' id='word_1_582' title='bbox 3716 948 3856 1003; x_wconf 66' lang='lat' dir='ltr'><strong>Dem</strong></span> 
     </span>
    </p>
   </div>
   <div class='ocr_carea' id='block_1_72' title="bbox 2271 1028 3852 1104">
    <p class='ocr_par' dir='ltr' id='par_1_72' title="bbox 2271 1028 3852 1104">
     <span class='ocr_line' id='line_1_72' title="bbox 2271 1028 3852 1104; baseline 0.006 -23"><span class='ocrx_word' id='word_1_583' title='bbox 2271 1028 2552 1084; x_wconf 83' lang='lat' dir='ltr'><strong>benedictus</strong></span> <span class='ocrx_word' id='word_1_584' title='bbox 2577 1032 2628 1084; x_wconf 88' lang='lat' dir='ltr'><strong>in</strong></span> <span class='ocrx_word' id='word_1_585' title='bbox 2652 1033 2858 1098; x_wconf 76' lang='lat' dir='ltr'><strong>stvcula,</strong></span> <span class='ocrx_word' id='word_1_586' title='bbox 2886 1034 3004 1102; x_wconf 87' lang='lat' dir='ltr'><strong>quia</strong></span> <span class='ocrx_word' id='word_1_587' title='bbox 3027 1034 3134 1104; x_wconf 80' lang='lat' dir='ltr'><strong>ipse</strong></span> <span class='ocrx_word' id='word_1_588' title='bbox 3153 1035 3382 1103; x_wconf 76' lang='lat' dir='ltr'><strong>fundavit</strong></span> <span class='ocrx_word' id='word_1_589' title='bbox 3399 1053 3512 1091; x_wconf 85' lang='lat' dir='ltr'><strong>eam</strong></span> <span class='ocrx_word' id='word_1_590' title='bbox 3539 1039 3852 1093; x_wconf 80' lang='lat' dir='ltr'><strong>Altissimus.</strong></span> 
     </span>
    </p>
   </div>
   <div class='ocr_carea' id='block_1_73' title="bbox 2272 1118 3850 1194">
    <p class='ocr_par' dir='ltr' id='par_1_73' title="bbox 2272 1118 3850 1194">
     <span class='ocr_line' id='line_1_73' title="bbox 2272 1118 3850 1194; baseline 0.008 -22"><span class='ocrx_word' id='word_1_591' title='bbox 2272 1118 2355 1173; x_wconf 79' lang='lat' dir='ltr'><strong>Ex</strong></span> <span class='ocrx_word' id='word_1_592' title='bbox 2380 1121 2557 1190; x_wconf 87' lang='lat' dir='ltr'><strong>quibus</strong></span> <span class='ocrx_word' id='word_1_593' title='bbox 2599 1122 2830 1176; x_wconf 86' lang='lat' dir='ltr'><strong>Christus</strong></span> <span class='ocrx_word' id='word_1_594' title='bbox 2872 1124 3148 1178; x_wconf 68' lang='lat' dir='ltr'><strong>secundum</strong></span> <span class='ocrx_word' id='word_1_595' title='bbox 3181 1142 3421 1194; x_wconf 88' lang='lat' dir='ltr'><strong>carnem,</strong></span> <span class='ocrx_word' id='word_1_596' title='bbox 3469 1128 3608 1183; x_wconf 75' lang='lat' dir='ltr'><strong>(ilius</strong></span> <span class='ocrx_word' id='word_1_597' title='bbox 3639 1130 3807 1185; x_wconf 88' lang='lat' dir='ltr'><strong>David</strong></span> <span class='ocrx_word' id='word_1_598' title='bbox 3837 1150 3850 1185; x_wconf 90' lang='lat'>:</span> 
     </span>
    </p>
   </div>
   <div class='ocr_carea' id='block_1_74' title="bbox 2269 1213 3852 1286">
    <p class='ocr_par' dir='ltr' id='par_1_74' title="bbox 2269 1213 3852 1286">
     <span class='ocr_line' id='line_1_74' title="bbox 2269 1213 3852 1286; baseline 0.009 -22"><span class='ocrx_word' id='word_1_599' title='bbox 2269 1213 2352 1280; x_wconf 85' lang='lat' dir='ltr'><strong>qui</strong></span> <span class='ocrx_word' id='word_1_600' title='bbox 2381 1222 2454 1266; x_wconf 88' lang='lat' dir='ltr'><strong>est</strong></span> <span class='ocrx_word' id='word_1_601' title='bbox 2476 1231 2628 1283; x_wconf 85' lang='lat' dir='ltr'><strong>super</strong></span> <span class='ocrx_word' id='word_1_602' title='bbox 2655 1215 2825 1269; x_wconf 86' lang='lat' dir='ltr'><strong>omnia</strong></span> <span class='ocrx_word' id='word_1_603' title='bbox 2862 1215 2999 1270; x_wconf 88' lang='lat' dir='ltr'><strong>Deus</strong></span> <span class='ocrx_word' id='word_1_604' title='bbox 3027 1216 3313 1274; x_wconf 86' lang='lat' dir='ltr'><strong>benedictus</strong></span> <span class='ocrx_word' id='word_1_605' title='bbox 3337 1221 3389 1274; x_wconf 87' lang='lat' dir='ltr'><strong>in</strong></span> <span class='ocrx_word' id='word_1_606' title='bbox 3414 1223 3599 1276; x_wconf 65' lang='lat' dir='ltr'><strong>saecula</strong></span> <span class='ocrx_word' id='word_1_607' title='bbox 3618 1264 3631 1286; x_wconf 95' lang='lat'><strong>,</strong></span> <span class='ocrx_word' id='word_1_608' title='bbox 3665 1223 3852 1277; x_wconf 81' lang='lat' dir='ltr'><strong>Domi-</strong></span> 
     </span>
    </p>
   </div>
   <div class='ocr_carea' id='block_1_75' title="bbox 2269 1305 3856 1383">
    <p class='ocr_par' dir='ltr' id='par_1_75' title="bbox 2269 1305 3856 1383">
     <span class='ocr_line' id='line_1_75' title="bbox 2269 1305 3856 1383; baseline 0.006 -25"><span class='ocrx_word' id='word_1_609' title='bbox 2269 1319 2370 1358; x_wconf 91' lang='lat' dir='ltr'><strong>nus</strong></span> <span class='ocrx_word' id='word_1_610' title='bbox 2397 1305 2580 1359; x_wconf 82' lang='lat' dir='ltr'><strong>David.</strong></span> <span class='ocrx_word' id='word_1_611' title='bbox 2611 1306 2740 1360; x_wconf 87' lang='lat' dir='ltr'><strong>Tota</strong></span> <span class='ocrx_word' id='word_1_612' title='bbox 2767 1323 2893 1377; x_wconf 84' lang='lat' dir='ltr'><strong>ergo</strong></span> <span class='ocrx_word' id='word_1_613' title='bbox 2919 1307 3005 1360; x_wconf 89' lang='lat' dir='ltr'><strong>illa</strong></span> <span class='ocrx_word' id='word_1_614' title='bbox 3036 1308 3222 1363; x_wconf 89' lang='lat' dir='ltr'><strong>civitas</strong></span> <span class='ocrx_word' id='word_1_615' title='bbox 3249 1310 3496 1380; x_wconf 83' lang='lat' dir='ltr'><strong>loquitur,</strong></span> <span class='ocrx_word' id='word_1_616' title='bbox 3535 1329 3562 1365; x_wconf 90' lang='lat' dir='ltr'><strong>a</strong></span> <span class='ocrx_word' id='word_1_617' title='bbox 3591 1316 3856 1383; x_wconf 82' lang='lat' dir='ltr'><strong>sanguine</strong></span> 
     </span>
    </p>
   </div>
   <div class='ocr_carea' id='block_1_76' title="bbox 2270 1395 3853 1469">
    <p class='ocr_par' dir='ltr' id='par_1_76' title="bbox 2270 1395 3853 1469">
     <span class='ocr_line' id='line_1_76' title="bbox 2270 1395 3853 1469; baseline 0.006 -20"><span class='ocrx_word' id='word_1_618' title='bbox 2270 1395 2402 1450; x_wconf 89' lang='lat' dir='ltr'><strong>Abel</strong></span> <span class='ocrx_word' id='word_1_619' title='bbox 2445 1395 2574 1465; x_wconf 83' lang='lat' dir='ltr'><strong>justi</strong></span> <span class='ocrx_word' id='word_1_620' title='bbox 2619 1411 2784 1466; x_wconf 90' lang='lat' dir='ltr'><strong>usque</strong></span> <span class='ocrx_word' id='word_1_621' title='bbox 2820 1397 2887 1452; x_wconf 88' lang='lat' dir='ltr'><strong>ad</strong></span> <span class='ocrx_word' id='word_1_622' title='bbox 2932 1400 3243 1469; x_wconf 85' lang='lat' dir='ltr'><strong>sanguinem</strong></span> <span class='ocrx_word' id='word_1_623' title='bbox 3288 1400 3579 1456; x_wconf 74' lang='lat' dir='ltr'><strong>Zacharim.</strong></span> <span class='ocrx_word' id='word_1_624' title='bbox 3629 1403 3759 1457; x_wconf 87' lang='lat' dir='ltr'><strong>Inde</strong></span> <span class='ocrx_word' id='word_1_625' title='bbox 3799 1414 3853 1458; x_wconf 92' lang='lat' dir='ltr'><strong>et</strong></span> 
     </span>
    </p>
   </div>
   <div class='ocr_carea' id='block_1_77' title="bbox 2269 1485 3855 1563">
    <p class='ocr_par' dir='ltr' id='par_1_77' title="bbox 2269 1485 3855 1563">
     <span class='ocr_line' id='line_1_77' title="bbox 2269 1485 3855 1563; baseline 0.005 -25"><span class='ocrx_word' id='word_1_626' title='bbox 2269 1485 2522 1556; x_wconf 90' lang='lat' dir='ltr'><strong>deinceps</strong></span> <span class='ocrx_word' id='word_1_627' title='bbox 2550 1501 2579 1541; x_wconf 91' lang='lat' dir='ltr'><strong>a</strong></span> <span class='ocrx_word' id='word_1_628' title='bbox 2610 1487 2865 1557; x_wconf 78' lang='lat' dir='ltr'><strong>sanguine</strong></span> <span class='ocrx_word' id='word_1_629' title='bbox 2883 1487 3120 1554; x_wconf 82' lang='lat' dir='ltr'><strong>Joannis,</strong></span> <span class='ocrx_word' id='word_1_630' title='bbox 3149 1505 3246 1559; x_wconf 90' lang='lat' dir='ltr'><strong>per</strong></span> <span class='ocrx_word' id='word_1_631' title='bbox 3273 1489 3582 1561; x_wconf 73' lang='lat' dir='ltr'><strong>sanguinem</strong></span> <span class='ocrx_word' id='word_1_632' title='bbox 3624 1496 3855 1563; x_wconf 82' lang='lat' dir='ltr'><strong>Aposto-</strong></span> 
     </span>
    </p>
   </div>
   <div class='ocr_carea' id='block_1_78' title="bbox 2271 1577 3855 1652">
    <p class='ocr_par' dir='ltr' id='par_1_78' title="bbox 2271 1577 3855 1652">
     <span class='ocr_line' id='line_1_78' title="bbox 2271 1577 3855 1652; baseline 0.006 -22"><span class='ocrx_word' id='word_1_633' title='bbox 2271 1577 2466 1643; x_wconf 86' lang='lat' dir='ltr'><strong>lorum,</strong></span> <span class='ocrx_word' id='word_1_634' title='bbox 2499 1593 2592 1646; x_wconf 85' lang='lat' dir='ltr'><strong>pcr</strong></span> <span class='ocrx_word' id='word_1_635' title='bbox 2617 1579 2929 1648; x_wconf 85' lang='lat' dir='ltr'><strong>sanguinem</strong></span> <span class='ocrx_word' id='word_1_636' title='bbox 2961 1588 3251 1650; x_wconf 86' lang='lat' dir='ltr'><strong>martyrum</strong></span> <span class='ocrx_word' id='word_1_637' title='bbox 3272 1620 3287 1645; x_wconf 91' lang='lat'><strong>,</strong></span> <span class='ocrx_word' id='word_1_638' title='bbox 3324 1597 3421 1651; x_wconf 89' lang='lat' dir='ltr'><strong>per</strong></span> <span class='ocrx_word' id='word_1_639' title='bbox 3447 1584 3763 1652; x_wconf 84' lang='lat' dir='ltr'><strong>sanguinem</strong></span> <span class='ocrx_word' id='word_1_640' title='bbox 3795 1585 3855 1638; x_wconf 83' lang='lat' dir='ltr'><strong>li-</strong></span> 
     </span>
    </p>
   </div>
   <div class='ocr_carea' id='block_1_79' title="bbox 2270 1667 3853 1742">
    <p class='ocr_par' dir='ltr' id='par_1_79' title="bbox 2270 1667 3853 1742">
     <span class='ocr_line' id='line_1_79' title="bbox 2270 1667 3853 1742; baseline 0.006 -22"><span class='ocrx_word' id='word_1_641' title='bbox 2270 1667 2468 1722; x_wconf 87' lang='lat' dir='ltr'><strong>deliutn</strong></span> <span class='ocrx_word' id='word_1_642' title='bbox 2498 1669 2730 1735; x_wconf 87' lang='lat' dir='ltr'><strong>Christi,</strong></span> <span class='ocrx_word' id='word_1_643' title='bbox 2760 1686 2862 1724; x_wconf 91' lang='lat' dir='ltr'><strong>una</strong></span> <span class='ocrx_word' id='word_1_644' title='bbox 2889 1671 3077 1724; x_wconf 89' lang='lat' dir='ltr'><strong>civitas</strong></span> <span class='ocrx_word' id='word_1_645' title='bbox 3100 1671 3336 1742; x_wconf 86' lang='lat' dir='ltr'><strong>loquitur</strong></span> <span class='ocrx_word' id='word_1_646' title='bbox 3357 1713 3372 1738; x_wconf 92' lang='lat'><strong>,</strong></span> <span class='ocrx_word' id='word_1_647' title='bbox 3403 1689 3542 1728; x_wconf 91' lang='lat' dir='ltr'><strong>unus</strong></span> <span class='ocrx_word' id='word_1_648' title='bbox 3567 1675 3728 1730; x_wconf 90' lang='lat' dir='ltr'><strong>homo</strong></span> <span class='ocrx_word' id='word_1_649' title='bbox 3773 1677 3853 1730; x_wconf 90' lang='lat' dir='ltr'><strong>di-</strong></span> 
     </span>
    </p>
   </div>
   <div class='ocr_carea' id='block_1_80' title="bbox 2269 1757 3857 1833">
    <p class='ocr_par' dir='ltr' id='par_1_80' title="bbox 2269 1757 3857 1833">
     <span class='ocr_line' id='line_1_80' title="bbox 2269 1757 3857 1833; baseline 0.006 -22"><span class='ocrx_word' id='word_1_650' title='bbox 2269 1757 2342 1811; x_wconf 88' lang='lat' dir='ltr'><strong>cit</strong></span> <span class='ocrx_word' id='word_1_651' title='bbox 2377 1775 2390 1810; x_wconf 90' lang='lat'><strong>:</strong></span> <span class='ocrx_word' id='word_1_652' title='bbox 2425 1758 2694 1828; x_wconf 84' lang='lat' dir='ltr'><strong>Quousque</strong></span> <span class='ocrx_word' id='word_1_653' title='bbox 2737 1761 2992 1830; x_wconf 83' lang='lat' dir='ltr'><strong>apponitis</strong></span> <span class='ocrx_word' id='word_1_654' title='bbox 3039 1779 3191 1832; x_wconf 84' lang='lat' dir='ltr'><strong>super</strong></span> <span class='ocrx_word' id='word_1_655' title='bbox 3236 1763 3534 1818; x_wconf 82' lang='lat' dir='ltr'><strong>hominem?</strong></span> <span class='ocrx_word' id='word_1_656' title='bbox 3574 1764 3857 1833; x_wconf 81' lang='lat' dir='ltr'><strong>Interﬁeite</strong></span> 
     </span>
    </p>
   </div>
   <div class='ocr_carea' id='block_1_81' title="bbox 2269 1849 3850 1926">
    <p class='ocr_par' dir='ltr' id='par_1_81' title="bbox 2269 1849 3850 1926">
     <span class='ocr_line' id='line_1_81' title="bbox 2269 1849 3850 1926; baseline 0.006 -25"><span class='ocrx_word' id='word_1_657' title='bbox 2269 1865 2460 1903; x_wconf 86' lang='lat' dir='ltr'><strong>omnes.</strong></span> <span class='ocrx_word' id='word_1_658' title='bbox 2495 1849 2780 1904; x_wconf 81' lang='lat' dir='ltr'><strong>Videamus</strong></span> <span class='ocrx_word' id='word_1_659' title='bbox 2806 1851 2850 1906; x_wconf 91' lang='lat' dir='ltr'><strong>si</strong></span> <span class='ocrx_word' id='word_1_660' title='bbox 2878 1852 3087 1918; x_wconf 87' lang='lat' dir='ltr'><strong>deletis,</strong></span> <span class='ocrx_word' id='word_1_661' title='bbox 3116 1853 3391 1908; x_wconf 89' lang='lat' dir='ltr'><strong>videamus</strong></span> <span class='ocrx_word' id='word_1_662' title='bbox 3416 1855 3462 1909; x_wconf 92' lang='lat' dir='ltr'><strong>si</strong></span> <span class='ocrx_word' id='word_1_663' title='bbox 3488 1857 3850 1926; x_wconf 81' lang='lat' dir='ltr'><strong>exstinguitis,</strong></span> 
     </span>
    </p>
   </div>
   <div class='ocr_carea' id='block_1_82' title="bbox 2269 1937 3851 2014">
    <p class='ocr_par' dir='ltr' id='par_1_82' title="bbox 2269 1937 3851 2014">
     <span class='ocr_line' id='line_1_82' title="bbox 2269 1937 3851 2014; baseline 0.007 -23"><span class='ocrx_word' id='word_1_664' title='bbox 2269 1937 2544 1993; x_wconf 83' lang='lat' dir='ltr'><strong>videamus</strong></span> <span class='ocrx_word' id='word_1_665' title='bbox 2580 1939 2625 1993; x_wconf 88' lang='lat' dir='ltr'><strong>si</strong></span> <span class='ocrx_word' id='word_1_666' title='bbox 2669 1941 2852 1995; x_wconf 91' lang='lat' dir='ltr'><strong>tollitis</strong></span> <span class='ocrx_word' id='word_1_667' title='bbox 2879 1941 2947 1996; x_wconf 90' lang='lat' dir='ltr'><strong>de</strong></span> <span class='ocrx_word' id='word_1_668' title='bbox 2977 1951 3116 1996; x_wconf 88' lang='lat' dir='ltr'><strong>terra</strong></span> <span class='ocrx_word' id='word_1_669' title='bbox 3149 1957 3341 1998; x_wconf 86' lang='lat' dir='ltr'><strong>nomen</strong></span> <span class='ocrx_word' id='word_1_670' title='bbox 3368 1947 3483 2014; x_wconf 84' lang='lat' dir='ltr'><strong>ejus</strong></span> <span class='ocrx_word' id='word_1_671' title='bbox 3507 1986 3521 2008; x_wconf 94' lang='lat'><strong>,</strong></span> <span class='ocrx_word' id='word_1_672' title='bbox 3571 1945 3851 2002; x_wconf 85' lang='lat' dir='ltr'><strong>videamus</strong></span> 
     </span>
    </p>
   </div>
   <div class='ocr_carea' id='block_1_83' title="bbox 2271 2031 3851 2108">
    <p class='ocr_par' dir='ltr' id='par_1_83' title="bbox 2271 2031 3851 2108">
     <span class='ocr_line' id='line_1_83' title="bbox 2271 2031 3851 2108; baseline 0.008 -25"><span class='ocrx_word' id='word_1_673' title='bbox 2271 2031 2441 2084; x_wconf 90' lang='lat' dir='ltr'><strong>sinon</strong></span> <span class='ocrx_word' id='word_1_674' title='bbox 2469 2032 2646 2101; x_wconf 82' lang='lat' dir='ltr'><strong>papnli</strong></span> <span class='ocrx_word' id='word_1_675' title='bbox 2680 2033 2854 2088; x_wconf 90' lang='lat' dir='ltr'><strong>inania</strong></span> <span class='ocrx_word' id='word_1_676' title='bbox 2878 2033 3204 2089; x_wconf 83' lang='lat' dir='ltr'><strong>meditamini</strong></span> <span class='ocrx_word' id='word_1_677' title='bbox 3231 2035 3405 2105; x_wconf 87' lang='lat' dir='ltr'><strong>(Psal.</strong></span> <span class='ocrx_word' id='word_1_678' title='bbox 3432 2053 3488 2100; x_wconf 85' lang='grc' dir='ltr'><strong>ιι,</strong></span> <span class='ocrx_word' id='word_1_679' title='bbox 3523 2037 3578 2108; x_wconf 86' lang='grc' dir='ltr'><strong>ι)</strong></span> <span class='ocrx_word' id='word_1_680' title='bbox 3600 2081 3616 2106; x_wconf 87' lang='grc'><em>,</em></span> <span class='ocrx_word' id='word_1_681' title='bbox 3661 2039 3851 2094; x_wconf 82' lang='lat' dir='ltr'><strong>dicen-</strong></span> 
     </span>
    </p>
   </div>
   <div class='ocr_carea' id='block_1_84' title="bbox 2273 2121 3851 2199">
    <p class='ocr_par' dir='ltr' id='par_1_84' title="bbox 2273 2121 3851 2199">
     <span class='ocr_line' id='line_1_84' title="bbox 2273 2121 3851 2199; baseline 0.006 -25"><span class='ocrx_word' id='word_1_682' title='bbox 2273 2129 2392 2176; x_wconf 88' lang='lat' dir='ltr'><strong>tes:</strong></span> <span class='ocrx_word' id='word_1_683' title='bbox 2427 2121 2642 2188; x_wconf 83' lang='lat' dir='ltr'><strong>Quando</strong></span> <span class='ocrx_word' id='word_1_684' title='bbox 2676 2125 2918 2176; x_wconf 87' lang='lat' dir='ltr'><strong>morietur</strong></span> <span class='ocrx_word' id='word_1_685' title='bbox 2940 2165 2955 2188; x_wconf 91' lang='lat'><strong>,</strong></span> <span class='ocrx_word' id='word_1_686' title='bbox 3003 2133 3051 2178; x_wconf 86' lang='lat' dir='ltr'><strong>et</strong></span> <span class='ocrx_word' id='word_1_687' title='bbox 3087 2126 3266 2195; x_wconf 83' lang='lat' dir='ltr'><strong>peribit</strong></span> <span class='ocrx_word' id='word_1_688' title='bbox 3302 2142 3482 2181; x_wconf 89' lang='lat' dir='ltr'><strong>nomen</strong></span> <span class='ocrx_word' id='word_1_689' title='bbox 3519 2129 3628 2198; x_wconf 80' lang='lat' dir='ltr'><strong>ejus</strong></span> <span class='ocrx_word' id='word_1_690' title='bbox 3674 2128 3851 2199; x_wconf 86' lang='lat' dir='ltr'><strong>(Psal.</strong></span> 
     </span>
    </p>
   </div>
   <div class='ocr_carea' id='block_1_85' title="bbox 2274 2211 3854 2288">
    <p class='ocr_par' dir='ltr' id='par_1_85' title="bbox 2274 2211 3854 2288">
     <span class='ocr_line' id='line_1_85' title="bbox 2274 2211 3854 2288; baseline 0.006 -24"><span class='ocrx_word' id='word_1_691' title='bbox 2274 2227 2363 2275; x_wconf 70' lang='lat' dir='ltr'><strong>xc,</strong></span> <span class='ocrx_word' id='word_1_692' title='bbox 2396 2211 2474 2283; x_wconf 88' lang='lat'><strong>6).</strong></span> <span class='ocrx_word' id='word_1_693' title='bbox 2507 2211 2768 2281; x_wconf 86' lang='lat' dir='ltr'><strong>Tanquam</strong></span> <span class='ocrx_word' id='word_1_694' title='bbox 2795 2214 2972 2282; x_wconf 84' lang='lat' dir='ltr'><strong>parieti</strong></span> <span class='ocrx_word' id='word_1_695' title='bbox 3000 2215 3262 2281; x_wconf 82' lang='lat' dir='ltr'><strong>inclinato,</strong></span> <span class='ocrx_word' id='word_1_696' title='bbox 3289 2225 3335 2270; x_wconf 90' lang='lat' dir='ltr'><strong>et</strong></span> <span class='ocrx_word' id='word_1_697' title='bbox 3362 2218 3592 2270; x_wconf 75' lang='lat' dir='ltr'><strong>maceria:</strong></span> <span class='ocrx_word' id='word_1_698' title='bbox 3617 2220 3854 2288; x_wconf 72' lang='lat' dir='ltr'><strong>impulsa</strong></span> 
     </span>
    </p>
   </div>
   <div class='ocr_carea' id='block_1_86' title="bbox 2272 2301 3852 2377">
    <p class='ocr_par' dir='ltr' id='par_1_86' title="bbox 2272 2301 3852 2377">
     <span class='ocr_line' id='line_1_86' title="bbox 2272 2301 3852 2377; baseline 0.004 -22"><span class='ocrx_word' id='word_1_699' title='bbox 2272 2301 2592 2369; x_wconf 89' lang='lat' dir='ltr'><strong>incumbite,</strong></span> <span class='ocrx_word' id='word_1_700' title='bbox 2635 2303 2907 2374; x_wconf 88' lang='lat' dir='ltr'><strong>impellite.</strong></span> <span class='ocrx_word' id='word_1_701' title='bbox 2941 2304 3138 2360; x_wconf 86' lang='lat' dir='ltr'><strong>Audite</strong></span> <span class='ocrx_word' id='word_1_702' title='bbox 3161 2320 3319 2376; x_wconf 88' lang='lat' dir='ltr'><strong>supra</strong></span> <span class='ocrx_word' id='word_1_703' title='bbox 3349 2323 3362 2358; x_wconf 76' lang='grc' dir='ltr'>ε</span> <span class='ocrx_word' id='word_1_704' title='bbox 3393 2307 3664 2377; x_wconf 85' lang='lat' dir='ltr'><strong>Susceptor</strong></span> <span class='ocrx_word' id='word_1_705' title='bbox 3687 2325 3852 2375; x_wconf 84' lang='lat' dir='ltr'><strong>meus,</strong></span> 
     </span>
    </p>
   </div>
   <div class='ocr_carea' id='block_1_87' title="bbox 2272 2394 3855 2466">
    <p class='ocr_par' dir='ltr' id='par_1_87' title="bbox 2272 2394 3855 2466">
     <span class='ocr_line' id='line_1_87' title="bbox 2272 2394 3855 2466; baseline 0.004 -20"><span class='ocrx_word' id='word_1_706' title='bbox 2272 2411 2372 2448; x_wconf 90' lang='lat' dir='ltr'><strong>non</strong></span> <span class='ocrx_word' id='word_1_707' title='bbox 2410 2395 2641 2449; x_wconf 82' lang='lat' dir='ltr'><strong>movebar</strong></span> <span class='ocrx_word' id='word_1_708' title='bbox 2664 2394 2885 2466; x_wconf 82' lang='lat' dir='ltr'><strong>amplius</strong></span> <span class='ocrx_word' id='word_1_709' title='bbox 2907 2411 2928 2460; x_wconf 88' lang='lat'><strong><em>;</em></strong></span> <span class='ocrx_word' id='word_1_710' title='bbox 2956 2397 3078 2466; x_wconf 89' lang='lat' dir='ltr'><strong>quia</strong></span> <span class='ocrx_word' id='word_1_711' title='bbox 3117 2405 3364 2466; x_wconf 87' lang='lat' dir='ltr'><strong>tanquam</strong></span> <span class='ocrx_word' id='word_1_712' title='bbox 3405 2399 3642 2453; x_wconf 87' lang='lat' dir='ltr'><strong>cumulus</strong></span> <span class='ocrx_word' id='word_1_713' title='bbox 3669 2415 3855 2455; x_wconf 70' lang='lat' dir='ltr'><strong>arena:</strong></span> 
     </span>
    </p>
   </div>
   <div class='ocr_carea' id='block_1_88' title="bbox 2277 2487 3858 2561">
    <p class='ocr_par' dir='ltr' id='par_1_88' title="bbox 2277 2487 3858 2561">
     <span class='ocr_line' id='line_1_88' title="bbox 2277 2487 3858 2561; baseline 0.003 -21"><span class='ocrx_word' id='word_1_714' title='bbox 2277 2487 2538 2556; x_wconf 89' lang='lat' dir='ltr'><strong>impulsus</strong></span> <span class='ocrx_word' id='word_1_715' title='bbox 2565 2504 2681 2542; x_wconf 87' lang='lat' dir='ltr'><strong>sum</strong></span> <span class='ocrx_word' id='word_1_716' title='bbox 2715 2498 2770 2542; x_wconf 92' lang='lat' dir='ltr'><strong>ut</strong></span> <span class='ocrx_word' id='word_1_717' title='bbox 2795 2488 3041 2544; x_wconf 87' lang='lat' dir='ltr'><strong>caderem</strong></span> <span class='ocrx_word' id='word_1_718' title='bbox 3064 2530 3080 2555; x_wconf 91' lang='lat'><strong>,</strong></span> <span class='ocrx_word' id='word_1_719' title='bbox 3110 2500 3166 2544; x_wconf 91' lang='lat' dir='ltr'><strong>et</strong></span> <span class='ocrx_word' id='word_1_720' title='bbox 3210 2490 3464 2545; x_wconf 82' lang='lat' dir='ltr'><strong>Dominus</strong></span> <span class='ocrx_word' id='word_1_721' title='bbox 3491 2493 3719 2561; x_wconf 88' lang='lat' dir='ltr'><strong>suscepit</strong></span> <span class='ocrx_word' id='word_1_722' title='bbox 3764 2506 3858 2546; x_wconf 90' lang='lat' dir='ltr'><strong>me</strong></span> 
     </span>
    </p>
   </div>
   <div class='ocr_carea' id='block_1_89' title="bbox 2275 2578 2777 2650">
    <p class='ocr_par' dir='ltr' id='par_1_89' title="bbox 2275 2578 2777 2650">
     <span class='ocr_line' id='line_1_89' title="bbox 2275 2578 2777 2650; baseline -0.006 -18"><span class='ocrx_word' id='word_1_723' title='bbox 2275 2578 2445 2650; x_wconf 84' lang='lat' dir='ltr'><strong>(Psal.</strong></span> <span class='ocrx_word' id='word_1_724' title='bbox 2470 2594 2630 2641; x_wconf 76' lang='lat' dir='ltr'><strong>cxvtt,</strong></span> <span class='ocrx_word' id='word_1_725' title='bbox 2664 2579 2777 2646; x_wconf 76' lang='grc'><strong>15).</strong></span> 
     </span>
    </p>
   </div>
   <div class='ocr_carea' id='block_1_90' title="bbox 2343 2668 3856 2744">
    <p class='ocr_par' dir='ltr' id='par_1_90' title="bbox 2343 2668 3856 2744">
     <span class='ocr_line' id='line_1_90' title="bbox 2343 2668 3856 2744; baseline 0 -18"><span class='ocrx_word' id='word_1_726' title='bbox 2343 2672 2398 2726; x_wconf 86' lang='grc'><strong>5.</strong></span> <span class='ocrx_word' id='word_1_727' title='bbox 2427 2669 2579 2742; x_wconf 83' lang='lat' dir='ltr'><strong>[ocrs.</strong></span> <span class='ocrx_word' id='word_1_728' title='bbox 2619 2668 2699 2742; x_wconf 85' lang='lat'><strong>5.]</strong></span> <span class='ocrx_word' id='word_1_729' title='bbox 2737 2668 3089 2725; x_wconf 84' lang='lat' dir='ltr'><strong>Verumtamen</strong></span> <span class='ocrx_word' id='word_1_730' title='bbox 3131 2671 3370 2726; x_wconf 78' lang='lat' dir='ltr'><strong>honorem</strong></span> <span class='ocrx_word' id='word_1_731' title='bbox 3398 2688 3563 2726; x_wconf 79' lang='lat' dir='ltr'><strong>nteant</strong></span> <span class='ocrx_word' id='word_1_732' title='bbox 3603 2673 3856 2744; x_wconf 72' lang='lat' dir='ltr'><strong>cogitave-</strong></span> 
     </span>
    </p>
   </div>
   <div class='ocr_carea' id='block_1_91' title="bbox 2272 2759 3856 2828">
    <p class='ocr_par' dir='ltr' id='par_1_91' title="bbox 2272 2759 3856 2828">
     <span class='ocr_line' id='line_1_91' title="bbox 2272 2759 3856 2828; baseline 0.002 -14"><span class='ocrx_word' id='word_1_733' title='bbox 2272 2770 2392 2814; x_wconf 88' lang='lat' dir='ltr'><strong>runt</strong></span> <span class='ocrx_word' id='word_1_734' title='bbox 2416 2759 2656 2828; x_wconf 84' lang='lat' dir='ltr'><strong>repellere</strong></span> <span class='ocrx_word' id='word_1_735' title='bbox 2679 2775 2700 2814; x_wconf 89' lang='lat'><strong><em>:</em></strong></span> <span class='ocrx_word' id='word_1_736' title='bbox 2726 2759 2851 2814; x_wconf 91' lang='lat' dir='ltr'><strong>victi</strong></span> <span class='ocrx_word' id='word_1_737' title='bbox 2880 2759 3008 2815; x_wconf 90' lang='lat' dir='ltr'><strong>dum</strong></span> <span class='ocrx_word' id='word_1_738' title='bbox 3050 2761 3370 2816; x_wconf 79' lang='lat' dir='ltr'><strong>interﬁciunt</strong></span> <span class='ocrx_word' id='word_1_739' title='bbox 3411 2761 3664 2817; x_wconf 88' lang='lat' dir='ltr'><strong>cedentes</strong></span> <span class='ocrx_word' id='word_1_740' title='bbox 3684 2805 3698 2826; x_wconf 92' lang='lat'><strong>,</strong></span> <span class='ocrx_word' id='word_1_741' title='bbox 3728 2778 3856 2817; x_wconf 79' lang='lat' dir='ltr'><strong>San-</strong></span> 
     </span>
    </p>
   </div>
   <div class='ocr_carea' id='block_1_92' title="bbox 2271 2850 3855 2921">
    <p class='ocr_par' dir='ltr' id='par_1_92' title="bbox 2271 2850 3855 2921">
     <span class='ocr_line' id='line_1_92' title="bbox 2271 2850 3855 2921; baseline 0.001 -17"><span class='ocrx_word' id='word_1_742' title='bbox 2271 2852 2432 2921; x_wconf 78' lang='lat' dir='ltr'><strong>guine</strong></span> <span class='ocrx_word' id='word_1_743' title='bbox 2474 2850 2871 2906; x_wconf 87' lang='lat' dir='ltr'><strong>interfectorum</strong></span> <span class='ocrx_word' id='word_1_744' title='bbox 2899 2851 3314 2920; x_wconf 85' lang='lat' dir='ltr'><strong>multiplicantes</strong></span> <span class='ocrx_word' id='word_1_745' title='bbox 3343 2852 3556 2918; x_wconf 86' lang='lat' dir='ltr'><strong>lidoles,</strong></span> <span class='ocrx_word' id='word_1_746' title='bbox 3599 2855 3855 2908; x_wconf 76' lang='lat' dir='ltr'><strong>cedentes</strong></span> 
     </span>
    </p>
   </div>
   <div class='ocr_carea' id='block_1_93' title="bbox 2275 2941 3857 3011">
    <p class='ocr_par' dir='ltr' id='par_1_93' title="bbox 2275 2941 3857 3011">
     <span class='ocr_line' id='line_1_93' title="bbox 2275 2941 3857 3011; baseline 0.003 -16"><span class='ocrx_word' id='word_1_747' title='bbox 2275 2941 2358 2995; x_wconf 91' lang='lat' dir='ltr'><strong>his</strong></span> <span class='ocrx_word' id='word_1_748' title='bbox 2385 2951 2438 2996; x_wconf 91' lang='lat' dir='ltr'><strong>et</strong></span> <span class='ocrx_word' id='word_1_749' title='bbox 2472 2941 2582 3011; x_wconf 92' lang='lat' dir='ltr'><strong>jam</strong></span> <span class='ocrx_word' id='word_1_750' title='bbox 2613 2957 2719 2996; x_wconf 91' lang='lat' dir='ltr'><strong>non</strong></span> <span class='ocrx_word' id='word_1_751' title='bbox 2751 2943 2986 2997; x_wconf 87' lang='lat' dir='ltr'><strong>valentes</strong></span> <span class='ocrx_word' id='word_1_752' title='bbox 3011 2942 3277 2998; x_wconf 90' lang='lat' dir='ltr'><strong>occidere.</strong></span> <span class='ocrx_word' id='word_1_753' title='bbox 3318 2942 3662 2999; x_wconf 81' lang='lat' dir='ltr'><strong>Verumtamen</strong></span> <span class='ocrx_word' id='word_1_754' title='bbox 3697 2946 3857 3000; x_wconf 81' lang='lat' dir='ltr'><strong>hono-</strong></span> 
     </span>
    </p>
   </div>
   <div class='ocr_carea' id='block_1_94' title="bbox 2271 3034 3855 3107">
    <p class='ocr_par' dir='ltr' id='par_1_94' title="bbox 2271 3034 3855 3107">
     <span class='ocr_line' id='line_1_94' title="bbox 2271 3034 3855 3107; baseline 0.003 -22"><span class='ocrx_word' id='word_1_755' title='bbox 2271 3049 2380 3086; x_wconf 90' lang='lat' dir='ltr'><strong>rem</strong></span> <span class='ocrx_word' id='word_1_756' title='bbox 2420 3050 2584 3088; x_wconf 88' lang='lat' dir='ltr'><strong>nteum</strong></span> <span class='ocrx_word' id='word_1_757' title='bbox 2612 3034 2958 3104; x_wconf 76' lang='lat' dir='ltr'><strong>cogitaverunt</strong></span> <span class='ocrx_word' id='word_1_758' title='bbox 2999 3035 3260 3104; x_wconf 84' lang='lat' dir='ltr'><strong>repellere.</strong></span> <span class='ocrx_word' id='word_1_759' title='bbox 3288 3035 3442 3090; x_wconf 79' lang='lat' dir='ltr'><strong>Modo</strong></span> <span class='ocrx_word' id='word_1_760' title='bbox 3466 3038 3589 3106; x_wconf 89' lang='lat' dir='ltr'><strong>quia</strong></span> <span class='ocrx_word' id='word_1_761' title='bbox 3621 3053 3725 3090; x_wconf 89' lang='lat' dir='ltr'><strong>non</strong></span> <span class='ocrx_word' id='word_1_762' title='bbox 3761 3053 3855 3107; x_wconf 87' lang='lat' dir='ltr'><strong>po-</strong></span> 
     </span>
    </p>
   </div>
   <div class='ocr_carea' id='block_1_95' title="bbox 2276 3125 3859 3196">
    <p class='ocr_par' dir='ltr' id='par_1_95' title="bbox 2276 3125 3859 3196">
     <span class='ocr_line' id='line_1_95' title="bbox 2276 3125 3859 3196; baseline 0.003 -18"><span class='ocrx_word' id='word_1_763' title='bbox 2276 3133 2379 3180; x_wconf 87' lang='lat' dir='ltr'><strong>test</strong></span> <span class='ocrx_word' id='word_1_764' title='bbox 2399 3125 2564 3180; x_wconf 90' lang='lat' dir='ltr'><strong>occidi</strong></span> <span class='ocrx_word' id='word_1_765' title='bbox 2586 3125 2926 3192; x_wconf 89' lang='lat' dir='ltr'><strong>christianus,</strong></span> <span class='ocrx_word' id='word_1_766' title='bbox 2955 3127 3128 3196; x_wconf 77' lang='lat' dir='ltr'><strong>agitur</strong></span> <span class='ocrx_word' id='word_1_767' title='bbox 3149 3136 3206 3180; x_wconf 90' lang='lat' dir='ltr'><strong>ut</strong></span> <span class='ocrx_word' id='word_1_768' title='bbox 3232 3127 3592 3183; x_wconf 76' lang='lat' dir='ltr'><strong>exhonorctur</strong></span> <span class='ocrx_word' id='word_1_769' title='bbox 3611 3128 3859 3183; x_wconf 82' lang='lat' dir='ltr'><strong>christia-</strong></span> 
     </span>
    </p>
   </div>
   <div class='ocr_carea' id='block_1_96' title="bbox 2274 3215 3853 3290">
    <p class='ocr_par' dir='ltr' id='par_1_96' title="bbox 2274 3215 3853 3290">
     <span class='ocr_line' id='line_1_96' title="bbox 2274 3215 3853 3290; baseline 0.004 -22"><span class='ocrx_word' id='word_1_770' title='bbox 2274 3231 2396 3272; x_wconf 87' lang='lat' dir='ltr'><strong>nus.</strong></span> <span class='ocrx_word' id='word_1_771' title='bbox 2414 3215 2565 3272; x_wconf 87' lang='lat' dir='ltr'><strong>Nunc</strong></span> <span class='ocrx_word' id='word_1_772' title='bbox 2585 3218 2729 3272; x_wconf 88' lang='lat' dir='ltr'><strong>enim</strong></span> <span class='ocrx_word' id='word_1_773' title='bbox 2751 3217 2954 3272; x_wconf 88' lang='lat' dir='ltr'><strong>honore</strong></span> <span class='ocrx_word' id='word_1_774' title='bbox 2975 3218 3395 3273; x_wconf 78' lang='lat' dir='ltr'><strong>Christianorum</strong></span> <span class='ocrx_word' id='word_1_775' title='bbox 3416 3219 3576 3274; x_wconf 91' lang='lat' dir='ltr'><strong>corda</strong></span> <span class='ocrx_word' id='word_1_776' title='bbox 3596 3229 3853 3290; x_wconf 77' lang='lat' dir='ltr'><strong>torquen-</strong></span> 
     </span>
    </p>
   </div>
   <div class='ocr_carea' id='block_1_97' title="bbox 2277 3306 3856 3380">
    <p class='ocr_par' dir='ltr' id='par_1_97' title="bbox 2277 3306 3856 3380">
     <span class='ocr_line' id='line_1_97' title="bbox 2277 3306 3856 3380; baseline 0.001 -18"><span class='ocrx_word' id='word_1_777' title='bbox 2277 3315 2361 3362; x_wconf 89' lang='lat' dir='ltr'><strong>tur</strong></span> <span class='ocrx_word' id='word_1_778' title='bbox 2402 3306 2684 3377; x_wconf 91' lang='lat' dir='ltr'><strong>impiorum</strong></span> <span class='ocrx_word' id='word_1_779' title='bbox 2715 3325 2728 3362; x_wconf 91' lang='lat'>:</span> <span class='ocrx_word' id='word_1_780' title='bbox 2755 3307 2866 3377; x_wconf 86' lang='lat' dir='ltr'><strong>jam</strong></span> <span class='ocrx_word' id='word_1_781' title='bbox 2895 3307 3092 3376; x_wconf 69' lang='lat' dir='ltr'><strong>Ioseph</strong></span> <span class='ocrx_word' id='word_1_782' title='bbox 3131 3308 3219 3363; x_wconf 90' lang='lat' dir='ltr'><strong>ille</strong></span> <span class='ocrx_word' id='word_1_783' title='bbox 3257 3309 3548 3378; x_wconf 88' lang='lat' dir='ltr'><strong>spiritualis</strong></span> <span class='ocrx_word' id='word_1_784' title='bbox 3577 3320 3699 3380; x_wconf 88' lang='lat' dir='ltr'><strong>post</strong></span> <span class='ocrx_word' id='word_1_785' title='bbox 3727 3327 3856 3364; x_wconf 88' lang='lat' dir='ltr'><strong>vcn-</strong></span> 
     </span>
    </p>
   </div>
   <div class='ocr_carea' id='block_1_98' title="bbox 2273 3399 3856 3470">
    <p class='ocr_par' dir='ltr' id='par_1_98' title="bbox 2273 3399 3856 3470">
     <span class='ocr_line' id='line_1_98' title="bbox 2273 3399 3856 3470; baseline 0.001 -15"><span class='ocrx_word' id='word_1_786' title='bbox 2273 3399 2528 3455; x_wconf 85' lang='lat' dir='ltr'><strong>ditionem</strong></span> <span class='ocrx_word' id='word_1_787' title='bbox 2554 3414 2584 3454; x_wconf 93' lang='lat' dir='ltr'><strong>a</strong></span> <span class='ocrx_word' id='word_1_788' title='bbox 2611 3399 2881 3464; x_wconf 79' lang='lat' dir='ltr'><strong>fratribus,</strong></span> <span class='ocrx_word' id='word_1_789' title='bbox 2916 3409 3037 3469; x_wconf 91' lang='lat' dir='ltr'><strong>post</strong></span> <span class='ocrx_word' id='word_1_790' title='bbox 3064 3399 3456 3455; x_wconf 85' lang='lat' dir='ltr'><strong>translationem</strong></span> <span class='ocrx_word' id='word_1_791' title='bbox 3478 3399 3542 3455; x_wconf 93' lang='lat' dir='ltr'><strong>de</strong></span> <span class='ocrx_word' id='word_1_792' title='bbox 3566 3403 3731 3470; x_wconf 85' lang='lat' dir='ltr'><strong>patria</strong></span> <span class='ocrx_word' id='word_1_793' title='bbox 3760 3417 3856 3456; x_wconf 86' lang='lat' dir='ltr'><strong>sua</strong></span> 
     </span>
    </p>
   </div>
   <div class='ocr_carea' id='block_1_99' title="bbox 2274 3487 3856 3560">
    <p class='ocr_par' dir='ltr' id='par_1_99' title="bbox 2274 3487 3856 3560">
     <span class='ocr_line' id='line_1_99' title="bbox 2274 3487 3856 3560; baseline 0.003 -17"><span class='ocrx_word' id='word_1_794' title='bbox 2274 3489 2339 3544; x_wconf 88' lang='lat' dir='ltr'><strong>ad</strong></span> <span class='ocrx_word' id='word_1_795' title='bbox 2365 3496 2552 3559; x_wconf 80' lang='lat' dir='ltr'><strong>gentes</strong></span> <span class='ocrx_word' id='word_1_796' title='bbox 2580 3497 2830 3560; x_wconf 88' lang='lat' dir='ltr'><strong>tanquam</strong></span> <span class='ocrx_word' id='word_1_797' title='bbox 2861 3490 2912 3543; x_wconf 90' lang='lat' dir='ltr'><strong>in</strong></span> <span class='ocrx_word' id='word_1_798' title='bbox 2944 3487 3250 3559; x_wconf 65' lang='lat' dir='ltr'><strong>Egyptutn,</strong></span> <span class='ocrx_word' id='word_1_799' title='bbox 3284 3499 3402 3560; x_wconf 92' lang='lat' dir='ltr'><strong>post</strong></span> <span class='ocrx_word' id='word_1_800' title='bbox 3432 3488 3856 3547; x_wconf 78' lang='lat' dir='ltr'><strong>bumiliationem</strong></span> 
     </span>
    </p>
   </div>
   <div class='ocr_carea' id='block_1_100' title="bbox 2257 3580 3857 3654">
    <p class='ocr_par' dir='ltr' id='par_1_100' title="bbox 2257 3580 3857 3654">
     <span class='ocr_line' id='line_1_100' title="bbox 2257 3580 3857 3654; baseline 0.003 -19"><span class='ocrx_word' id='word_1_801' title='bbox 2257 3580 2537 3646; x_wconf 84' lang='lat' dir='ltr'><strong>carceris,</strong></span> <span class='ocrx_word' id='word_1_802' title='bbox 2579 3590 2700 3651; x_wconf 90' lang='lat' dir='ltr'><strong>post</strong></span> <span class='ocrx_word' id='word_1_803' title='bbox 2725 3581 3007 3636; x_wconf 80' lang='lat' dir='ltr'><strong>factionem</strong></span> <span class='ocrx_word' id='word_1_804' title='bbox 3037 3582 3050 3612; x_wconf 89' lang='grc'>¹</span> <span class='ocrx_word' id='word_1_805' title='bbox 3085 3581 3229 3636; x_wconf 76' lang='lat' dir='ltr'><strong>falsa:</strong></span> <span class='ocrx_word' id='word_1_806' title='bbox 3261 3583 3431 3647; x_wconf 88' lang='lat' dir='ltr'><strong>testis,</strong></span> <span class='ocrx_word' id='word_1_807' title='bbox 3464 3593 3746 3654; x_wconf 81' lang='lat' dir='ltr'><strong>postquam</strong></span> <span class='ocrx_word' id='word_1_808' title='bbox 3779 3585 3857 3639; x_wconf 64' lang='grc' dir='ltr'><strong>ιτς</strong></span> 
     </span>
    </p>
   </div>
   <div class='ocr_carea' id='block_1_101' title="bbox 2275 3671 3857 3752">
    <p class='ocr_par' dir='ltr' id='par_1_101' title="bbox 2275 3671 3857 3752">
     <span class='ocr_line' id='line_1_101' title="bbox 2275 3671 3857 3752; baseline 0.004 -22"><span class='ocrx_word' id='word_1_809' title='bbox 2275 3681 2418 3731; x_wconf 88' lang='lat' dir='ltr'><strong>ctum</strong></span> <span class='ocrx_word' id='word_1_810' title='bbox 2445 3680 2530 3732; x_wconf 86' lang='lat' dir='ltr'><strong>est</strong></span> <span class='ocrx_word' id='word_1_811' title='bbox 2553 3672 2695 3748; x_wconf 88' lang='lat' dir='ltr'><strong>quod</strong></span> <span class='ocrx_word' id='word_1_812' title='bbox 2722 3671 2791 3733; x_wconf 88' lang='lat' dir='ltr'><strong>de</strong></span> <span class='ocrx_word' id='word_1_813' title='bbox 2819 3673 2908 3734; x_wconf 89' lang='lat' dir='ltr'><strong>illo</strong></span> <span class='ocrx_word' id='word_1_814' title='bbox 2947 3672 3149 3733; x_wconf 84' lang='lat' dir='ltr'><strong>dictum</strong></span> <span class='ocrx_word' id='word_1_815' title='bbox 3175 3682 3296 3744; x_wconf 87' lang='lat' dir='ltr'><strong>est,</strong></span> <span class='ocrx_word' id='word_1_816' title='bbox 3336 3673 3552 3734; x_wconf 80' lang='lat' dir='ltr'><strong>Ferrum</strong></span> <span class='ocrx_word' id='word_1_817' title='bbox 3597 3692 3857 3752; x_wconf 77' lang='lat' dir='ltr'><strong>pertrans-</strong></span> 
     </span>
    </p>
   </div>
   <div class='ocr_carea' id='block_1_102' title="bbox 2275 3768 3860 3842">
    <p class='ocr_par' dir='ltr' id='par_1_102' title="bbox 2275 3768 3860 3842">
     <span class='ocr_line' id='line_1_102' title="bbox 2275 3768 3860 3842; baseline 0.004 -20"><span class='ocrx_word' id='word_1_818' title='bbox 2275 3768 2362 3824; x_wconf 80' lang='lat' dir='ltr'><strong>ivit</strong></span> <span class='ocrx_word' id='word_1_819' title='bbox 2401 3769 2626 3824; x_wconf 86' lang='lat' dir='ltr'><strong>animam</strong></span> <span class='ocrx_word' id='word_1_820' title='bbox 2652 3771 2764 3840; x_wconf 85' lang='lat' dir='ltr'><strong>ejus</strong></span> <span class='ocrx_word' id='word_1_821' title='bbox 2802 3769 2976 3840; x_wconf 88' lang='lat' dir='ltr'><strong>(Psal.</strong></span> <span class='ocrx_word' id='word_1_822' title='bbox 3001 3785 3124 3839; x_wconf 82' lang='lat' dir='ltr'><strong>etv,</strong></span> <span class='ocrx_word' id='word_1_823' title='bbox 3155 3768 3279 3842; x_wconf 71' lang='lat'><strong>18);</strong></span> <span class='ocrx_word' id='word_1_824' title='bbox 3319 3771 3430 3842; x_wconf 88' lang='lat' dir='ltr'><strong>jam</strong></span> <span class='ocrx_word' id='word_1_825' title='bbox 3474 3772 3860 3828; x_wconf 80' lang='lat' dir='ltr'><strong>honoriﬁcatus</strong></span> 
     </span>
    </p>
   </div>
   <div class='ocr_carea' id='block_1_103' title="bbox 2275 3859 3858 3930">
    <p class='ocr_par' dir='ltr' id='par_1_103' title="bbox 2275 3859 3858 3930">
     <span class='ocr_line' id='line_1_103' title="bbox 2275 3859 3858 3930; baseline 0.001 -14"><span class='ocrx_word' id='word_1_826' title='bbox 2275 3869 2378 3925; x_wconf 87' lang='lat' dir='ltr'><strong>est,</strong></span> <span class='ocrx_word' id='word_1_827' title='bbox 2403 3859 2514 3929; x_wconf 88' lang='lat' dir='ltr'><strong>jam</strong></span> <span class='ocrx_word' id='word_1_828' title='bbox 2545 3875 2650 3916; x_wconf 91' lang='lat' dir='ltr'><strong>non</strong></span> <span class='ocrx_word' id='word_1_829' title='bbox 2677 3869 2761 3916; x_wconf 90' lang='lat' dir='ltr'><strong>est</strong></span> <span class='ocrx_word' id='word_1_830' title='bbox 2793 3860 3036 3916; x_wconf 89' lang='lat' dir='ltr'><strong>subditus</strong></span> <span class='ocrx_word' id='word_1_831' title='bbox 3061 3861 3312 3916; x_wconf 78' lang='lat' dir='ltr'><strong>fratribus</strong></span> <span class='ocrx_word' id='word_1_832' title='bbox 3341 3861 3696 3918; x_wconf 88' lang='lat' dir='ltr'><strong>vendentibus</strong></span> <span class='ocrx_word' id='word_1_833' title='bbox 3717 3907 3732 3930; x_wconf 92' lang='lat'><strong>,</strong></span> <span class='ocrx_word' id='word_1_834' title='bbox 3760 3864 3858 3919; x_wconf 83' lang='lat' dir='ltr'><strong>sed</strong></span> 
     </span>
    </p>
   </div>
   <div class='ocr_carea' id='block_1_104' title="bbox 2277 3952 3855 4024">
    <p class='ocr_par' dir='ltr' id='par_1_104' title="bbox 2277 3952 3855 4024">
     <span class='ocr_line' id='line_1_104' title="bbox 2277 3952 3855 4024; baseline 0.004 -18"><span class='ocrx_word' id='word_1_835' title='bbox 2277 3952 2544 4009; x_wconf 79' lang='lat' dir='ltr'><strong>frumenta</strong></span> <span class='ocrx_word' id='word_1_836' title='bbox 2583 3962 2768 4024; x_wconf 79' lang='lat' dir='ltr'><strong>erogat</strong></span> <span class='ocrx_word' id='word_1_837' title='bbox 2791 3954 3149 4011; x_wconf 89' lang='lat' dir='ltr'><strong>esurientibus</strong></span> <span class='ocrx_word' id='word_1_838' title='bbox 3175 3954 3334 4024; x_wconf 80' lang='lat' dir='ltr'><strong>(Gen.</strong></span> <span class='ocrx_word' id='word_1_839' title='bbox 3381 3971 3567 4010; x_wconf 73' lang='lat' dir='ltr'><strong>xxxv&quot;</strong></span> <span class='ocrx_word' id='word_1_840' title='bbox 3593 3997 3608 4024; x_wconf 92' lang='lat'><strong>,</strong></span> <span class='ocrx_word' id='word_1_841' title='bbox 3654 3973 3855 4024; x_wconf 79' lang='lat' dir='ltr'><strong>xxxix,</strong></span> 
     </span>
    </p>
   </div>
   <div class='ocr_carea' id='block_1_105' title="bbox 2279 4046 3855 4122">
    <p class='ocr_par' dir='ltr' id='par_1_105' title="bbox 2279 4046 3855 4122">
     <span class='ocr_line' id='line_1_105' title="bbox 2279 4046 3855 4122; baseline 0.005 -22"><span class='ocrx_word' id='word_1_842' title='bbox 2279 4046 2416 4117; x_wconf 78' lang='lat' dir='ltr'><strong>xu).</strong></span> <span class='ocrx_word' id='word_1_843' title='bbox 2440 4046 2578 4102; x_wconf 81' lang='lat' dir='ltr'><strong>Victi</strong></span> <span class='ocrx_word' id='word_1_844' title='bbox 2605 4047 2721 4117; x_wconf 88' lang='lat' dir='ltr'><strong>ejus</strong></span> <span class='ocrx_word' id='word_1_845' title='bbox 2741 4048 3040 4104; x_wconf 91' lang='lat' dir='ltr'><strong>humilitate</strong></span> <span class='ocrx_word' id='word_1_846' title='bbox 3065 4057 3120 4104; x_wconf 91' lang='lat' dir='ltr'><strong>et</strong></span> <span class='ocrx_word' id='word_1_847' title='bbox 3141 4051 3406 4118; x_wconf 87' lang='lat' dir='ltr'><strong>castitate,</strong></span> <span class='ocrx_word' id='word_1_848' title='bbox 3435 4051 3855 4122; x_wconf 88' lang='lat' dir='ltr'><strong>ineorruptionc,</strong></span> 
     </span>
    </p>
   </div>
   <div class='ocr_carea' id='block_1_106' title="bbox 2279 4139 3859 4210">
    <p class='ocr_par' dir='ltr' id='par_1_106' title="bbox 2279 4139 3859 4210">
     <span class='ocr_line' id='line_1_106' title="bbox 2279 4139 3859 4210; baseline 0.003 -17"><span class='ocrx_word' id='word_1_849' title='bbox 2279 4139 2661 4194; x_wconf 87' lang='lat' dir='ltr'><strong>teutaticnihus</strong></span> <span class='ocrx_word' id='word_1_850' title='bbox 2686 4180 2701 4203; x_wconf 93' lang='lat'><strong>,</strong></span> <span class='ocrx_word' id='word_1_851' title='bbox 2745 4141 3080 4209; x_wconf 90' lang='lat' dir='ltr'><strong>passionibus</strong></span> <span class='ocrx_word' id='word_1_852' title='bbox 3105 4181 3121 4207; x_wconf 93' lang='lat'><strong>,</strong></span> <span class='ocrx_word' id='word_1_853' title='bbox 3148 4141 3257 4210; x_wconf 91' lang='lat' dir='ltr'><strong>jam</strong></span> <span class='ocrx_word' id='word_1_854' title='bbox 3286 4157 3406 4196; x_wconf 89' lang='lat' dir='ltr'><strong>eum</strong></span> <span class='ocrx_word' id='word_1_855' title='bbox 3436 4143 3755 4196; x_wconf 87' lang='lat' dir='ltr'><strong>honoratum</strong></span> <span class='ocrx_word' id='word_1_856' title='bbox 3783 4143 3859 4198; x_wconf 87' lang='lat' dir='ltr'><strong>vi-</strong></span> 
     </span>
    </p>
   </div>
   <div class='ocr_carea' id='block_1_107' title="bbox 2277 4229 3855 4304">
    <p class='ocr_par' dir='ltr' id='par_1_107' title="bbox 2277 4229 3855 4304">
     <span class='ocr_line' id='line_1_107' title="bbox 2277 4229 3855 4304; baseline 0.002 -20"><span class='ocrx_word' id='word_1_857' title='bbox 2277 4230 2438 4292; x_wconf 88' lang='lat' dir='ltr'><strong>dent,</strong></span> <span class='ocrx_word' id='word_1_858' title='bbox 2468 4238 2523 4284; x_wconf 90' lang='lat' dir='ltr'><strong>et</strong></span> <span class='ocrx_word' id='word_1_859' title='bbox 2549 4229 2805 4286; x_wconf 91' lang='lat' dir='ltr'><strong>honorem</strong></span> <span class='ocrx_word' id='word_1_860' title='bbox 2833 4231 3001 4300; x_wconf 90' lang='lat' dir='ltr'><strong>ipsius</strong></span> <span class='ocrx_word' id='word_1_861' title='bbox 3027 4233 3262 4302; x_wconf 80' lang='lat' dir='ltr'><strong>cogitant</strong></span> <span class='ocrx_word' id='word_1_862' title='bbox 3291 4233 3572 4303; x_wconf 88' lang='lat' dir='ltr'><strong>repellere.</strong></span> <span class='ocrx_word' id='word_1_863' title='bbox 3608 4233 3665 4288; x_wconf 93' lang='lat' dir='ltr'><strong>In</strong></span> <span class='ocrx_word' id='word_1_864' title='bbox 3707 4234 3855 4304; x_wconf 75' lang='lat' dir='ltr'><strong>cogi-</strong></span> 
     </span>
    </p>
   </div>
   <div class='ocr_carea' id='block_1_108' title="bbox 2279 4321 3858 4391">
    <p class='ocr_par' dir='ltr' id='par_1_108' title="bbox 2279 4321 3858 4391">
     <span class='ocr_line' id='line_1_108' title="bbox 2279 4321 3858 4391; baseline 0.001 -15"><span class='ocrx_word' id='word_1_865' title='bbox 2279 4321 2565 4376; x_wconf 88' lang='lat' dir='ltr'><strong>tationibus</strong></span> <span class='ocrx_word' id='word_1_866' title='bbox 2590 4321 2785 4390; x_wconf 85' lang='lat' dir='ltr'><strong>quippe</strong></span> <span class='ocrx_word' id='word_1_867' title='bbox 2814 4335 2999 4376; x_wconf 89' lang='lat' dir='ltr'><strong>eorum</strong></span> <span class='ocrx_word' id='word_1_868' title='bbox 3029 4330 3113 4377; x_wconf 88' lang='lat' dir='ltr'><strong>est</strong></span> <span class='ocrx_word' id='word_1_869' title='bbox 3144 4323 3268 4376; x_wconf 91' lang='lat' dir='ltr'><strong>illud</strong></span> <span class='ocrx_word' id='word_1_870' title='bbox 3291 4365 3306 4391; x_wconf 91' lang='lat'><strong>,</strong></span> <span class='ocrx_word' id='word_1_871' title='bbox 3340 4323 3587 4378; x_wconf 83' lang='lat' dir='ltr'><strong>Peccator</strong></span> <span class='ocrx_word' id='word_1_872' title='bbox 3619 4324 3805 4379; x_wconf 78' lang='lat' dir='ltr'><strong>videbit</strong></span> <span class='ocrx_word' id='word_1_873' title='bbox 3836 4339 3858 4378; x_wconf 93' lang='lat'><strong><em>:</em></strong></span> 
     </span>
    </p>
   </div>
   <div class='ocr_carea' id='block_1_109' title="bbox 2277 4409 3857 4482">
    <p class='ocr_par' dir='ltr' id='par_1_109' title="bbox 2277 4409 3857 4482">
     <span class='ocr_line' id='line_1_109' title="bbox 2277 4409 3857 4482; baseline 0.001 -18"><span class='ocrx_word' id='word_1_874' title='bbox 2277 4424 2450 4480; x_wconf 90' lang='lat' dir='ltr'><strong>neque</strong></span> <span class='ocrx_word' id='word_1_875' title='bbox 2491 4409 2632 4464; x_wconf 90' lang='lat' dir='ltr'><strong>enim</strong></span> <span class='ocrx_word' id='word_1_876' title='bbox 2663 4424 2769 4465; x_wconf 90' lang='lat' dir='ltr'><strong>non</strong></span> <span class='ocrx_word' id='word_1_877' title='bbox 2810 4410 3040 4475; x_wconf 89' lang='lat' dir='ltr'><strong>videbit,</strong></span> <span class='ocrx_word' id='word_1_878' title='bbox 3079 4411 3292 4482; x_wconf 89' lang='lat' dir='ltr'><strong>quando</strong></span> <span class='ocrx_word' id='word_1_879' title='bbox 3322 4428 3424 4466; x_wconf 89' lang='lat' dir='ltr'><strong>non</strong></span> <span class='ocrx_word' id='word_1_880' title='bbox 3457 4423 3628 4482; x_wconf 77' lang='lat' dir='ltr'><strong>potest</strong></span> <span class='ocrx_word' id='word_1_881' title='bbox 3669 4413 3857 4466; x_wconf 81' lang='lat' dir='ltr'><strong>civitas</strong></span> 
     </span>
    </p>
   </div>
   <div class='ocr_carea' id='block_1_110' title="bbox 2283 4503 3854 4576">
    <p class='ocr_par' dir='ltr' id='par_1_110' title="bbox 2283 4503 3854 4576">
     <span class='ocr_line' id='line_1_110' title="bbox 2283 4503 3854 4576; baseline 0 -18"><span class='ocrx_word' id='word_1_882' title='bbox 2283 4503 2536 4558; x_wconf 88' lang='lat' dir='ltr'><strong>abscondi</strong></span> <span class='ocrx_word' id='word_1_883' title='bbox 2584 4517 2744 4572; x_wconf 87' lang='lat' dir='ltr'><strong>supra</strong></span> <span class='ocrx_word' id='word_1_884' title='bbox 2775 4511 3012 4558; x_wconf 90' lang='lat' dir='ltr'><strong>montem</strong></span> <span class='ocrx_word' id='word_1_885' title='bbox 3063 4505 3348 4559; x_wconf 87' lang='lat' dir='ltr'><strong>constituta</strong></span> <span class='ocrx_word' id='word_1_886' title='bbox 3394 4503 3602 4575; x_wconf 77' lang='lat' dir='ltr'><strong>(Matth.</strong></span> <span class='ocrx_word' id='word_1_887' title='bbox 3633 4519 3668 4557; x_wconf 90' lang='lat' dir='ltr'><strong>v</strong></span> <span class='ocrx_word' id='word_1_888' title='bbox 3694 4547 3710 4571; x_wconf 91' lang='lat'><strong>,</strong></span> <span class='ocrx_word' id='word_1_889' title='bbox 3745 4503 3854 4576; x_wconf 66' lang='lat' dir='ltr'><strong>ll).</strong></span> 
     </span>
    </p>
   </div>
   <div class='ocr_carea' id='block_1_111' title="bbox 2277 4593 3857 4666">
    <p class='ocr_par' dir='ltr' id='par_1_111' title="bbox 2277 4593 3857 4666">
     <span class='ocr_line' id='line_1_111' title="bbox 2277 4593 3857 4666; baseline -0.001 -15"><span class='ocrx_word' id='word_1_890' title='bbox 2277 4593 2526 4651; x_wconf 88' lang='lat' dir='ltr'><strong>Peccator</strong></span> <span class='ocrx_word' id='word_1_891' title='bbox 2551 4608 2678 4664; x_wconf 74' lang='lat' dir='ltr'><strong>ergo</strong></span> <span class='ocrx_word' id='word_1_892' title='bbox 2706 4594 2909 4661; x_wconf 82' lang='lat' dir='ltr'><strong>uidebit,</strong></span> <span class='ocrx_word' id='word_1_893' title='bbox 2943 4604 2990 4649; x_wconf 87' lang='lat' dir='ltr'><strong>et</strong></span> <span class='ocrx_word' id='word_1_894' title='bbox 3020 4595 3298 4659; x_wconf 86' lang='lat' dir='ltr'><strong>irascetur;</strong></span> <span class='ocrx_word' id='word_1_895' title='bbox 3326 4595 3556 4648; x_wconf 88' lang='lat' dir='ltr'><strong>dentibus</strong></span> <span class='ocrx_word' id='word_1_896' title='bbox 3580 4595 3688 4649; x_wconf 88' lang='lat' dir='ltr'><strong>suis</strong></span> <span class='ocrx_word' id='word_1_897' title='bbox 3709 4596 3857 4666; x_wconf 82' lang='lat' dir='ltr'><strong>[ren-</strong></span> 
     </span>
    </p>
   </div>
   <div class='ocr_carea' id='block_1_112' title="bbox 2277 4684 3858 4758">
    <p class='ocr_par' dir='ltr' id='par_1_112' title="bbox 2277 4684 3858 4758">
     <span class='ocr_line' id='line_1_112' title="bbox 2277 4684 3858 4758; baseline 0.003 -18"><span class='ocrx_word' id='word_1_898' title='bbox 2277 4686 2384 4752; x_wconf 86' lang='lat' dir='ltr'><strong>det,</strong></span> <span class='ocrx_word' id='word_1_899' title='bbox 2411 4695 2455 4740; x_wconf 88' lang='lat' dir='ltr'><strong>et</strong></span> <span class='ocrx_word' id='word_1_900' title='bbox 2485 4685 2699 4738; x_wconf 84' lang='lat' dir='ltr'><strong>tabescet</strong></span> <span class='ocrx_word' id='word_1_901' title='bbox 2735 4684 2904 4753; x_wconf 88' lang='lat' dir='ltr'><strong>(Psal.</strong></span> <span class='ocrx_word' id='word_1_902' title='bbox 2936 4701 3045 4750; x_wconf 74' lang='lat' dir='ltr'><strong>cst,</strong></span> <span class='ocrx_word' id='word_1_903' title='bbox 3079 4685 3190 4758; x_wconf 78' lang='grc'><strong>10).</strong></span> <span class='ocrx_word' id='word_1_904' title='bbox 3225 4686 3379 4742; x_wconf 89' lang='lat' dir='ltr'><strong>Latet</strong></span> <span class='ocrx_word' id='word_1_905' title='bbox 3404 4688 3455 4741; x_wconf 91' lang='lat' dir='ltr'><strong>in</strong></span> <span class='ocrx_word' id='word_1_906' title='bbox 3484 4687 3667 4753; x_wconf 90' lang='lat' dir='ltr'><strong>corde,</strong></span> <span class='ocrx_word' id='word_1_907' title='bbox 3695 4697 3752 4742; x_wconf 87' lang='lat' dir='ltr'><strong>et</strong></span> <span class='ocrx_word' id='word_1_908' title='bbox 3780 4697 3858 4744; x_wconf 87' lang='lat' dir='ltr'><strong>te-</strong></span> 
     </span>
    </p>
   </div>
   <div class='ocr_carea' id='block_1_113' title="bbox 2277 4773 3857 4847">
    <p class='ocr_par' dir='ltr' id='par_1_113' title="bbox 2277 4773 3857 4847">
     <span class='ocr_line' id='line_1_113' title="bbox 2277 4773 3857 4847; baseline 0.003 -19"><span class='ocrx_word' id='word_1_909' title='bbox 2277 4776 2418 4845; x_wconf 78' lang='lat' dir='ltr'><strong>gitur</strong></span> <span class='ocrx_word' id='word_1_910' title='bbox 2441 4773 2617 4829; x_wconf 81' lang='lat' dir='ltr'><strong>fronte</strong></span> <span class='ocrx_word' id='word_1_911' title='bbox 2657 4789 2920 4829; x_wconf 90' lang='lat' dir='ltr'><strong>venenum</strong></span> <span class='ocrx_word' id='word_1_912' title='bbox 2953 4775 3006 4829; x_wconf 94' lang='lat' dir='ltr'><strong>in</strong></span> <span class='ocrx_word' id='word_1_913' title='bbox 3050 4777 3396 4831; x_wconf 71' lang='lat' dir='ltr'><strong>smvientibus</strong></span> <span class='ocrx_word' id='word_1_914' title='bbox 3437 4786 3493 4831; x_wconf 91' lang='lat' dir='ltr'><strong>et</strong></span> <span class='ocrx_word' id='word_1_915' title='bbox 3529 4777 3857 4847; x_wconf 58' lang='lat' dir='ltr'><strong>indignanti.</strong></span> 
     </span>
    </p>
   </div>
   <div class='ocr_carea' id='block_1_114' title="bbox 2277 4865 3857 4937">
    <p class='ocr_par' dir='ltr' id='par_1_114' title="bbox 2277 4865 3857 4937">
     <span class='ocr_line' id='line_1_114' title="bbox 2277 4865 3857 4937; baseline 0.001 -16"><span class='ocrx_word' id='word_1_916' title='bbox 2277 4865 2397 4921; x_wconf 84' lang='lat' dir='ltr'><strong>bus.</strong></span> <span class='ocrx_word' id='word_1_917' title='bbox 2430 4865 2716 4935; x_wconf 89' lang='lat' dir='ltr'><strong>Propterea</strong></span> <span class='ocrx_word' id='word_1_918' title='bbox 2747 4875 2800 4920; x_wconf 92' lang='lat' dir='ltr'><strong>et</strong></span> <span class='ocrx_word' id='word_1_919' title='bbox 2833 4865 2917 4920; x_wconf 93' lang='lat' dir='ltr'><strong>hic</strong></span> <span class='ocrx_word' id='word_1_920' title='bbox 2946 4867 3298 4937; x_wconf 79' lang='lat' dir='ltr'><strong>cogitationes</strong></span> <span class='ocrx_word' id='word_1_921' title='bbox 3322 4882 3506 4922; x_wconf 91' lang='lat' dir='ltr'><strong>eorum</strong></span> <span class='ocrx_word' id='word_1_922' title='bbox 3538 4867 3706 4935; x_wconf 90' lang='lat' dir='ltr'><strong>dicit,</strong></span> <span class='ocrx_word' id='word_1_923' title='bbox 3741 4867 3857 4922; x_wconf 83' lang='lat' dir='ltr'><strong>Ho-</strong></span> 
     </span>
    </p>
   </div>
   <div class='ocr_carea' id='block_1_115' title="bbox 2278 4958 3858 5030">
    <p class='ocr_par' dir='ltr' id='par_1_115' title="bbox 2278 4958 3858 5030">
     <span class='ocr_line' id='line_1_115' title="bbox 2278 4958 3858 5030; baseline 0.002 -18"><span class='ocrx_word' id='word_1_924' title='bbox 2278 4976 2472 5026; x_wconf 89' lang='lat' dir='ltr'><strong>norem,</strong></span> <span class='ocrx_word' id='word_1_925' title='bbox 2502 4959 2692 5030; x_wconf 90' lang='lat' dir='ltr'><strong>inquit,</strong></span> <span class='ocrx_word' id='word_1_926' title='bbox 2720 4976 2885 5012; x_wconf 85' lang='lat' dir='ltr'><strong>nteum</strong></span> <span class='ocrx_word' id='word_1_927' title='bbox 2911 4960 3252 5030; x_wconf 82' lang='lat' dir='ltr'><strong>cogitaverunt</strong></span> <span class='ocrx_word' id='word_1_928' title='bbox 3277 4958 3539 5029; x_wconf 85' lang='lat' dir='ltr'><strong>repellere.</strong></span> <span class='ocrx_word' id='word_1_929' title='bbox 3568 4959 3685 5014; x_wconf 85' lang='lat' dir='ltr'><strong>Non</strong></span> <span class='ocrx_word' id='word_1_930' title='bbox 3712 4962 3858 5015; x_wconf 86' lang='lat' dir='ltr'><strong>enim</strong></span> 
     </span>
    </p>
   </div>
   <div class='ocr_carea' id='block_1_116' title="bbox 2277 5049 3861 5121">
    <p class='ocr_par' dir='ltr' id='par_1_116' title="bbox 2277 5049 3861 5121">
     <span class='ocr_line' id='line_1_116' title="bbox 2277 5049 3861 5121; baseline 0 -17"><span class='ocrx_word' id='word_1_931' title='bbox 2277 5050 2477 5106; x_wconf 88' lang='lat' dir='ltr'><strong>audent</strong></span> <span class='ocrx_word' id='word_1_932' title='bbox 2512 5051 2690 5106; x_wconf 87' lang='lat' dir='ltr'><strong>verbis</strong></span> <span class='ocrx_word' id='word_1_933' title='bbox 2731 5049 2971 5120; x_wconf 80' lang='lat' dir='ltr'><strong>proferre</strong></span> <span class='ocrx_word' id='word_1_934' title='bbox 3008 5050 3150 5120; x_wconf 87' lang='lat' dir='ltr'><strong>quod</strong></span> <span class='ocrx_word' id='word_1_935' title='bbox 3189 5050 3441 5121; x_wconf 81' lang='lat' dir='ltr'><strong>cogitant.</strong></span> <span class='ocrx_word' id='word_1_936' title='bbox 3469 5051 3727 5121; x_wconf 85' lang='lat' dir='ltr'><strong>Optemus</strong></span> <span class='ocrx_word' id='word_1_937' title='bbox 3753 5053 3861 5111; x_wconf 78' lang='lat' dir='ltr'><strong>illis</strong></span> 
     </span>
    </p>
   </div>
   <div class='ocr_carea' id='block_1_117' title="bbox 2277 5139 3861 5211">
    <p class='ocr_par' dir='ltr' id='par_1_117' title="bbox 2277 5139 3861 5211">
     <span class='ocr_line' id='line_1_117' title="bbox 2277 5139 3861 5211; baseline 0 -15"><span class='ocrx_word' id='word_1_938' title='bbox 2277 5141 2437 5208; x_wconf 89' lang='lat' dir='ltr'><strong>bona,</strong></span> <span class='ocrx_word' id='word_1_939' title='bbox 2469 5141 2676 5196; x_wconf 89' lang='lat' dir='ltr'><strong>etiamsi</strong></span> <span class='ocrx_word' id='word_1_940' title='bbox 2703 5148 2888 5211; x_wconf 88' lang='lat' dir='ltr'><strong>optant</strong></span> <span class='ocrx_word' id='word_1_941' title='bbox 2911 5141 3048 5194; x_wconf 86' lang='lat' dir='ltr'><strong>mala</strong></span> <span class='ocrx_word' id='word_1_942' title='bbox 3069 5142 3112 5195; x_wconf 83' lang='grc'><strong>².</strong></span> <span class='ocrx_word' id='word_1_943' title='bbox 3134 5139 3316 5195; x_wconf 82' lang='lat' dir='ltr'><strong>Judica</strong></span> <span class='ocrx_word' id='word_1_944' title='bbox 3347 5139 3483 5208; x_wconf 90' lang='lat' dir='ltr'><strong>illos,</strong></span> <span class='ocrx_word' id='word_1_945' title='bbox 3508 5141 3682 5204; x_wconf 83' lang='lat' dir='ltr'><strong>Deus;</strong></span> <span class='ocrx_word' id='word_1_946' title='bbox 3709 5141 3861 5196; x_wconf 77' lang='lat' dir='ltr'><strong>deci-</strong></span> 
     </span>
    </p>
   </div>
   <div class='ocr_carea' id='block_1_118' title="bbox 2281 5228 3859 5303">
    <p class='ocr_par' dir='ltr' id='par_1_118' title="bbox 2281 5228 3859 5303">
     <span class='ocr_line' id='line_1_118' title="bbox 2281 5228 3859 5303; baseline 0 -17"><span class='ocrx_word' id='word_1_947' title='bbox 2281 5231 2410 5286; x_wconf 87' lang='lat' dir='ltr'><strong>dant</strong></span> <span class='ocrx_word' id='word_1_948' title='bbox 2440 5247 2472 5287; x_wconf 91' lang='lat' dir='ltr'><strong>a</strong></span> <span class='ocrx_word' id='word_1_949' title='bbox 2501 5231 2910 5302; x_wconf 80' lang='lat' dir='ltr'><strong>cogitationibus</strong></span> <span class='ocrx_word' id='word_1_950' title='bbox 2935 5230 3046 5284; x_wconf 91' lang='lat' dir='ltr'><strong>suis</strong></span> <span class='ocrx_word' id='word_1_951' title='bbox 3076 5228 3246 5303; x_wconf 85' lang='lat' dir='ltr'><strong>(Psal.</strong></span> <span class='ocrx_word' id='word_1_952' title='bbox 3274 5246 3309 5284; x_wconf 86' lang='lat' dir='ltr'><strong>v</strong></span> <span class='ocrx_word' id='word_1_953' title='bbox 3332 5270 3348 5296; x_wconf 92' lang='lat'><strong>,</strong></span> <span class='ocrx_word' id='word_1_954' title='bbox 3393 5231 3508 5302; x_wconf 79' lang='lat' dir='ltr'><strong>ll).</strong></span> <span class='ocrx_word' id='word_1_955' title='bbox 3540 5230 3676 5298; x_wconf 87' lang='lat' dir='ltr'><strong>Quid</strong></span> <span class='ocrx_word' id='word_1_956' title='bbox 3714 5233 3859 5286; x_wconf 84' lang='lat' dir='ltr'><strong>enim</strong></span> 
     </span>
    </p>
   </div>
   <div class='ocr_carea' id='block_1_119' title="bbox 2281 5320 3861 5391">
    <p class='ocr_par' dir='ltr' id='par_1_119' title="bbox 2281 5320 3861 5391">
     <span class='ocr_line' id='line_1_119' title="bbox 2281 5320 3861 5391; baseline 0 -15"><span class='ocrx_word' id='word_1_957' title='bbox 2281 5323 2386 5377; x_wconf 92' lang='lat' dir='ltr'><strong>illis</strong></span> <span class='ocrx_word' id='word_1_958' title='bbox 2416 5322 2607 5376; x_wconf 88' lang='lat' dir='ltr'><strong>melius</strong></span> <span class='ocrx_word' id='word_1_959' title='bbox 2629 5364 2646 5388; x_wconf 95' lang='lat'><strong>,</strong></span> <span class='ocrx_word' id='word_1_960' title='bbox 2692 5321 2816 5391; x_wconf 90' lang='lat' dir='ltr'><strong>quid</strong></span> <span class='ocrx_word' id='word_1_961' title='bbox 2861 5321 3042 5376; x_wconf 92' lang='lat' dir='ltr'><strong>utilius</strong></span> <span class='ocrx_word' id='word_1_962' title='bbox 3064 5362 3081 5386; x_wconf 92' lang='lat'><strong>,</strong></span> <span class='ocrx_word' id='word_1_963' title='bbox 3118 5336 3277 5388; x_wconf 90' lang='lat' dir='ltr'><strong>quam</strong></span> <span class='ocrx_word' id='word_1_964' title='bbox 3306 5329 3362 5376; x_wconf 92' lang='lat' dir='ltr'><strong>ut</strong></span> <span class='ocrx_word' id='word_1_965' title='bbox 3391 5320 3515 5375; x_wconf 90' lang='lat' dir='ltr'><strong>inde</strong></span> <span class='ocrx_word' id='word_1_966' title='bbox 3542 5321 3738 5375; x_wconf 85' lang='lat' dir='ltr'><strong>cadant</strong></span> <span class='ocrx_word' id='word_1_967' title='bbox 3769 5321 3861 5376; x_wconf 82' lang='grc' dir='ltr'><strong>ιιΙυί</strong></span> 
     </span>
    </p>
   </div>
   <div class='ocr_carea' id='block_1_120' title="bbox 2280 5410 3865 5482">
    <p class='ocr_par' dir='ltr' id='par_1_120' title="bbox 2280 5410 3865 5482">
     <span class='ocr_line' id='line_1_120' title="bbox 2280 5410 3865 5482; baseline -0.001 -14"><span class='ocrx_word' id='word_1_968' title='bbox 2280 5414 2418 5468; x_wconf 90' lang='lat' dir='ltr'><strong>male</strong></span> <span class='ocrx_word' id='word_1_969' title='bbox 2441 5413 2621 5468; x_wconf 86' lang='lat' dir='ltr'><strong>stant?</strong></span> <span class='ocrx_word' id='word_1_970' title='bbox 2665 5421 2723 5467; x_wconf 93' lang='lat' dir='ltr'><strong>ut</strong></span> <span class='ocrx_word' id='word_1_971' title='bbox 2753 5411 2950 5482; x_wconf 89' lang='lat' dir='ltr'><strong>possint</strong></span> <span class='ocrx_word' id='word_1_972' title='bbox 2990 5411 3088 5480; x_wconf 89' lang='lat' dir='ltr'><strong>ipsi</strong></span> <span class='ocrx_word' id='word_1_973' title='bbox 3123 5411 3350 5465; x_wconf 87' lang='lat' dir='ltr'><strong>correcti</strong></span> <span class='ocrx_word' id='word_1_974' title='bbox 3377 5411 3590 5476; x_wconf 86' lang='lat' dir='ltr'><strong>dicere,</strong></span> <span class='ocrx_word' id='word_1_975' title='bbox 3619 5410 3865 5467; x_wconf 83' lang='lat' dir='ltr'><strong>Statuisti</strong></span> 
     </span>
    </p>
   </div>
   <div class='ocr_carea' id='block_1_121' title="bbox 2281 5502 3521 5578">
    <p class='ocr_par' dir='ltr' id='par_1_121' title="bbox 2281 5502 3521 5578">
     <span class='ocr_line' id='line_1_121' title="bbox 2281 5502 3521 5578; baseline -0.004 -16"><span class='ocrx_word' id='word_1_976' title='bbox 2281 5507 2430 5578; x_wconf 87' lang='lat' dir='ltr'><strong>pedes</strong></span> <span class='ocrx_word' id='word_1_977' title='bbox 2458 5523 2591 5561; x_wconf 84' lang='lat' dir='ltr'><strong>meos</strong></span> <span class='ocrx_word' id='word_1_978' title='bbox 2619 5521 2774 5576; x_wconf 85' lang='lat' dir='ltr'><strong>supra</strong></span> <span class='ocrx_word' id='word_1_979' title='bbox 2801 5513 2996 5576; x_wconf 87' lang='lat' dir='ltr'><strong>petram</strong></span> <span class='ocrx_word' id='word_1_980' title='bbox 3019 5502 3192 5572; x_wconf 88' lang='lat' dir='ltr'><strong>(Psal.</strong></span> <span class='ocrx_word' id='word_1_981' title='bbox 3225 5518 3408 5568; x_wconf 75' lang='lat' dir='ltr'><strong>xxxix,</strong></span> <span class='ocrx_word' id='word_1_982' title='bbox 3440 5504 3521 5574; x_wconf 78' lang='lat'><strong>5).</strong></span> 
     </span>
    </p>
   </div>
   <div class='ocr_carea' id='block_1_122' title="bbox 2348 5762 3306 5824">
    <p class='ocr_par' dir='ltr' id='par_1_122' title="bbox 2348 5762 3306 5824">
     <span class='ocr_line' id='line_1_122' title="bbox 2348 5762 3306 5824; baseline -0.001 -13"><span class='ocrx_word' id='word_1_983' title='bbox 2348 5767 2363 5796; x_wconf 76' lang='grc' dir='ltr'><strong>ι</strong></span> <span class='ocrx_word' id='word_1_984' title='bbox 2389 5765 2462 5811; x_wconf 87' lang='lat' dir='ltr'><strong>sic</strong></span> <span class='ocrx_word' id='word_1_985' title='bbox 2481 5767 2554 5810; x_wconf 79' lang='lat' dir='ltr'><strong>Fr.</strong></span> <span class='ocrx_word' id='word_1_986' title='bbox 2575 5769 2627 5812; x_wconf 86' lang='lat' dir='ltr'><strong>et</strong></span> <span class='ocrx_word' id='word_1_987' title='bbox 2648 5767 2754 5810; x_wconf 75' lang='lat' dir='ltr'><strong>Mss.</strong></span> <span class='ocrx_word' id='word_1_988' title='bbox 2782 5769 2836 5810; x_wconf 79' lang='lat' dir='ltr'><strong>st</strong></span> <span class='ocrx_word' id='word_1_989' title='bbox 2853 5768 2983 5820; x_wconf 67' lang='grc' dir='ltr'><strong>ων..</strong></span> <span class='ocrx_word' id='word_1_990' title='bbox 3008 5762 3306 5824; x_wconf 71' lang='lat' dir='ltr'><strong>(rectionem.</strong></span> 
     </span>
    </p>
   </div>
   <div class='ocr_carea' id='block_1_123' title="bbox 2351 5821 3867 5888">
    <p class='ocr_par' dir='ltr' id='par_1_123' title="bbox 2351 5821 3867 5888">
     <span class='ocr_line' id='line_1_123' title="bbox 2351 5821 3867 5888; baseline 0.001 -14"><span class='ocrx_word' id='word_1_991' title='bbox 2351 5828 2372 5859; x_wconf 75' lang='grc'>¹</span> <span class='ocrx_word' id='word_1_992' title='bbox 2398 5825 2620 5888; x_wconf 77' lang='lat' dir='ltr'><strong>Plerique</strong></span> <span class='ocrx_word' id='word_1_993' title='bbox 2640 5832 2763 5874; x_wconf 69' lang='lat' dir='ltr'><strong>Mss:</strong></span> <span class='ocrx_word' id='word_1_994' title='bbox 2790 5821 3017 5876; x_wconf 53' lang='lat' dir='ltr'><strong>Optumus</strong></span> <span class='ocrx_word' id='word_1_995' title='bbox 3042 5821 3137 5876; x_wconf 77' lang='lat' dir='ltr'><strong>illis</strong></span> <span class='ocrx_word' id='word_1_996' title='bbox 3160 5823 3292 5886; x_wconf 85' lang='lat' dir='ltr'><strong>bene,</strong></span> <span class='ocrx_word' id='word_1_997' title='bbox 3317 5822 3506 5874; x_wconf 80' lang='lat' dir='ltr'><strong>etiamsi</strong></span> <span class='ocrx_word' id='word_1_998' title='bbox 3528 5830 3698 5886; x_wconf 73' lang='lat' dir='ltr'><strong>putaret</strong></span> <span class='ocrx_word' id='word_1_999' title='bbox 3721 5824 3867 5876; x_wconf 67' lang='lat' dir='ltr'><strong>male.</strong></span> 
     </span>
    </p>
   </div>
  </div>
