  <div class='ocr_page' id='page_1' title='image "/cluster/home/n/w/nwhite01/storage/ocr_20150623/36/hvd.32044015471469/372.png"; bbox 0 0 4038 6474; ppageno 0'>
   <div class='ocr_carea' id='block_1_1' title="bbox 220 400 317 453">
    <p class='ocr_par' dir='ltr' id='par_1_1' title="bbox 220 400 317 453">
     <span class='ocr_line' id='line_1_1' title="bbox 220 400 317 453; baseline 0 0"><span class='ocrx_word' id='word_1_1' title='bbox 220 400 317 453; x_wconf 75' lang='lat'><strong>755</strong></span> 
     </span>
    </p>
   </div>
   <div class='ocr_carea' id='block_1_2' title="bbox 276 505 1788 578">
    <p class='ocr_par' dir='ltr' id='par_1_2' title="bbox 276 505 1788 578">
     <span class='ocr_line' id='line_1_2' title="bbox 276 505 1788 578; baseline -0.009 -9"><span class='ocrx_word' id='word_1_2' title='bbox 276 516 335 569; x_wconf 82' lang='lat'><strong>6.</strong></span> <span class='ocrx_word' id='word_1_3' title='bbox 371 511 723 567; x_wconf 72' lang='lat' dir='ltr'><strong><em>Verumtamen</em></strong></span> <span class='ocrx_word' id='word_1_4' title='bbox 739 507 1079 578; x_wconf 71' lang='lat' dir='ltr'><strong>cogitaverunt</strong></span> <span class='ocrx_word' id='word_1_5' title='bbox 1093 508 1335 560; x_wconf 83' lang='lat' dir='ltr'><strong>honorent</strong></span> <span class='ocrx_word' id='word_1_6' title='bbox 1348 522 1511 559; x_wconf 81' lang='lat' dir='ltr'><strong>meum</strong></span> <span class='ocrx_word' id='word_1_7' title='bbox 1529 505 1788 574; x_wconf 74' lang='lat' dir='ltr'><strong>repellere.</strong></span> 
     </span>
    </p>
   </div>
   <div class='ocr_carea' id='block_1_3' title="bbox 215 608 1791 667">
    <p class='ocr_par' dir='ltr' id='par_1_3' title="bbox 215 608 1791 667">
     <span class='ocr_line' id='line_1_3' title="bbox 215 608 1791 667; baseline -0.009 -4"><span class='ocrx_word' id='word_1_8' title='bbox 215 608 414 663; x_wconf 82' lang='lat' dir='ltr'><strong>Omnes</strong></span> <span class='ocrx_word' id='word_1_9' title='bbox 437 615 624 661; x_wconf 85' lang='lat' dir='ltr'><strong>contra</strong></span> <span class='ocrx_word' id='word_1_10' title='bbox 646 618 839 667; x_wconf 79' lang='lat' dir='ltr'><strong>unum,</strong></span> <span class='ocrx_word' id='word_1_11' title='bbox 868 616 935 655; x_wconf 83' lang='lat' dir='ltr'><strong>an</strong></span> <span class='ocrx_word' id='word_1_12' title='bbox 964 615 1098 654; x_wconf 92' lang='lat' dir='ltr'><strong>unus</strong></span> <span class='ocrx_word' id='word_1_13' title='bbox 1125 608 1312 653; x_wconf 83' lang='lat' dir='ltr'><strong>contra</strong></span> <span class='ocrx_word' id='word_1_14' title='bbox 1337 612 1553 662; x_wconf 85' lang='lat' dir='ltr'><strong>omnes;</strong></span> <span class='ocrx_word' id='word_1_15' title='bbox 1583 613 1650 650; x_wconf 91' lang='lat' dir='ltr'><strong>an</strong></span> <span class='ocrx_word' id='word_1_16' title='bbox 1672 611 1791 651; x_wconf 89' lang='lat' dir='ltr'><strong>om-</strong></span> 
     </span>
    </p>
   </div>
   <div class='ocr_carea' id='block_1_4' title="bbox 216 690 1791 759">
    <p class='ocr_par' dir='ltr' id='par_1_4' title="bbox 216 690 1791 759">
     <span class='ocr_line' id='line_1_4' title="bbox 216 690 1791 759; baseline -0.01 -2"><span class='ocrx_word' id='word_1_17' title='bbox 216 717 305 757; x_wconf 86' lang='lat' dir='ltr'><strong>nes</strong></span> <span class='ocrx_word' id='word_1_18' title='bbox 321 710 515 755; x_wconf 81' lang='lat' dir='ltr'><strong>contra</strong></span> <span class='ocrx_word' id='word_1_19' title='bbox 531 711 737 759; x_wconf 87' lang='lat' dir='ltr'><strong>omnes,</strong></span> <span class='ocrx_word' id='word_1_20' title='bbox 755 713 820 749; x_wconf 90' lang='lat' dir='ltr'><strong>an</strong></span> <span class='ocrx_word' id='word_1_21' title='bbox 845 710 978 749; x_wconf 91' lang='lat' dir='ltr'><strong>unus</strong></span> <span class='ocrx_word' id='word_1_22' title='bbox 998 705 1177 749; x_wconf 83' lang='lat' dir='ltr'><strong>contra</strong></span> <span class='ocrx_word' id='word_1_23' title='bbox 1212 708 1371 746; x_wconf 92' lang='lat' dir='ltr'><strong>unum</strong></span> <span class='ocrx_word' id='word_1_24' title='bbox 1388 693 1410 744; x_wconf 82' lang='lat' dir='ltr'><strong>‘l</strong></span> <span class='ocrx_word' id='word_1_25' title='bbox 1433 690 1645 745; x_wconf 83' lang='lat' dir='ltr'><strong>Interim</strong></span> <span class='ocrx_word' id='word_1_26' title='bbox 1670 705 1791 745; x_wconf 87' lang='lat' dir='ltr'><strong>eum</strong></span> 
     </span>
    </p>
   </div>
   <div class='ocr_carea' id='block_1_5' title="bbox 213 788 1791 863">
    <p class='ocr_par' dir='ltr' id='par_1_5' title="bbox 213 788 1791 863">
     <span class='ocr_line' id='line_1_5' title="bbox 213 788 1791 863; baseline -0.011 -13"><span class='ocrx_word' id='word_1_27' title='bbox 213 794 357 857; x_wconf 89' lang='lat' dir='ltr'><strong>dicit,</strong></span> <span class='ocrx_word' id='word_1_28' title='bbox 388 791 660 863; x_wconf 81' lang='lat' dir='ltr'><strong>Apponitis</strong></span> <span class='ocrx_word' id='word_1_29' title='bbox 679 805 828 857; x_wconf 86' lang='lat' dir='ltr'><strong>super</strong></span> <span class='ocrx_word' id='word_1_30' title='bbox 847 788 1128 849; x_wconf 77' lang='lat' dir='ltr'><strong>hominem;</strong></span> <span class='ocrx_word' id='word_1_31' title='bbox 1157 794 1405 853; x_wconf 88' lang='lat' dir='ltr'><strong>tanquam</strong></span> <span class='ocrx_word' id='word_1_32' title='bbox 1432 797 1592 852; x_wconf 84' lang='lat' dir='ltr'><strong>super</strong></span> <span class='ocrx_word' id='word_1_33' title='bbox 1610 796 1791 836; x_wconf 92' lang='lat' dir='ltr'><strong>unum:</strong></span> 
     </span>
    </p>
   </div>
   <div class='ocr_carea' id='block_1_6' title="bbox 215 876 1793 948">
    <p class='ocr_par' dir='ltr' id='par_1_6' title="bbox 215 876 1793 948">
     <span class='ocr_line' id='line_1_6' title="bbox 215 876 1793 948; baseline -0.01 -8"><span class='ocrx_word' id='word_1_34' title='bbox 215 896 267 940; x_wconf 91' lang='lat' dir='ltr'><strong>et</strong></span> <span class='ocrx_word' id='word_1_35' title='bbox 309 900 434 939; x_wconf 88' lang='lat' dir='ltr'><strong>cum</strong></span> <span class='ocrx_word' id='word_1_36' title='bbox 481 882 629 944; x_wconf 89' lang='lat' dir='ltr'><strong>dicit,</strong></span> <span class='ocrx_word' id='word_1_37' title='bbox 679 879 954 948; x_wconf 79' lang='lat' dir='ltr'><strong>lnterﬁcite</strong></span> <span class='ocrx_word' id='word_1_38' title='bbox 980 893 1187 941; x_wconf 85' lang='lat' dir='ltr'><strong>omnes;</strong></span> <span class='ocrx_word' id='word_1_39' title='bbox 1214 876 1363 946; x_wconf 90' lang='lat' dir='ltr'><strong>quasi</strong></span> <span class='ocrx_word' id='word_1_40' title='bbox 1394 888 1581 928; x_wconf 84' lang='lat' dir='ltr'><strong>omnes</strong></span> <span class='ocrx_word' id='word_1_41' title='bbox 1607 882 1793 928; x_wconf 88' lang='lat' dir='ltr'><strong>contra</strong></span> 
     </span>
    </p>
   </div>
   <div class='ocr_carea' id='block_1_7' title="bbox 216 964 1797 1033">
    <p class='ocr_par' dir='ltr' id='par_1_7' title="bbox 216 964 1797 1033">
     <span class='ocr_line' id='line_1_7' title="bbox 216 964 1797 1033; baseline -0.008 -3"><span class='ocrx_word' id='word_1_42' title='bbox 216 992 372 1031; x_wconf 90' lang='lat' dir='ltr'><strong>unum</strong></span> <span class='ocrx_word' id='word_1_43' title='bbox 398 994 411 1029; x_wconf 89' lang='lat'><strong>:</strong></span> <span class='ocrx_word' id='word_1_44' title='bbox 440 974 536 1030; x_wconf 89' lang='lat' dir='ltr'><strong>sed</strong></span> <span class='ocrx_word' id='word_1_45' title='bbox 587 985 759 1027; x_wconf 87' lang='lat' dir='ltr'><strong>tamen</strong></span> <span class='ocrx_word' id='word_1_46' title='bbox 805 979 860 1026; x_wconf 89' lang='lat' dir='ltr'><strong>et</strong></span> <span class='ocrx_word' id='word_1_47' title='bbox 907 984 1095 1024; x_wconf 89' lang='lat' dir='ltr'><strong>omnes</strong></span> <span class='ocrx_word' id='word_1_48' title='bbox 1132 976 1316 1023; x_wconf 89' lang='lat' dir='ltr'><strong>contra</strong></span> <span class='ocrx_word' id='word_1_49' title='bbox 1359 980 1564 1028; x_wconf 88' lang='lat' dir='ltr'><strong>omnes,</strong></span> <span class='ocrx_word' id='word_1_50' title='bbox 1593 964 1714 1033; x_wconf 87' lang='lat' dir='ltr'><strong>quia</strong></span> <span class='ocrx_word' id='word_1_51' title='bbox 1742 971 1797 1018; x_wconf 85' lang='lat' dir='ltr'><strong>et</strong></span> 
     </span>
    </p>
   </div>
   <div class='ocr_carea' id='block_1_8' title="bbox 215 1058 1793 1130">
    <p class='ocr_par' dir='ltr' id='par_1_8' title="bbox 215 1058 1793 1130">
     <span class='ocr_line' id='line_1_8' title="bbox 215 1058 1793 1130; baseline -0.011 -3"><span class='ocrx_word' id='word_1_52' title='bbox 215 1071 501 1127; x_wconf 76' lang='lat' dir='ltr'><strong>ChriStiani</strong></span> <span class='ocrx_word' id='word_1_53' title='bbox 530 1081 735 1130; x_wconf 90' lang='lat' dir='ltr'><strong>omnes,</strong></span> <span class='ocrx_word' id='word_1_54' title='bbox 767 1064 861 1121; x_wconf 88' lang='lat' dir='ltr'><strong>sed</strong></span> <span class='ocrx_word' id='word_1_55' title='bbox 893 1066 943 1120; x_wconf 92' lang='lat' dir='ltr'><strong>in</strong></span> <span class='ocrx_word' id='word_1_56' title='bbox 970 1079 1095 1117; x_wconf 91' lang='lat' dir='ltr'><strong>uno.</strong></span> <span class='ocrx_word' id='word_1_57' title='bbox 1122 1061 1257 1128; x_wconf 84' lang='lat' dir='ltr'><strong>Quid</strong></span> <span class='ocrx_word' id='word_1_58' title='bbox 1279 1068 1455 1114; x_wconf 86' lang='lat' dir='ltr'><strong>autem</strong></span> <span class='ocrx_word' id='word_1_59' title='bbox 1497 1058 1571 1113; x_wconf 90' lang='lat' dir='ltr'><strong>illi</strong></span> <span class='ocrx_word' id='word_1_60' title='bbox 1600 1058 1793 1112; x_wconf 82' lang='lat' dir='ltr'><strong>diversi</strong></span> 
     </span>
    </p>
   </div>
   <div class='ocr_carea' id='block_1_9' title="bbox 214 1148 1796 1221">
    <p class='ocr_par' dir='ltr' id='par_1_9' title="bbox 214 1148 1796 1221">
     <span class='ocr_line' id='line_1_9' title="bbox 214 1148 1796 1221; baseline -0.013 -1"><span class='ocrx_word' id='word_1_61' title='bbox 214 1179 427 1220; x_wconf 85' lang='lat' dir='ltr'><strong>errores</strong></span> <span class='ocrx_word' id='word_1_62' title='bbox 456 1161 653 1215; x_wconf 89' lang='lat' dir='ltr'><strong>inimici</strong></span> <span class='ocrx_word' id='word_1_63' title='bbox 683 1157 899 1221; x_wconf 75' lang='lat' dir='ltr'><strong>Christi,</strong></span> <span class='ocrx_word' id='word_1_64' title='bbox 928 1169 1116 1210; x_wconf 88' lang='lat' dir='ltr'><strong>omnes</strong></span> <span class='ocrx_word' id='word_1_65' title='bbox 1147 1160 1345 1207; x_wconf 86' lang='lat' dir='ltr'><strong>tantum</strong></span> <span class='ocrx_word' id='word_1_66' title='bbox 1375 1149 1589 1205; x_wconf 85' lang='lat' dir='ltr'><strong>dicendi</strong></span> <span class='ocrx_word' id='word_1_67' title='bbox 1633 1148 1796 1202; x_wconf 85' lang='lat' dir='ltr'><strong>sunt?</strong></span> 
     </span>
    </p>
   </div>
   <div class='ocr_carea' id='block_1_10' title="bbox 216 1240 1795 1312">
    <p class='ocr_par' dir='ltr' id='par_1_10' title="bbox 216 1240 1795 1312">
     <span class='ocr_line' id='line_1_10' title="bbox 216 1240 1795 1312; baseline -0.011 -2"><span class='ocrx_word' id='word_1_68' title='bbox 216 1272 394 1312; x_wconf 89' lang='lat' dir='ltr'><strong>nonne</strong></span> <span class='ocrx_word' id='word_1_69' title='bbox 426 1263 481 1308; x_wconf 89' lang='lat' dir='ltr'><strong>et</strong></span> <span class='ocrx_word' id='word_1_70' title='bbox 510 1252 679 1307; x_wconf 79' lang='lat' dir='ltr'><strong>unus?</strong></span> <span class='ocrx_word' id='word_1_71' title='bbox 715 1250 877 1305; x_wconf 84' lang='lat' dir='ltr'><strong>Plane</strong></span> <span class='ocrx_word' id='word_1_72' title='bbox 915 1247 1086 1302; x_wconf 88' lang='lat' dir='ltr'><strong>audeo</strong></span> <span class='ocrx_word' id='word_1_73' title='bbox 1127 1256 1181 1301; x_wconf 91' lang='lat' dir='ltr'><strong>et</strong></span> <span class='ocrx_word' id='word_1_74' title='bbox 1222 1260 1384 1299; x_wconf 92' lang='lat' dir='ltr'><strong>unum</strong></span> <span class='ocrx_word' id='word_1_75' title='bbox 1426 1243 1644 1297; x_wconf 88' lang='lat' dir='ltr'><strong>dicere:</strong></span> <span class='ocrx_word' id='word_1_76' title='bbox 1675 1240 1795 1310; x_wconf 82' lang='lat' dir='ltr'><strong>quia</strong></span> 
     </span>
    </p>
   </div>
   <div class='ocr_carea' id='block_1_11' title="bbox 217 1336 1797 1407">
    <p class='ocr_par' dir='ltr' id='par_1_11' title="bbox 217 1336 1797 1407">
     <span class='ocr_line' id='line_1_11' title="bbox 217 1336 1797 1407; baseline -0.01 -6"><span class='ocrx_word' id='word_1_77' title='bbox 217 1363 315 1401; x_wconf 90' lang='lat' dir='ltr'><strong>una</strong></span> <span class='ocrx_word' id='word_1_78' title='bbox 343 1346 535 1401; x_wconf 89' lang='lat' dir='ltr'><strong>civitas</strong></span> <span class='ocrx_word' id='word_1_79' title='bbox 550 1352 603 1398; x_wconf 89' lang='lat' dir='ltr'><strong>et</strong></span> <span class='ocrx_word' id='word_1_80' title='bbox 624 1358 723 1395; x_wconf 91' lang='lat' dir='ltr'><strong>una</strong></span> <span class='ocrx_word' id='word_1_81' title='bbox 744 1340 948 1403; x_wconf 90' lang='lat' dir='ltr'><strong>civitas,</strong></span> <span class='ocrx_word' id='word_1_82' title='bbox 976 1353 1111 1393; x_wconf 91' lang='lat' dir='ltr'><strong>unus</strong></span> <span class='ocrx_word' id='word_1_83' title='bbox 1142 1336 1366 1407; x_wconf 84' lang='lat' dir='ltr'><strong>populus</strong></span> <span class='ocrx_word' id='word_1_84' title='bbox 1391 1344 1442 1389; x_wconf 91' lang='lat' dir='ltr'><strong>et</strong></span> <span class='ocrx_word' id='word_1_85' title='bbox 1466 1348 1600 1388; x_wconf 90' lang='lat' dir='ltr'><strong>unus</strong></span> <span class='ocrx_word' id='word_1_86' title='bbox 1627 1348 1797 1402; x_wconf 88' lang='lat' dir='ltr'><strong>popu-</strong></span> 
     </span>
    </p>
   </div>
   <div class='ocr_carea' id='block_1_12' title="bbox 218 1426 1799 1503">
    <p class='ocr_par' dir='ltr' id='par_1_12' title="bbox 218 1426 1799 1503">
     <span class='ocr_line' id='line_1_12' title="bbox 218 1426 1799 1503; baseline -0.009 -10"><span class='ocrx_word' id='word_1_87' title='bbox 218 1441 319 1503; x_wconf 88' lang='lat' dir='ltr'><strong>lus,</strong></span> <span class='ocrx_word' id='word_1_88' title='bbox 351 1454 447 1492; x_wconf 89' lang='lat' dir='ltr'><strong>rex</strong></span> <span class='ocrx_word' id='word_1_89' title='bbox 475 1445 531 1492; x_wconf 88' lang='lat' dir='ltr'><strong>et</strong></span> <span class='ocrx_word' id='word_1_90' title='bbox 558 1450 671 1492; x_wconf 85' lang='lat' dir='ltr'><strong>rex.</strong></span> <span class='ocrx_word' id='word_1_91' title='bbox 704 1432 839 1500; x_wconf 87' lang='lat' dir='ltr'><strong>Quid</strong></span> <span class='ocrx_word' id='word_1_92' title='bbox 868 1439 981 1496; x_wconf 91' lang='lat' dir='ltr'><strong>est,</strong></span> <span class='ocrx_word' id='word_1_93' title='bbox 1015 1445 1116 1485; x_wconf 90' lang='lat' dir='ltr'><strong>una</strong></span> <span class='ocrx_word' id='word_1_94' title='bbox 1146 1430 1331 1484; x_wconf 83' lang='lat' dir='ltr'><strong>civitas</strong></span> <span class='ocrx_word' id='word_1_95' title='bbox 1357 1436 1410 1483; x_wconf 88' lang='lat' dir='ltr'><strong>et</strong></span> <span class='ocrx_word' id='word_1_96' title='bbox 1437 1443 1537 1481; x_wconf 91' lang='lat' dir='ltr'><strong>una</strong></span> <span class='ocrx_word' id='word_1_97' title='bbox 1569 1426 1799 1480; x_wconf 82' lang='lat' dir='ltr'><strong>civitas?</strong></span> 
     </span>
    </p>
   </div>
   <div class='ocr_carea' id='block_1_13' title="bbox 216 1517 1797 1601">
    <p class='ocr_par' dir='ltr' id='par_1_13' title="bbox 216 1517 1797 1601">
     <span class='ocr_line' id='line_1_13' title="bbox 216 1517 1797 1601; baseline -0.009 -16"><span class='ocrx_word' id='word_1_98' title='bbox 216 1530 507 1601; x_wconf 79' lang='lat' dir='ltr'><strong>Babylonia</strong></span> <span class='ocrx_word' id='word_1_99' title='bbox 532 1542 664 1592; x_wconf 88' lang='lat' dir='ltr'><strong>una;</strong></span> <span class='ocrx_word' id='word_1_100' title='bbox 696 1524 983 1581; x_wconf 81' lang='lat' dir='ltr'><strong>Jerusalem</strong></span> <span class='ocrx_word' id='word_1_101' title='bbox 1013 1536 1135 1575; x_wconf 90' lang='lat' dir='ltr'><strong>una.</strong></span> <span class='ocrx_word' id='word_1_102' title='bbox 1157 1520 1487 1589; x_wconf 86' lang='lat' dir='ltr'><strong>Quibuslibct</strong></span> <span class='ocrx_word' id='word_1_103' title='bbox 1504 1520 1621 1573; x_wconf 82' lang='lat' dir='ltr'><strong>aliis</strong></span> <span class='ocrx_word' id='word_1_104' title='bbox 1637 1517 1797 1572; x_wconf 90' lang='lat' dir='ltr'><strong>etiam</strong></span> 
     </span>
    </p>
   </div>
   <div class='ocr_carea' id='block_1_14' title="bbox 217 1609 1799 1692">
    <p class='ocr_par' dir='ltr' id='par_1_14' title="bbox 217 1609 1799 1692">
     <span class='ocr_line' id='line_1_14' title="bbox 217 1609 1799 1692; baseline -0.009 -17"><span class='ocrx_word' id='word_1_105' title='bbox 217 1620 456 1692; x_wconf 83' lang='lat' dir='ltr'><strong>mysticis</strong></span> <span class='ocrx_word' id='word_1_106' title='bbox 486 1616 791 1673; x_wconf 82' lang='lat' dir='ltr'><strong>nominibus</strong></span> <span class='ocrx_word' id='word_1_107' title='bbox 830 1614 1145 1683; x_wconf 82' lang='lat' dir='ltr'><strong>appelletur,</strong></span> <span class='ocrx_word' id='word_1_108' title='bbox 1179 1626 1281 1665; x_wconf 90' lang='lat' dir='ltr'><strong>una</strong></span> <span class='ocrx_word' id='word_1_109' title='bbox 1313 1619 1487 1665; x_wconf 89' lang='lat' dir='ltr'><strong>tamen</strong></span> <span class='ocrx_word' id='word_1_110' title='bbox 1517 1609 1703 1662; x_wconf 83' lang='lat' dir='ltr'><strong>civitas</strong></span> <span class='ocrx_word' id='word_1_111' title='bbox 1745 1616 1799 1661; x_wconf 91' lang='lat' dir='ltr'><strong>et</strong></span> 
     </span>
    </p>
   </div>
   <div class='ocr_carea' id='block_1_15' title="bbox 218 1698 1799 1777">
    <p class='ocr_par' dir='ltr' id='par_1_15' title="bbox 218 1698 1799 1777">
     <span class='ocr_line' id='line_1_15' title="bbox 218 1698 1799 1777; baseline -0.009 -10"><span class='ocrx_word' id='word_1_112' title='bbox 218 1728 318 1767; x_wconf 90' lang='lat' dir='ltr'><strong>una</strong></span> <span class='ocrx_word' id='word_1_113' title='bbox 344 1712 568 1766; x_wconf 86' lang='lat' dir='ltr'><strong>civitas:</strong></span> <span class='ocrx_word' id='word_1_114' title='bbox 600 1710 685 1763; x_wconf 89' lang='lat' dir='ltr'><strong>illa</strong></span> <span class='ocrx_word' id='word_1_115' title='bbox 712 1722 835 1777; x_wconf 84' lang='lat' dir='ltr'><strong>rege</strong></span> <span class='ocrx_word' id='word_1_116' title='bbox 863 1704 1102 1768; x_wconf 81' lang='lat' dir='ltr'><strong>diabolo;</strong></span> <span class='ocrx_word' id='word_1_117' title='bbox 1150 1704 1245 1757; x_wconf 82' lang='lat' dir='ltr'><strong>ista</strong></span> <span class='ocrx_word' id='word_1_118' title='bbox 1291 1716 1415 1771; x_wconf 85' lang='lat' dir='ltr'><strong>rege</strong></span> <span class='ocrx_word' id='word_1_119' title='bbox 1452 1700 1681 1756; x_wconf 86' lang='lat' dir='ltr'><strong>Christo.</strong></span> <span class='ocrx_word' id='word_1_120' title='bbox 1713 1698 1799 1753; x_wconf 90' lang='lat' dir='ltr'><strong>ln-</strong></span> 
     </span>
    </p>
   </div>
   <div class='ocr_carea' id='block_1_16' title="bbox 219 1796 1797 1870">
    <p class='ocr_par' dir='ltr' id='par_1_16' title="bbox 219 1796 1797 1870">
     <span class='ocr_line' id='line_1_16' title="bbox 219 1796 1797 1870; baseline -0.008 -11"><span class='ocrx_word' id='word_1_121' title='bbox 219 1804 376 1859; x_wconf 85' lang='lat' dir='ltr'><strong>tendo</strong></span> <span class='ocrx_word' id='word_1_122' title='bbox 406 1804 549 1857; x_wconf 90' lang='lat' dir='ltr'><strong>enim</strong></span> <span class='ocrx_word' id='word_1_123' title='bbox 582 1800 871 1870; x_wconf 84' lang='lat' dir='ltr'><strong>Evangelio</strong></span> <span class='ocrx_word' id='word_1_124' title='bbox 900 1797 1128 1867; x_wconf 90' lang='lat' dir='ltr'><strong>quodam</strong></span> <span class='ocrx_word' id='word_1_125' title='bbox 1161 1796 1301 1861; x_wconf 90' lang='lat' dir='ltr'><strong>loco,</strong></span> <span class='ocrx_word' id='word_1_126' title='bbox 1348 1803 1402 1849; x_wconf 91' lang='lat' dir='ltr'><strong>et</strong></span> <span class='ocrx_word' id='word_1_127' title='bbox 1447 1803 1629 1849; x_wconf 89' lang='lat' dir='ltr'><strong>movet</strong></span> <span class='ocrx_word' id='word_1_128' title='bbox 1676 1807 1797 1860; x_wconf 89' lang='lat' dir='ltr'><strong>me,</strong></span> 
     </span>
    </p>
   </div>
   <div class='ocr_carea' id='block_1_17' title="bbox 219 1884 1799 1966">
    <p class='ocr_par' dir='ltr' id='par_1_17' title="bbox 219 1884 1799 1966">
     <span class='ocr_line' id='line_1_17' title="bbox 219 1884 1799 1966; baseline -0.008 -16"><span class='ocrx_word' id='word_1_129' title='bbox 219 1906 345 1966; x_wconf 89' lang='lat' dir='ltr'><strong>puto</strong></span> <span class='ocrx_word' id='word_1_130' title='bbox 376 1895 520 1963; x_wconf 89' lang='lat' dir='ltr'><strong>quod</strong></span> <span class='ocrx_word' id='word_1_131' title='bbox 551 1903 604 1948; x_wconf 89' lang='lat' dir='ltr'><strong>et</strong></span> <span class='ocrx_word' id='word_1_132' title='bbox 646 1908 759 1947; x_wconf 80' lang='lat' dir='ltr'><strong>vos.</strong></span> <span class='ocrx_word' id='word_1_133' title='bbox 795 1891 1143 1958; x_wconf 81' lang='lat' dir='ltr'><strong>Posteaquam</strong></span> <span class='ocrx_word' id='word_1_134' title='bbox 1173 1888 1376 1941; x_wconf 89' lang='lat' dir='ltr'><strong>invitati</strong></span> <span class='ocrx_word' id='word_1_135' title='bbox 1403 1896 1527 1940; x_wconf 91' lang='lat' dir='ltr'><strong>sunt</strong></span> <span class='ocrx_word' id='word_1_136' title='bbox 1553 1885 1703 1939; x_wconf 92' lang='lat' dir='ltr'><strong>multi</strong></span> <span class='ocrx_word' id='word_1_137' title='bbox 1733 1884 1799 1939; x_wconf 85' lang='lat' dir='ltr'><strong>ad</strong></span> 
     </span>
    </p>
   </div>
   <div class='ocr_carea' id='block_1_18' title="bbox 220 1978 1801 2057">
    <p class='ocr_par' dir='ltr' id='par_1_18' title="bbox 220 1978 1801 2057">
     <span class='ocr_line' id='line_1_18' title="bbox 220 1978 1801 2057; baseline -0.008 -16"><span class='ocrx_word' id='word_1_138' title='bbox 220 1988 431 2057; x_wconf 86' lang='lat' dir='ltr'><strong>nuptias</strong></span> <span class='ocrx_word' id='word_1_139' title='bbox 460 1986 584 2039; x_wconf 83' lang='lat' dir='ltr'><strong>boui</strong></span> <span class='ocrx_word' id='word_1_140' title='bbox 617 1994 670 2039; x_wconf 91' lang='lat' dir='ltr'><strong>et</strong></span> <span class='ocrx_word' id='word_1_141' title='bbox 700 1984 843 2049; x_wconf 89' lang='lat' dir='ltr'><strong>mali,</strong></span> <span class='ocrx_word' id='word_1_142' title='bbox 871 1990 925 2037; x_wconf 89' lang='lat' dir='ltr'><strong>et</strong></span> <span class='ocrx_word' id='word_1_143' title='bbox 948 1981 1178 2050; x_wconf 78' lang='lat' dir='ltr'><strong>impleta:</strong></span> <span class='ocrx_word' id='word_1_144' title='bbox 1215 1986 1337 2034; x_wconf 88' lang='lat' dir='ltr'><strong>sunt</strong></span> <span class='ocrx_word' id='word_1_145' title='bbox 1364 1978 1558 2047; x_wconf 71' lang='lat' dir='ltr'><strong>nuptiae</strong></span> <span class='ocrx_word' id='word_1_146' title='bbox 1586 1993 1801 2034; x_wconf 88' lang='lat' dir='ltr'><strong>recum-</strong></span> 
     </span>
    </p>
   </div>
   <div class='ocr_carea' id='block_1_19' title="bbox 220 2070 1802 2143">
    <p class='ocr_par' dir='ltr' id='par_1_19' title="bbox 220 2070 1802 2143">
     <span class='ocr_line' id='line_1_19' title="bbox 220 2070 1802 2143; baseline -0.006 -8"><span class='ocrx_word' id='word_1_147' title='bbox 220 2080 486 2143; x_wconf 83' lang='lat' dir='ltr'><strong>bemium;</strong></span> <span class='ocrx_word' id='word_1_148' title='bbox 520 2077 660 2131; x_wconf 84' lang='lat' dir='ltr'><strong>servi</strong></span> <span class='ocrx_word' id='word_1_149' title='bbox 684 2076 827 2130; x_wconf 84' lang='lat' dir='ltr'><strong>enim</strong></span> <span class='ocrx_word' id='word_1_150' title='bbox 857 2074 1027 2137; x_wconf 87' lang='lat' dir='ltr'><strong>missi,</strong></span> <span class='ocrx_word' id='word_1_151' title='bbox 1063 2082 1118 2128; x_wconf 90' lang='lat' dir='ltr'><strong>ut</strong></span> <span class='ocrx_word' id='word_1_152' title='bbox 1149 2082 1473 2142; x_wconf 72' lang='lat' dir='ltr'><strong>prmceptum</strong></span> <span class='ocrx_word' id='word_1_153' title='bbox 1501 2079 1635 2133; x_wconf 88' lang='lat' dir='ltr'><strong>erat,</strong></span> <span class='ocrx_word' id='word_1_154' title='bbox 1662 2070 1802 2125; x_wconf 87' lang='lat' dir='ltr'><strong>invi-</strong></span> 
     </span>
    </p>
   </div>
   <div class='ocr_carea' id='block_1_20' title="bbox 221 2164 1803 2231">
    <p class='ocr_par' dir='ltr' id='par_1_20' title="bbox 221 2164 1803 2231">
     <span class='ocr_line' id='line_1_20' title="bbox 221 2164 1803 2231; baseline -0.007 -7"><span class='ocrx_word' id='word_1_155' title='bbox 221 2177 464 2225; x_wconf 84' lang='lat' dir='ltr'><strong>taverunt</strong></span> <span class='ocrx_word' id='word_1_156' title='bbox 503 2175 560 2223; x_wconf 87' lang='lat' dir='ltr'><strong>et</strong></span> <span class='ocrx_word' id='word_1_157' title='bbox 602 2166 769 2221; x_wconf 89' lang='lat' dir='ltr'><strong>bonos</strong></span> <span class='ocrx_word' id='word_1_158' title='bbox 816 2173 871 2220; x_wconf 90' lang='lat' dir='ltr'><strong>et</strong></span> <span class='ocrx_word' id='word_1_159' title='bbox 919 2164 1117 2229; x_wconf 89' lang='lat' dir='ltr'><strong>malos;</strong></span> <span class='ocrx_word' id='word_1_160' title='bbox 1167 2172 1221 2217; x_wconf 91' lang='lat' dir='ltr'><strong>et</strong></span> <span class='ocrx_word' id='word_1_161' title='bbox 1266 2164 1533 2231; x_wconf 82' lang='lat' dir='ltr'><strong>ingressus</strong></span> <span class='ocrx_word' id='word_1_162' title='bbox 1576 2170 1659 2216; x_wconf 87' lang='lat' dir='ltr'><strong>est</strong></span> <span class='ocrx_word' id='word_1_163' title='bbox 1710 2174 1803 2215; x_wconf 89' lang='lat' dir='ltr'><strong>rex</strong></span> 
     </span>
    </p>
   </div>
   <div class='ocr_carea' id='block_1_21' title="bbox 220 2254 1803 2334">
    <p class='ocr_par' dir='ltr' id='par_1_21' title="bbox 220 2254 1803 2334">
     <span class='ocr_line' id='line_1_21' title="bbox 220 2254 1803 2334; baseline -0.007 -17"><span class='ocrx_word' id='word_1_164' title='bbox 220 2264 483 2334; x_wconf 76' lang='lat' dir='ltr'><strong>inspicere</strong></span> <span class='ocrx_word' id='word_1_165' title='bbox 512 2260 906 2325; x_wconf 88' lang='lat' dir='ltr'><strong>recumbentes,</strong></span> <span class='ocrx_word' id='word_1_166' title='bbox 936 2267 991 2311; x_wconf 89' lang='lat' dir='ltr'><strong>et</strong></span> <span class='ocrx_word' id='word_1_167' title='bbox 1030 2256 1230 2311; x_wconf 81' lang='lat' dir='ltr'><strong>invenit</strong></span> <span class='ocrx_word' id='word_1_168' title='bbox 1269 2254 1537 2309; x_wconf 87' lang='lat' dir='ltr'><strong>hominem</strong></span> <span class='ocrx_word' id='word_1_169' title='bbox 1569 2270 1672 2308; x_wconf 90' lang='lat' dir='ltr'><strong>non</strong></span> <span class='ocrx_word' id='word_1_170' title='bbox 1706 2254 1803 2307; x_wconf 82' lang='lat' dir='ltr'><strong>lia-</strong></span> 
     </span>
    </p>
   </div>
   <div class='ocr_carea' id='block_1_22' title="bbox 220 2345 1802 2419">
    <p class='ocr_par' dir='ltr' id='par_1_22' title="bbox 220 2345 1802 2419">
     <span class='ocr_line' id='line_1_22' title="bbox 220 2345 1802 2419; baseline -0.006 -9"><span class='ocrx_word' id='word_1_171' title='bbox 220 2356 430 2411; x_wconf 89' lang='lat' dir='ltr'><strong>beutetn</strong></span> <span class='ocrx_word' id='word_1_172' title='bbox 474 2362 675 2407; x_wconf 89' lang='lat' dir='ltr'><strong>vestem</strong></span> <span class='ocrx_word' id='word_1_173' title='bbox 729 2351 1039 2419; x_wconf 85' lang='lat' dir='ltr'><strong>nuptialem,</strong></span> <span class='ocrx_word' id='word_1_174' title='bbox 1076 2358 1129 2403; x_wconf 88' lang='lat' dir='ltr'><strong>et</strong></span> <span class='ocrx_word' id='word_1_175' title='bbox 1174 2348 1247 2401; x_wconf 84' lang='lat' dir='ltr'><strong>ait</strong></span> <span class='ocrx_word' id='word_1_176' title='bbox 1294 2346 1369 2400; x_wconf 89' lang='lat' dir='ltr'><strong>illi</strong></span> <span class='ocrx_word' id='word_1_177' title='bbox 1410 2345 1552 2416; x_wconf 88' lang='lat' dir='ltr'><strong>quod</strong></span> <span class='ocrx_word' id='word_1_178' title='bbox 1599 2346 1802 2400; x_wconf 88' lang='lat' dir='ltr'><strong>nostis:</strong></span> 
     </span>
    </p>
   </div>
   <div class='ocr_carea' id='block_1_23' title="bbox 220 2438 1806 2513">
    <p class='ocr_par' dir='ltr' id='par_1_23' title="bbox 220 2438 1806 2513">
     <span class='ocr_line' id='line_1_23' title="bbox 220 2438 1806 2513; baseline -0.007 -11"><span class='ocrx_word' id='word_1_179' title='bbox 220 2448 407 2513; x_wconf 82' lang='lat' dir='ltr'><strong>Amice,</strong></span> <span class='ocrx_word' id='word_1_180' title='bbox 433 2446 566 2500; x_wconf 88' lang='lat' dir='ltr'><strong>unde</strong></span> <span class='ocrx_word' id='word_1_181' title='bbox 590 2445 689 2497; x_wconf 87' lang='lat' dir='ltr'><strong>huc</strong></span> <span class='ocrx_word' id='word_1_182' title='bbox 708 2443 904 2508; x_wconf 77' lang='lat' dir='ltr'><strong>venisti,</strong></span> <span class='ocrx_word' id='word_1_183' title='bbox 938 2458 1039 2495; x_wconf 91' lang='lat' dir='ltr'><strong>non</strong></span> <span class='ocrx_word' id='word_1_184' title='bbox 1065 2440 1253 2494; x_wconf 81' lang='lat' dir='ltr'><strong>habens</strong></span> <span class='ocrx_word' id='word_1_185' title='bbox 1281 2450 1461 2494; x_wconf 82' lang='lat' dir='ltr'><strong>vestem</strong></span> <span class='ocrx_word' id='word_1_186' title='bbox 1492 2438 1806 2509; x_wconf 80' lang='lat' dir='ltr'><strong>nuptialem?</strong></span> 
     </span>
    </p>
   </div>
   <div class='ocr_carea' id='block_1_24' title="bbox 220 2530 1807 2602">
    <p class='ocr_par' dir='ltr' id='par_1_24' title="bbox 220 2530 1807 2602">
     <span class='ocr_line' id='line_1_24' title="bbox 220 2530 1807 2602; baseline -0.006 -8"><span class='ocrx_word' id='word_1_187' title='bbox 220 2539 389 2594; x_wconf 79' lang='lat' dir='ltr'><strong>Atille</strong></span> <span class='ocrx_word' id='word_1_188' title='bbox 414 2537 679 2592; x_wconf 79' lang='lat' dir='ltr'><strong>obmutuit.</strong></span> <span class='ocrx_word' id='word_1_189' title='bbox 716 2536 779 2589; x_wconf 82' lang='lat' dir='ltr'><strong>Et</strong></span> <span class='ocrx_word' id='word_1_190' title='bbox 803 2532 963 2601; x_wconf 83' lang='lat' dir='ltr'><strong>jussit</strong></span> <span class='ocrx_word' id='word_1_191' title='bbox 986 2533 1037 2588; x_wconf 89' lang='lat' dir='ltr'><strong>ei</strong></span> <span class='ocrx_word' id='word_1_192' title='bbox 1071 2532 1221 2602; x_wconf 89' lang='lat' dir='ltr'><strong>ligari</strong></span> <span class='ocrx_word' id='word_1_193' title='bbox 1253 2546 1440 2586; x_wconf 89' lang='lat' dir='ltr'><strong>manus</strong></span> <span class='ocrx_word' id='word_1_194' title='bbox 1465 2540 1518 2585; x_wconf 88' lang='lat' dir='ltr'><strong>et</strong></span> <span class='ocrx_word' id='word_1_195' title='bbox 1548 2530 1728 2599; x_wconf 89' lang='lat' dir='ltr'><strong>pedes,</strong></span> <span class='ocrx_word' id='word_1_196' title='bbox 1752 2539 1807 2584; x_wconf 89' lang='lat' dir='ltr'><strong>et</strong></span> 
     </span>
    </p>
   </div>
   <div class='ocr_carea' id='block_1_25' title="bbox 223 2624 1806 2704">
    <p class='ocr_par' dir='ltr' id='par_1_25' title="bbox 223 2624 1806 2704">
     <span class='ocr_line' id='line_1_25' title="bbox 223 2624 1806 2704; baseline -0.006 -15"><span class='ocrx_word' id='word_1_197' title='bbox 223 2633 401 2704; x_wconf 88' lang='lat' dir='ltr'><strong>projici</strong></span> <span class='ocrx_word' id='word_1_198' title='bbox 433 2648 555 2686; x_wconf 89' lang='lat' dir='ltr'><strong>eum</strong></span> <span class='ocrx_word' id='word_1_199' title='bbox 598 2631 649 2683; x_wconf 94' lang='lat' dir='ltr'><strong>in</strong></span> <span class='ocrx_word' id='word_1_200' title='bbox 683 2629 929 2684; x_wconf 84' lang='lat' dir='ltr'><strong>tenebras</strong></span> <span class='ocrx_word' id='word_1_201' title='bbox 980 2626 1303 2683; x_wconf 79' lang='lat' dir='ltr'><strong>exteriores.</strong></span> <span class='ocrx_word' id='word_1_202' title='bbox 1350 2625 1579 2680; x_wconf 85' lang='lat' dir='ltr'><strong>Levatus</strong></span> <span class='ocrx_word' id='word_1_203' title='bbox 1621 2635 1701 2679; x_wconf 89' lang='lat' dir='ltr'><strong>est</strong></span> <span class='ocrx_word' id='word_1_204' title='bbox 1738 2624 1806 2681; x_wconf 89' lang='lat' dir='ltr'><strong>de</strong></span> 
     </span>
    </p>
   </div>
   <div class='ocr_carea' id='block_1_26' title="bbox 222 2718 1792 2789">
    <p class='ocr_par' dir='ltr' id='par_1_26' title="bbox 222 2718 1792 2789">
     <span class='ocr_line' id='line_1_26' title="bbox 222 2718 1792 2789; baseline -0.003 -9"><span class='ocrx_word' id='word_1_205' title='bbox 222 2725 482 2787; x_wconf 74' lang='lat' dir='ltr'><strong>convivio,</strong></span> <span class='ocrx_word' id='word_1_206' title='bbox 511 2734 562 2778; x_wconf 93' lang='lat' dir='ltr'><strong>et</strong></span> <span class='ocrx_word' id='word_1_207' title='bbox 591 2722 782 2777; x_wconf 89' lang='lat' dir='ltr'><strong>missus</strong></span> <span class='ocrx_word' id='word_1_208' title='bbox 804 2720 959 2775; x_wconf 88' lang='lat' dir='ltr'><strong>estin</strong></span> <span class='ocrx_word' id='word_1_209' title='bbox 984 2734 1168 2789; x_wconf 77' lang='lat' dir='ltr'><strong>ptenas</strong></span> <span class='ocrx_word' id='word_1_210' title='bbox 1190 2719 1369 2774; x_wconf 81' lang='lat' dir='ltr'><strong>nescio</strong></span> <span class='ocrx_word' id='word_1_211' title='bbox 1403 2720 1523 2789; x_wconf 90' lang='lat' dir='ltr'><strong>quis</strong></span> <span class='ocrx_word' id='word_1_212' title='bbox 1550 2718 1711 2773; x_wconf 89' lang='lat' dir='ltr'><strong>homo</strong></span> <span class='ocrx_word' id='word_1_213' title='bbox 1742 2721 1792 2775; x_wconf 92' lang='lat' dir='ltr'><strong>in</strong></span> 
     </span>
    </p>
   </div>
   <div class='ocr_carea' id='block_1_27' title="bbox 224 2808 1798 2887">
    <p class='ocr_par' dir='ltr' id='par_1_27' title="bbox 224 2808 1798 2887">
     <span class='ocr_line' id='line_1_27' title="bbox 224 2808 1798 2887; baseline -0.006 -11"><span class='ocrx_word' id='word_1_214' title='bbox 224 2831 321 2876; x_wconf 83' lang='lat' dir='ltr'><strong>tam</strong></span> <span class='ocrx_word' id='word_1_215' title='bbox 347 2831 537 2887; x_wconf 88' lang='lat' dir='ltr'><strong>magna</strong></span> <span class='ocrx_word' id='word_1_216' title='bbox 566 2814 718 2869; x_wconf 88' lang='lat' dir='ltr'><strong>turba</strong></span> <span class='ocrx_word' id='word_1_217' title='bbox 747 2810 1189 2868; x_wconf 80' lang='lat' dir='ltr'><strong>recumbentium.</strong></span> <span class='ocrx_word' id='word_1_218' title='bbox 1213 2808 1316 2866; x_wconf 88' lang='lat' dir='ltr'><strong>Sed</strong></span> <span class='ocrx_word' id='word_1_219' title='bbox 1343 2819 1519 2865; x_wconf 89' lang='lat' dir='ltr'><strong>tamen</strong></span> <span class='ocrx_word' id='word_1_220' title='bbox 1543 2811 1798 2867; x_wconf 87' lang='lat' dir='ltr'><strong>Dominus</strong></span> 
     </span>
    </p>
   </div>
   <div class='ocr_carea' id='block_1_28' title="bbox 223 2901 1799 2975">
    <p class='ocr_par' dir='ltr' id='par_1_28' title="bbox 223 2901 1799 2975">
     <span class='ocr_line' id='line_1_28' title="bbox 223 2901 1799 2975; baseline -0.003 -11"><span class='ocrx_word' id='word_1_221' title='bbox 223 2912 401 2967; x_wconf 87' lang='lat' dir='ltr'><strong>volens</strong></span> <span class='ocrx_word' id='word_1_222' title='bbox 430 2907 716 2963; x_wconf 88' lang='lat' dir='ltr'><strong>ostendere</strong></span> <span class='ocrx_word' id='word_1_223' title='bbox 748 2920 907 2959; x_wconf 92' lang='lat' dir='ltr'><strong>unum</strong></span> <span class='ocrx_word' id='word_1_224' title='bbox 934 2901 1079 2957; x_wconf 91' lang='lat' dir='ltr'><strong>illum</strong></span> <span class='ocrx_word' id='word_1_225' title='bbox 1109 2901 1400 2970; x_wconf 86' lang='lat' dir='ltr'><strong>hominem,</strong></span> <span class='ocrx_word' id='word_1_226' title='bbox 1422 2918 1583 2958; x_wconf 91' lang='lat' dir='ltr'><strong>unum</strong></span> <span class='ocrx_word' id='word_1_227' title='bbox 1606 2920 1799 2975; x_wconf 89' lang='lat' dir='ltr'><strong>corpus</strong></span> 
     </span>
    </p>
   </div>
   <div class='ocr_carea' id='block_1_29' title="bbox 224 2993 1799 3073">
    <p class='ocr_par' dir='ltr' id='par_1_29' title="bbox 224 2993 1799 3073">
     <span class='ocr_line' id='line_1_29' title="bbox 224 2993 1799 3073; baseline -0.006 -14"><span class='ocrx_word' id='word_1_228' title='bbox 224 3019 335 3059; x_wconf 87' lang='lat' dir='ltr'><strong>esse</strong></span> <span class='ocrx_word' id='word_1_229' title='bbox 374 3000 517 3073; x_wconf 86' lang='lat' dir='ltr'><strong>quod</strong></span> <span class='ocrx_word' id='word_1_230' title='bbox 546 3006 753 3054; x_wconf 88' lang='lat' dir='ltr'><strong>constat</strong></span> <span class='ocrx_word' id='word_1_231' title='bbox 793 3012 860 3050; x_wconf 81' lang='lat' dir='ltr'><strong>ex</strong></span> <span class='ocrx_word' id='word_1_232' title='bbox 901 2995 1100 3059; x_wconf 91' lang='lat' dir='ltr'><strong>multis,</strong></span> <span class='ocrx_word' id='word_1_233' title='bbox 1150 2994 1237 3048; x_wconf 91' lang='lat' dir='ltr'><strong>ubi</strong></span> <span class='ocrx_word' id='word_1_234' title='bbox 1276 2993 1435 3063; x_wconf 86' lang='lat' dir='ltr'><strong>jussit</strong></span> <span class='ocrx_word' id='word_1_235' title='bbox 1464 3010 1585 3049; x_wconf 88' lang='lat' dir='ltr'><strong>cum</strong></span> <span class='ocrx_word' id='word_1_236' title='bbox 1612 2997 1799 3065; x_wconf 85' lang='lat' dir='ltr'><strong>projici</strong></span> 
     </span>
    </p>
   </div>
   <div class='ocr_carea' id='block_1_30' title="bbox 226 3087 1790 3162">
    <p class='ocr_par' dir='ltr' id='par_1_30' title="bbox 226 3087 1790 3162">
     <span class='ocr_line' id='line_1_30' title="bbox 226 3087 1790 3162; baseline -0.008 -8"><span class='ocrx_word' id='word_1_237' title='bbox 226 3098 379 3162; x_wconf 83' lang='lat' dir='ltr'><strong>foras,</strong></span> <span class='ocrx_word' id='word_1_238' title='bbox 410 3104 464 3150; x_wconf 91' lang='lat' dir='ltr'><strong>et</strong></span> <span class='ocrx_word' id='word_1_239' title='bbox 495 3092 655 3147; x_wconf 88' lang='lat' dir='ltr'><strong>mittit</strong></span> <span class='ocrx_word' id='word_1_240' title='bbox 686 3090 736 3146; x_wconf 92' lang='lat' dir='ltr'><strong>in</strong></span> <span class='ocrx_word' id='word_1_241' title='bbox 764 3089 972 3145; x_wconf 90' lang='lat' dir='ltr'><strong>debitas</strong></span> <span class='ocrx_word' id='word_1_242' title='bbox 1001 3102 1204 3157; x_wconf 71' lang='lat' dir='ltr'><strong>pmnas,</strong></span> <span class='ocrx_word' id='word_1_243' title='bbox 1255 3087 1475 3157; x_wconf 89' lang='lat' dir='ltr'><strong>subjecit</strong></span> <span class='ocrx_word' id='word_1_244' title='bbox 1503 3089 1752 3142; x_wconf 89' lang='lat' dir='ltr'><strong>continuo</strong></span> <span class='ocrx_word' id='word_1_245' title='bbox 1778 3106 1790 3141; x_wconf 90' lang='lat'><strong>:</strong></span> 
     </span>
    </p>
   </div>
   <div class='ocr_carea' id='block_1_31' title="bbox 227 3177 1797 3253">
    <p class='ocr_par' dir='ltr' id='par_1_31' title="bbox 227 3177 1797 3253">
     <span class='ocr_line' id='line_1_31' title="bbox 227 3177 1797 3253; baseline -0.007 -9"><span class='ocrx_word' id='word_1_246' title='bbox 227 3188 370 3244; x_wconf 77' lang='lat' dir='ltr'><strong>Multi</strong></span> <span class='ocrx_word' id='word_1_247' title='bbox 391 3188 524 3242; x_wconf 87' lang='lat' dir='ltr'><strong>enim</strong></span> <span class='ocrx_word' id='word_1_248' title='bbox 552 3193 668 3238; x_wconf 88' lang='lat' dir='ltr'><strong>sunt</strong></span> <span class='ocrx_word' id='word_1_249' title='bbox 698 3183 877 3243; x_wconf 83' lang='lat' dir='ltr'><strong>vocati,</strong></span> <span class='ocrx_word' id='word_1_250' title='bbox 919 3181 1070 3253; x_wconf 84' lang='lat' dir='ltr'><strong>pauci</strong></span> <span class='ocrx_word' id='word_1_251' title='bbox 1093 3196 1207 3233; x_wconf 89' lang='lat' dir='ltr'><strong>vero</strong></span> <span class='ocrx_word' id='word_1_252' title='bbox 1241 3180 1386 3234; x_wconf 88' lang='lat' dir='ltr'><strong>electi</strong></span> <span class='ocrx_word' id='word_1_253' title='bbox 1424 3177 1636 3252; x_wconf 79' lang='lat' dir='ltr'><strong>(Matth.</strong></span> <span class='ocrx_word' id='word_1_254' title='bbox 1669 3196 1797 3247; x_wconf 63' lang='grc' dir='ltr'><strong>χχιι,</strong></span> 
     </span>
    </p>
   </div>
   <div class='ocr_carea' id='block_1_32' title="bbox 226 3270 1801 3351">
    <p class='ocr_par' dir='ltr' id='par_1_32' title="bbox 226 3270 1801 3351">
     <span class='ocr_line' id='line_1_32' title="bbox 226 3270 1801 3351; baseline -0.006 -16"><span class='ocrx_word' id='word_1_255' title='bbox 226 3280 428 3351; x_wconf 70' lang='grc'><strong>10-14).</strong></span> <span class='ocrx_word' id='word_1_256' title='bbox 448 3277 585 3343; x_wconf 88' lang='lat' dir='ltr'><strong>Quid</strong></span> <span class='ocrx_word' id='word_1_257' title='bbox 610 3283 692 3330; x_wconf 91' lang='lat' dir='ltr'><strong>est</strong></span> <span class='ocrx_word' id='word_1_258' title='bbox 718 3272 851 3327; x_wconf 87' lang='lat' dir='ltr'><strong>hoc?</strong></span> <span class='ocrx_word' id='word_1_259' title='bbox 876 3272 1193 3326; x_wconf 88' lang='lat' dir='ltr'><strong>Convocastt</strong></span> <span class='ocrx_word' id='word_1_260' title='bbox 1223 3270 1427 3338; x_wconf 88' lang='lat' dir='ltr'><strong>turbas,</strong></span> <span class='ocrx_word' id='word_1_261' title='bbox 1457 3273 1598 3326; x_wconf 88' lang='lat' dir='ltr'><strong>venit</strong></span> <span class='ocrx_word' id='word_1_262' title='bbox 1616 3272 1801 3342; x_wconf 84' lang='lat' dir='ltr'><strong>ingens</strong></span> 
     </span>
    </p>
   </div>
   <div class='ocr_carea' id='block_1_33' title="bbox 226 3363 1810 3433">
    <p class='ocr_par' dir='ltr' id='par_1_33' title="bbox 226 3363 1810 3433">
     <span class='ocr_line' id='line_1_33' title="bbox 226 3363 1810 3433; baseline -0.005 -6"><span class='ocrx_word' id='word_1_263' title='bbox 226 3370 533 3433; x_wconf 87' lang='lat' dir='ltr'><strong>multitudo;</strong></span> <span class='ocrx_word' id='word_1_264' title='bbox 562 3364 907 3428; x_wconf 86' lang='lat' dir='ltr'><strong>annuntiasti,</strong></span> <span class='ocrx_word' id='word_1_265' title='bbox 942 3364 1150 3417; x_wconf 90' lang='lat' dir='ltr'><strong>locutus</strong></span> <span class='ocrx_word' id='word_1_266' title='bbox 1192 3378 1274 3430; x_wconf 90' lang='lat' dir='ltr'><strong>es,</strong></span> <span class='ocrx_word' id='word_1_267' title='bbox 1318 3363 1651 3432; x_wconf 89' lang='lat' dir='ltr'><strong>multiplicati</strong></span> <span class='ocrx_word' id='word_1_268' title='bbox 1683 3373 1810 3419; x_wconf 89' lang='lat' dir='ltr'><strong>sunt</strong></span> 
     </span>
    </p>
   </div>
   <div class='ocr_carea' id='block_1_34' title="bbox 226 3454 1809 3535">
    <p class='ocr_par' dir='ltr' id='par_1_34' title="bbox 226 3454 1809 3535">
     <span class='ocr_line' id='line_1_34' title="bbox 226 3454 1809 3535; baseline -0.006 -15"><span class='ocrx_word' id='word_1_269' title='bbox 226 3478 383 3535; x_wconf 87' lang='lat' dir='ltr'><strong>super</strong></span> <span class='ocrx_word' id='word_1_270' title='bbox 415 3475 693 3516; x_wconf 85' lang='lat' dir='ltr'><strong>numerum</strong></span> <span class='ocrx_word' id='word_1_271' title='bbox 722 3457 893 3525; x_wconf 86' lang='lat' dir='ltr'><strong>(Psal.</strong></span> <span class='ocrx_word' id='word_1_272' title='bbox 925 3472 1104 3521; x_wconf 63' lang='grc' dir='ltr'>χχχιι,</span> <span class='ocrx_word' id='word_1_273' title='bbox 1126 3454 1205 3526; x_wconf 84' lang='grc'><strong>6),</strong></span> <span class='ocrx_word' id='word_1_274' title='bbox 1226 3456 1455 3526; x_wconf 64' lang='lat' dir='ltr'><strong>impletae</strong></span> <span class='ocrx_word' id='word_1_275' title='bbox 1472 3464 1595 3510; x_wconf 90' lang='lat' dir='ltr'><strong>sunt</strong></span> <span class='ocrx_word' id='word_1_276' title='bbox 1614 3457 1809 3527; x_wconf 65' lang='lat' dir='ltr'><strong>nuptiae</strong></span> 
     </span>
    </p>
   </div>
   <div class='ocr_carea' id='block_1_35' title="bbox 226 3547 1805 3620">
    <p class='ocr_par' dir='ltr' id='par_1_35' title="bbox 226 3547 1805 3620">
     <span class='ocr_line' id='line_1_35' title="bbox 226 3547 1805 3620; baseline -0.005 -9"><span class='ocrx_word' id='word_1_277' title='bbox 226 3554 676 3614; x_wconf 78' lang='lat' dir='ltr'><strong>recumbentium;</strong></span> <span class='ocrx_word' id='word_1_278' title='bbox 709 3548 974 3620; x_wconf 81' lang='lat' dir='ltr'><strong>projectus</strong></span> <span class='ocrx_word' id='word_1_279' title='bbox 1003 3558 1086 3603; x_wconf 92' lang='lat' dir='ltr'><strong>cst</strong></span> <span class='ocrx_word' id='word_1_280' title='bbox 1114 3547 1235 3602; x_wconf 91' lang='lat' dir='ltr'><strong>inde</strong></span> <span class='ocrx_word' id='word_1_281' title='bbox 1264 3550 1412 3603; x_wconf 89' lang='lat' dir='ltr'><strong>solus</strong></span> <span class='ocrx_word' id='word_1_282' title='bbox 1455 3562 1612 3615; x_wconf 89' lang='lat' dir='ltr'><strong>unus,</strong></span> <span class='ocrx_word' id='word_1_283' title='bbox 1642 3558 1697 3604; x_wconf 89' lang='lat' dir='ltr'><strong>et</strong></span> <span class='ocrx_word' id='word_1_284' title='bbox 1720 3550 1805 3604; x_wconf 89' lang='lat' dir='ltr'><strong>di-</strong></span> 
     </span>
    </p>
   </div>
   <div class='ocr_carea' id='block_1_36' title="bbox 226 3642 1807 3712">
    <p class='ocr_par' dir='ltr' id='par_1_36' title="bbox 226 3642 1807 3712">
     <span class='ocr_line' id='line_1_36' title="bbox 226 3642 1807 3712; baseline -0.003 -9"><span class='ocrx_word' id='word_1_285' title='bbox 226 3650 313 3712; x_wconf 91' lang='lat' dir='ltr'><strong>cis,</strong></span> <span class='ocrx_word' id='word_1_286' title='bbox 348 3648 506 3702; x_wconf 85' lang='lat' dir='ltr'><strong>Multi</strong></span> <span class='ocrx_word' id='word_1_287' title='bbox 531 3646 801 3699; x_wconf 87' lang='lat' dir='ltr'><strong>enimsunt</strong></span> <span class='ocrx_word' id='word_1_288' title='bbox 828 3644 1011 3707; x_wconf 84' lang='lat' dir='ltr'><strong>vocati,</strong></span> <span class='ocrx_word' id='word_1_289' title='bbox 1045 3642 1194 3710; x_wconf 87' lang='lat' dir='ltr'><strong>pauci</strong></span> <span class='ocrx_word' id='word_1_290' title='bbox 1232 3658 1348 3696; x_wconf 83' lang='lat' dir='ltr'><strong>vero</strong></span> <span class='ocrx_word' id='word_1_291' title='bbox 1374 3643 1539 3697; x_wconf 84' lang='lat' dir='ltr'><strong>electi.</strong></span> <span class='ocrx_word' id='word_1_292' title='bbox 1571 3644 1677 3698; x_wconf 86' lang='lat' dir='ltr'><strong>Cur</strong></span> <span class='ocrx_word' id='word_1_293' title='bbox 1702 3658 1807 3698; x_wconf 92' lang='lat' dir='ltr'><strong>non</strong></span> 
     </span>
    </p>
   </div>
   <div class='ocr_carea' id='block_1_37' title="bbox 227 3734 1811 3811">
    <p class='ocr_par' dir='ltr' id='par_1_37' title="bbox 227 3734 1811 3811">
     <span class='ocr_line' id='line_1_37' title="bbox 227 3734 1811 3811; baseline -0.004 -16"><span class='ocrx_word' id='word_1_294' title='bbox 227 3740 428 3811; x_wconf 88' lang='lat' dir='ltr'><strong>potius:</strong></span> <span class='ocrx_word' id='word_1_295' title='bbox 452 3736 652 3793; x_wconf 88' lang='lat' dir='ltr'><strong>Omnes</strong></span> <span class='ocrx_word' id='word_1_296' title='bbox 679 3736 871 3802; x_wconf 83' lang='lat' dir='ltr'><strong>vocati,</strong></span> <span class='ocrx_word' id='word_1_297' title='bbox 904 3734 1055 3789; x_wconf 90' lang='lat' dir='ltr'><strong>multi</strong></span> <span class='ocrx_word' id='word_1_298' title='bbox 1100 3735 1277 3802; x_wconf 88' lang='lat' dir='ltr'><strong>electi,</strong></span> <span class='ocrx_word' id='word_1_299' title='bbox 1326 3749 1463 3789; x_wconf 87' lang='lat' dir='ltr'><strong>unus</strong></span> <span class='ocrx_word' id='word_1_300' title='bbox 1502 3734 1811 3805; x_wconf 81' lang='lat' dir='ltr'><strong>projectus?</strong></span> 
     </span>
    </p>
   </div>
   <div class='ocr_carea' id='block_1_38' title="bbox 224 3826 1805 3894">
    <p class='ocr_par' dir='ltr' id='par_1_38' title="bbox 224 3826 1805 3894">
     <span class='ocr_line' id='line_1_38' title="bbox 224 3826 1805 3894; baseline -0.004 -8"><span class='ocrx_word' id='word_1_301' title='bbox 224 3834 274 3887; x_wconf 77' lang='lat' dir='ltr'><strong>Si</strong></span> <span class='ocrx_word' id='word_1_302' title='bbox 313 3831 538 3893; x_wconf 87' lang='lat' dir='ltr'><strong>diceret,</strong></span> <span class='ocrx_word' id='word_1_303' title='bbox 578 3826 728 3881; x_wconf 78' lang='lat' dir='ltr'><strong>Multi</strong></span> <span class='ocrx_word' id='word_1_304' title='bbox 754 3827 895 3881; x_wconf 92' lang='lat' dir='ltr'><strong>enim</strong></span> <span class='ocrx_word' id='word_1_305' title='bbox 936 3833 1060 3880; x_wconf 91' lang='lat' dir='ltr'><strong>sunt</strong></span> <span class='ocrx_word' id='word_1_306' title='bbox 1087 3826 1279 3893; x_wconf 90' lang='lat' dir='ltr'><strong>vocati,</strong></span> <span class='ocrx_word' id='word_1_307' title='bbox 1311 3835 1368 3881; x_wconf 91' lang='lat' dir='ltr'><strong>et</strong></span> <span class='ocrx_word' id='word_1_308' title='bbox 1416 3826 1593 3894; x_wconf 88' lang='lat' dir='ltr'><strong>plures</strong></span> <span class='ocrx_word' id='word_1_309' title='bbox 1626 3826 1805 3893; x_wconf 89' lang='lat' dir='ltr'><strong>electi,</strong></span> 
     </span>
    </p>
   </div>
   <div class='ocr_carea' id='block_1_39' title="bbox 224 3918 1813 3993">
    <p class='ocr_par' dir='ltr' id='par_1_39' title="bbox 224 3918 1813 3993">
     <span class='ocr_line' id='line_1_39' title="bbox 224 3918 1813 3993; baseline -0.002 -16"><span class='ocrx_word' id='word_1_310' title='bbox 224 3923 370 3993; x_wconf 86' lang='lat' dir='ltr'><strong>pauci</strong></span> <span class='ocrx_word' id='word_1_311' title='bbox 399 3937 527 3976; x_wconf 87' lang='lat' dir='ltr'><strong>vero</strong></span> <span class='ocrx_word' id='word_1_312' title='bbox 546 3920 787 3991; x_wconf 89' lang='lat' dir='ltr'><strong>reprobi;</strong></span> <span class='ocrx_word' id='word_1_313' title='bbox 814 3920 863 3973; x_wconf 93' lang='lat' dir='ltr'><strong>in</strong></span> <span class='ocrx_word' id='word_1_314' title='bbox 887 3919 1067 3988; x_wconf 88' lang='lat' dir='ltr'><strong>paucis</strong></span> <span class='ocrx_word' id='word_1_315' title='bbox 1089 3918 1227 3974; x_wconf 75' lang='lat' dir='ltr'><strong>forte</strong></span> <span class='ocrx_word' id='word_1_316' title='bbox 1250 3919 1588 3974; x_wconf 79' lang='lat' dir='ltr'><strong>verisimilius</strong></span> <span class='ocrx_word' id='word_1_317' title='bbox 1610 3920 1813 3975; x_wconf 87' lang='lat' dir='ltr'><strong>intelli-</strong></span> 
     </span>
    </p>
   </div>
   <div class='ocr_carea' id='block_1_40' title="bbox 223 4012 1805 4089">
    <p class='ocr_par' dir='ltr' id='par_1_40' title="bbox 223 4012 1805 4089">
     <span class='ocr_line' id='line_1_40' title="bbox 223 4012 1805 4089; baseline -0.003 -16"><span class='ocrx_word' id='word_1_318' title='bbox 223 4032 468 4089; x_wconf 85' lang='lat' dir='ltr'><strong>geremus</strong></span> <span class='ocrx_word' id='word_1_319' title='bbox 496 4030 655 4069; x_wconf 81' lang='lat' dir='ltr'><strong>llllllm</strong></span> <span class='ocrx_word' id='word_1_320' title='bbox 684 4014 853 4068; x_wconf 92' lang='lat' dir='ltr'><strong>illum.</strong></span> <span class='ocrx_word' id='word_1_321' title='bbox 879 4012 1029 4067; x_wconf 84' lang='lat' dir='ltr'><strong>Nunc</strong></span> <span class='ocrx_word' id='word_1_322' title='bbox 1051 4028 1183 4067; x_wconf 88' lang='lat' dir='ltr'><strong>vero</strong></span> <span class='ocrx_word' id='word_1_323' title='bbox 1212 4014 1341 4067; x_wconf 89' lang='lat' dir='ltr'><strong>dicit</strong></span> <span class='ocrx_word' id='word_1_324' title='bbox 1362 4013 1500 4083; x_wconf 88' lang='lat' dir='ltr'><strong>quod</strong></span> <span class='ocrx_word' id='word_1_325' title='bbox 1526 4028 1662 4067; x_wconf 92' lang='lat' dir='ltr'><strong>unus</strong></span> <span class='ocrx_word' id='word_1_326' title='bbox 1683 4014 1805 4069; x_wconf 89' lang='lat' dir='ltr'><strong>inde</strong></span> 
     </span>
    </p>
   </div>
   <div class='ocr_carea' id='block_1_41' title="bbox 227 4103 1811 4180">
    <p class='ocr_par' dir='ltr' id='par_1_41' title="bbox 227 4103 1811 4180">
     <span class='ocr_line' id='line_1_41' title="bbox 227 4103 1811 4180; baseline -0.004 -16"><span class='ocrx_word' id='word_1_327' title='bbox 227 4110 493 4180; x_wconf 75' lang='lat' dir='ltr'><strong>proiectus</strong></span> <span class='ocrx_word' id='word_1_328' title='bbox 531 4115 632 4169; x_wconf 90' lang='lat' dir='ltr'><strong>est,</strong></span> <span class='ocrx_word' id='word_1_329' title='bbox 661 4116 711 4160; x_wconf 90' lang='lat' dir='ltr'><strong>ct</strong></span> <span class='ocrx_word' id='word_1_330' title='bbox 735 4104 949 4159; x_wconf 89' lang='lat' dir='ltr'><strong>subdit:</strong></span> <span class='ocrx_word' id='word_1_331' title='bbox 977 4103 1130 4157; x_wconf 79' lang='lat' dir='ltr'><strong>Multi</strong></span> <span class='ocrx_word' id='word_1_332' title='bbox 1167 4104 1297 4158; x_wconf 88' lang='lat' dir='ltr'><strong>enim</strong></span> <span class='ocrx_word' id='word_1_333' title='bbox 1325 4114 1439 4158; x_wconf 82' lang='lat' dir='ltr'><strong>sunt</strong></span> <span class='ocrx_word' id='word_1_334' title='bbox 1458 4105 1639 4171; x_wconf 80' lang='lat' dir='ltr'><strong>vocati,</strong></span> <span class='ocrx_word' id='word_1_335' title='bbox 1664 4106 1811 4175; x_wconf 81' lang='lat' dir='ltr'><strong>pauci</strong></span> 
     </span>
    </p>
   </div>
   <div class='ocr_carea' id='block_1_42' title="bbox 225 4195 1810 4265">
    <p class='ocr_par' dir='ltr' id='par_1_42' title="bbox 225 4195 1810 4265">
     <span class='ocr_line' id='line_1_42' title="bbox 225 4195 1810 4265; baseline -0.002 -11"><span class='ocrx_word' id='word_1_336' title='bbox 225 4218 331 4254; x_wconf 66' lang='lat' dir='ltr'><strong>vero</strong></span> <span class='ocrx_word' id='word_1_337' title='bbox 359 4199 525 4254; x_wconf 85' lang='lat' dir='ltr'><strong>electi.</strong></span> <span class='ocrx_word' id='word_1_338' title='bbox 576 4197 675 4265; x_wconf 89' lang='lat' dir='ltr'><strong>Qui</strong></span> <span class='ocrx_word' id='word_1_339' title='bbox 726 4206 849 4251; x_wconf 92' lang='lat' dir='ltr'><strong>sunt</strong></span> <span class='ocrx_word' id='word_1_340' title='bbox 892 4196 1067 4261; x_wconf 86' lang='lat' dir='ltr'><strong>electi,</strong></span> <span class='ocrx_word' id='word_1_341' title='bbox 1116 4195 1217 4250; x_wconf 70' lang='lat' dir='ltr'><strong>nisi</strong></span> <span class='ocrx_word' id='word_1_342' title='bbox 1264 4196 1354 4265; x_wconf 92' lang='lat' dir='ltr'><strong>qui</strong></span> <span class='ocrx_word' id='word_1_343' title='bbox 1400 4197 1810 4251; x_wconf 88' lang='lat' dir='ltr'><strong>remanserunt?</strong></span> 
     </span>
    </p>
   </div>
   <div class='ocr_carea' id='block_1_43' title="bbox 225 4284 1810 4360">
    <p class='ocr_par' dir='ltr' id='par_1_43' title="bbox 225 4284 1810 4360">
     <span class='ocr_line' id='line_1_43' title="bbox 225 4284 1810 4360; baseline -0.004 -14"><span class='ocrx_word' id='word_1_344' title='bbox 225 4290 469 4360; x_wconf 88' lang='lat' dir='ltr'><strong>Projccto</strong></span> <span class='ocrx_word' id='word_1_345' title='bbox 501 4304 623 4353; x_wconf 86' lang='lat' dir='ltr'><strong>uno,</strong></span> <span class='ocrx_word' id='word_1_346' title='bbox 648 4286 801 4343; x_wconf 80' lang='lat' dir='ltr'><strong>electi</strong></span> <span class='ocrx_word' id='word_1_347' title='bbox 828 4294 1217 4342; x_wconf 89' lang='lat' dir='ltr'><strong>remanserunt.</strong></span> <span class='ocrx_word' id='word_1_348' title='bbox 1242 4284 1543 4351; x_wconf 88' lang='lat' dir='ltr'><strong>Quomodo,</strong></span> <span class='ocrx_word' id='word_1_349' title='bbox 1573 4287 1810 4355; x_wconf 87' lang='lat' dir='ltr'><strong>projecto</strong></span> 
     </span>
    </p>
   </div>
   <div class='ocr_carea' id='block_1_44' title="bbox 227 4376 1811 4449">
    <p class='ocr_par' dir='ltr' id='par_1_44' title="bbox 227 4376 1811 4449">
     <span class='ocr_line' id='line_1_44' title="bbox 227 4376 1811 4449; baseline -0.001 -16"><span class='ocrx_word' id='word_1_350' title='bbox 227 4397 325 4436; x_wconf 90' lang='lat' dir='ltr'><strong>uno</strong></span> <span class='ocrx_word' id='word_1_351' title='bbox 346 4381 415 4436; x_wconf 90' lang='lat' dir='ltr'><strong>de</strong></span> <span class='ocrx_word' id='word_1_352' title='bbox 438 4380 641 4444; x_wconf 86' lang='lat' dir='ltr'><strong>multis,</strong></span> <span class='ocrx_word' id='word_1_353' title='bbox 664 4378 811 4449; x_wconf 87' lang='lat' dir='ltr'><strong>pauci</strong></span> <span class='ocrx_word' id='word_1_354' title='bbox 837 4378 1012 4441; x_wconf 87' lang='lat' dir='ltr'><strong>electi,</strong></span> <span class='ocrx_word' id='word_1_355' title='bbox 1038 4376 1138 4431; x_wconf 92' lang='lat' dir='ltr'><strong>nisi</strong></span> <span class='ocrx_word' id='word_1_356' title='bbox 1161 4377 1282 4446; x_wconf 88' lang='lat' dir='ltr'><strong>quia</strong></span> <span class='ocrx_word' id='word_1_357' title='bbox 1309 4376 1359 4430; x_wconf 91' lang='lat' dir='ltr'><strong>in</strong></span> <span class='ocrx_word' id='word_1_358' title='bbox 1384 4376 1473 4430; x_wconf 89' lang='lat' dir='ltr'><strong>illo</strong></span> <span class='ocrx_word' id='word_1_359' title='bbox 1495 4392 1599 4430; x_wconf 92' lang='lat' dir='ltr'><strong>uno</strong></span> <span class='ocrx_word' id='word_1_360' title='bbox 1620 4377 1811 4431; x_wconf 79' lang='lat' dir='ltr'><strong>multi?</strong></span> 
     </span>
    </p>
   </div>
   <div class='ocr_carea' id='block_1_45' title="bbox 225 4471 1809 4544">
    <p class='ocr_par' dir='ltr' id='par_1_45' title="bbox 225 4471 1809 4544">
     <span class='ocr_line' id='line_1_45' title="bbox 225 4471 1809 4544; baseline -0.003 -14"><span class='ocrx_word' id='word_1_361' title='bbox 225 4476 421 4531; x_wconf 84' lang='lat' dir='ltr'><strong>Omnes</strong></span> <span class='ocrx_word' id='word_1_362' title='bbox 473 4475 564 4544; x_wconf 89' lang='lat' dir='ltr'><strong>qui</strong></span> <span class='ocrx_word' id='word_1_363' title='bbox 610 4484 819 4529; x_wconf 88' lang='lat' dir='ltr'><strong>terrena</strong></span> <span class='ocrx_word' id='word_1_364' title='bbox 849 4473 1081 4543; x_wconf 83' lang='lat' dir='ltr'><strong>sapiunt,</strong></span> <span class='ocrx_word' id='word_1_365' title='bbox 1129 4488 1315 4526; x_wconf 89' lang='lat' dir='ltr'><strong>onmes</strong></span> <span class='ocrx_word' id='word_1_366' title='bbox 1360 4472 1452 4543; x_wconf 92' lang='lat' dir='ltr'><strong>qui</strong></span> <span class='ocrx_word' id='word_1_367' title='bbox 1503 4471 1809 4526; x_wconf 81' lang='lat' dir='ltr'><strong>felicitatem</strong></span> 
     </span>
    </p>
   </div>
   <div class='ocr_carea' id='block_1_46' title="bbox 227 4562 1808 4635">
    <p class='ocr_par' dir='ltr' id='par_1_46' title="bbox 227 4562 1808 4635">
     <span class='ocr_line' id='line_1_46' title="bbox 227 4562 1808 4635; baseline -0.003 -13"><span class='ocrx_word' id='word_1_368' title='bbox 227 4578 492 4624; x_wconf 88' lang='lat' dir='ltr'><strong>terrenam</strong></span> <span class='ocrx_word' id='word_1_369' title='bbox 513 4566 622 4620; x_wconf 91' lang='lat' dir='ltr'><strong>Deo</strong></span> <span class='ocrx_word' id='word_1_370' title='bbox 641 4564 951 4635; x_wconf 75' lang='lat' dir='ltr'><strong>prteferunt,</strong></span> <span class='ocrx_word' id='word_1_371' title='bbox 980 4579 1166 4618; x_wconf 84' lang='lat' dir='ltr'><strong>omnes</strong></span> <span class='ocrx_word' id='word_1_372' title='bbox 1187 4562 1277 4633; x_wconf 86' lang='lat' dir='ltr'><strong>qui</strong></span> <span class='ocrx_word' id='word_1_373' title='bbox 1302 4578 1395 4618; x_wconf 92' lang='lat' dir='ltr'><strong>sua</strong></span> <span class='ocrx_word' id='word_1_374' title='bbox 1418 4572 1681 4634; x_wconf 83' lang='lat' dir='ltr'><strong>quaerunt,</strong></span> <span class='ocrx_word' id='word_1_375' title='bbox 1702 4578 1808 4618; x_wconf 92' lang='lat' dir='ltr'><strong>non</strong></span> 
     </span>
    </p>
   </div>
   <div class='ocr_carea' id='block_1_47' title="bbox 226 4653 1809 4728">
    <p class='ocr_par' dir='ltr' id='par_1_47' title="bbox 226 4653 1809 4728">
     <span class='ocr_line' id='line_1_47' title="bbox 226 4653 1809 4728; baseline -0.001 -16"><span class='ocrx_word' id='word_1_376' title='bbox 226 4676 338 4728; x_wconf 68' lang='lat' dir='ltr'><strong>qua:</strong></span> <span class='ocrx_word' id='word_1_377' title='bbox 378 4657 510 4713; x_wconf 89' lang='lat' dir='ltr'><strong>Jesu</strong></span> <span class='ocrx_word' id='word_1_378' title='bbox 552 4655 747 4711; x_wconf 88' lang='lat' dir='ltr'><strong>Christi</strong></span> <span class='ocrx_word' id='word_1_379' title='bbox 796 4654 1053 4727; x_wconf 83' lang='lat' dir='ltr'><strong>(Philipp.</strong></span> <span class='ocrx_word' id='word_1_380' title='bbox 1100 4670 1157 4719; x_wconf 84' lang='grc' dir='ltr'><strong>ιι,</strong></span> <span class='ocrx_word' id='word_1_381' title='bbox 1198 4653 1331 4721; x_wconf 74' lang='grc'><strong>21),</strong></span> <span class='ocrx_word' id='word_1_382' title='bbox 1363 4654 1429 4709; x_wconf 90' lang='lat' dir='ltr'><strong>ad</strong></span> <span class='ocrx_word' id='word_1_383' title='bbox 1462 4670 1617 4709; x_wconf 88' lang='lat' dir='ltr'><strong>unam</strong></span> <span class='ocrx_word' id='word_1_384' title='bbox 1664 4654 1809 4710; x_wconf 90' lang='lat' dir='ltr'><strong>illam</strong></span> 
     </span>
    </p>
   </div>
   <div class='ocr_carea' id='block_1_48' title="bbox 225 4746 1808 4819">
    <p class='ocr_par' dir='ltr' id='par_1_48' title="bbox 225 4746 1808 4819">
     <span class='ocr_line' id='line_1_48' title="bbox 225 4746 1808 4819; baseline -0.001 -15"><span class='ocrx_word' id='word_1_385' title='bbox 225 4751 497 4804; x_wconf 86' lang='lat' dir='ltr'><strong>civitatem</strong></span> <span class='ocrx_word' id='word_1_386' title='bbox 539 4749 824 4817; x_wconf 88' lang='lat' dir='ltr'><strong>pertinent,</strong></span> <span class='ocrx_word' id='word_1_387' title='bbox 875 4763 994 4817; x_wconf 80' lang='lat' dir='ltr'><strong>qua:</strong></span> <span class='ocrx_word' id='word_1_388' title='bbox 1023 4746 1215 4800; x_wconf 92' lang='lat' dir='ltr'><strong>dicitur</strong></span> <span class='ocrx_word' id='word_1_389' title='bbox 1244 4746 1533 4817; x_wconf 84' lang='lat' dir='ltr'><strong>Babylonia</strong></span> <span class='ocrx_word' id='word_1_390' title='bbox 1564 4747 1808 4819; x_wconf 85' lang='lat' dir='ltr'><strong>mystice,</strong></span> 
     </span>
    </p>
   </div>
   <div class='ocr_carea' id='block_1_49' title="bbox 224 4839 1811 4911">
    <p class='ocr_par' dir='ltr' id='par_1_49' title="bbox 224 4839 1811 4911">
     <span class='ocr_line' id='line_1_49' title="bbox 224 4839 1811 4911; baseline -0.001 -14"><span class='ocrx_word' id='word_1_391' title='bbox 224 4852 274 4897; x_wconf 88' lang='lat' dir='ltr'><strong>et</strong></span> <span class='ocrx_word' id='word_1_392' title='bbox 299 4842 463 4901; x_wconf 79' lang='lat' dir='ltr'><strong>habet</strong></span> <span class='ocrx_word' id='word_1_393' title='bbox 492 4855 670 4911; x_wconf 81' lang='lat' dir='ltr'><strong>regem</strong></span> <span class='ocrx_word' id='word_1_394' title='bbox 700 4839 989 4894; x_wconf 87' lang='lat' dir='ltr'><strong>diabolum.</strong></span> <span class='ocrx_word' id='word_1_395' title='bbox 1039 4839 1236 4893; x_wconf 89' lang='lat' dir='ltr'><strong>Omnes</strong></span> <span class='ocrx_word' id='word_1_396' title='bbox 1284 4849 1460 4894; x_wconf 89' lang='lat' dir='ltr'><strong>autem</strong></span> <span class='ocrx_word' id='word_1_397' title='bbox 1491 4840 1579 4909; x_wconf 91' lang='lat' dir='ltr'><strong>qui</strong></span> <span class='ocrx_word' id='word_1_398' title='bbox 1606 4854 1668 4895; x_wconf 89' lang='lat' dir='ltr'><strong>ea</strong></span> <span class='ocrx_word' id='word_1_399' title='bbox 1692 4855 1811 4909; x_wconf 74' lang='lat' dir='ltr'><strong>qua:</strong></span> 
     </span>
    </p>
   </div>
   <div class='ocr_carea' id='block_1_50' title="bbox 223 4930 1809 5002">
    <p class='ocr_par' dir='ltr' id='par_1_50' title="bbox 223 4930 1809 5002">
     <span class='ocr_line' id='line_1_50' title="bbox 223 4930 1809 5002; baseline -0.001 -15"><span class='ocrx_word' id='word_1_400' title='bbox 223 4950 433 4989; x_wconf 84' lang='lat' dir='ltr'><strong>sursum</strong></span> <span class='ocrx_word' id='word_1_401' title='bbox 473 4941 600 4987; x_wconf 86' lang='lat' dir='ltr'><strong>sunt</strong></span> <span class='ocrx_word' id='word_1_402' title='bbox 643 4932 885 5002; x_wconf 87' lang='lat' dir='ltr'><strong>sapiunt,</strong></span> <span class='ocrx_word' id='word_1_403' title='bbox 926 4931 1015 5001; x_wconf 89' lang='lat' dir='ltr'><strong>qui</strong></span> <span class='ocrx_word' id='word_1_404' title='bbox 1062 4930 1301 4985; x_wconf 66' lang='lat' dir='ltr'><strong>caelestia</strong></span> <span class='ocrx_word' id='word_1_405' title='bbox 1347 4930 1689 4995; x_wconf 88' lang='lat' dir='ltr'><strong>meditantur,</strong></span> <span class='ocrx_word' id='word_1_406' title='bbox 1720 4932 1809 5001; x_wconf 91' lang='lat' dir='ltr'><strong>qui</strong></span> 
     </span>
    </p>
   </div>
   <div class='ocr_carea' id='block_1_51' title="bbox 226 5022 1807 5091">
    <p class='ocr_par' dir='ltr' id='par_1_51' title="bbox 226 5022 1807 5091">
     <span class='ocr_line' id='line_1_51' title="bbox 226 5022 1807 5091; baseline -0.002 -12"><span class='ocrx_word' id='word_1_407' title='bbox 226 5044 340 5081; x_wconf 81' lang='lat' dir='ltr'><strong>cum</strong></span> <span class='ocrx_word' id='word_1_408' title='bbox 365 5024 728 5081; x_wconf 89' lang='lat' dir='ltr'><strong>sollicitudine</strong></span> <span class='ocrx_word' id='word_1_409' title='bbox 755 5023 806 5078; x_wconf 93' lang='lat' dir='ltr'><strong>in</strong></span> <span class='ocrx_word' id='word_1_410' title='bbox 825 5024 1022 5079; x_wconf 73' lang='lat' dir='ltr'><strong>smculo</strong></span> <span class='ocrx_word' id='word_1_411' title='bbox 1044 5024 1223 5078; x_wconf 86' lang='lat' dir='ltr'><strong>vivunt</strong></span> <span class='ocrx_word' id='word_1_412' title='bbox 1246 5038 1312 5079; x_wconf 89' lang='lat' dir='ltr'><strong>ne</strong></span> <span class='ocrx_word' id='word_1_413' title='bbox 1331 5023 1494 5078; x_wconf 86' lang='lat' dir='ltr'><strong>Deum</strong></span> <span class='ocrx_word' id='word_1_414' title='bbox 1514 5022 1807 5091; x_wconf 69' lang='lat' dir='ltr'><strong>offendant,</strong></span> 
     </span>
    </p>
   </div>
   <div class='ocr_carea' id='block_1_52' title="bbox 225 5114 1811 5187">
    <p class='ocr_par' dir='ltr' id='par_1_52' title="bbox 225 5114 1811 5187">
     <span class='ocr_line' id='line_1_52' title="bbox 225 5114 1811 5187; baseline 0 -18"><span class='ocrx_word' id='word_1_415' title='bbox 225 5118 311 5186; x_wconf 90' lang='lat' dir='ltr'><strong>qui</strong></span> <span class='ocrx_word' id='word_1_416' title='bbox 342 5124 538 5172; x_wconf 89' lang='lat' dir='ltr'><strong>cavent</strong></span> <span class='ocrx_word' id='word_1_417' title='bbox 566 5130 810 5186; x_wconf 84' lang='lat' dir='ltr'><strong>peccare,</strong></span> <span class='ocrx_word' id='word_1_418' title='bbox 842 5130 978 5187; x_wconf 89' lang='lat' dir='ltr'><strong>quos</strong></span> <span class='ocrx_word' id='word_1_419' title='bbox 1008 5124 1289 5185; x_wconf 82' lang='lat' dir='ltr'><strong>peccantes</strong></span> <span class='ocrx_word' id='word_1_420' title='bbox 1318 5129 1423 5169; x_wconf 91' lang='lat' dir='ltr'><strong>non</strong></span> <span class='ocrx_word' id='word_1_421' title='bbox 1452 5114 1615 5185; x_wconf 87' lang='lat' dir='ltr'><strong>pudet</strong></span> <span class='ocrx_word' id='word_1_422' title='bbox 1642 5114 1811 5170; x_wconf 82' lang='lat' dir='ltr'><strong>conli-</strong></span> 
     </span>
    </p>
   </div>
   <div class='ocr_carea' id='block_1_53' title="bbox 225 5207 1813 5278">
    <p class='ocr_par' dir='ltr' id='par_1_53' title="bbox 225 5207 1813 5278">
     <span class='ocr_line' id='line_1_53' title="bbox 225 5207 1813 5278; baseline 0.001 -14"><span class='ocrx_word' id='word_1_423' title='bbox 225 5210 346 5276; x_wconf 88' lang='lat' dir='ltr'><strong>teri,</strong></span> <span class='ocrx_word' id='word_1_424' title='bbox 381 5208 637 5273; x_wconf 87' lang='lat' dir='ltr'><strong>humiles,</strong></span> <span class='ocrx_word' id='word_1_425' title='bbox 672 5209 848 5275; x_wconf 88' lang='lat' dir='ltr'><strong>mites,</strong></span> <span class='ocrx_word' id='word_1_426' title='bbox 890 5208 1081 5274; x_wconf 89' lang='lat' dir='ltr'><strong>sancti,</strong></span> <span class='ocrx_word' id='word_1_427' title='bbox 1118 5208 1270 5278; x_wconf 88' lang='lat' dir='ltr'><strong>justi,</strong></span> <span class='ocrx_word' id='word_1_428' title='bbox 1302 5207 1396 5278; x_wconf 90' lang='lat' dir='ltr'><strong>pii,</strong></span> <span class='ocrx_word' id='word_1_429' title='bbox 1437 5208 1598 5274; x_wconf 89' lang='lat' dir='ltr'><strong>boni;</strong></span> <span class='ocrx_word' id='word_1_430' title='bbox 1626 5224 1813 5266; x_wconf 90' lang='lat' dir='ltr'><strong>omnes</strong></span> 
     </span>
    </p>
   </div>
   <div class='ocr_carea' id='block_1_54' title="bbox 223 5301 1815 5373">
    <p class='ocr_par' dir='ltr' id='par_1_54' title="bbox 223 5301 1815 5373">
     <span class='ocr_line' id='line_1_54' title="bbox 223 5301 1815 5373; baseline -0.001 -14"><span class='ocrx_word' id='word_1_431' title='bbox 223 5302 290 5359; x_wconf 84' lang='lat' dir='ltr'><strong>ad</strong></span> <span class='ocrx_word' id='word_1_432' title='bbox 320 5319 481 5358; x_wconf 91' lang='lat' dir='ltr'><strong>uuam</strong></span> <span class='ocrx_word' id='word_1_433' title='bbox 505 5303 777 5357; x_wconf 88' lang='lat' dir='ltr'><strong>civitatem</strong></span> <span class='ocrx_word' id='word_1_434' title='bbox 801 5302 1088 5372; x_wconf 84' lang='lat' dir='ltr'><strong>pertinent,</strong></span> <span class='ocrx_word' id='word_1_435' title='bbox 1120 5318 1239 5372; x_wconf 71' lang='lat' dir='ltr'><strong>qua:</strong></span> <span class='ocrx_word' id='word_1_436' title='bbox 1266 5318 1441 5373; x_wconf 82' lang='lat' dir='ltr'><strong>regem</strong></span> <span class='ocrx_word' id='word_1_437' title='bbox 1470 5303 1631 5359; x_wconf 86' lang='lat' dir='ltr'><strong>habet</strong></span> <span class='ocrx_word' id='word_1_438' title='bbox 1658 5301 1815 5359; x_wconf 87' lang='lat' dir='ltr'><strong>Chri-</strong></span> 
     </span>
    </p>
   </div>
   <div class='ocr_carea' id='block_1_55' title="bbox 228 5393 1809 5467">
    <p class='ocr_par' dir='ltr' id='par_1_55' title="bbox 228 5393 1809 5467">
     <span class='ocr_line' id='line_1_55' title="bbox 228 5393 1809 5467; baseline 0.002 -19"><span class='ocrx_word' id='word_1_439' title='bbox 228 5405 390 5451; x_wconf 87' lang='lat' dir='ltr'><strong>stum.</strong></span> <span class='ocrx_word' id='word_1_440' title='bbox 418 5395 510 5449; x_wconf 91' lang='lat' dir='ltr'><strong>llla</strong></span> <span class='ocrx_word' id='word_1_441' title='bbox 534 5396 675 5449; x_wconf 91' lang='lat' dir='ltr'><strong>enim</strong></span> <span class='ocrx_word' id='word_1_442' title='bbox 703 5394 754 5449; x_wconf 91' lang='lat' dir='ltr'><strong>in</strong></span> <span class='ocrx_word' id='word_1_443' title='bbox 781 5405 917 5450; x_wconf 90' lang='lat' dir='ltr'><strong>terra</strong></span> <span class='ocrx_word' id='word_1_444' title='bbox 938 5395 1087 5466; x_wconf 89' lang='lat' dir='ltr'><strong>quasi</strong></span> <span class='ocrx_word' id='word_1_445' title='bbox 1110 5393 1282 5465; x_wconf 88' lang='lat' dir='ltr'><strong>major</strong></span> <span class='ocrx_word' id='word_1_446' title='bbox 1301 5405 1383 5451; x_wconf 90' lang='lat' dir='ltr'><strong>est</strong></span> <span class='ocrx_word' id='word_1_447' title='bbox 1411 5404 1679 5467; x_wconf 88' lang='lat' dir='ltr'><strong>tempore;</strong></span> <span class='ocrx_word' id='word_1_448' title='bbox 1706 5411 1809 5451; x_wconf 91' lang='lat' dir='ltr'><strong>non</strong></span> 
     </span>
    </p>
   </div>
   <div class='ocr_carea' id='block_1_56' title="bbox 228 5484 1810 5557">
    <p class='ocr_par' dir='ltr' id='par_1_56' title="bbox 228 5484 1810 5557">
     <span class='ocr_line' id='line_1_56' title="bbox 228 5484 1810 5557; baseline 0.003 -18"><span class='ocrx_word' id='word_1_449' title='bbox 228 5487 573 5552; x_wconf 87' lang='lat' dir='ltr'><strong>sublimitate,</strong></span> <span class='ocrx_word' id='word_1_450' title='bbox 622 5500 727 5544; x_wconf 91' lang='lat' dir='ltr'><strong>non</strong></span> <span class='ocrx_word' id='word_1_451' title='bbox 757 5487 978 5541; x_wconf 86' lang='lat' dir='ltr'><strong>honore.</strong></span> <span class='ocrx_word' id='word_1_452' title='bbox 1022 5484 1221 5543; x_wconf 85' lang='lat' dir='ltr'><strong>Civitas</strong></span> <span class='ocrx_word' id='word_1_453' title='bbox 1251 5486 1337 5541; x_wconf 88' lang='lat' dir='ltr'><strong>illa</strong></span> <span class='ocrx_word' id='word_1_454' title='bbox 1370 5488 1516 5557; x_wconf 90' lang='lat' dir='ltr'><strong>prior</strong></span> <span class='ocrx_word' id='word_1_455' title='bbox 1546 5499 1697 5553; x_wconf 88' lang='lat' dir='ltr'><strong>nata;</strong></span> <span class='ocrx_word' id='word_1_456' title='bbox 1728 5489 1810 5544; x_wconf 92' lang='lat' dir='ltr'><strong>ci-</strong></span> 
     </span>
    </p>
   </div>
   <div class='ocr_carea' id='block_1_57' title="bbox 230 5576 1809 5648">
    <p class='ocr_par' dir='ltr' id='par_1_57' title="bbox 230 5576 1809 5648">
     <span class='ocr_line' id='line_1_57' title="bbox 230 5576 1809 5648; baseline 0.005 -20"><span class='ocrx_word' id='word_1_457' title='bbox 230 5577 360 5630; x_wconf 87' lang='lat' dir='ltr'><strong>vitas</strong></span> <span class='ocrx_word' id='word_1_458' title='bbox 404 5577 504 5631; x_wconf 84' lang='lat' dir='ltr'><strong>ista</strong></span> <span class='ocrx_word' id='word_1_459' title='bbox 551 5576 814 5645; x_wconf 88' lang='lat' dir='ltr'><strong>posterior</strong></span> <span class='ocrx_word' id='word_1_460' title='bbox 841 5587 986 5631; x_wconf 87' lang='lat' dir='ltr'><strong>nata.</strong></span> <span class='ocrx_word' id='word_1_461' title='bbox 1018 5576 1107 5634; x_wconf 89' lang='lat' dir='ltr'><strong>Illa</strong></span> <span class='ocrx_word' id='word_1_462' title='bbox 1151 5577 1300 5634; x_wconf 55' lang='lat' dir='ltr'><strong>vim</strong></span> <span class='ocrx_word' id='word_1_463' title='bbox 1344 5578 1614 5648; x_wconf 71' lang='lat' dir='ltr'><strong>incoepita</strong></span> <span class='ocrx_word' id='word_1_464' title='bbox 1644 5579 1809 5647; x_wconf 86' lang='lat' dir='ltr'><strong>Cain;</strong></span> 
     </span>
    </p>
   </div>
   <div class='ocr_carea' id='block_1_58' title="bbox 234 5667 1811 5741">
    <p class='ocr_par' dir='ltr' id='par_1_58' title="bbox 234 5667 1811 5741">
     <span class='ocr_line' id='line_1_58' title="bbox 234 5667 1811 5741; baseline 0.005 -20"><span class='ocrx_word' id='word_1_465' title='bbox 234 5667 344 5721; x_wconf 71' lang='lat' dir='ltr'><strong>ltazc</strong></span> <span class='ocrx_word' id='word_1_466' title='bbox 375 5669 443 5722; x_wconf 91' lang='lat' dir='ltr'><strong>ab</strong></span> <span class='ocrx_word' id='word_1_467' title='bbox 484 5668 637 5723; x_wconf 80' lang='lat' dir='ltr'><strong>Abel.</strong></span> <span class='ocrx_word' id='word_1_468' title='bbox 670 5669 794 5727; x_wconf 70' lang='lat' dir='ltr'><strong>llaec</strong></span> <span class='ocrx_word' id='word_1_469' title='bbox 837 5670 942 5723; x_wconf 91' lang='lat' dir='ltr'><strong>duo</strong></span> <span class='ocrx_word' id='word_1_470' title='bbox 980 5684 1207 5739; x_wconf 68' lang='lat' dir='ltr'><strong>corpeus</strong></span> <span class='ocrx_word' id='word_1_471' title='bbox 1232 5670 1335 5727; x_wconf 73' lang='lat' dir='ltr'><strong>wh</strong></span> <span class='ocrx_word' id='word_1_472' title='bbox 1362 5669 1569 5726; x_wconf 90' lang='lat' dir='ltr'><strong>duobus</strong></span> <span class='ocrx_word' id='word_1_473' title='bbox 1598 5672 1811 5741; x_wconf 79' lang='lat' dir='ltr'><strong>regibus</strong></span> 
     </span>
    </p>
   </div>
   <div class='ocr_carea' id='block_1_59' title="bbox 232 5762 1812 5834">
    <p class='ocr_par' dir='ltr' id='par_1_59' title="bbox 232 5762 1812 5834">
     <span class='ocr_line' id='line_1_59' title="bbox 232 5762 1812 5834; baseline 0 -15"><span class='ocrx_word' id='word_1_474' title='bbox 232 5764 458 5829; x_wconf 75' lang='lat' dir='ltr'><strong>ageiitia,</strong></span> <span class='ocrx_word' id='word_1_475' title='bbox 484 5762 551 5817; x_wconf 88' lang='lat' dir='ltr'><strong>ad</strong></span> <span class='ocrx_word' id='word_1_476' title='bbox 572 5764 807 5833; x_wconf 85' lang='lat' dir='ltr'><strong>singulas</strong></span> <span class='ocrx_word' id='word_1_477' title='bbox 825 5765 1069 5820; x_wconf 87' lang='lat' dir='ltr'><strong>civitates</strong></span> <span class='ocrx_word' id='word_1_478' title='bbox 1090 5765 1427 5834; x_wconf 83' lang='lat' dir='ltr'><strong>pertinentia,</strong></span> <span class='ocrx_word' id='word_1_479' title='bbox 1463 5766 1812 5820; x_wconf 87' lang='lat' dir='ltr'><strong>adversantur</strong></span> 
     </span>
    </p>
   </div>
   <div class='ocr_carea' id='block_1_60' title="bbox 235 5854 1843 5929">
    <p class='ocr_par' dir='ltr' id='par_1_60' title="bbox 235 5854 1843 5929">
     <span class='ocr_line' id='line_1_60' title="bbox 235 5854 1843 5929; baseline 0.007 -22"><span class='ocrx_word' id='word_1_480' title='bbox 235 5854 331 5910; x_wconf 87' lang='lat' dir='ltr'><strong>sibi</strong></span> <span class='ocrx_word' id='word_1_481' title='bbox 358 5856 599 5928; x_wconf 80' lang='lat' dir='ltr'><strong>usqaeiu</strong></span> <span class='ocrx_word' id='word_1_482' title='bbox 621 5857 778 5915; x_wconf 86' lang='lat' dir='ltr'><strong>tinem</strong></span> <span class='ocrx_word' id='word_1_483' title='bbox 804 5859 1005 5929; x_wconf 72' lang='lat' dir='ltr'><strong>steculi,</strong></span> <span class='ocrx_word' id='word_1_484' title='bbox 1031 5858 1202 5916; x_wconf 84' lang='lat' dir='ltr'><strong>donec</strong></span> <span class='ocrx_word' id='word_1_485' title='bbox 1228 5857 1320 5915; x_wconf 82' lang='lat' dir='ltr'><strong>tiat</strong></span> <span class='ocrx_word' id='word_1_486' title='bbox 1338 5873 1403 5917; x_wconf 84' lang='lat' dir='ltr'><strong>ex</strong></span> <span class='ocrx_word' id='word_1_487' title='bbox 1424 5860 1805 5918; x_wconf 81' lang='lat' dir='ltr'><strong>commixtione</strong></span> <span class='ocrx_word' id='word_1_488' title='bbox 1830 5899 1843 5907; x_wconf 65' lang='grc' dir='ltr'><strong>ι</strong></span> 
     </span>
    </p>
   </div>
   <div class='ocr_carea' id='block_1_61' title="bbox 1401 374 2430 448">
    <p class='ocr_par' dir='ltr' id='par_1_61' title="bbox 1401 374 2430 448">
     <span class='ocr_line' id='line_1_61' title="bbox 1401 374 2430 448; baseline -0.001 0"><span class='ocrx_word' id='word_1_489' title='bbox 1401 388 1794 448; x_wconf 64' lang='lat' dir='ltr'><strong>ENARRATIO</strong></span> <span class='ocrx_word' id='word_1_490' title='bbox 1832 386 1897 442; x_wconf 80' lang='lat' dir='ltr'><strong>IN</strong></span> <span class='ocrx_word' id='word_1_491' title='bbox 1937 388 2255 447; x_wconf 73' lang='lat' dir='ltr'><strong>PSALMUM</strong></span> <span class='ocrx_word' id='word_1_492' title='bbox 2297 374 2430 448; x_wconf 75' lang='lat' dir='ltr'><strong>LXI.</strong></span> 
     </span>
    </p>
   </div>
   <div class='ocr_carea' id='block_1_62' title="bbox 1899 503 3475 577">
    <p class='ocr_par' dir='ltr' id='par_1_62' title="bbox 1899 503 3475 577">
     <span class='ocr_line' id='line_1_62' title="bbox 1899 503 3475 577; baseline 0.008 -21"><span class='ocrx_word' id='word_1_493' title='bbox 1899 503 2190 571; x_wconf 84' lang='lat' dir='ltr'><strong>separatio,</strong></span> <span class='ocrx_word' id='word_1_494' title='bbox 2220 513 2276 559; x_wconf 89' lang='lat' dir='ltr'><strong>et</strong></span> <span class='ocrx_word' id='word_1_495' title='bbox 2303 504 2392 558; x_wconf 85' lang='lat' dir='ltr'><strong>alii</strong></span> <span class='ocrx_word' id='word_1_496' title='bbox 2422 513 2683 574; x_wconf 86' lang='lat' dir='ltr'><strong>ponantur</strong></span> <span class='ocrx_word' id='word_1_497' title='bbox 2704 506 2772 560; x_wconf 87' lang='lat' dir='ltr'><strong>ad</strong></span> <span class='ocrx_word' id='word_1_498' title='bbox 2793 508 3088 577; x_wconf 78' lang='lat' dir='ltr'><strong>dexteram,</strong></span> <span class='ocrx_word' id='word_1_499' title='bbox 3120 510 3210 565; x_wconf 90' lang='lat' dir='ltr'><strong>alii</strong></span> <span class='ocrx_word' id='word_1_500' title='bbox 3241 509 3312 565; x_wconf 91' lang='lat' dir='ltr'><strong>ad</strong></span> <span class='ocrx_word' id='word_1_501' title='bbox 3339 508 3475 571; x_wconf 81' lang='lat' dir='ltr'><strong>sial-</strong></span> 
     </span>
    </p>
   </div>
   <div class='ocr_carea' id='block_1_63' title="bbox 1900 596 3472 672">
    <p class='ocr_par' dir='ltr' id='par_1_63' title="bbox 1900 596 3472 672">
     <span class='ocr_line' id='line_1_63' title="bbox 1900 596 3472 672; baseline 0.007 -23"><span class='ocrx_word' id='word_1_502' title='bbox 1900 604 2086 660; x_wconf 84' lang='lat' dir='ltr'><strong>stram,</strong></span> <span class='ocrx_word' id='word_1_503' title='bbox 2131 596 2446 667; x_wconf 89' lang='lat' dir='ltr'><strong>dicaturque</strong></span> <span class='ocrx_word' id='word_1_504' title='bbox 2492 598 2627 653; x_wconf 88' lang='lat' dir='ltr'><strong>illis:</strong></span> <span class='ocrx_word' id='word_1_505' title='bbox 2668 598 2856 661; x_wconf 83' lang='lat' dir='ltr'><strong>Venite,</strong></span> <span class='ocrx_word' id='word_1_506' title='bbox 2893 602 3134 656; x_wconf 80' lang='lat' dir='ltr'><strong>benedicti</strong></span> <span class='ocrx_word' id='word_1_507' title='bbox 3159 602 3332 658; x_wconf 84' lang='lat' dir='ltr'><strong>Patris</strong></span> <span class='ocrx_word' id='word_1_508' title='bbox 3355 604 3472 672; x_wconf 79' lang='lat' dir='ltr'><strong>mei,</strong></span> 
     </span>
    </p>
   </div>
   <div class='ocr_carea' id='block_1_64' title="bbox 1901 688 3477 760">
    <p class='ocr_par' dir='ltr' id='par_1_64' title="bbox 1901 688 3477 760">
     <span class='ocr_line' id='line_1_64' title="bbox 1901 688 3477 760; baseline 0.008 -21"><span class='ocrx_word' id='word_1_509' title='bbox 1901 688 2139 755; x_wconf 78' lang='lat' dir='ltr'><strong>percipite</strong></span> <span class='ocrx_word' id='word_1_510' title='bbox 2182 705 2393 760; x_wconf 83' lang='lat' dir='ltr'><strong>regnum</strong></span> <span class='ocrx_word' id='word_1_511' title='bbox 2440 692 2575 759; x_wconf 83' lang='lat' dir='ltr'><strong>quod</strong></span> <span class='ocrx_word' id='word_1_512' title='bbox 2616 691 2752 744; x_wconf 75' lang='lat' dir='ltr'><strong>vobis</strong></span> <span class='ocrx_word' id='word_1_513' title='bbox 2793 702 3027 760; x_wconf 82' lang='lat' dir='ltr'><strong>paratum</strong></span> <span class='ocrx_word' id='word_1_514' title='bbox 3069 705 3142 749; x_wconf 92' lang='lat' dir='ltr'><strong>est</strong></span> <span class='ocrx_word' id='word_1_515' title='bbox 3179 696 3245 750; x_wconf 85' lang='lat' dir='ltr'><strong>ab</strong></span> <span class='ocrx_word' id='word_1_516' title='bbox 3268 697 3477 752; x_wconf 70' lang='lat' dir='ltr'><strong>eaaordio</strong></span> 
     </span>
    </p>
   </div>
   <div class='ocr_carea' id='block_1_65' title="bbox 1902 768 3569 862">
    <p class='ocr_par' dir='ltr' id='par_1_65' title="bbox 1902 768 3569 862">
     <span class='ocr_line' id='line_1_65' title="bbox 1902 768 3569 862; baseline 0.01 -32"><span class='ocrx_word' id='word_1_517' title='bbox 1902 780 2110 845; x_wconf 79' lang='lat' dir='ltr'><strong>mundi;</strong></span> <span class='ocrx_word' id='word_1_518' title='bbox 2140 782 2248 836; x_wconf 90' lang='lat' dir='ltr'><strong>illis</strong></span> <span class='ocrx_word' id='word_1_519' title='bbox 2275 792 2486 837; x_wconf 85' lang='lat' dir='ltr'><strong>autem:</strong></span> <span class='ocrx_word' id='word_1_520' title='bbox 2519 784 2545 837; x_wconf 87' lang='lat' dir='ltr'><strong>l</strong></span> <span class='ocrx_word' id='word_1_521' title='bbox 2556 794 2602 837; x_wconf 89' lang='lat' dir='ltr'><strong>te</strong></span> <span class='ocrx_word' id='word_1_522' title='bbox 2627 785 2677 836; x_wconf 89' lang='lat' dir='ltr'><strong>in</strong></span> <span class='ocrx_word' id='word_1_523' title='bbox 2723 784 2889 853; x_wconf 85' lang='lat' dir='ltr'><strong>ignem</strong></span> <span class='ocrx_word' id='word_1_524' title='bbox 2924 797 3186 854; x_wconf 78' lang='lat' dir='ltr'><strong>(eternum,</strong></span> <span class='ocrx_word' id='word_1_525' title='bbox 3213 791 3301 858; x_wconf 83' lang='lat' dir='ltr'><strong>qui</strong></span> <span class='ocrx_word' id='word_1_526' title='bbox 3324 807 3478 862; x_wconf 77' lang='lat' dir='ltr'><strong>para-</strong></span> <span class='ocrx_word' id='word_1_527' title='bbox 3568 768 3569 771; x_wconf 8' lang='grc' dir='ltr'>Ἴ</span> 
     </span>
    </p>
   </div>
   <div class='ocr_carea' id='block_1_66' title="bbox 1900 874 3474 953">
    <p class='ocr_par' dir='ltr' id='par_1_66' title="bbox 1900 874 3474 953">
     <span class='ocr_line' id='line_1_66' title="bbox 1900 874 3474 953; baseline 0.009 -29"><span class='ocrx_word' id='word_1_528' title='bbox 1900 880 1979 925; x_wconf 81' lang='lat' dir='ltr'><strong>tus</strong></span> <span class='ocrx_word' id='word_1_529' title='bbox 2000 883 2072 927; x_wconf 88' lang='lat' dir='ltr'><strong>est</strong></span> <span class='ocrx_word' id='word_1_530' title='bbox 2096 874 2297 929; x_wconf 87' lang='lat' dir='ltr'><strong>diabolo</strong></span> <span class='ocrx_word' id='word_1_531' title='bbox 2333 886 2383 930; x_wconf 86' lang='lat' dir='ltr'><strong>et</strong></span> <span class='ocrx_word' id='word_1_532' title='bbox 2417 877 2610 947; x_wconf 79' lang='lat' dir='ltr'><strong>angelis</strong></span> <span class='ocrx_word' id='word_1_533' title='bbox 2635 880 2746 945; x_wconf 87' lang='lat' dir='ltr'><strong>ejus</strong></span> <span class='ocrx_word' id='word_1_534' title='bbox 2776 878 2989 951; x_wconf 78' lang='lat' dir='ltr'><strong>(Matth.</strong></span> <span class='ocrx_word' id='word_1_535' title='bbox 3040 896 3167 944; x_wconf 81' lang='lat' dir='ltr'><strong>xxv,</strong></span> <span class='ocrx_word' id='word_1_536' title='bbox 3216 883 3305 948; x_wconf 66' lang='grc'><strong>54,</strong></span> <span class='ocrx_word' id='word_1_537' title='bbox 3358 884 3474 953; x_wconf 73' lang='grc'><strong>41).</strong></span> 
     </span>
    </p>
   </div>
   <div class='ocr_carea' id='block_1_67' title="bbox 1901 964 3475 1041">
    <p class='ocr_par' dir='ltr' id='par_1_67' title="bbox 1901 964 3475 1041">
     <span class='ocr_line' id='line_1_67' title="bbox 1901 964 3475 1041; baseline 0.008 -24"><span class='ocrx_word' id='word_1_538' title='bbox 1901 964 2146 1019; x_wconf 85' lang='lat' dir='ltr'><strong>Christus</strong></span> <span class='ocrx_word' id='word_1_539' title='bbox 2165 968 2305 1020; x_wconf 89' lang='lat' dir='ltr'><strong>enim</strong></span> <span class='ocrx_word' id='word_1_540' title='bbox 2333 967 2433 1022; x_wconf 91' lang='lat' dir='ltr'><strong>hoc</strong></span> <span class='ocrx_word' id='word_1_541' title='bbox 2458 968 2616 1023; x_wconf 90' lang='lat' dir='ltr'><strong>dicit:</strong></span> <span class='ocrx_word' id='word_1_542' title='bbox 2659 968 2847 1035; x_wconf 77' lang='lat' dir='ltr'><strong>Venite,</strong></span> <span class='ocrx_word' id='word_1_543' title='bbox 2893 971 3136 1024; x_wconf 81' lang='lat' dir='ltr'><strong>benedicti</strong></span> <span class='ocrx_word' id='word_1_544' title='bbox 3163 972 3333 1028; x_wconf 79' lang='lat' dir='ltr'><strong>Patris</strong></span> <span class='ocrx_word' id='word_1_545' title='bbox 3355 975 3475 1041; x_wconf 74' lang='lat' dir='ltr'><strong>mei,</strong></span> 
     </span>
    </p>
   </div>
   <div class='ocr_carea' id='block_1_68' title="bbox 1902 1056 3478 1129">
    <p class='ocr_par' dir='ltr' id='par_1_68' title="bbox 1902 1056 3478 1129">
     <span class='ocr_line' id='line_1_68' title="bbox 1902 1056 3478 1129; baseline 0.008 -22"><span class='ocrx_word' id='word_1_546' title='bbox 1902 1056 2139 1125; x_wconf 80' lang='lat' dir='ltr'><strong>percipite</strong></span> <span class='ocrx_word' id='word_1_547' title='bbox 2157 1074 2363 1128; x_wconf 86' lang='lat' dir='ltr'><strong>regnum</strong></span> <span class='ocrx_word' id='word_1_548' title='bbox 2382 1060 2516 1129; x_wconf 88' lang='lat' dir='ltr'><strong>quod</strong></span> <span class='ocrx_word' id='word_1_549' title='bbox 2535 1060 2669 1113; x_wconf 74' lang='lat' dir='ltr'><strong>vobis</strong></span> <span class='ocrx_word' id='word_1_550' title='bbox 2691 1072 2923 1129; x_wconf 86' lang='lat' dir='ltr'><strong>paratum</strong></span> <span class='ocrx_word' id='word_1_551' title='bbox 2948 1073 3020 1115; x_wconf 86' lang='lat' dir='ltr'><strong>est</strong></span> <span class='ocrx_word' id='word_1_552' title='bbox 3039 1067 3103 1116; x_wconf 77' lang='lat' dir='ltr'><strong>ab</strong></span> <span class='ocrx_word' id='word_1_553' title='bbox 3121 1064 3264 1117; x_wconf 78' lang='lat' dir='ltr'><strong>initio</strong></span> <span class='ocrx_word' id='word_1_554' title='bbox 3284 1066 3478 1121; x_wconf 83' lang='lat' dir='ltr'><strong>mundi.</strong></span> 
     </span>
    </p>
   </div>
   <div class='ocr_carea' id='block_1_69' title="bbox 1906 1147 3481 1221">
    <p class='ocr_par' dir='ltr' id='par_1_69' title="bbox 1906 1147 3481 1221">
     <span class='ocr_line' id='line_1_69' title="bbox 1906 1147 3481 1221; baseline 0.006 -22"><span class='ocrx_word' id='word_1_555' title='bbox 1906 1147 2018 1201; x_wconf 81' lang='lat' dir='ltr'><strong>llex</strong></span> <span class='ocrx_word' id='word_1_556' title='bbox 2045 1148 2273 1203; x_wconf 85' lang='lat' dir='ltr'><strong>civitatis</strong></span> <span class='ocrx_word' id='word_1_557' title='bbox 2298 1164 2426 1213; x_wconf 75' lang='lat' dir='ltr'><strong>sum,</strong></span> <span class='ocrx_word' id='word_1_558' title='bbox 2459 1151 2629 1205; x_wconf 89' lang='lat' dir='ltr'><strong>victor</strong></span> <span class='ocrx_word' id='word_1_559' title='bbox 2653 1167 2815 1221; x_wconf 90' lang='lat' dir='ltr'><strong>super</strong></span> <span class='ocrx_word' id='word_1_560' title='bbox 2842 1154 3040 1208; x_wconf 91' lang='lat' dir='ltr'><strong>omnia.</strong></span> <span class='ocrx_word' id='word_1_561' title='bbox 3076 1153 3181 1209; x_wconf 87' lang='lat' dir='ltr'><strong>Illis</strong></span> <span class='ocrx_word' id='word_1_562' title='bbox 3207 1164 3385 1211; x_wconf 89' lang='lat' dir='ltr'><strong>autem</strong></span> <span class='ocrx_word' id='word_1_563' title='bbox 3412 1156 3481 1210; x_wconf 83' lang='lat' dir='ltr'><strong>ad</strong></span> 
     </span>
    </p>
   </div>
   <div class='ocr_carea' id='block_1_70' title="bbox 1903 1237 3480 1314">
    <p class='ocr_par' dir='ltr' id='par_1_70' title="bbox 1903 1237 3480 1314">
     <span class='ocr_line' id='line_1_70' title="bbox 1903 1237 3480 1314; baseline 0.006 -23"><span class='ocrx_word' id='word_1_564' title='bbox 1903 1237 2173 1293; x_wconf 89' lang='lat' dir='ltr'><strong>sinistram</strong></span> <span class='ocrx_word' id='word_1_565' title='bbox 2199 1243 2504 1295; x_wconf 89' lang='lat' dir='ltr'><strong>constitutis</strong></span> <span class='ocrx_word' id='word_1_566' title='bbox 2525 1251 2771 1312; x_wconf 89' lang='lat' dir='ltr'><strong>tanquam</strong></span> <span class='ocrx_word' id='word_1_567' title='bbox 2793 1244 2990 1298; x_wconf 89' lang='lat' dir='ltr'><strong>civitati</strong></span> <span class='ocrx_word' id='word_1_568' title='bbox 3009 1245 3308 1314; x_wconf 86' lang='lat' dir='ltr'><strong>iniquorum</strong></span> <span class='ocrx_word' id='word_1_569' title='bbox 3334 1263 3347 1299; x_wconf 88' lang='lat'><strong>:</strong></span> <span class='ocrx_word' id='word_1_570' title='bbox 3377 1245 3480 1312; x_wconf 85' lang='lat' dir='ltr'><strong>Ite,</strong></span> 
     </span>
    </p>
   </div>
   <div class='ocr_carea' id='block_1_71' title="bbox 1906 1333 3483 1407">
    <p class='ocr_par' dir='ltr' id='par_1_71' title="bbox 1906 1333 3483 1407">
     <span class='ocr_line' id='line_1_71' title="bbox 1906 1333 3483 1407; baseline 0.006 -22"><span class='ocrx_word' id='word_1_571' title='bbox 1906 1333 2093 1403; x_wconf 90' lang='lat' dir='ltr'><strong>inquit,</strong></span> <span class='ocrx_word' id='word_1_572' title='bbox 2121 1336 2173 1387; x_wconf 89' lang='lat' dir='ltr'><strong>in</strong></span> <span class='ocrx_word' id='word_1_573' title='bbox 2194 1335 2360 1405; x_wconf 87' lang='lat' dir='ltr'><strong>ignem</strong></span> <span class='ocrx_word' id='word_1_574' title='bbox 2388 1346 2646 1389; x_wconf 78' lang='lat' dir='ltr'><strong>teternum.</strong></span> <span class='ocrx_word' id='word_1_575' title='bbox 2680 1336 2941 1407; x_wconf 86' lang='lat' dir='ltr'><strong>Numquid</strong></span> <span class='ocrx_word' id='word_1_576' title='bbox 2965 1347 3177 1407; x_wconf 79' lang='lat' dir='ltr'><strong>separat</strong></span> <span class='ocrx_word' id='word_1_577' title='bbox 3200 1339 3269 1393; x_wconf 86' lang='lat' dir='ltr'><strong>ab</strong></span> <span class='ocrx_word' id='word_1_578' title='bbox 3292 1341 3375 1393; x_wconf 87' lang='lat' dir='ltr'><strong>eis</strong></span> <span class='ocrx_word' id='word_1_579' title='bbox 3393 1354 3483 1394; x_wconf 90' lang='lat' dir='ltr'><strong>re-</strong></span> 
     </span>
    </p>
   </div>
   <div class='ocr_carea' id='block_1_72' title="bbox 1902 1424 3485 1500">
    <p class='ocr_par' dir='ltr' id='par_1_72' title="bbox 1902 1424 3485 1500">
     <span class='ocr_line' id='line_1_72' title="bbox 1902 1424 3485 1500; baseline 0.005 -23"><span class='ocrx_word' id='word_1_580' title='bbox 1902 1425 2059 1493; x_wconf 86' lang='lat' dir='ltr'><strong>gem?</strong></span> <span class='ocrx_word' id='word_1_581' title='bbox 2083 1424 2199 1479; x_wconf 87' lang='lat' dir='ltr'><strong>Non</strong></span> <span class='ocrx_word' id='word_1_582' title='bbox 2234 1444 2247 1479; x_wconf 90' lang='lat'><strong>:</strong></span> <span class='ocrx_word' id='word_1_583' title='bbox 2279 1426 2482 1482; x_wconf 87' lang='lat' dir='ltr'><strong>addidit</strong></span> <span class='ocrx_word' id='word_1_584' title='bbox 2509 1428 2674 1495; x_wconf 90' lang='lat' dir='ltr'><strong>enim,</strong></span> <span class='ocrx_word' id='word_1_585' title='bbox 2705 1430 2791 1495; x_wconf 80' lang='lat' dir='ltr'><strong>qui</strong></span> <span class='ocrx_word' id='word_1_586' title='bbox 2818 1441 3028 1500; x_wconf 87' lang='lat' dir='ltr'><strong>paratus</strong></span> <span class='ocrx_word' id='word_1_587' title='bbox 3070 1440 3142 1485; x_wconf 88' lang='lat' dir='ltr'><strong>est</strong></span> <span class='ocrx_word' id='word_1_588' title='bbox 3188 1430 3389 1486; x_wconf 85' lang='lat' dir='ltr'><strong>diabolo</strong></span> <span class='ocrx_word' id='word_1_589' title='bbox 3437 1440 3485 1487; x_wconf 85' lang='lat' dir='ltr'><strong>et</strong></span> 
     </span>
    </p>
   </div>
   <div class='ocr_carea' id='block_1_73' title="bbox 1902 1517 2245 1587">
    <p class='ocr_par' dir='ltr' id='par_1_73' title="bbox 1902 1517 2245 1587">
     <span class='ocr_line' id='line_1_73' title="bbox 1902 1517 2245 1587; baseline 0.017 -20"><span class='ocrx_word' id='word_1_590' title='bbox 1902 1517 2093 1587; x_wconf 81' lang='lat' dir='ltr'><strong>angelis</strong></span> <span class='ocrx_word' id='word_1_591' title='bbox 2117 1518 2245 1585; x_wconf 86' lang='lat' dir='ltr'><strong>ejus.</strong></span> 
     </span>
    </p>
   </div>
   <div class='ocr_carea' id='block_1_74' title="bbox 1976 1610 3487 1687">
    <p class='ocr_par' dir='ltr' id='par_1_74' title="bbox 1976 1610 3487 1687">
     <span class='ocr_line' id='line_1_74' title="bbox 1976 1610 3487 1687; baseline 0.007 -24"><span class='ocrx_word' id='word_1_592' title='bbox 1976 1610 2029 1663; x_wconf 92' lang='lat'><strong>7.</strong></span> <span class='ocrx_word' id='word_1_593' title='bbox 2070 1610 2354 1679; x_wconf 87' lang='lat' dir='ltr'><strong>lnteudite,</strong></span> <span class='ocrx_word' id='word_1_594' title='bbox 2385 1613 2593 1678; x_wconf 80' lang='lat' dir='ltr'><strong>fratres,</strong></span> <span class='ocrx_word' id='word_1_595' title='bbox 2628 1613 2905 1682; x_wconf 85' lang='lat' dir='ltr'><strong>intendite,</strong></span> <span class='ocrx_word' id='word_1_596' title='bbox 2937 1630 3067 1687; x_wconf 85' lang='lat' dir='ltr'><strong>rogo</strong></span> <span class='ocrx_word' id='word_1_597' title='bbox 3095 1630 3208 1671; x_wconf 84' lang='lat' dir='ltr'><strong>vos.</strong></span> <span class='ocrx_word' id='word_1_598' title='bbox 3249 1617 3487 1673; x_wconf 83' lang='lat' dir='ltr'><strong>Delectat</strong></span> 
     </span>
    </p>
   </div>
   <div class='ocr_carea' id='block_1_75' title="bbox 1905 1701 3486 1776">
    <p class='ocr_par' dir='ltr' id='par_1_75' title="bbox 1905 1701 3486 1776">
     <span class='ocr_line' id='line_1_75' title="bbox 1905 1701 3486 1776; baseline 0.006 -21"><span class='ocrx_word' id='word_1_599' title='bbox 1905 1701 2049 1755; x_wconf 88' lang='lat' dir='ltr'><strong>enim</strong></span> <span class='ocrx_word' id='word_1_600' title='bbox 2081 1717 2167 1757; x_wconf 84' lang='lat' dir='ltr'><strong>tne</strong></span> <span class='ocrx_word' id='word_1_601' title='bbox 2212 1718 2379 1773; x_wconf 83' lang='lat' dir='ltr'><strong>pauca</strong></span> <span class='ocrx_word' id='word_1_602' title='bbox 2422 1704 2596 1759; x_wconf 88' lang='lat' dir='ltr'><strong>adhuc</strong></span> <span class='ocrx_word' id='word_1_603' title='bbox 2646 1705 2788 1776; x_wconf 91' lang='lat' dir='ltr'><strong>loqui</strong></span> <span class='ocrx_word' id='word_1_604' title='bbox 2838 1707 2988 1761; x_wconf 83' lang='lat' dir='ltr'><strong>vobis</strong></span> <span class='ocrx_word' id='word_1_605' title='bbox 3035 1708 3101 1763; x_wconf 90' lang='lat' dir='ltr'><strong>de</strong></span> <span class='ocrx_word' id='word_1_606' title='bbox 3131 1710 3344 1765; x_wconf 84' lang='lat' dir='ltr'><strong>civitate</strong></span> <span class='ocrx_word' id='word_1_607' title='bbox 3384 1709 3486 1765; x_wconf 87' lang='lat' dir='ltr'><strong>hac</strong></span> 
     </span>
    </p>
   </div>
   <div class='ocr_carea' id='block_1_76' title="bbox 1905 1793 3487 1866">
    <p class='ocr_par' dir='ltr' id='par_1_76' title="bbox 1905 1793 3487 1866">
     <span class='ocr_line' id='line_1_76' title="bbox 1905 1793 3487 1866; baseline 0.006 -19"><span class='ocrx_word' id='word_1_608' title='bbox 1905 1793 2070 1849; x_wconf 91' lang='lat' dir='ltr'><strong>dulci.</strong></span> <span class='ocrx_word' id='word_1_609' title='bbox 2119 1794 2514 1851; x_wconf 88' lang='lat' dir='ltr'><strong>Gloriosissima</strong></span> <span class='ocrx_word' id='word_1_610' title='bbox 2565 1798 2705 1852; x_wconf 91' lang='lat' dir='ltr'><strong>enim</strong></span> <span class='ocrx_word' id='word_1_611' title='bbox 2746 1798 2813 1853; x_wconf 90' lang='lat' dir='ltr'><strong>de</strong></span> <span class='ocrx_word' id='word_1_612' title='bbox 2853 1808 2904 1853; x_wconf 89' lang='lat' dir='ltr'><strong>te</strong></span> <span class='ocrx_word' id='word_1_613' title='bbox 2948 1800 3085 1854; x_wconf 88' lang='lat' dir='ltr'><strong>dicta</strong></span> <span class='ocrx_word' id='word_1_614' title='bbox 3129 1810 3267 1866; x_wconf 87' lang='lat' dir='ltr'><strong>sunt,</strong></span> <span class='ocrx_word' id='word_1_615' title='bbox 3299 1801 3487 1856; x_wconf 89' lang='lat' dir='ltr'><strong>civitas</strong></span> 
     </span>
    </p>
   </div>
   <div class='ocr_carea' id='block_1_77' title="bbox 1910 1886 3487 1961">
    <p class='ocr_par' dir='ltr' id='par_1_77' title="bbox 1910 1886 3487 1961">
     <span class='ocr_line' id='line_1_77' title="bbox 1910 1886 3487 1961; baseline 0.003 -21"><span class='ocrx_word' id='word_1_616' title='bbox 1910 1886 2001 1943; x_wconf 89' lang='lat' dir='ltr'><strong>Dei</strong></span> <span class='ocrx_word' id='word_1_617' title='bbox 2028 1888 2202 1958; x_wconf 84' lang='lat' dir='ltr'><strong>(Psal.</strong></span> <span class='ocrx_word' id='word_1_618' title='bbox 2236 1905 2451 1953; x_wconf 78' lang='lat' dir='ltr'><strong>Lxxxw,</strong></span> <span class='ocrx_word' id='word_1_619' title='bbox 2494 1891 2572 1961; x_wconf 78' lang='grc' dir='ltr'><strong>ὅ).</strong></span> <span class='ocrx_word' id='word_1_620' title='bbox 2602 1890 2668 1945; x_wconf 85' lang='grc' dir='ltr'><strong>Ει</strong></span> <span class='ocrx_word' id='word_1_621' title='bbox 2695 1892 2737 1945; x_wconf 91' lang='lat' dir='ltr'><strong>si</strong></span> <span class='ocrx_word' id='word_1_622' title='bbox 2761 1892 2954 1947; x_wconf 88' lang='lat' dir='ltr'><strong>oblitus</strong></span> <span class='ocrx_word' id='word_1_623' title='bbox 2978 1894 3123 1945; x_wconf 82' lang='lat' dir='ltr'><strong>fuero</strong></span> <span class='ocrx_word' id='word_1_624' title='bbox 3153 1894 3247 1958; x_wconf 91' lang='lat' dir='ltr'><strong>tui,</strong></span> <span class='ocrx_word' id='word_1_625' title='bbox 3275 1892 3487 1948; x_wconf 86' lang='lat' dir='ltr'><strong>Jerusa-</strong></span> 
     </span>
    </p>
   </div>
   <div class='ocr_carea' id='block_1_78' title="bbox 1907 1980 3485 2054">
    <p class='ocr_par' dir='ltr' id='par_1_78' title="bbox 1907 1980 3485 2054">
     <span class='ocr_line' id='line_1_78' title="bbox 1907 1980 3485 2054; baseline 0.003 -21"><span class='ocrx_word' id='word_1_626' title='bbox 1907 1980 2032 2045; x_wconf 89' lang='lat' dir='ltr'><strong>lem,</strong></span> <span class='ocrx_word' id='word_1_627' title='bbox 2066 1980 2409 2035; x_wconf 88' lang='lat' dir='ltr'><strong>obliviscatur</strong></span> <span class='ocrx_word' id='word_1_628' title='bbox 2440 1997 2523 2035; x_wconf 90' lang='lat' dir='ltr'><strong>me</strong></span> <span class='ocrx_word' id='word_1_629' title='bbox 2551 1983 2767 2037; x_wconf 88' lang='lat' dir='ltr'><strong>dextera</strong></span> <span class='ocrx_word' id='word_1_630' title='bbox 2812 1998 2925 2037; x_wconf 90' lang='lat' dir='ltr'><strong>mea</strong></span> <span class='ocrx_word' id='word_1_631' title='bbox 2959 1982 3128 2053; x_wconf 83' lang='lat' dir='ltr'><strong>(Psol.</strong></span> <span class='ocrx_word' id='word_1_632' title='bbox 3157 1999 3373 2047; x_wconf 82' lang='lat' dir='ltr'><strong>cxxxvi,</strong></span> <span class='ocrx_word' id='word_1_633' title='bbox 3405 1983 3485 2054; x_wconf 86' lang='lat'><strong>5).</strong></span> 
     </span>
    </p>
   </div>
   <div class='ocr_carea' id='block_1_79' title="bbox 1911 2075 3488 2145">
    <p class='ocr_par' dir='ltr' id='par_1_79' title="bbox 1911 2075 3488 2145">
     <span class='ocr_line' id='line_1_79' title="bbox 1911 2075 3488 2145; baseline 0.003 -18"><span class='ocrx_word' id='word_1_634' title='bbox 1911 2075 2086 2129; x_wconf 72' lang='lat' dir='ltr'><strong>Dulcis</strong></span> <span class='ocrx_word' id='word_1_635' title='bbox 2108 2084 2188 2129; x_wconf 90' lang='lat' dir='ltr'><strong>est</strong></span> <span class='ocrx_word' id='word_1_636' title='bbox 2226 2076 2366 2127; x_wconf 91' lang='lat' dir='ltr'><strong>enim</strong></span> <span class='ocrx_word' id='word_1_637' title='bbox 2406 2092 2506 2128; x_wconf 91' lang='lat' dir='ltr'><strong>una</strong></span> <span class='ocrx_word' id='word_1_638' title='bbox 2536 2076 2726 2144; x_wconf 88' lang='lat' dir='ltr'><strong>patria,</strong></span> <span class='ocrx_word' id='word_1_639' title='bbox 2777 2084 2831 2131; x_wconf 91' lang='lat' dir='ltr'><strong>et</strong></span> <span class='ocrx_word' id='word_1_640' title='bbox 2873 2091 2997 2131; x_wconf 90' lang='lat' dir='ltr'><strong>verc</strong></span> <span class='ocrx_word' id='word_1_641' title='bbox 3027 2093 3126 2130; x_wconf 90' lang='lat' dir='ltr'><strong>una</strong></span> <span class='ocrx_word' id='word_1_642' title='bbox 3154 2077 3341 2145; x_wconf 87' lang='lat' dir='ltr'><strong>patria,</strong></span> <span class='ocrx_word' id='word_1_643' title='bbox 3373 2078 3488 2131; x_wconf 82' lang='lat' dir='ltr'><strong>sola</strong></span> 
     </span>
    </p>
   </div>
   <div class='ocr_carea' id='block_1_80' title="bbox 1910 2166 3490 2238">
    <p class='ocr_par' dir='ltr' id='par_1_80' title="bbox 1910 2166 3490 2238">
     <span class='ocr_line' id='line_1_80' title="bbox 1910 2166 3490 2238; baseline 0.004 -22"><span class='ocrx_word' id='word_1_644' title='bbox 1910 2166 2112 2234; x_wconf 85' lang='lat' dir='ltr'><strong>patria:</strong></span> <span class='ocrx_word' id='word_1_645' title='bbox 2143 2174 2337 2237; x_wconf 66' lang='lat' dir='ltr'><strong>praeter</strong></span> <span class='ocrx_word' id='word_1_646' title='bbox 2367 2167 2507 2221; x_wconf 88' lang='lat' dir='ltr'><strong>illam</strong></span> <span class='ocrx_word' id='word_1_647' title='bbox 2541 2168 2794 2238; x_wconf 80' lang='lat' dir='ltr'><strong>quidquid</strong></span> <span class='ocrx_word' id='word_1_648' title='bbox 2824 2169 2978 2222; x_wconf 91' lang='lat' dir='ltr'><strong>nobis</strong></span> <span class='ocrx_word' id='word_1_649' title='bbox 3002 2178 3103 2234; x_wconf 87' lang='lat' dir='ltr'><strong>est,</strong></span> <span class='ocrx_word' id='word_1_650' title='bbox 3132 2168 3490 2238; x_wconf 83' lang='lat' dir='ltr'><strong>peregrinatio</strong></span> 
     </span>
    </p>
   </div>
   <div class='ocr_carea' id='block_1_81' title="bbox 1906 2257 3492 2327">
    <p class='ocr_par' dir='ltr' id='par_1_81' title="bbox 1906 2257 3492 2327">
     <span class='ocr_line' id='line_1_81' title="bbox 1906 2257 3492 2327; baseline 0.002 -17"><span class='ocrx_word' id='word_1_651' title='bbox 1906 2266 2005 2310; x_wconf 84' lang='lat' dir='ltr'><strong>est.</strong></span> <span class='ocrx_word' id='word_1_652' title='bbox 2018 2257 2195 2311; x_wconf 89' lang='lat' dir='ltr'><strong>Dicam</strong></span> <span class='ocrx_word' id='word_1_653' title='bbox 2212 2273 2337 2327; x_wconf 87' lang='lat' dir='ltr'><strong>ergo</strong></span> <span class='ocrx_word' id='word_1_654' title='bbox 2351 2258 2488 2327; x_wconf 85' lang='lat' dir='ltr'><strong>quod</strong></span> <span class='ocrx_word' id='word_1_655' title='bbox 2507 2258 2827 2327; x_wconf 83' lang='lat' dir='ltr'><strong>agnoscatis,</strong></span> <span class='ocrx_word' id='word_1_656' title='bbox 2846 2259 2985 2327; x_wconf 92' lang='lat' dir='ltr'><strong>quod</strong></span> <span class='ocrx_word' id='word_1_657' title='bbox 3002 2260 3307 2327; x_wconf 87' lang='lat' dir='ltr'><strong>approbetis</strong></span> <span class='ocrx_word' id='word_1_658' title='bbox 3324 2275 3337 2311; x_wconf 92' lang='lat'><strong>:</strong></span> <span class='ocrx_word' id='word_1_659' title='bbox 3352 2274 3492 2314; x_wconf 86' lang='lat' dir='ltr'><strong>com-</strong></span> 
     </span>
    </p>
   </div>
   <div class='ocr_carea' id='block_1_82' title="bbox 1910 2349 3489 2420">
    <p class='ocr_par' dir='ltr' id='par_1_82' title="bbox 1910 2349 3489 2420">
     <span class='ocr_line' id='line_1_82' title="bbox 1910 2349 3489 2420; baseline 0.001 -18"><span class='ocrx_word' id='word_1_660' title='bbox 1910 2350 2219 2403; x_wconf 86' lang='lat' dir='ltr'><strong>memorabo</strong></span> <span class='ocrx_word' id='word_1_661' title='bbox 2244 2349 2385 2417; x_wconf 89' lang='lat' dir='ltr'><strong>quod</strong></span> <span class='ocrx_word' id='word_1_662' title='bbox 2416 2352 2609 2413; x_wconf 90' lang='lat' dir='ltr'><strong>nostis;</strong></span> <span class='ocrx_word' id='word_1_663' title='bbox 2653 2366 2757 2403; x_wconf 93' lang='lat' dir='ltr'><strong>non</strong></span> <span class='ocrx_word' id='word_1_664' title='bbox 2795 2350 3001 2404; x_wconf 90' lang='lat' dir='ltr'><strong>docebo</strong></span> <span class='ocrx_word' id='word_1_665' title='bbox 3028 2350 3169 2419; x_wconf 91' lang='lat' dir='ltr'><strong>quod</strong></span> <span class='ocrx_word' id='word_1_666' title='bbox 3217 2350 3489 2420; x_wconf 79' lang='lat' dir='ltr'><strong>ignoratis.</strong></span> 
     </span>
    </p>
   </div>
   <div class='ocr_carea' id='block_1_83' title="bbox 1912 2441 3493 2513">
    <p class='ocr_par' dir='ltr' id='par_1_83' title="bbox 1912 2441 3493 2513">
     <span class='ocr_line' id='line_1_83' title="bbox 1912 2441 3493 2513; baseline -0.002 -17"><span class='ocrx_word' id='word_1_667' title='bbox 1912 2441 2033 2496; x_wconf 84' lang='lat' dir='ltr'><strong>Non</strong></span> <span class='ocrx_word' id='word_1_668' title='bbox 2062 2443 2223 2512; x_wconf 85' lang='lat' dir='ltr'><strong>prius,</strong></span> <span class='ocrx_word' id='word_1_669' title='bbox 2271 2443 2441 2513; x_wconf 90' lang='lat' dir='ltr'><strong>inquit</strong></span> <span class='ocrx_word' id='word_1_670' title='bbox 2481 2443 2786 2511; x_wconf 81' lang='lat' dir='ltr'><strong>Apostolus,</strong></span> <span class='ocrx_word' id='word_1_671' title='bbox 2831 2444 2967 2513; x_wconf 84' lang='lat' dir='ltr'><strong>quod</strong></span> <span class='ocrx_word' id='word_1_672' title='bbox 2993 2442 3255 2512; x_wconf 83' lang='lat' dir='ltr'><strong>spirituale</strong></span> <span class='ocrx_word' id='word_1_673' title='bbox 3282 2450 3372 2501; x_wconf 89' lang='lat' dir='ltr'><strong>est,</strong></span> <span class='ocrx_word' id='word_1_674' title='bbox 3405 2441 3493 2494; x_wconf 85' lang='lat' dir='ltr'><strong>sed</strong></span> 
     </span>
    </p>
   </div>
   <div class='ocr_carea' id='block_1_84' title="bbox 1909 2534 3491 2608">
    <p class='ocr_par' dir='ltr' id='par_1_84' title="bbox 1909 2534 3491 2608">
     <span class='ocr_line' id='line_1_84' title="bbox 1909 2534 3491 2608; baseline -0.002 -20"><span class='ocrx_word' id='word_1_675' title='bbox 1909 2537 2044 2606; x_wconf 82' lang='lat' dir='ltr'><strong>quod</strong></span> <span class='ocrx_word' id='word_1_676' title='bbox 2068 2536 2319 2602; x_wconf 86' lang='lat' dir='ltr'><strong>animale;</strong></span> <span class='ocrx_word' id='word_1_677' title='bbox 2346 2545 2519 2605; x_wconf 85' lang='lat' dir='ltr'><strong>postea</strong></span> <span class='ocrx_word' id='word_1_678' title='bbox 2560 2536 2695 2608; x_wconf 85' lang='lat' dir='ltr'><strong>quod</strong></span> <span class='ocrx_word' id='word_1_679' title='bbox 2744 2535 3009 2605; x_wconf 85' lang='lat' dir='ltr'><strong>spirituale</strong></span> <span class='ocrx_word' id='word_1_680' title='bbox 3039 2536 3081 2607; x_wconf 91' lang='grc' dir='ltr'><strong>(ι</strong></span> <span class='ocrx_word' id='word_1_681' title='bbox 3109 2534 3226 2589; x_wconf 87' lang='lat' dir='ltr'><strong>Cor.</strong></span> <span class='ocrx_word' id='word_1_682' title='bbox 3258 2549 3345 2599; x_wconf 79' lang='lat' dir='ltr'><strong>xv,</strong></span> <span class='ocrx_word' id='word_1_683' title='bbox 3378 2534 3491 2602; x_wconf 75' lang='grc'><strong>46).</strong></span> 
     </span>
    </p>
   </div>
   <div class='ocr_carea' id='block_1_85' title="bbox 1910 2626 3493 2697">
    <p class='ocr_par' dir='ltr' id='par_1_85' title="bbox 1910 2626 3493 2697">
     <span class='ocr_line' id='line_1_85' title="bbox 1910 2626 3493 2697; baseline -0.001 -16"><span class='ocrx_word' id='word_1_684' title='bbox 1910 2626 2037 2682; x_wconf 91' lang='lat' dir='ltr'><strong>Ideo</strong></span> <span class='ocrx_word' id='word_1_685' title='bbox 2083 2628 2273 2682; x_wconf 89' lang='lat' dir='ltr'><strong>civitas</strong></span> <span class='ocrx_word' id='word_1_686' title='bbox 2320 2628 2404 2681; x_wconf 91' lang='lat' dir='ltr'><strong>illa</strong></span> <span class='ocrx_word' id='word_1_687' title='bbox 2439 2628 2607 2697; x_wconf 88' lang='lat' dir='ltr'><strong>major</strong></span> <span class='ocrx_word' id='word_1_688' title='bbox 2636 2636 2812 2692; x_wconf 74' lang='lat' dir='ltr'><strong>relate,</strong></span> <span class='ocrx_word' id='word_1_689' title='bbox 2855 2628 3170 2697; x_wconf 58' lang='lat' dir='ltr'><strong>quia&#39;prror</strong></span> <span class='ocrx_word' id='word_1_690' title='bbox 3215 2636 3369 2680; x_wconf 90' lang='lat' dir='ltr'><strong>natus</strong></span> <span class='ocrx_word' id='word_1_691' title='bbox 3410 2635 3493 2680; x_wconf 86' lang='lat' dir='ltr'><strong>est</strong></span> 
     </span>
    </p>
   </div>
   <div class='ocr_carea' id='block_1_86' title="bbox 1911 2715 3495 2787">
    <p class='ocr_par' dir='ltr' id='par_1_86' title="bbox 1911 2715 3495 2787">
     <span class='ocr_line' id='line_1_86' title="bbox 1911 2715 3495 2787; baseline -0.004 -14"><span class='ocrx_word' id='word_1_692' title='bbox 1911 2719 2059 2783; x_wconf 84' lang='lat' dir='ltr'><strong>Cain,</strong></span> <span class='ocrx_word' id='word_1_693' title='bbox 2092 2727 2146 2772; x_wconf 87' lang='lat' dir='ltr'><strong>et</strong></span> <span class='ocrx_word' id='word_1_694' title='bbox 2174 2727 2355 2787; x_wconf 87' lang='lat' dir='ltr'><strong>postea</strong></span> <span class='ocrx_word' id='word_1_695' title='bbox 2384 2718 2514 2772; x_wconf 83' lang='lat' dir='ltr'><strong>Abel</strong></span> <span class='ocrx_word' id='word_1_696' title='bbox 2548 2717 2699 2785; x_wconf 79' lang='lat' dir='ltr'><strong>(Gen.</strong></span> <span class='ocrx_word' id='word_1_697' title='bbox 2730 2733 2807 2783; x_wconf 84' lang='lat' dir='ltr'><strong>tv,</strong></span> <span class='ocrx_word' id='word_1_698' title='bbox 2861 2719 2913 2781; x_wconf 84' lang='grc'><strong>1,</strong></span> <span class='ocrx_word' id='word_1_699' title='bbox 2957 2716 3011 2787; x_wconf 72' lang='grc'><strong>2)</strong></span> <span class='ocrx_word' id='word_1_700' title='bbox 3035 2735 3047 2771; x_wconf 87' lang='lat'><strong>:</strong></span> <span class='ocrx_word' id='word_1_701' title='bbox 3075 2716 3169 2771; x_wconf 86' lang='lat' dir='ltr'><strong>sed</strong></span> <span class='ocrx_word' id='word_1_702' title='bbox 3197 2716 3247 2770; x_wconf 92' lang='lat' dir='ltr'><strong>in</strong></span> <span class='ocrx_word' id='word_1_703' title='bbox 3277 2715 3360 2769; x_wconf 90' lang='lat' dir='ltr'><strong>his</strong></span> <span class='ocrx_word' id='word_1_704' title='bbox 3386 2731 3495 2767; x_wconf 87' lang='lat' dir='ltr'><strong>nta-</strong></span> 
     </span>
    </p>
   </div>
   <div class='ocr_carea' id='block_1_87' title="bbox 1902 2808 3491 2882">
    <p class='ocr_par' dir='ltr' id='par_1_87' title="bbox 1902 2808 3491 2882">
     <span class='ocr_line' id='line_1_87' title="bbox 1902 2808 3491 2882; baseline -0.001 -21"><span class='ocrx_word' id='word_1_705' title='bbox 1902 2812 1991 2882; x_wconf 84' lang='lat' dir='ltr'><strong>jor</strong></span> <span class='ocrx_word' id='word_1_706' title='bbox 2015 2811 2187 2864; x_wconf 72' lang='lat' dir='ltr'><strong>servm</strong></span> <span class='ocrx_word' id='word_1_707' title='bbox 2214 2810 2397 2863; x_wconf 87' lang='lat' dir='ltr'><strong>minori</strong></span> <span class='ocrx_word' id='word_1_708' title='bbox 2426 2809 2535 2881; x_wconf 82' lang='lat' dir='ltr'><strong>(Id.</strong></span> <span class='ocrx_word' id='word_1_709' title='bbox 2570 2825 2690 2874; x_wconf 83' lang='lat' dir='ltr'><strong>xxv,</strong></span> <span class='ocrx_word' id='word_1_710' title='bbox 2721 2810 2835 2881; x_wconf 76' lang='grc'><strong>25).</strong></span> <span class='ocrx_word' id='word_1_711' title='bbox 2866 2810 2955 2864; x_wconf 89' lang='lat' dir='ltr'><strong>Illa</strong></span> <span class='ocrx_word' id='word_1_712' title='bbox 2985 2809 3155 2879; x_wconf 90' lang='lat' dir='ltr'><strong>major</strong></span> <span class='ocrx_word' id='word_1_713' title='bbox 3180 2817 3362 2871; x_wconf 64' lang='lat' dir='ltr'><strong>astate;</strong></span> <span class='ocrx_word' id='word_1_714' title='bbox 3392 2808 3491 2860; x_wconf 91' lang='lat' dir='ltr'><strong>ista</strong></span> 
     </span>
    </p>
   </div>
   <div class='ocr_carea' id='block_1_88' title="bbox 1912 2902 3493 2972">
    <p class='ocr_par' dir='ltr' id='par_1_88' title="bbox 1912 2902 3493 2972">
     <span class='ocr_line' id='line_1_88' title="bbox 1912 2902 3493 2972; baseline -0.001 -17"><span class='ocrx_word' id='word_1_715' title='bbox 1912 2904 2082 2971; x_wconf 87' lang='lat' dir='ltr'><strong>major</strong></span> <span class='ocrx_word' id='word_1_716' title='bbox 2110 2902 2385 2972; x_wconf 82' lang='lat' dir='ltr'><strong>dignitate.</strong></span> <span class='ocrx_word' id='word_1_717' title='bbox 2428 2902 2600 2969; x_wconf 89' lang='lat' dir='ltr'><strong>Quare</strong></span> <span class='ocrx_word' id='word_1_718' title='bbox 2648 2903 2732 2957; x_wconf 87' lang='lat' dir='ltr'><strong>illa</strong></span> <span class='ocrx_word' id='word_1_719' title='bbox 2782 2904 2951 2971; x_wconf 86' lang='lat' dir='ltr'><strong>major</strong></span> <span class='ocrx_word' id='word_1_720' title='bbox 2999 2902 3191 2956; x_wconf 77' lang='lat' dir='ltr'><strong>:elate?</strong></span> <span class='ocrx_word' id='word_1_721' title='bbox 3230 2902 3360 2967; x_wconf 87' lang='lat' dir='ltr'><strong>Quia</strong></span> <span class='ocrx_word' id='word_1_722' title='bbox 3392 2917 3493 2953; x_wconf 90' lang='lat' dir='ltr'><strong>non</strong></span> 
     </span>
    </p>
   </div>
   <div class='ocr_carea' id='block_1_89' title="bbox 1914 2992 3493 3066">
    <p class='ocr_par' dir='ltr' id='par_1_89' title="bbox 1914 2992 3493 3066">
     <span class='ocr_line' id='line_1_89' title="bbox 1914 2992 3493 3066; baseline -0.001 -18"><span class='ocrx_word' id='word_1_723' title='bbox 1914 2997 2055 3066; x_wconf 85' lang='lat' dir='ltr'><strong>prius</strong></span> <span class='ocrx_word' id='word_1_724' title='bbox 2082 2996 2217 3066; x_wconf 85' lang='lat' dir='ltr'><strong>quod</strong></span> <span class='ocrx_word' id='word_1_725' title='bbox 2241 2996 2506 3061; x_wconf 79' lang='lat' dir='ltr'><strong>spirituale</strong></span> <span class='ocrx_word' id='word_1_726' title='bbox 2534 3004 2623 3061; x_wconf 82' lang='lat' dir='ltr'><strong>est,</strong></span> <span class='ocrx_word' id='word_1_727' title='bbox 2652 2994 2740 3049; x_wconf 87' lang='lat' dir='ltr'><strong>sed</strong></span> <span class='ocrx_word' id='word_1_728' title='bbox 2765 2994 2899 3064; x_wconf 84' lang='lat' dir='ltr'><strong>quod</strong></span> <span class='ocrx_word' id='word_1_729' title='bbox 2923 2994 3158 3047; x_wconf 82' lang='lat' dir='ltr'><strong>animale.</strong></span> <span class='ocrx_word' id='word_1_730' title='bbox 3189 2994 3364 3059; x_wconf 86' lang='lat' dir='ltr'><strong>Quare</strong></span> <span class='ocrx_word' id='word_1_731' title='bbox 3391 2992 3493 3046; x_wconf 83' lang='lat' dir='ltr'><strong>ista</strong></span> 
     </span>
    </p>
   </div>
   <div class='ocr_carea' id='block_1_90' title="bbox 1915 3081 3494 3157">
    <p class='ocr_par' dir='ltr' id='par_1_90' title="bbox 1915 3081 3494 3157">
     <span class='ocr_line' id='line_1_90' title="bbox 1915 3081 3494 3157; baseline -0.003 -17"><span class='ocrx_word' id='word_1_732' title='bbox 1915 3088 2084 3157; x_wconf 84' lang='lat' dir='ltr'><strong>major</strong></span> <span class='ocrx_word' id='word_1_733' title='bbox 2108 3086 2401 3157; x_wconf 77' lang='lat' dir='ltr'><strong>dignitate?</strong></span> <span class='ocrx_word' id='word_1_734' title='bbox 2428 3086 2560 3153; x_wconf 84' lang='lat' dir='ltr'><strong>Quia</strong></span> <span class='ocrx_word' id='word_1_735' title='bbox 2593 3087 2756 3155; x_wconf 83' lang='lat' dir='ltr'><strong>major</strong></span> <span class='ocrx_word' id='word_1_736' title='bbox 2799 3086 2972 3139; x_wconf 68' lang='lat' dir='ltr'><strong>serviet</strong></span> <span class='ocrx_word' id='word_1_737' title='bbox 3000 3084 3201 3137; x_wconf 87' lang='lat' dir='ltr'><strong>minori.</strong></span> <span class='ocrx_word' id='word_1_738' title='bbox 3244 3081 3494 3136; x_wconf 66' lang='lat' dir='ltr'><strong>[Edillca-</strong></span> 
     </span>
    </p>
   </div>
   <div class='ocr_carea' id='block_1_91' title="bbox 1914 3174 3489 3248">
    <p class='ocr_par' dir='ltr' id='par_1_91' title="bbox 1914 3174 3489 3248">
     <span class='ocr_line' id='line_1_91' title="bbox 1914 3174 3489 3248; baseline -0.004 -14"><span class='ocrx_word' id='word_1_739' title='bbox 1914 3182 1988 3234; x_wconf 90' lang='lat' dir='ltr'><strong>vit</strong></span> <span class='ocrx_word' id='word_1_740' title='bbox 2015 3192 2190 3234; x_wconf 88' lang='lat' dir='ltr'><strong>autem</strong></span> <span class='ocrx_word' id='word_1_741' title='bbox 2224 3180 2493 3234; x_wconf 89' lang='lat' dir='ltr'><strong>civitatem</strong></span> <span class='ocrx_word' id='word_1_742' title='bbox 2524 3178 2674 3243; x_wconf 87' lang='lat' dir='ltr'><strong>Cain,</strong></span> <span class='ocrx_word' id='word_1_743' title='bbox 2708 3180 2842 3233; x_wconf 90' lang='lat' dir='ltr'><strong>sicut</strong></span> <span class='ocrx_word' id='word_1_744' title='bbox 2868 3177 3091 3248; x_wconf 82' lang='lat' dir='ltr'><strong>legimus</strong></span> <span class='ocrx_word' id='word_1_745' title='bbox 3120 3174 3228 3247; x_wconf 85' lang='lat' dir='ltr'><strong>(Id.</strong></span> <span class='ocrx_word' id='word_1_746' title='bbox 3261 3192 3329 3241; x_wconf 81' lang='lat' dir='ltr'><strong>tv,</strong></span> <span class='ocrx_word' id='word_1_747' title='bbox 3363 3175 3489 3246; x_wconf 81' lang='lat' dir='ltr'><strong>i7):</strong></span> 
     </span>
    </p>
   </div>
   <div class='ocr_carea' id='block_1_92' title="bbox 1913 3268 3496 3347">
    <p class='ocr_par' dir='ltr' id='par_1_92' title="bbox 1913 3268 3496 3347">
     <span class='ocr_line' id='line_1_92' title="bbox 1913 3268 3496 3347; baseline -0.005 -17"><span class='ocrx_word' id='word_1_748' title='bbox 1913 3286 2195 3347; x_wconf 87' lang='lat' dir='ltr'><strong>antequam</strong></span> <span class='ocrx_word' id='word_1_749' title='bbox 2227 3284 2370 3330; x_wconf 87' lang='lat' dir='ltr'><strong>esset</strong></span> <span class='ocrx_word' id='word_1_750' title='bbox 2410 3274 2515 3329; x_wconf 90' lang='lat' dir='ltr'><strong>ulla</strong></span> <span class='ocrx_word' id='word_1_751' title='bbox 2543 3274 2749 3339; x_wconf 86' lang='lat' dir='ltr'><strong>civitas,</strong></span> <span class='ocrx_word' id='word_1_752' title='bbox 2792 3274 2843 3327; x_wconf 92' lang='lat' dir='ltr'><strong>in</strong></span> <span class='ocrx_word' id='word_1_753' title='bbox 2875 3272 3163 3343; x_wconf 86' lang='lat' dir='ltr'><strong>primordio</strong></span> <span class='ocrx_word' id='word_1_754' title='bbox 3189 3286 3365 3325; x_wconf 87' lang='lat' dir='ltr'><strong>rerum</strong></span> <span class='ocrx_word' id='word_1_755' title='bbox 3395 3268 3496 3323; x_wconf 90' lang='lat' dir='ltr'><strong>hu-</strong></span> 
     </span>
    </p>
   </div>
   <div class='ocr_carea' id='block_1_93' title="bbox 1916 3361 3495 3433">
    <p class='ocr_par' dir='ltr' id='par_1_93' title="bbox 1916 3361 3495 3433">
     <span class='ocr_line' id='line_1_93' title="bbox 1916 3361 3495 3433; baseline -0.006 -11"><span class='ocrx_word' id='word_1_756' title='bbox 1916 3382 2215 3433; x_wconf 88' lang='lat' dir='ltr'><strong>manarum,</strong></span> <span class='ocrx_word' id='word_1_757' title='bbox 2266 3364 2546 3421; x_wconf 63' lang='lat' dir='ltr'><strong>aediﬁcavit</strong></span> <span class='ocrx_word' id='word_1_758' title='bbox 2592 3366 2860 3419; x_wconf 88' lang='lat' dir='ltr'><strong>civitatem</strong></span> <span class='ocrx_word' id='word_1_759' title='bbox 2910 3364 3060 3418; x_wconf 90' lang='lat' dir='ltr'><strong>Cain.</strong></span> <span class='ocrx_word' id='word_1_760' title='bbox 3116 3363 3303 3416; x_wconf 80' lang='lat' dir='ltr'><strong>Procul</strong></span> <span class='ocrx_word' id='word_1_761' title='bbox 3334 3361 3495 3414; x_wconf 89' lang='lat' dir='ltr'><strong>dubio</strong></span> 
     </span>
    </p>
   </div>
   <div class='ocr_carea' id='block_1_94' title="bbox 1915 3455 3496 3532">
    <p class='ocr_par' dir='ltr' id='par_1_94' title="bbox 1915 3455 3496 3532">
     <span class='ocr_line' id='line_1_94' title="bbox 1915 3455 3496 3532; baseline -0.005 -15"><span class='ocrx_word' id='word_1_762' title='bbox 1915 3463 2174 3532; x_wconf 86' lang='lat' dir='ltr'><strong>intelligas</strong></span> <span class='ocrx_word' id='word_1_763' title='bbox 2199 3461 2309 3529; x_wconf 89' lang='lat' dir='ltr'><strong>jam</strong></span> <span class='ocrx_word' id='word_1_764' title='bbox 2353 3468 2504 3513; x_wconf 91' lang='lat' dir='ltr'><strong>natos</strong></span> <span class='ocrx_word' id='word_1_765' title='bbox 2547 3458 2711 3513; x_wconf 78' lang='lat' dir='ltr'><strong>fuisse</strong></span> <span class='ocrx_word' id='word_1_766' title='bbox 2751 3459 2946 3513; x_wconf 92' lang='lat' dir='ltr'><strong>multos</strong></span> <span class='ocrx_word' id='word_1_767' title='bbox 2988 3457 3231 3512; x_wconf 90' lang='lat' dir='ltr'><strong>homines</strong></span> <span class='ocrx_word' id='word_1_768' title='bbox 3273 3472 3339 3511; x_wconf 88' lang='lat' dir='ltr'><strong>ex</strong></span> <span class='ocrx_word' id='word_1_769' title='bbox 3390 3455 3496 3509; x_wconf 89' lang='lat' dir='ltr'><strong>illis</strong></span> 
     </span>
    </p>
   </div>
   <div class='ocr_carea' id='block_1_95' title="bbox 1912 3552 3496 3622">
    <p class='ocr_par' dir='ltr' id='par_1_95' title="bbox 1912 3552 3496 3622">
     <span class='ocr_line' id='line_1_95' title="bbox 1912 3552 3496 3622; baseline -0.004 -12"><span class='ocrx_word' id='word_1_770' title='bbox 1912 3555 2139 3619; x_wconf 89' lang='lat' dir='ltr'><strong>duobus,</strong></span> <span class='ocrx_word' id='word_1_771' title='bbox 2161 3564 2213 3608; x_wconf 91' lang='lat' dir='ltr'><strong>et</strong></span> <span class='ocrx_word' id='word_1_772' title='bbox 2233 3569 2295 3608; x_wconf 84' lang='lat' dir='ltr'><strong>ex</strong></span> <span class='ocrx_word' id='word_1_773' title='bbox 2321 3552 2403 3606; x_wconf 91' lang='lat' dir='ltr'><strong>his</strong></span> <span class='ocrx_word' id='word_1_774' title='bbox 2425 3566 2558 3621; x_wconf 89' lang='lat' dir='ltr'><strong>quos</strong></span> <span class='ocrx_word' id='word_1_775' title='bbox 2579 3559 2888 3622; x_wconf 89' lang='lat' dir='ltr'><strong>gcnuerant,</strong></span> <span class='ocrx_word' id='word_1_776' title='bbox 2917 3560 2973 3605; x_wconf 90' lang='lat' dir='ltr'><strong>ut</strong></span> <span class='ocrx_word' id='word_1_777' title='bbox 3000 3560 3175 3619; x_wconf 88' lang='lat' dir='ltr'><strong>posset</strong></span> <span class='ocrx_word' id='word_1_778' title='bbox 3197 3565 3316 3604; x_wconf 87' lang='lat' dir='ltr'><strong>esse</strong></span> <span class='ocrx_word' id='word_1_779' title='bbox 3340 3559 3496 3617; x_wconf 77' lang='lat' dir='ltr'><strong>aptus</strong></span> 
     </span>
    </p>
   </div>
   <div class='ocr_carea' id='block_1_96' title="bbox 1913 3645 3491 3719">
    <p class='ocr_par' dir='ltr' id='par_1_96' title="bbox 1913 3645 3491 3719">
     <span class='ocr_line' id='line_1_96' title="bbox 1913 3645 3491 3719; baseline -0.005 -15"><span class='ocrx_word' id='word_1_780' title='bbox 1913 3659 1966 3705; x_wconf 91' lang='lat' dir='ltr'><strong>et</strong></span> <span class='ocrx_word' id='word_1_781' title='bbox 1986 3663 2250 3719; x_wconf 85' lang='lat' dir='ltr'><strong>congruus</strong></span> <span class='ocrx_word' id='word_1_782' title='bbox 2273 3662 2526 3702; x_wconf 91' lang='lat' dir='ltr'><strong>numerus</strong></span> <span class='ocrx_word' id='word_1_783' title='bbox 2544 3650 2628 3701; x_wconf 92' lang='lat' dir='ltr'><strong>cui</strong></span> <span class='ocrx_word' id='word_1_784' title='bbox 2651 3645 3090 3701; x_wconf 87' lang='lat' dir='ltr'><strong>nomencivitatis</strong></span> <span class='ocrx_word' id='word_1_785' title='bbox 3109 3645 3491 3712; x_wconf 88' lang='lat' dir='ltr'><strong>imponeretur.</strong></span> 
     </span>
    </p>
   </div>
   <div class='ocr_carea' id='block_1_97' title="bbox 1914 3737 3491 3812">
    <p class='ocr_par' dir='ltr' id='par_1_97' title="bbox 1914 3737 3491 3812">
     <span class='ocr_line' id='line_1_97' title="bbox 1914 3737 3491 3812; baseline -0.008 -13"><span class='ocrx_word' id='word_1_786' title='bbox 1914 3742 2216 3799; x_wconf 63' lang='lat' dir='ltr'><strong>Edilicavit</strong></span> <span class='ocrx_word' id='word_1_787' title='bbox 2241 3758 2368 3812; x_wconf 86' lang='lat' dir='ltr'><strong>ergo</strong></span> <span class='ocrx_word' id='word_1_788' title='bbox 2397 3742 2665 3795; x_wconf 89' lang='lat' dir='ltr'><strong>civitatem</strong></span> <span class='ocrx_word' id='word_1_789' title='bbox 2692 3739 2845 3807; x_wconf 90' lang='lat' dir='ltr'><strong>Cain,</strong></span> <span class='ocrx_word' id='word_1_790' title='bbox 2877 3739 2963 3794; x_wconf 90' lang='lat' dir='ltr'><strong>ubi</strong></span> <span class='ocrx_word' id='word_1_791' title='bbox 3007 3754 3109 3792; x_wconf 91' lang='lat' dir='ltr'><strong>nou</strong></span> <span class='ocrx_word' id='word_1_792' title='bbox 3142 3746 3257 3792; x_wconf 90' lang='lat' dir='ltr'><strong>crat</strong></span> <span class='ocrx_word' id='word_1_793' title='bbox 3286 3737 3491 3791; x_wconf 88' lang='lat' dir='ltr'><strong>civitas.</strong></span> 
     </span>
    </p>
   </div>
   <div class='ocr_carea' id='block_1_98' title="bbox 1915 3828 3494 3905">
    <p class='ocr_par' dir='ltr' id='par_1_98' title="bbox 1915 3828 3494 3905">
     <span class='ocr_line' id='line_1_98' title="bbox 1915 3828 3494 3905; baseline -0.008 -12"><span class='ocrx_word' id='word_1_794' title='bbox 1915 3836 2198 3893; x_wconf 65' lang='lat' dir='ltr'><strong>Editicata</strong></span> <span class='ocrx_word' id='word_1_795' title='bbox 2222 3848 2303 3891; x_wconf 89' lang='lat' dir='ltr'><strong>est</strong></span> <span class='ocrx_word' id='word_1_796' title='bbox 2329 3844 2383 3891; x_wconf 89' lang='lat' dir='ltr'><strong>et</strong></span> <span class='ocrx_word' id='word_1_797' title='bbox 2407 3844 2588 3905; x_wconf 89' lang='lat' dir='ltr'><strong>postea</strong></span> <span class='ocrx_word' id='word_1_798' title='bbox 2618 3834 2933 3899; x_wconf 85' lang='lat' dir='ltr'><strong>Jerusalem,</strong></span> <span class='ocrx_word' id='word_1_799' title='bbox 2968 3846 3185 3902; x_wconf 87' lang='lat' dir='ltr'><strong>regnum</strong></span> <span class='ocrx_word' id='word_1_800' title='bbox 3216 3829 3328 3897; x_wconf 88' lang='lat' dir='ltr'><strong>Dei,</strong></span> <span class='ocrx_word' id='word_1_801' title='bbox 3360 3828 3494 3883; x_wconf 88' lang='lat' dir='ltr'><strong>civi-</strong></span> 
     </span>
    </p>
   </div>
   <div class='ocr_carea' id='block_1_99' title="bbox 1916 3921 3499 3996">
    <p class='ocr_par' dir='ltr' id='par_1_99' title="bbox 1916 3921 3499 3996">
     <span class='ocr_line' id='line_1_99' title="bbox 1916 3921 3499 3996; baseline -0.009 -10"><span class='ocrx_word' id='word_1_802' title='bbox 1916 3941 1996 3986; x_wconf 89' lang='lat' dir='ltr'><strong>tas</strong></span> <span class='ocrx_word' id='word_1_803' title='bbox 2031 3939 2235 3995; x_wconf 88' lang='lat' dir='ltr'><strong>sancta,</strong></span> <span class='ocrx_word' id='word_1_804' title='bbox 2280 3931 2466 3984; x_wconf 83' lang='lat' dir='ltr'><strong>civitas</strong></span> <span class='ocrx_word' id='word_1_805' title='bbox 2502 3928 2628 3994; x_wconf 87' lang='lat' dir='ltr'><strong>Dei;</strong></span> <span class='ocrx_word' id='word_1_806' title='bbox 2674 3936 2727 3982; x_wconf 89' lang='lat' dir='ltr'><strong>et</strong></span> <span class='ocrx_word' id='word_1_807' title='bbox 2754 3927 2923 3996; x_wconf 91' lang='lat' dir='ltr'><strong>posita</strong></span> <span class='ocrx_word' id='word_1_808' title='bbox 2975 3927 3025 3980; x_wconf 92' lang='lat' dir='ltr'><strong>iu</strong></span> <span class='ocrx_word' id='word_1_809' title='bbox 3071 3921 3499 3994; x_wconf 87' lang='lat' dir='ltr'><strong>speciequadam</strong></span> 
     </span>
    </p>
   </div>
   <div class='ocr_carea' id='block_1_100' title="bbox 1916 4018 3500 4093">
    <p class='ocr_par' dir='ltr' id='par_1_100' title="bbox 1916 4018 3500 4093">
     <span class='ocr_line' id='line_1_100' title="bbox 1916 4018 3500 4093; baseline -0.004 -16"><span class='ocrx_word' id='word_1_810' title='bbox 1916 4024 2117 4078; x_wconf 66' lang='lat' dir='ltr'><strong>tunbrte</strong></span> <span class='ocrx_word' id='word_1_811' title='bbox 2144 4021 2489 4093; x_wconf 79' lang='lat' dir='ltr'><strong>significantis</strong></span> <span class='ocrx_word' id='word_1_812' title='bbox 2512 4020 2705 4074; x_wconf 82' lang='lat' dir='ltr'><strong>futura.</strong></span> <span class='ocrx_word' id='word_1_813' title='bbox 2736 4018 3013 4089; x_wconf 81' lang='lat' dir='ltr'><strong>lntclligite</strong></span> <span class='ocrx_word' id='word_1_814' title='bbox 3043 4020 3219 4088; x_wconf 78' lang='lat' dir='ltr'><strong>itaque</strong></span> <span class='ocrx_word' id='word_1_815' title='bbox 3247 4032 3500 4087; x_wconf 87' lang='lat' dir='ltr'><strong>magnum</strong></span> 
     </span>
    </p>
   </div>
   <div class='ocr_carea' id='block_1_101' title="bbox 1916 4106 3497 4185">
    <p class='ocr_par' dir='ltr' id='par_1_101' title="bbox 1916 4106 3497 4185">
     <span class='ocr_line' id='line_1_101' title="bbox 1916 4106 3497 4185; baseline -0.005 -17"><span class='ocrx_word' id='word_1_816' title='bbox 1916 4114 2249 4185; x_wconf 83' lang='lat' dir='ltr'><strong>mysterium,</strong></span> <span class='ocrx_word' id='word_1_817' title='bbox 2277 4122 2329 4167; x_wconf 89' lang='lat' dir='ltr'><strong>et</strong></span> <span class='ocrx_word' id='word_1_818' title='bbox 2353 4122 2526 4165; x_wconf 87' lang='lat' dir='ltr'><strong>tenete</strong></span> <span class='ocrx_word' id='word_1_819' title='bbox 2550 4110 2687 4180; x_wconf 88' lang='lat' dir='ltr'><strong>quod</strong></span> <span class='ocrx_word' id='word_1_820' title='bbox 2713 4111 3033 4179; x_wconf 68' lang='lat' dir='ltr'><strong>prmlocutus</strong></span> <span class='ocrx_word' id='word_1_821' title='bbox 3054 4124 3190 4171; x_wconf 89' lang='lat' dir='ltr'><strong>sum,</strong></span> <span class='ocrx_word' id='word_1_822' title='bbox 3214 4106 3332 4159; x_wconf 83' lang='lat' dir='ltr'><strong>Non</strong></span> <span class='ocrx_word' id='word_1_823' title='bbox 3354 4108 3497 4178; x_wconf 66' lang='lat' dir='ltr'><strong>ptius</strong></span> 
     </span>
    </p>
   </div>
   <div class='ocr_carea' id='block_1_102' title="bbox 1914 4199 3493 4274">
    <p class='ocr_par' dir='ltr' id='par_1_102' title="bbox 1914 4199 3493 4274">
     <span class='ocr_line' id='line_1_102' title="bbox 1914 4199 3493 4274; baseline -0.003 -18"><span class='ocrx_word' id='word_1_824' title='bbox 1914 4204 2049 4274; x_wconf 82' lang='lat' dir='ltr'><strong>quod</strong></span> <span class='ocrx_word' id='word_1_825' title='bbox 2074 4202 2354 4274; x_wconf 82' lang='lat' dir='ltr'><strong>spirituale,</strong></span> <span class='ocrx_word' id='word_1_826' title='bbox 2401 4201 2490 4255; x_wconf 85' lang='lat' dir='ltr'><strong>sed</strong></span> <span class='ocrx_word' id='word_1_827' title='bbox 2531 4201 2665 4270; x_wconf 86' lang='lat' dir='ltr'><strong>quod</strong></span> <span class='ocrx_word' id='word_1_828' title='bbox 2709 4200 2957 4264; x_wconf 78' lang='lat' dir='ltr'><strong>animale,</strong></span> <span class='ocrx_word' id='word_1_829' title='bbox 2992 4210 3161 4269; x_wconf 82' lang='lat' dir='ltr'><strong>postea</strong></span> <span class='ocrx_word' id='word_1_830' title='bbox 3190 4199 3493 4268; x_wconf 78' lang='lat' dir='ltr'><strong>spirituale:</strong></span> 
     </span>
    </p>
   </div>
   <div class='ocr_carea' id='block_1_103' title="bbox 1915 4287 3493 4362">
    <p class='ocr_par' dir='ltr' id='par_1_103' title="bbox 1915 4287 3493 4362">
     <span class='ocr_line' id='line_1_103' title="bbox 1915 4287 3493 4362; baseline -0.004 -15"><span class='ocrx_word' id='word_1_831' title='bbox 1915 4294 2034 4347; x_wconf 88' lang='lat' dir='ltr'><strong>ideo</strong></span> <span class='ocrx_word' id='word_1_832' title='bbox 2061 4308 2188 4362; x_wconf 87' lang='lat' dir='ltr'><strong>ergo</strong></span> <span class='ocrx_word' id='word_1_833' title='bbox 2217 4292 2345 4347; x_wconf 89' lang='lat' dir='ltr'><strong>Cain</strong></span> <span class='ocrx_word' id='word_1_834' title='bbox 2374 4292 2520 4361; x_wconf 83' lang='lat' dir='ltr'><strong>prior</strong></span> <span class='ocrx_word' id='word_1_835' title='bbox 2546 4290 2824 4343; x_wconf 76' lang='lat' dir='ltr'><strong>mdilicavit</strong></span> <span class='ocrx_word' id='word_1_836' title='bbox 2864 4290 3153 4350; x_wconf 86' lang='lat' dir='ltr'><strong>civitatem,</strong></span> <span class='ocrx_word' id='word_1_837' title='bbox 3181 4298 3230 4340; x_wconf 90' lang='lat' dir='ltr'><strong>et</strong></span> <span class='ocrx_word' id='word_1_838' title='bbox 3261 4288 3329 4341; x_wconf 92' lang='lat' dir='ltr'><strong>ibi</strong></span> <span class='ocrx_word' id='word_1_839' title='bbox 3361 4287 3493 4340; x_wconf 68' lang='lat' dir='ltr'><strong>andi-</strong></span> 
     </span>
    </p>
   </div>
   <div class='ocr_carea' id='block_1_104' title="bbox 1915 4378 3496 4439">
    <p class='ocr_par' dir='ltr' id='par_1_104' title="bbox 1915 4378 3496 4439">
     <span class='ocr_line' id='line_1_104' title="bbox 1915 4378 3496 4439; baseline -0.004 0"><span class='ocrx_word' id='word_1_840' title='bbox 1915 4386 2091 4439; x_wconf 89' lang='lat' dir='ltr'><strong>licavit</strong></span> <span class='ocrx_word' id='word_1_841' title='bbox 2114 4386 2199 4439; x_wconf 90' lang='lat' dir='ltr'><strong>ubi</strong></span> <span class='ocrx_word' id='word_1_842' title='bbox 2232 4384 2372 4437; x_wconf 90' lang='lat' dir='ltr'><strong>nulla</strong></span> <span class='ocrx_word' id='word_1_843' title='bbox 2402 4392 2517 4437; x_wconf 83' lang='lat' dir='ltr'><strong>erat</strong></span> <span class='ocrx_word' id='word_1_844' title='bbox 2549 4382 2755 4437; x_wconf 86' lang='lat' dir='ltr'><strong>civitas.</strong></span> <span class='ocrx_word' id='word_1_845' title='bbox 2788 4383 2856 4437; x_wconf 89' lang='lat' dir='ltr'><strong>Ut</strong></span> <span class='ocrx_word' id='word_1_846' title='bbox 2886 4396 3013 4435; x_wconf 85' lang='lat' dir='ltr'><strong>vero</strong></span> <span class='ocrx_word' id='word_1_847' title='bbox 3040 4380 3392 4435; x_wconf 63' lang='lat' dir='ltr'><strong>aediﬁcaretur</strong></span> <span class='ocrx_word' id='word_1_848' title='bbox 3409 4378 3496 4433; x_wconf 76' lang='lat' dir='ltr'><strong>Je-</strong></span> 
     </span>
    </p>
   </div>
   <div class='ocr_carea' id='block_1_105' title="bbox 1914 4468 3499 4537">
    <p class='ocr_par' dir='ltr' id='par_1_105' title="bbox 1914 4468 3499 4537">
     <span class='ocr_line' id='line_1_105' title="bbox 1914 4468 3499 4537; baseline -0.004 -6"><span class='ocrx_word' id='word_1_849' title='bbox 1914 4477 2170 4537; x_wconf 81' lang='lat' dir='ltr'><strong>rusalem.</strong></span> <span class='ocrx_word' id='word_1_850' title='bbox 2195 4492 2298 4530; x_wconf 92' lang='lat' dir='ltr'><strong>non</strong></span> <span class='ocrx_word' id='word_1_851' title='bbox 2320 4474 2392 4528; x_wconf 92' lang='lat' dir='ltr'><strong>ibi</strong></span> <span class='ocrx_word' id='word_1_852' title='bbox 2413 4473 2670 4529; x_wconf 71' lang='lat' dir='ltr'><strong>mdilicnta</strong></span> <span class='ocrx_word' id='word_1_853' title='bbox 2694 4482 2772 4528; x_wconf 77' lang='lat' dir='ltr'><strong>est</strong></span> <span class='ocrx_word' id='word_1_854' title='bbox 2800 4473 2884 4526; x_wconf 93' lang='lat' dir='ltr'><strong>ubi</strong></span> <span class='ocrx_word' id='word_1_855' title='bbox 2912 4488 3014 4525; x_wconf 90' lang='lat' dir='ltr'><strong>non</strong></span> <span class='ocrx_word' id='word_1_856' title='bbox 3039 4481 3152 4525; x_wconf 86' lang='lat' dir='ltr'><strong>crat</strong></span> <span class='ocrx_word' id='word_1_857' title='bbox 3172 4468 3377 4534; x_wconf 88' lang='lat' dir='ltr'><strong>civitas,</strong></span> <span class='ocrx_word' id='word_1_858' title='bbox 3399 4468 3499 4526; x_wconf 80' lang='lat' dir='ltr'><strong>scd</strong></span> 
     </span>
    </p>
   </div>
   <div class='ocr_carea' id='block_1_106' title="bbox 1912 4561 3497 4637">
    <p class='ocr_par' dir='ltr' id='par_1_106' title="bbox 1912 4561 3497 4637">
     <span class='ocr_line' id='line_1_106' title="bbox 1912 4561 3497 4637; baseline -0.004 -14"><span class='ocrx_word' id='word_1_859' title='bbox 1912 4578 2026 4623; x_wconf 90' lang='lat' dir='ltr'><strong>erat</strong></span> <span class='ocrx_word' id='word_1_860' title='bbox 2052 4568 2240 4622; x_wconf 87' lang='lat' dir='ltr'><strong>civitas</strong></span> <span class='ocrx_word' id='word_1_861' title='bbox 2267 4568 2438 4637; x_wconf 88' lang='lat' dir='ltr'><strong>primo</strong></span> <span class='ocrx_word' id='word_1_862' title='bbox 2468 4581 2584 4635; x_wconf 63' lang='lat' dir='ltr'><strong>qua:</strong></span> <span class='ocrx_word' id='word_1_863' title='bbox 2613 4564 2978 4635; x_wconf 89' lang='lat' dir='ltr'><strong>appellabatur</strong></span> <span class='ocrx_word' id='word_1_864' title='bbox 3017 4562 3202 4627; x_wconf 90' lang='lat' dir='ltr'><strong>Jcbus,</strong></span> <span class='ocrx_word' id='word_1_865' title='bbox 3238 4562 3379 4617; x_wconf 82' lang='lat' dir='ltr'><strong>unde</strong></span> <span class='ocrx_word' id='word_1_866' title='bbox 3406 4561 3497 4617; x_wconf 63' lang='lat' dir='ltr'><strong>va</strong></span> 
     </span>
    </p>
   </div>
   <div class='ocr_carea' id='block_1_107' title="bbox 1912 4654 3493 4728">
    <p class='ocr_par' dir='ltr' id='par_1_107' title="bbox 1912 4654 3493 4728">
     <span class='ocr_line' id='line_1_107' title="bbox 1912 4654 3493 4728; baseline -0.003 -15"><span class='ocrx_word' id='word_1_867' title='bbox 1912 4660 2100 4715; x_wconf 73' lang='lat' dir='ltr'><strong>busmi.</strong></span> <span class='ocrx_word' id='word_1_868' title='bbox 2134 4659 2210 4713; x_wconf 86' lang='lat' dir='ltr'><strong>Ea</strong></span> <span class='ocrx_word' id='word_1_869' title='bbox 2236 4668 2409 4728; x_wconf 90' lang='lat' dir='ltr'><strong>capta,</strong></span> <span class='ocrx_word' id='word_1_870' title='bbox 2437 4657 2665 4722; x_wconf 89' lang='lat' dir='ltr'><strong>devicta,</strong></span> <span class='ocrx_word' id='word_1_871' title='bbox 2695 4655 2953 4726; x_wconf 86' lang='lat' dir='ltr'><strong>subjecta,</strong></span> <span class='ocrx_word' id='word_1_872' title='bbox 2972 4654 3228 4710; x_wconf 74' lang='lat' dir='ltr'><strong>tedilicata</strong></span> <span class='ocrx_word' id='word_1_873' title='bbox 3252 4662 3333 4708; x_wconf 91' lang='lat' dir='ltr'><strong>cst</strong></span> <span class='ocrx_word' id='word_1_874' title='bbox 3356 4668 3493 4708; x_wconf 79' lang='lat' dir='ltr'><strong>nova</strong></span> 
     </span>
    </p>
   </div>
   <div class='ocr_carea' id='block_1_108' title="bbox 1913 4745 3497 4822">
    <p class='ocr_par' dir='ltr' id='par_1_108' title="bbox 1913 4745 3497 4822">
     <span class='ocr_line' id='line_1_108' title="bbox 1913 4745 3497 4822; baseline -0.004 -15"><span class='ocrx_word' id='word_1_875' title='bbox 1913 4754 2100 4807; x_wconf 87' lang='lat' dir='ltr'><strong>civitas</strong></span> <span class='ocrx_word' id='word_1_876' title='bbox 2130 4761 2378 4822; x_wconf 89' lang='lat' dir='ltr'><strong>tanquam</strong></span> <span class='ocrx_word' id='word_1_877' title='bbox 2418 4750 2685 4804; x_wconf 88' lang='lat' dir='ltr'><strong>destructa</strong></span> <span class='ocrx_word' id='word_1_878' title='bbox 2733 4758 2943 4813; x_wconf 90' lang='lat' dir='ltr'><strong>vetere;</strong></span> <span class='ocrx_word' id='word_1_879' title='bbox 2976 4757 3029 4803; x_wconf 91' lang='lat' dir='ltr'><strong>et</strong></span> <span class='ocrx_word' id='word_1_880' title='bbox 3052 4745 3313 4815; x_wconf 78' lang='lat' dir='ltr'><strong>appellata</strong></span> <span class='ocrx_word' id='word_1_881' title='bbox 3340 4746 3497 4801; x_wconf 82' lang='lat' dir='ltr'><strong>Jeru-</strong></span> 
     </span>
    </p>
   </div>
   <div class='ocr_carea' id='block_1_109' title="bbox 1914 4840 3498 4914">
    <p class='ocr_par' dir='ltr' id='par_1_109' title="bbox 1914 4840 3498 4914">
     <span class='ocr_line' id='line_1_109' title="bbox 1914 4840 3498 4914; baseline -0.003 -14"><span class='ocrx_word' id='word_1_882' title='bbox 1914 4845 2106 4913; x_wconf 89' lang='lat' dir='ltr'><strong>salem,</strong></span> <span class='ocrx_word' id='word_1_883' title='bbox 2135 4842 2282 4900; x_wconf 81' lang='lat' dir='ltr'><strong>Visio</strong></span> <span class='ocrx_word' id='word_1_884' title='bbox 2314 4848 2478 4914; x_wconf 87' lang='lat' dir='ltr'><strong>pacis,</strong></span> <span class='ocrx_word' id='word_1_885' title='bbox 2507 4843 2693 4897; x_wconf 89' lang='lat' dir='ltr'><strong>civitas</strong></span> <span class='ocrx_word' id='word_1_886' title='bbox 2723 4842 2816 4896; x_wconf 84' lang='lat' dir='ltr'><strong>Dei</strong></span> <span class='ocrx_word' id='word_1_887' title='bbox 2844 4840 2977 4913; x_wconf 88' lang='lat' dir='ltr'><strong>(Jos.</strong></span> <span class='ocrx_word' id='word_1_888' title='bbox 3005 4858 3150 4906; x_wconf 83' lang='lat' dir='ltr'><strong>xvut,</strong></span> <span class='ocrx_word' id='word_1_889' title='bbox 3175 4841 3288 4910; x_wconf 75' lang='lat'><strong>28).</strong></span> <span class='ocrx_word' id='word_1_890' title='bbox 3322 4840 3498 4896; x_wconf 81' lang='lat' dir='ltr'><strong>Unus-</strong></span> 
     </span>
    </p>
   </div>
   <div class='ocr_carea' id='block_1_110' title="bbox 1913 4934 3496 5009">
    <p class='ocr_par' dir='ltr' id='par_1_110' title="bbox 1913 4934 3496 5009">
     <span class='ocr_line' id='line_1_110' title="bbox 1913 4934 3496 5009; baseline -0.002 -17"><span class='ocrx_word' id='word_1_891' title='bbox 1913 4938 2139 5009; x_wconf 90' lang='lat' dir='ltr'><strong>quisque</strong></span> <span class='ocrx_word' id='word_1_892' title='bbox 2186 4952 2318 5007; x_wconf 86' lang='lat' dir='ltr'><strong>ergo</strong></span> <span class='ocrx_word' id='word_1_893' title='bbox 2365 4947 2520 4991; x_wconf 89' lang='lat' dir='ltr'><strong>natus</strong></span> <span class='ocrx_word' id='word_1_894' title='bbox 2568 4951 2633 4991; x_wconf 82' lang='lat' dir='ltr'><strong>ex</strong></span> <span class='ocrx_word' id='word_1_895' title='bbox 2683 4935 2874 5001; x_wconf 84' lang='lat' dir='ltr'><strong>Adam,</strong></span> <span class='ocrx_word' id='word_1_896' title='bbox 2906 4934 3138 4988; x_wconf 90' lang='lat' dir='ltr'><strong>nondum</strong></span> <span class='ocrx_word' id='word_1_897' title='bbox 3171 4934 3399 5003; x_wconf 90' lang='lat' dir='ltr'><strong>pertinet</strong></span> <span class='ocrx_word' id='word_1_898' title='bbox 3427 4934 3496 4989; x_wconf 90' lang='lat' dir='ltr'><strong>ad</strong></span> 
     </span>
    </p>
   </div>
   <div class='ocr_carea' id='block_1_111' title="bbox 1914 5025 3497 5099">
    <p class='ocr_par' dir='ltr' id='par_1_111' title="bbox 1914 5025 3497 5099">
     <span class='ocr_line' id='line_1_111' title="bbox 1914 5025 3497 5099; baseline -0.005 -14"><span class='ocrx_word' id='word_1_899' title='bbox 1914 5030 2207 5085; x_wconf 81' lang='lat' dir='ltr'><strong>Jerusalem</strong></span> <span class='ocrx_word' id='word_1_900' title='bbox 2243 5046 2255 5082; x_wconf 92' lang='lat'><strong>:</strong></span> <span class='ocrx_word' id='word_1_901' title='bbox 2285 5037 2458 5099; x_wconf 89' lang='lat' dir='ltr'><strong>portat</strong></span> <span class='ocrx_word' id='word_1_902' title='bbox 2501 5027 2643 5082; x_wconf 91' lang='lat' dir='ltr'><strong>enim</strong></span> <span class='ocrx_word' id='word_1_903' title='bbox 2692 5042 2874 5081; x_wconf 89' lang='lat' dir='ltr'><strong>secum</strong></span> <span class='ocrx_word' id='word_1_904' title='bbox 2931 5026 3198 5081; x_wconf 88' lang='lat' dir='ltr'><strong>traducem</strong></span> <span class='ocrx_word' id='word_1_905' title='bbox 3250 5025 3497 5095; x_wconf 87' lang='lat' dir='ltr'><strong>iniquita-</strong></span> 
     </span>
    </p>
   </div>
   <div class='ocr_carea' id='block_1_112' title="bbox 1919 5116 3498 5191">
    <p class='ocr_par' dir='ltr' id='par_1_112' title="bbox 1919 5116 3498 5191">
     <span class='ocr_line' id='line_1_112' title="bbox 1919 5116 3498 5191; baseline -0.003 -17"><span class='ocrx_word' id='word_1_906' title='bbox 1919 5123 2005 5188; x_wconf 90' lang='lat' dir='ltr'><strong>tis,</strong></span> <span class='ocrx_word' id='word_1_907' title='bbox 2041 5136 2357 5191; x_wconf 74' lang='lat' dir='ltr'><strong>pmnamque</strong></span> <span class='ocrx_word' id='word_1_908' title='bbox 2387 5119 2610 5190; x_wconf 89' lang='lat' dir='ltr'><strong>peccati,</strong></span> <span class='ocrx_word' id='word_1_909' title='bbox 2652 5118 2934 5189; x_wconf 90' lang='lat' dir='ltr'><strong>deputatus</strong></span> <span class='ocrx_word' id='word_1_910' title='bbox 2962 5118 3151 5183; x_wconf 89' lang='lat' dir='ltr'><strong>morti;</strong></span> <span class='ocrx_word' id='word_1_911' title='bbox 3186 5126 3238 5172; x_wconf 91' lang='lat' dir='ltr'><strong>et</strong></span> <span class='ocrx_word' id='word_1_912' title='bbox 3265 5116 3498 5186; x_wconf 89' lang='lat' dir='ltr'><strong>pertinet</strong></span> 
     </span>
    </p>
   </div>
   <div class='ocr_carea' id='block_1_113' title="bbox 1916 5205 3496 5283">
    <p class='ocr_par' dir='ltr' id='par_1_113' title="bbox 1916 5205 3496 5283">
     <span class='ocr_line' id='line_1_113' title="bbox 1916 5205 3496 5283; baseline -0.003 -18"><span class='ocrx_word' id='word_1_913' title='bbox 1916 5210 2309 5283; x_wconf 87' lang='lat' dir='ltr'><strong>quodammodo</strong></span> <span class='ocrx_word' id='word_1_914' title='bbox 2337 5210 2405 5265; x_wconf 87' lang='lat' dir='ltr'><strong>ad</strong></span> <span class='ocrx_word' id='word_1_915' title='bbox 2432 5220 2664 5265; x_wconf 88' lang='lat' dir='ltr'><strong>veterem</strong></span> <span class='ocrx_word' id='word_1_916' title='bbox 2692 5210 2973 5281; x_wconf 89' lang='lat' dir='ltr'><strong>quamdam</strong></span> <span class='ocrx_word' id='word_1_917' title='bbox 2995 5210 3282 5265; x_wconf 85' lang='lat' dir='ltr'><strong>civitatem.</strong></span> <span class='ocrx_word' id='word_1_918' title='bbox 3313 5206 3419 5261; x_wconf 91' lang='lat' dir='ltr'><strong>Sed</strong></span> <span class='ocrx_word' id='word_1_919' title='bbox 3448 5205 3496 5263; x_wconf 88' lang='lat' dir='ltr'><strong>si</strong></span> 
     </span>
    </p>
   </div>
   <div class='ocr_carea' id='block_1_114' title="bbox 1917 5298 3498 5373">
    <p class='ocr_par' dir='ltr' id='par_1_114' title="bbox 1917 5298 3498 5373">
     <span class='ocr_line' id='line_1_114' title="bbox 1917 5298 3498 5373; baseline -0.003 -14"><span class='ocrx_word' id='word_1_920' title='bbox 1917 5305 2127 5359; x_wconf 81' lang='lat' dir='ltr'><strong>futurus</strong></span> <span class='ocrx_word' id='word_1_921' title='bbox 2156 5313 2237 5359; x_wconf 88' lang='lat' dir='ltr'><strong>est</strong></span> <span class='ocrx_word' id='word_1_922' title='bbox 2281 5303 2333 5357; x_wconf 92' lang='lat' dir='ltr'><strong>in</strong></span> <span class='ocrx_word' id='word_1_923' title='bbox 2366 5301 2559 5373; x_wconf 92' lang='lat' dir='ltr'><strong>populo</strong></span> <span class='ocrx_word' id='word_1_924' title='bbox 2589 5302 2705 5371; x_wconf 89' lang='lat' dir='ltr'><strong>Dei,</strong></span> <span class='ocrx_word' id='word_1_925' title='bbox 2752 5303 3057 5358; x_wconf 87' lang='lat' dir='ltr'><strong>destruetur</strong></span> <span class='ocrx_word' id='word_1_926' title='bbox 3083 5309 3253 5367; x_wconf 86' lang='lat' dir='ltr'><strong>vetus,</strong></span> <span class='ocrx_word' id='word_1_927' title='bbox 3284 5308 3341 5355; x_wconf 94' lang='lat' dir='ltr'><strong>et</strong></span> <span class='ocrx_word' id='word_1_928' title='bbox 3368 5298 3498 5355; x_wconf 76' lang='lat' dir='ltr'><strong>tedi—</strong></span> 
     </span>
    </p>
   </div>
   <div class='ocr_carea' id='block_1_115' title="bbox 1918 5392 3498 5468">
    <p class='ocr_par' dir='ltr' id='par_1_115' title="bbox 1918 5392 3498 5468">
     <span class='ocr_line' id='line_1_115' title="bbox 1918 5392 3498 5468; baseline -0.001 -18"><span class='ocrx_word' id='word_1_929' title='bbox 1918 5396 2162 5452; x_wconf 84' lang='lat' dir='ltr'><strong>l‘icabitur</strong></span> <span class='ocrx_word' id='word_1_930' title='bbox 2192 5412 2380 5451; x_wconf 88' lang='lat' dir='ltr'><strong>novus.</strong></span> <span class='ocrx_word' id='word_1_931' title='bbox 2431 5394 2554 5452; x_wconf 90' lang='lat' dir='ltr'><strong>Ideo</strong></span> <span class='ocrx_word' id='word_1_932' title='bbox 2596 5411 2722 5468; x_wconf 85' lang='lat' dir='ltr'><strong>ergo</strong></span> <span class='ocrx_word' id='word_1_933' title='bbox 2751 5396 2881 5452; x_wconf 90' lang='lat' dir='ltr'><strong>Cain</strong></span> <span class='ocrx_word' id='word_1_934' title='bbox 2907 5394 3175 5451; x_wconf 80' lang='lat' dir='ltr'><strong>civitatem</strong></span> <span class='ocrx_word' id='word_1_935' title='bbox 3216 5392 3498 5451; x_wconf 71' lang='lat' dir='ltr'><strong>tedilicavit</strong></span> 
     </span>
    </p>
   </div>
   <div class='ocr_carea' id='block_1_116' title="bbox 1919 5484 3496 5551">
    <p class='ocr_par' dir='ltr' id='par_1_116' title="bbox 1919 5484 3496 5551">
     <span class='ocr_line' id='line_1_116' title="bbox 1919 5484 3496 5551; baseline -0.001 -8"><span class='ocrx_word' id='word_1_936' title='bbox 1919 5490 2005 5543; x_wconf 92' lang='lat' dir='ltr'><strong>ubi</strong></span> <span class='ocrx_word' id='word_1_937' title='bbox 2039 5503 2143 5543; x_wconf 92' lang='lat' dir='ltr'><strong>non</strong></span> <span class='ocrx_word' id='word_1_938' title='bbox 2175 5498 2289 5544; x_wconf 90' lang='lat' dir='ltr'><strong>erat</strong></span> <span class='ocrx_word' id='word_1_939' title='bbox 2315 5488 2521 5543; x_wconf 89' lang='lat' dir='ltr'><strong>civitas.</strong></span> <span class='ocrx_word' id='word_1_940' title='bbox 2557 5493 2598 5543; x_wconf 79' lang='grc' dir='ltr'><strong>Α</strong></span> <span class='ocrx_word' id='word_1_941' title='bbox 2629 5489 2951 5551; x_wconf 84' lang='lat' dir='ltr'><strong>mortalitate</strong></span> <span class='ocrx_word' id='word_1_942' title='bbox 2978 5487 3120 5543; x_wconf 83' lang='lat' dir='ltr'><strong>enim</strong></span> <span class='ocrx_word' id='word_1_943' title='bbox 3150 5493 3205 5542; x_wconf 86' lang='lat' dir='ltr'><strong>et</strong></span> <span class='ocrx_word' id='word_1_944' title='bbox 3230 5500 3262 5541; x_wconf 70' lang='grc' dir='ltr'><strong><em>ι</em></strong></span> <span class='ocrx_word' id='word_1_945' title='bbox 3292 5484 3496 5541; x_wconf 85' lang='lat' dir='ltr'><strong>malitia</strong></span> 
     </span>
    </p>
   </div>
   <div class='ocr_carea' id='block_1_117' title="bbox 1914 5580 3499 5654">
    <p class='ocr_par' dir='ltr' id='par_1_117' title="bbox 1914 5580 3499 5654">
     <span class='ocr_line' id='line_1_117' title="bbox 1914 5580 3499 5654; baseline -0.002 -18"><span class='ocrx_word' id='word_1_946' title='bbox 1914 5582 2139 5653; x_wconf 82' lang='lat' dir='ltr'><strong>quisque</strong></span> <span class='ocrx_word' id='word_1_947' title='bbox 2165 5583 2367 5653; x_wconf 89' lang='lat' dir='ltr'><strong>incipit,</strong></span> <span class='ocrx_word' id='word_1_948' title='bbox 2419 5592 2475 5639; x_wconf 92' lang='lat' dir='ltr'><strong>ut</strong></span> <span class='ocrx_word' id='word_1_949' title='bbox 2520 5582 2610 5640; x_wconf 87' lang='lat' dir='ltr'><strong>liat</strong></span> <span class='ocrx_word' id='word_1_950' title='bbox 2635 5584 2803 5639; x_wconf 90' lang='lat' dir='ltr'><strong>bonus</strong></span> <span class='ocrx_word' id='word_1_951' title='bbox 2840 5590 3044 5654; x_wconf 88' lang='lat' dir='ltr'><strong>postea.</strong></span> <span class='ocrx_word' id='word_1_952' title='bbox 3078 5581 3222 5636; x_wconf 86' lang='lat' dir='ltr'><strong>Sicut</strong></span> <span class='ocrx_word' id='word_1_953' title='bbox 3246 5580 3379 5634; x_wconf 88' lang='lat' dir='ltr'><strong>enim</strong></span> <span class='ocrx_word' id='word_1_954' title='bbox 3408 5596 3499 5651; x_wconf 84' lang='lat' dir='ltr'><strong>per</strong></span> 
     </span>
    </p>
   </div>
   <div class='ocr_carea' id='block_1_118' title="bbox 1916 5672 3501 5744">
    <p class='ocr_par' dir='ltr' id='par_1_118' title="bbox 1916 5672 3501 5744">
     <span class='ocr_line' id='line_1_118' title="bbox 1916 5672 3501 5744; baseline 0 -18"><span class='ocrx_word' id='word_1_955' title='bbox 1916 5672 2301 5727; x_wconf 85' lang='lat' dir='ltr'><strong>inobedientiam</strong></span> <span class='ocrx_word' id='word_1_956' title='bbox 2328 5676 2476 5729; x_wconf 87' lang='lat' dir='ltr'><strong>unius</strong></span> <span class='ocrx_word' id='word_1_957' title='bbox 2504 5676 2741 5741; x_wconf 84' lang='lat' dir='ltr'><strong>hominis,</strong></span> <span class='ocrx_word' id='word_1_958' title='bbox 2772 5682 3055 5744; x_wconf 85' lang='lat' dir='ltr'><strong>peccatores</strong></span> <span class='ocrx_word' id='word_1_959' title='bbox 3082 5672 3335 5726; x_wconf 85' lang='lat' dir='ltr'><strong>constituti</strong></span> <span class='ocrx_word' id='word_1_960' title='bbox 3380 5679 3501 5726; x_wconf 84' lang='lat' dir='ltr'><strong>sunt</strong></span> 
     </span>
    </p>
   </div>
   <div class='ocr_carea' id='block_1_119' title="bbox 1916 5762 3503 5837">
    <p class='ocr_par' dir='ltr' id='par_1_119' title="bbox 1916 5762 3503 5837">
     <span class='ocr_line' id='line_1_119' title="bbox 1916 5762 3503 5837; baseline -0.001 -20"><span class='ocrx_word' id='word_1_961' title='bbox 1916 5765 2093 5833; x_wconf 86' lang='lat' dir='ltr'><strong>multi;</strong></span> <span class='ocrx_word' id='word_1_962' title='bbox 2125 5768 2197 5821; x_wconf 80' lang='lat' dir='ltr'><strong>ita</strong></span> <span class='ocrx_word' id='word_1_963' title='bbox 2224 5784 2312 5837; x_wconf 82' lang='lat' dir='ltr'><strong>per</strong></span> <span class='ocrx_word' id='word_1_964' title='bbox 2352 5767 2681 5820; x_wconf 86' lang='lat' dir='ltr'><strong>obedientiam</strong></span> <span class='ocrx_word' id='word_1_965' title='bbox 2710 5766 2858 5818; x_wconf 85' lang='lat' dir='ltr'><strong>unius</strong></span> <span class='ocrx_word' id='word_1_966' title='bbox 2889 5764 3124 5832; x_wconf 89' lang='lat' dir='ltr'><strong>hominis,</strong></span> <span class='ocrx_word' id='word_1_967' title='bbox 3157 5763 3291 5835; x_wconf 83' lang='lat' dir='ltr'><strong>justi</strong></span> <span class='ocrx_word' id='word_1_968' title='bbox 3315 5762 3503 5816; x_wconf 87' lang='lat' dir='ltr'><strong>consti-</strong></span> 
     </span>
    </p>
   </div>
   <div class='ocr_carea' id='block_1_120' title="bbox 1916 5856 3502 5932">
    <p class='ocr_par' dir='ltr' id='par_1_120' title="bbox 1916 5856 3502 5932">
     <span class='ocr_line' id='line_1_120' title="bbox 1916 5856 3502 5932; baseline -0.003 -17"><span class='ocrx_word' id='word_1_969' title='bbox 1916 5870 2117 5916; x_wconf 87' lang='lat' dir='ltr'><strong>tuentur</strong></span> <span class='ocrx_word' id='word_1_970' title='bbox 2141 5860 2283 5917; x_wconf 87' lang='lat' dir='ltr'><strong>multi</strong></span> <span class='ocrx_word' id='word_1_971' title='bbox 2303 5858 2479 5932; x_wconf 82' lang='lat' dir='ltr'><strong>(Rom.</strong></span> <span class='ocrx_word' id='word_1_972' title='bbox 2502 5875 2557 5931; x_wconf 87' lang='lat' dir='ltr'><strong>v,</strong></span> <span class='ocrx_word' id='word_1_973' title='bbox 2583 5858 2692 5931; x_wconf 81' lang='lat' dir='ltr'><strong>i9).</strong></span> <span class='ocrx_word' id='word_1_974' title='bbox 2718 5856 2787 5917; x_wconf 83' lang='lat' dir='ltr'><strong>Et</strong></span> <span class='ocrx_word' id='word_1_975' title='bbox 2806 5873 2976 5914; x_wconf 79' lang='lat' dir='ltr'><strong>omnes</strong></span> <span class='ocrx_word' id='word_1_976' title='bbox 2995 5858 3049 5913; x_wconf 85' lang='lat' dir='ltr'><strong>in</strong></span> <span class='ocrx_word' id='word_1_977' title='bbox 3073 5857 3237 5914; x_wconf 80' lang='lat' dir='ltr'><strong>Adam</strong></span> <span class='ocrx_word' id='word_1_978' title='bbox 3257 5856 3502 5913; x_wconf 83' lang='lat' dir='ltr'><strong>morimur</strong></span> 
     </span>
    </p>
   </div>
  </div>
