4038 6522
525 419 635 480 735

495 536 572 610 μ(ι
610 536 729 594 Cor.
767 549 862 598 xv,
888 529 1022 602 2‘2);
1052 537 1108 585 et
1146 523 1507 594 unusquisque
1550 525 1789 574 nostrum
1832 515 1904 570 ab
1941 514 2111 569 Adam

527 609 684 685 natus
724 634 826 680 est.
857 623 1115 678 Transcat
1139 618 1205 674 ad
1231 614 1524 672 Jerusalem
1549 625 1567 676 ;
1588 609 1890 664 destruetur
1915 616 2070 660 vetus
2093 646 2110 672 ,

531 732 585 778 et
611 717 959 774 :cditicabitur
988 727 1176 767 novus.
1207 708 1482 776 Tanquam
1503 701 1723 757 devictis
1747 696 2026 762 Jebusaais,
2056 703 2115 749 ut

495 853 502 860 .
530 810 825 867 aedificetur
849 803 1172 866 Jerusalem,
1191 799 1380 854 dicitur
1411 812 1424 847 :
1459 792 1640 848 Exuite
1665 804 1751 842 vos
1777 797 1989 841 veterem
2017 788 2113 839 ho-

531 906 738 965 minem,
779 909 823 953 et
852 897 1044 952 induite
1081 909 1264 948 novum
1287 889 1504 961 (Colon.
1544 900 1622 947 ιιι,
1658 882 1714 948 9,
1749 881 1862 951 10).
1894 879 2117 948 Jamque

503 1052 506 1056 ,
531 991 808 1050 αραίίίεςιιίε
837 989 889 1042 in
933 985 1249 1046 Jerusalem,
1279 992 1332 1034 et
1375 978 1558 1048 gratia:
1604 976 1722 1030 luce
1751 971 2075 1042 fulgentibus
2097 1009 2114 1036 ,

533 1087 728 1140 dicitur
753 1099 773 1137 :
802 1080 995 1135 Fuisti;
1022 1075 1295 1146 aliquando
1330 1070 1544 1126 tenebrat
1566 1085 1584 1134 ,'
1611 1084 1743 1122 nunc
1763 1077 1928 1118 autem
1955 1064 2048 1118 lux
2065 1062 2119 1116 in

538 1174 758 1234 Domino
783 1171 1000 1242 (Ep/tes.
1019 1184 1074 1234 v,
1093 1166 1180 1236 8).Δ
1200 1164 1332 1218 Mala
1349 1176 1477 1230 ergo
1493 1160 1678 1215 civitas
1697 1157 1766 1211 ah
1782 1155 1932 1210 initio
1952 1167 2120 1222 usque

537 1267 591 1321 in
621 1266 779 1321 tinent
817 1262 981 1318 currit
1007 1277 1022 1327 ;
1049 1267 1103 1315 et
1132 1258 1271 1312 bona
1313 1255 1498 1310 civitas
1534 1251 1830 1306 mutatione
1857 1247 2118 1303 malorum

539 1358 808 1414 conditur.

611 1451 670 1506 8.
697 1449 763 1504 Et
789 1454 913 1502 sunt
941 1445 1056 1499 ista:
1081 1441 1200 1498 dua:
1227 1440 1466 1496 civitates
1492 1435 1766 1506 permixta:
1792 1432 2006 1488 interim
2029 1430 2120 1498 ;.in

544 1541 651 1595 fine
692 1537 1000 1608 separanda:
1033 1553 1048 1592 :
1078 1533 1334 1588 adversus
1365 1545 1424 1584 se
1467 1530 1695 1583 invicem
1732 1524 2121 1595 contligentes;

544 1646 647 1685 una
678 1645 772 1700 pro
799 1627 1091 1697 iniquitate,
1121 1625 1292 1678 altera
1330 1636 1425 1691 pro
1445 1620 1646 1690 jnstitia
1675 1634 1689 1682 ;
1719 1631 1821 1671 una
1851 1630 1949 1686 pro
1976 1614 2127 1668 vani-

545 1730 675 1787 tate,
697 1721 862 1774 altera
889 1733 985 1787 pro
1007 1717 1246 1772 veritate.
1280 1715 1346 1767 Et
1367 1710 1651 1781 aliquando
1680 1710 1790 1777 ipsa
1819 1706 2128 1762 commixtio

547 1811 856 1883 temporalis
899 1809 1042 1874 facit,
1088 1816 1144 1860 ut
1169 1805 1378 1875 quidam
1413 1803 1739 1871 pertinentes
1767 1797 1832 1852 ad
1862 1797 2130 1852 civitatem

549 1903 914 1974 Babyloniam,
944 1899 1315 1953 administrent
1344 1908 1428 1946 res
1456 1892 1784 1961 pertinentes
1811 1888 1876 1942 ad
1916 1887 2134 1942 Jerusa-

549 1994 780 2057 letn;et
820 2005 1029 2046 rursum
1072 1985 1284 2057 quidam
1331 1982 1656 2052 pertinentes
1693 1979 1759 2032 ad
1798 1977 2131 2043 Jerusalem,

551 2087 924 2142 administrent
954 2096 1040 2136 res
1071 2079 1394 2149 pertinentes
1421 2074 1486 2128 ad
1515 2071 1882 2144 Babyloniam.
1912 2068 2134 2124 Difficile

551 2178 748 2246 aliquid
774 2175 1078 2246 promisisse
1101 2171 1304 2225 videor.
1338 2167 1602 2221 l’atientes
1625 2172 1822 2229 estote,
1841 2161 2013 2216 donec
2039 2160 2138 2217 de-

555 2281 882 2327 monstretur
907 2267 1186 2337 exemplis.
1218 2264 1408 2320 Omnia
1441 2262 1581 2315 enim
1612 2260 1663 2314 in
1693 2268 1873 2312 vetere
1899 2254 2094 2326 populo
2117 2293 2133 2318 ,

555 2365 692 2419 sicut
735 2361 920 2417 scribit
964 2357 1274 2428 Apostolus,
1319 2355 1372 2407 in
1413 2354 1577 2422 ﬁgura
1617 2347 1971 2418 contingebant
2017 2345 2089 2399 eis
2117 2360 2137 2398 :

555 2456 741 2521 scripta
761 2461 875 2508 sunt
895 2462 1062 2504 autem
1087 2449 1154 2502 ad
1172 2447 1526 2505 correctionem
1550 2453 1774 2498 nostram
1795 2441 1846 2494 in
1874 2455 1998 2510 quos
2021 2437 2139 2506 ﬁnis

558 2546 859 2601 saeculorum
895 2542 1088 2596 obvenit
1116 2541 1158 2612 (l
1190 2538 1309 2593 (Sor.
1341 2553 1396 2603 κ,
1431 2533 1541 2604 ll).
1595 2533 1860 2603 Respieite
1885 2545 2013 2600 ergo
2041 2543 2140 2598 po-

561 2639 745 2709 pulum
768 2637 914 2690 illum
942 2635 1192 2704 primum,
1215 2630 1442 2702 positum
1464 2629 1623 2684 etiam
1649 2627 1714 2681 ad
1735 2625 2139 2695 signiﬁcandum

561 2727 812 2799 pepnlum
852 2724 1234 2795 posteriorem;
1266 2729 1322 2775 et
1365 2719 1540 2773 videte
1570 2717 1640 2771 ibi
1669 2732 1788 2786 qua:
1815 2714 1959 2770 dico.
2008 2711 2143 2767 Fue-

561 2827 688 2875 runt
715 2831 868 2888 rcges
906 2814 1084 2885 magni
1113 2811 1186 2884 (a)
1218 2813 1270 2866 in
1310 2810 1604 2865 Jerusalem
1639 2824 1654 2873 ;
1683 2815 1865 2861 uotum
1885 2813 2004 2871 est;
2042 2819 2142 2858 nu-

562 2917 853 2972 merantur,
877 2905 1239 2961 nominantur.
1269 2901 1467 2957 Omnes
1488 2914 1614 2970 ergo
1639 2899 1802 2969 iniqui
1824 2898 1967 2953 cives
1991 2903 2144 2951 erant

563 3000 885 3072 Babyloniae,
914 3005 970 3053 et
993 2993 1432 3050 administrabant
1473 3007 1561 3048 res
1587 2990 1884 3046 Jerusalem
1914 3008 1927 3044 :
1958 3002 2144 3042 omnes

562 3091 618 3146 in
645 3092 800 3146 ﬁnem
830 3089 952 3144 inde
984 3085 1288 3156 separandi,
1316 3083 1527 3138 nonnisi
1555 3082 1621 3136 ad
1667 3082 1934 3135 diabolum
1982 3080 2147 3149 perti-

565 3193 720 3242 nent.
744 3183 947 3237 Rursus
989 3179 1289 3234 invenimus
1317 3177 1460 3231 cives
1487 3175 1556 3230 de
1593 3173 1888 3228 Jerusalem
1919 3172 2147 3226 admini-

566 3284 766 3328 strasse
788 3287 873 3326 res
897 3269 1152 3342 quasdam
1181 3267 1506 3338 pertinentes
1531 3265 1596 3319 ad
1624 3263 1993 3334 Babyloniam.
2014 3262 2143 3316 Nam

569 3373 680 3419 tres
724 3363 845 3417 illos
894 3375 1090 3432 pueros
1135 3358 1308 3412 victus
1360 3355 1617 3410 miraculo
1660 3353 2150 3408 Nabuchodonosor

567 3453 720 3524 regni
739 3452 824 3507 sui
842 3451 1302 3508 administratores
1324 3447 1464 3510 fecit,
1495 3456 1548 3500 et
1569 3445 1842 3500 constituit
1870 3458 1964 3499 eos
1987 3460 2150 3513 super

566 3555 804 3615 satrapas
826 3558 985 3608 suos;
1017 3551 1070 3597 et
1094 3538 1535 3595 administrabant
1558 3551 1645 3592 res
1673 3536 1978 3608 Babylonia!
2006 3537 2150 3591 cives

566 3639 636 3696 dc
661 3637 952 3694 Jerusalem
983 3618 1142 3705 (Dan.
1163 3690 1166 3694 ,
1185 3650 1263 3695 ιιι,
1295 3631 1411 3702 9ἳ).
1459 3629 1727 3700 lleSpicite
1775 3643 1914 3683 nunc
1943 3627 2151 3698 impleri

569 3729 674 3784 hoc
699 3736 754 3782 et
779 3727 860 3798 agi
893 3726 944 3780 in
983 3725 1249 3789 Ecclesia,
1281 3730 1336 3778 et
1367 3723 1449 3775 his
1480 3719 1828 3790 temporibus.
1860 3719 2066 3773 Omnes
2084 3717 2152 3771 de

568 3818 762 3888 quibus
788 3817 986 3872 dictum
1013 3823 1114 3879 est,
1153 3813 1281 3880 Qum
1305 3813 1478 3865 dicunt
1509 3810 1702 3882 facite;
1741 3825 1854 3880 qua:
1892 3818 2060 3861 autem
2081 3811 2153 3879 fa—

573 3909 711 3960 ciunt
759 3907 922 3976 facere
970 3906 1157 3970 nolite,
1201 3904 1344 3958 cives
1389 3911 1512 3956 sunt
1557 3900 1888 3972 Babyloniae,
1923 3899 2152 3953 admini-

571 4007 804 4052 strautes
853 3995 1230 4065 rempublicam
1274 3994 1505 4048 civitatis
1546 3992 1866 4048 Jerusalem.
1911 3991 1965 4045 Si
2011 3991 2154 4045 enim

573 4088 707 4143 nihil
734 4086 1166 4142 administrarent
1203 4083 1430 4138 civitatis
1472 4083 1791 4142 Jerusalem.
1822 4080 1984 4148 unde,
2032 4080 2159 4145 Quae

574 4180 750 4234 dicunt
797 4180 988 4251 facile?
1023 4178 1182 4244 unde,
1226 4193 1378 4248 super
1419 4175 1709 4229 cathedram
1753 4173 1920 4243 Moysi
1947 4173 2160 4226 sedent?

575 4271 783 4327 Rursus
813 4271 857 4326 si
888 4271 1031 4325 cives
1068 4277 1192 4323 sunt
1219 4267 1384 4336 ipsius
1420 4266 1714 4322 Jerusalem
1745 4264 1835 4334 qui
1861 4263 2158 4334 regnabant

540 4353 628 4418 Ain
659 4370 916 4417 aeternum
963 4376 1082 4415 ettm
1113 4360 1344 4423 Chrism,
1390 4358 1549 4420 unde,
1599 4359 1724 4422 Qua:
1758 4357 1954 4427 faciunt
1995 4361 2161 4428 facere

574 4454 730 4508 nolite
761 4452 970 4524 (Matth.
1003 4469 1149 4518 χχιιι,
1177 4452 1231 4517 9.,
1256 4453 1336 4520 5),
1365 4451 1464 4505 nisi
1491 4451 1611 4519 quia
1655 4458 1709 4504 et
1737 4449 1965 4503 audituri
1991 4459 2112 4504 sunt
2140 4489 2158 4516 ,

581 4543 818 4597 Recedite
857 4561 889 4596 a
918 4561 1015 4604 me,
1054 4559 1224 4597 omnes
1256 4543 1342 4612 qui
1363 4541 1639 4608 operamini
1675 4540 1982 4608 iniquitatem
2000 4539 2158 4609 (Luc.

574 4617 790 4705 Inui?)
808 4635 837 4688 ?
856 4634 1049 4689 Notum
1069 4643 1292 4703 estergo
1313 4632 1486 4699 vobis,
1503 4632 1646 4686 cives
1662 4632 1815 4686 malae
1835 4632 2164 4687 civitatisad-

583 4722 888 4779 ministrare
932 4724 1187 4795 quosdam
1218 4733 1368 4778 actus
1415 4721 1566 4777 boum
1594 4721 1844 4777 civitatis.
1873 4721 2162 4780 Videamus

574 4815 622 4869 si
649 4821 704 4869 et
730 4822 869 4868 nunc
898 4807 1053 4868 cives
1079 4814 1232 4868 bona:
1258 4813 1485 4867 civitatis
1509 4811 1880 4866 administrent
1904 4813 2162 4881 quosdam

575 4912 727 4960 actus
749 4904 901 4958 matre
921 4905 1168 4961 civitatis.
1197 4905 1430 4960 Terrena
1452 4902 1627 4958 omnis
1651 4903 1969 4972 respublica,
1993 4921 2162 4974 quan-

577 4997 753 5067 doque
797 4995 981 5065 utique
1026 4997 1297 5066 pcritura;
1345 4995 1497 5066 cujus
1547 4988 1769 5065 regnum
1809 4997 2162 5054 transiturum

576 5097 662 5144 est
685 5089 725 5155 ‘,
755 5103 875 5143 cum
900 5089 1073 5142 veniet
1097 5089 1223 5143 illud
1251 5105 1471 5160 regnum
1499 5087 1567 5143 de
1591 5103 1694 5160 quo
1717 5102 1952 5154 oramus,
1986 5088 2164 5146 Veniat

576 5195 787 5248 regnum
828 5188 969 5233 tuum
1011 5177 1231 5248 (Matth.
1263 5194 1337 5246 vr,
1368 5177 1492 5252 l0).
1524 5187 1578 5233 et
1614 5177 1683 5233 de
1719 5179 1825 5249 quo
1856 5179 2162 5250 praedictum

577 5278 681 5336 est,
712 5269 778 5324 Et
819 5270 962 5341 regni
986 5271 1094 5342 ejus
1120 5285 1219 5324 non
1241 5271 1333 5325 erit
1362 5271 1480 5340 ﬁnis
1517 5269 1733 5342 (Lat-.1,
1779 5272 1868 5340 55)
1908 5290 1920 5324 :
1955 5281 2163 5329 terrena

578 5377 711 5433 ergo
729 5363 1024 5432 respublica
1052 5362 1209 5418 habet
1228 5362 1371 5416 cives
1393 5373 1604 5417 nostros
1621 5363 2054 5419 administrantcs
2077 5380 2163 5419 res

579 5455 719 5523 ejus.
752 5453 921 5522 Quam
960 5454 1110 5508 multi
1149 5453 1290 5508 enim
1322 5451 1541 5519 ﬁdeles,
1573 5469 1733 5523 quam
1779 5454 1930 5508 multi
1960 5455 2083 5510 boni
2110 5463 2166 5510 et

579 5545 921 5614 magistratus
948 5553 1071 5599 sunt
1099 5545 1151 5599 in
1191 5543 1493 5598 civitatibus
1533 5545 1666 5608 suis,
1692 5553 1745 5598 et
1766 5545 1970 5613 judices
1996 5555 2160 5612 sunt,

580 5642 635 5689 et
660 5635 823 5691 duces
851 5645 993 5704 sunt,
1020 5644 1072 5691 et
1100 5636 1324 5691 comites
1349 5643 1493 5702 sunt,
1521 5645 1574 5689 et
1596 5650 1747 5706 reges
1775 5636 1941 5689 sunt?
1967 5635 2163 5693 Omnes

557 5827 560 5830 j
645 5765 671 5836 ζ
701 5764 832 5836 rod,
852 5765 989 5836 cujus
1007 5779 1204 5836 regnum
1227 5766 2160 5830 transitorme:Mss.,tran.siturttm.

651 5825 726 5887 (a)
761 5825 916 5891 Forte,
941 5825 1076 5878 mali:

1749 404 1809 457 S.
1850 399 2218 460 AUGUSTINI
2257 403 2561 464 EPISL'OPI

3693 391 3812 450 756

2215 517 2341 587 justi
2369 526 2424 573 et
2447 517 2592 575 boni.
2613 531 2720 571 non
2741 515 2996 570 habentes
3017 514 3070 568 in
3096 513 3260 570 corde
3287 512 3388 568 nisi
3413 511 3808 584 gloriosissima

2218 624 2336 676 qua:
2361 609 2428 663 de
2449 618 2500 662 te
2524 609 2663 663 dicta
2693 616 2837 670 sunt,
2856 607 3041 661 civitas
3062 607 3153 661 Dei
3181 606 3348 679 (Psal.
3377 621 3596 670 nam,
3627 604 3707 675 5).
3739 605 3812 659 Et

2219 700 2368 769 quasi
2395 699 2661 769 angariant
2692 698 2892 753 faciunt
2920 698 2972 752 in
3013 697 3226 754 civitate
3255 697 3562 759 transitura,
3594 705 3648 752 ct
3693 695 3811 750 illic

2219 807 2249 845 a
2277 793 2582 848 doctoribus
2610 792 2840 847 civitatis
2876 801 3075 846 sancta:
3113 791 3367 862 iubentur
3394 805 3608 845 servare
3641 788 3807 843 ﬁdem

2218 885 2520 954 przepositis
2544 885 2672 951 suis,
2714 886 2818 940 sive
2844 886 2950 955 regi
2977 885 3121 955 quasi
3162 883 3484 952 prmeellenti,
3514 883 3617 937 sive
3658 883 3809 935 daei-

2221 974 2312 1029 bus
2333 987 2567 1046 tauquam
2589 978 2651 1030 ab
2675 993 2732 1030 eo
2750 977 2912 1031 missis
2933 977 3287 1030 ad'vindictam
3312 975 3578 1038 malorum,
3600 975 3809 1028 tandem

2221 1084 2337 1122 vero
2361 1068 2601 1124 bonorum
2625 1086 2643 1134 ;
2669 1072 2781 1124 sive
2806 1070 2962 1131 servi,
2995 1079 3050 1123 ut
3072 1069 3304 1122 dominis
3337 1069 3448 1122 suis
3475 1067 3671 1121 subditi
3699 1067 3813 1120 sint

2223 1160 2273 1232 (l‘
2305 1160 2448 1218 Petr.
2485 1177 2542 1224 ιι,
2590 1163 2677 1228 15,
2709 1163 2820 1231 l8),
2863 1171 2918 1216 et
2944 1161 3231 1216 Christiani
3257 1161 3520 1230 Paganis;
3551 1169 3604 1213 et
3629 1170 3814 1214 servet

2227 1253 2382 1310 ﬁdem
2406 1255 2592 1308 melior
2615 1254 2887 1318 deteriori,
2915 1254 2980 1308 :Id
3007 1262 3215 1323 tempus
3239 1253 3555 1319 serviturus,
3574 1253 3628 1307 in
3649 1261 3816 1306 mter-

2226 1361 2352 1400 num
2400 1345 2788 1405 dominaturus.
2836 1346 2994 1401 Fiunt
3033 1348 3175 1401 enim
3213 1346 3315 1400 ista
3359 1345 3531 1400 donec
3570 1352 3814 1398 transeat

2229 1436 2477 1506 iniquitas
2507 1437 2678 1507 (Psal.
2712 1453 2814 1505 LVI,
2837 1437 2917 1507 2).
2946 1437 3204 1493 Jubentur
3229 1438 3370 1492 servi
3400 1437 3539 1492 ferre
3559 1435 3813 1490 dominos

2229 1528 2439 1599 iniquos
2463 1539 2512 1584 et
2533 1529 2779 1586 difﬁciles
2803 1550 2819 1586 :
2837 1531 2979 1586 cives
2996 1530 3297 1601 Babylonia:
3315 1529 3570 1599 jubentur
3592 1529 3811 1585 tolerari

2231 1636 2262 1676 a
2290 1622 2494 1677 civibus
2533 1622 2851 1690 Jerusalem,
2883 1633 2936 1679 et
2965 1624 3191 1693 amplius
3235 1623 3609 1694 obsequiorum
3660 1623 3817 1678 exhi-

2231 1711 2513 1780 bentibus,
2543 1729 2701 1783 quam
2741 1715 2784 1768 si
2821 1715 2964 1769 cives
3007 1724 3187 1768 essent
3215 1729 3281 1768 cx
3326 1715 3437 1783 ipsa
3483 1714 3815 1786 Babylonia;

2237 1814 2484 1876 tanquam
2512 1807 2873 1876 implentibus,
2908 1809 3007 1875 Qui
3033 1809 3430 1879 teangariarerit
3451 1807 3590 1861 mille
3610 1825 3816 1878 passus,

2235 1895 2362 1950 vade
2397 1913 2511 1950 cum
2535 1896 2625 1951 illo
2650 1898 2752 1952 alia
2780 1899 2881 1952 duo
2913 1897 3122 1970 (Matth.
3146 1915 3200 1966 v,
3230 1898 3342 1969 Η).
3377 1899 3523 1953 llane
3551 1907 3713 1952 totam
3742 1898 3822 1952 ci-

2237 1989 2454 2045 vitatem
2484 1989 2801 2060 dispersam,
2831 1990 3096 2055 diffusam,
3145 1992 3479 2059 permixtam,
3527 1989 3819 2058 alloquitur

2240 2079 2325 2136 his
2369 2081 2545 2136 verbis
2600 2092 2656 2136 et
2703 2082 2833 2137 dicit
2863 2083 3190 2152 ιριιοιιςπιιιε
3229 2083 3481 2152 apponitis
3523 2098 3676 2152 super
3723 2082 3818 2133 ho-

2239 2173 2466 2226 minem?
2501 2172 2786 2243 I-nterﬁcite
2819 2190 2989 2228 omnes
3034 2190 3054 2228 :
3101 2183 3151 2228 et
3198 2175 3287 2243 qui
3343 2173 3469 2227 foris
3520 2173 3647 2226 cstis
3704 2182 3826 2226 tan-

2241 2279 2398 2334 quam
2451 2265 2720 2334 spiumin
2765 2265 2998 2334 sepibus,
3056 2274 3147 2320 aut
3196 2274 3444 2335 tanquam
3473 2264 3610 2335 ligna
3651 2265 3823 2318 infru-

2242 2364 2422 2410 ctuosa
2456 2356 2506 2410 in
2537 2357 2681 2411 silvis
2705 2375 2719 2421 ;
2748 2357 2942 2426 quique
2969 2357 3110 2411 intus
3135 2357 3265 2411 estis
3291 2365 3535 2425 tanquam
3577 2355 3781 2408 zizania
3809 2394 3832 2418 ,

2242 2445 2327 2499 vel
2367 2455 2614 2516 tanquam
2645 2448 2792 2515 palea
2818 2465 2831 2514 ;
2860 2462 3046 2502 omnes
3073 2455 3332 2517 quotquot
3370 2447 3512 2512 estis,
3543 2445 3780 2516 separati
3809 2486 3826 2510 ,

2245 2540 2520 2609 permixti,
2559 2539 2836 2605 tolerandi,
2863 2541 3164 2609 separandi,
3194 2539 3456 2608 interﬁcite
3479 2553 3644 2591 omnes
3668 2553 3686 2590 :
3709 2546 3832 2589 tan-

2245 2649 2393 2694 quam
2410 2633 2587 2703 parieti
2609 2631 2848 2686 inclinato
2871 2642 2916 2686 et
2943 2633 3172 2686 maceria!
3187 2632 3427 2698 depulsa'.
3470 2627 3830 2683 Verumtamen

2247 2724 2484 2776 honorem
2528 2740 2692 2776 meum
2720 2724 3058 2794 cogitaverunt
3097 2722 3354 2790 repellere.
3385 2719 3497 2774 Non
3537 2719 3836 2782 dixerunt,

2247 2811 2343 2867 sed
2365 2822 2539 2869 tamen
2568 2815 2951 2884 cogitaverunt.
2966 2813 3314 2883 Cogitaverunt
3333 2810 3572 2881 repellere
3590 2808 3833 2864 honorem

2247 2921 2431 2960 meum.

2319 3000 2372 3056 9.
2415 2999 2626 3056 Cucurri
2644 3001 2696 3056 in
2715 3001 2818 3056 siti.
2839 2998 3220 3054 Retribuebant
3237 2997 3375 3054 enim
3400 2997 3534 3051 mala
3564 3012 3660 3066 pro
3679 2995 3834 3049 bonis

2255 3092 2423 3164 (Psal.
2465 3109 2643 3158 χχχιιι,
2677 3091 2788 3162 l2).
2822 3091 2896 3146 Illi
2930 3089 3334 3156 interﬁciebant,
3364 3089 3436 3143 illi
3467 3088 3831 3159 repellebant;

2251 3199 2350 3253 ego
2376 3199 2469 3238 eos
2493 3183 2736 3239 sitiebant
2773 3201 2787 3236 :
2820 3182 2893 3235 illi
2944 3181 3200 3235 honorem
3248 3196 3422 3234 meum
3467 3180 3836 3249 cogitaverunt

2252 3274 2547 3344 repellere;
2577 3290 2676 3345 ego
2709 3289 2802 3328 eos
2828 3273 2880 3327 in
2907 3287 3100 3341 corpus
3128 3287 3304 3327 meum
3331 3271 3574 3326 sitiebam
3618 3270 3836 3338 trajice-

2252 3381 2333 3421 re.
2363 3365 2596 3420 Bibendo
2631 3364 2919 3434 enimquid
2960 3363 3201 3429 faciams,
3243 3362 3343 3417 nisi
3388 3361 3663 3415 humorem
3705 3360 3838 3413 furis

2257 3456 2483 3525 positum
2531 3457 2580 3510 in
2613 3456 2851 3511 membra
2894 3457 3173 3519 mittimus,
3201 3463 3251 3509 et
3290 3455 3341 3509 in
3370 3469 3563 3523 corpus
3593 3461 3834 3507 nostrum

2256 3547 2540 3603 ducimus?
2572 3548 2682 3604 Hoc
2709 3548 2831 3604 fecit
2857 3549 3064 3619 Moyses
3091 3548 3140 3601 in
3168 3547 3258 3601 illo
3283 3548 3454 3618 capite
3476 3547 3642 3600 vituli.
3667 3545 3837 3611 Caput

2256 3640 2426 3703 vituli,
2459 3654 2706 3708 magnum
2735 3647 3150 3694 sacramentum.
3173 3637 3344 3707 Caput
3370 3639 3509 3691 enim
3535 3637 3683 3690 vituli
3714 3651 3835 3689 cor-

2259 3747 2358 3801 pus
2382 3740 2498 3784 erat
2522 3731 2832 3800 impiorum,
2852 3732 2903 3784 in
2923 3729 3268 3785 similitudine
3293 3729 3440 3783 vituli
3469 3729 3841 3782 mamlucantis

2260 3823 2437 3877 fenum
2468 3822 2636 3893 (Psal.
2667 3839 2756 3888 cv,
2783 3821 2896 3894 20),
2927 3833 3135 3877 terrena
3163 3823 3509 3890 qttmretttiutn
3541 3839 3554 3872 :
3583 3820 3706 3890 quia
3728 3837 3844 3872 om-

2261 3915 2339 3968 nis
2368 3931 2486 3968 caro
2515 3917 2682 3985 fenum
2724 3913 2875 3985 (Isai.
2905 3930 2993 3978 XL,
3021 3914 3096 3986 6).
3128 3915 3253 3967 Erat
3279 3927 3426 3982 ergo.
3457 3921 3511 3966 ut
3535 3912 3664 3976 dixi,
3718 3926 3846 3964 cor-

2261 4023 2360 4076 pus
2389 4008 2691 4078 impiorum.
2723 4008 2892 4062 lratns
2916 4009 3122 4079 Moyses
3150 4009 3199 4061 in
3227 4010 3401 4076 ignem
3429 4005 3590 4065 misit,
3620 4003 3850 4058 conuni-

2263 4100 2397 4167 nuit,
2431 4102 2483 4154 in
2512 4115 2647 4170 aqua
2686 4101 2900 4170 Sparsit,
2929 4098 3212 4156 bibendum
3253 4099 3444 4168 populo
3468 4096 3614 4151 dedit
3642 4095 3845 4167 (Exod.

2264 4209 2430 4257 χχχιι,
2461 4191 2552 4263 20)
2581 4201 2672 4257 ;et
2713 4192 2789 4246 ira
2827 4192 3105 4261 l‘r0phette
3147 4190 3534 4245 administratio
3580 4188 3718 4242 facta
3766 4197 3851 4243 est

2266 4284 2583 4354 prephetiar.‘
2605 4286 2811 4354 Corpus
2835 4285 2975 4339 enim
3007 4282 3130 4338 illud
3160 4285 3210 4337 in
3243 4284 3415 4352 ignem
3439 4281 3661 4335 mittitur
3682 4280 3852 4333 tribu-

2268 4377 2546 4442 lationem,
2579 4385 2636 4432 et
2658 4377 2820 4431 verbo
2852 4377 2942 4431 Dei
2979 4376 3376 4431 comminuitur.
3415 4375 3672 4429 Paulatim
3703 4375 3850 4427 enim

2265 4469 2528 4525 desistunt
2562 4469 2631 4524 ab
2666 4470 2866 4524 unitate
2893 4469 3132 4539 corporis
3158 4469 3293 4537 ejus.
3323 4469 3470 4521 Sicut
3505 4453 3648 4522 enim
3680 4467 3852 4520 vesti—

2268 4570 2525 4628 mentum,
2566 4563 2635 4615 ita
2670 4577 2764 4630 per
2809 4571 3019 4630 tempus
3043 4559 3352 4612 absumitur.
3379 4559 3444 4612 Et
3485 4559 3854 4628 unusquisque

2266 4655 2356 4724 qui
2382 4652 2439 4706 ﬁt
2464 4652 2800 4716 christianos,
2825 4660 3100 4720 separatur
3125 4651 3192 4704 ab
3221 4651 3312 4705 illo
3333 4642 3545 4720 populo,
3563 4658 3616 4704 et
3641 4651 3797 4719 quasi
3825 4666 3854 4703 a

2267 4760 2442 4801 massa
2473 4745 2865 4800 comminuitur.
2893 4743 3187 4812 Conspirati
3218 4742 3471 4805 oderunt;
3496 4744 3814 4797 comminuti
3837 4745 3852 4774 ⁸

2268 4836 2511 4891 credunt.
2533 4837 2596 4890 lit
2622 4834 2744 4904 quid
2769 4834 2878 4904 jam
2899 4832 3216 4895 evidentius,
3239 4849 3396 4903 quam
3418 4832 3554 4903 quod
3579 4833 3630 4886 in
3653 4848 3857 4902 corpus

2270 4927 2400 4982 illud
2445 4927 2670 4983 civitatis
2699 4927 3013 4991 Jerusalem,
3061 4924 3212 4994 cujus
3257 4924 3428 4993 imago
3469 4932 3583 4978 erat
3623 4925 3858 4993 populus

2272 5020 2466 5085 Israel,
2497 5036 2590 5089 per
2653 5019 2978 5088 Bapttsunun
3023 5015 3320 5085 trajiciendi
3364 5024 3517 5070 erant
3561 5013 3858 5069 homines?

2271 5111 2396 5167 Ideo
2444 5112 2495 5165 in
2535 5125 2668 5181 aqua
2719 5124 2959 5177 sparsum
3002 5117 3118 5175 est,
3149 5117 3206 5162 ut
3255 5107 3307 5161 iu
3357 5108 3578 5176 potum’
3610 5101 3855 5162 daretur.

2271 5205 2384 5260 [loc
2410 5220 2576 5274 usque
2603 5204 2654 5258 in
2681 5203 2838 5258 tinem
2877 5202 2987 5256 sitit
3028 5204 3160 5267 iste;
3207 5201 3392 5266 currit,
3419 5211 3473 5256 et
3497 5201 3626 5255 sitit.
3658 5201 3861 5259 Multos

2271 5298 2412 5352 enim
2442 5297 2604 5363 bibit;
2633 5295 2726 5352 sed
2757 5311 3021 5365 nunquam
3044 5295 3146 5348 crit
3169 5311 3284 5350 sme
3303 5295 3409 5348 siti.
3442 5294 3565 5348 Inde
3584 5304 3667 5348 est
3685 5297 3859 5359 enim,

2272 5392 2427 5457 Sitio,
2455 5391 2653 5454 mulier,
2683 5390 2748 5442 da
2773 5389 2895 5442 mihi
2917 5388 3079 5442 bibere
3102 5387 3277 5457 (Joan.
3303 5404 3376 5453 tv,
3410 5389 3487 5456 7).
3519 5387 3857 5441 Samaritana

2272 5483 2358 5538 illa
2380 5480 2444 5535 ad
2476 5488 2691 5551 puteum
2722 5479 2986 5534 sitientem
3016 5479 3295 5532 Dominum
3322 5480 3508 5544 sensit,
3535 5487 3586 5532 et
3607 5494 3636 5530 a
3665 5479 3854 5532 sitien-

2273 5585 2325 5632 tc
2366 5577 2556 5630 satiata
2588 5582 2668 5630 est
2699 5591 2712 5626 :
2745 5573 2911 5628 sensit
2941 5572 3084 5641 prior
3113 5571 3199 5624 illa
3231 5571 3519 5637 sitientem,
3553 5580 3612 5624 ut
3643 5570 3859 5627 bibcrc't.

2335 5704 2351 5735 ¹
2388 5701 2611 5764 Plerique
2629 5707 2754 5756 Mss,
2778 5697 3045 5764 minutatim
3068 5699 3287 5748 emtum.

2269 5835 2287 5881 ι
2334 5767 2354 5797 ⁸
2388 5759 2554 5814 Plures
2576 5771 2703 5825 uss,
2727 5769 2778 5812 ut
2797 5768 2958 5825 potam
2979 5761 3197 5812 darcttu'.
3220 5759 3414 5820 Quidam
3439 5772 3451 5808 :
3481 5765 3530 5808 ut
3553 5765 3688 5824 pom
3713 5760 3865 5812 αισα-

2291 5840 2366 5878 ur.
3601 5865 3604 5870 .

2291 5840 2366 5878 ur.
3601 5865 3604 5870 .
