  <div class='ocr_page' id='page_1' title='image "/cluster/home/n/w/nwhite01/storage/ocr_20150623/36/hvd.32044015471469/374.png"; bbox 0 0 4038 6466; ppageno 0'>
   <div class='ocr_carea' id='block_1_1' title="bbox 179 393 284 450">
    <p class='ocr_par' dir='ltr' id='par_1_1' title="bbox 179 393 284 450">
     <span class='ocr_line' id='line_1_1' title="bbox 179 393 284 450; baseline -0.01 0"><span class='ocrx_word' id='word_1_1' title='bbox 179 393 284 450; x_wconf 29' lang='grc'><strong>737.</strong></span> 
     </span>
    </p>
   </div>
   <div class='ocr_carea' id='block_1_2' title="bbox 182 501 1753 574">
    <p class='ocr_par' dir='ltr' id='par_1_2' title="bbox 182 501 1753 574">
     <span class='ocr_line' id='line_1_2' title="bbox 182 501 1753 574; baseline -0.003 -14"><span class='ocrx_word' id='word_1_2' title='bbox 182 506 268 560; x_wconf 87' lang='lat' dir='ltr'><strong>ille</strong></span> <span class='ocrx_word' id='word_1_3' title='bbox 283 501 620 561; x_wconf 74' lang='lat' dir='ltr'><strong>credentem.</strong></span> <span class='ocrx_word' id='word_1_4' title='bbox 643 503 711 560; x_wconf 86' lang='lat' dir='ltr'><strong>Et</strong></span> <span class='ocrx_word' id='word_1_5' title='bbox 731 503 784 559; x_wconf 88' lang='lat' dir='ltr'><strong>in</strong></span> <span class='ocrx_word' id='word_1_6' title='bbox 812 515 972 559; x_wconf 84' lang='lat' dir='ltr'><strong>cruce</strong></span> <span class='ocrx_word' id='word_1_7' title='bbox 997 502 1223 574; x_wconf 87' lang='lat' dir='ltr'><strong>positus.</strong></span> <span class='ocrx_word' id='word_1_8' title='bbox 1243 501 1396 566; x_wconf 86' lang='lat' dir='ltr'><strong>Sitio,</strong></span> <span class='ocrx_word' id='word_1_9' title='bbox 1427 501 1753 569; x_wconf 70' lang='lat' dir='ltr'><strong>dixitann.</strong></span> 
     </span>
    </p>
   </div>
   <div class='ocr_carea' id='block_1_3' title="bbox 182 591 1753 666">
    <p class='ocr_par' dir='ltr' id='par_1_3' title="bbox 182 591 1753 666">
     <span class='ocr_line' id='line_1_3' title="bbox 182 591 1753 666; baseline -0.004 -15"><span class='ocrx_word' id='word_1_10' title='bbox 182 612 287 662; x_wconf 79' lang='lat' dir='ltr'><strong>xix,</strong></span> <span class='ocrx_word' id='word_1_11' title='bbox 309 594 441 666; x_wconf 74' lang='lat'><strong>28);</strong></span> <span class='ocrx_word' id='word_1_12' title='bbox 476 610 637 664; x_wconf 86' lang='lat' dir='ltr'><strong>quam</strong></span> <span class='ocrx_word' id='word_1_13' title='bbox 647 596 724 648; x_wconf 86' lang='lat' dir='ltr'><strong>vis</strong></span> <span class='ocrx_word' id='word_1_14' title='bbox 749 594 823 648; x_wconf 93' lang='lat' dir='ltr'><strong>illi</strong></span> <span class='ocrx_word' id='word_1_15' title='bbox 852 610 956 648; x_wconf 92' lang='lat' dir='ltr'><strong>non</strong></span> <span class='ocrx_word' id='word_1_16' title='bbox 981 593 1082 648; x_wconf 91' lang='lat' dir='ltr'><strong>hoc</strong></span> <span class='ocrx_word' id='word_1_17' title='bbox 1103 593 1346 649; x_wconf 75' lang='lat' dir='ltr'><strong>dederint</strong></span> <span class='ocrx_word' id='word_1_18' title='bbox 1361 592 1503 663; x_wconf 89' lang='lat' dir='ltr'><strong>quod</strong></span> <span class='ocrx_word' id='word_1_19' title='bbox 1523 591 1753 648; x_wconf 87' lang='lat' dir='ltr'><strong>sitiebat.</strong></span> 
     </span>
    </p>
   </div>
   <div class='ocr_carea' id='block_1_4' title="bbox 181 683 1755 757">
    <p class='ocr_par' dir='ltr' id='par_1_4' title="bbox 181 683 1755 757">
     <span class='ocr_line' id='line_1_4' title="bbox 181 683 1755 757; baseline -0.003 -17"><span class='ocrx_word' id='word_1_20' title='bbox 181 687 324 757; x_wconf 79' lang='lat' dir='ltr'><strong>Ipsos</strong></span> <span class='ocrx_word' id='word_1_21' title='bbox 343 687 487 739; x_wconf 91' lang='lat' dir='ltr'><strong>enim</strong></span> <span class='ocrx_word' id='word_1_22' title='bbox 515 685 607 740; x_wconf 89' lang='lat' dir='ltr'><strong>ille</strong></span> <span class='ocrx_word' id='word_1_23' title='bbox 634 685 884 740; x_wconf 87' lang='lat' dir='ltr'><strong>sitiebat:</strong></span> <span class='ocrx_word' id='word_1_24' title='bbox 912 695 967 738; x_wconf 89' lang='lat' dir='ltr'><strong>at</strong></span> <span class='ocrx_word' id='word_1_25' title='bbox 990 683 1063 738; x_wconf 86' lang='lat' dir='ltr'><strong>illi</strong></span> <span class='ocrx_word' id='word_1_26' title='bbox 1091 692 1296 738; x_wconf 89' lang='lat' dir='ltr'><strong>acetum</strong></span> <span class='ocrx_word' id='word_1_27' title='bbox 1323 683 1616 746; x_wconf 89' lang='lat' dir='ltr'><strong>dederunt;</strong></span> <span class='ocrx_word' id='word_1_28' title='bbox 1647 697 1755 736; x_wconf 90' lang='lat' dir='ltr'><strong>non</strong></span> 
     </span>
    </p>
   </div>
   <div class='ocr_carea' id='block_1_5' title="bbox 178 771 1750 844">
    <p class='ocr_par' dir='ltr' id='par_1_5' title="bbox 178 771 1750 844">
     <span class='ocr_line' id='line_1_5' title="bbox 178 771 1750 844; baseline -0.003 -15"><span class='ocrx_word' id='word_1_29' title='bbox 178 779 352 830; x_wconf 86' lang='lat' dir='ltr'><strong>vinum</strong></span> <span class='ocrx_word' id='word_1_30' title='bbox 371 790 566 830; x_wconf 76' lang='lat' dir='ltr'><strong>novum</strong></span> <span class='ocrx_word' id='word_1_31' title='bbox 581 791 686 843; x_wconf 88' lang='lat' dir='ltr'><strong>quo</strong></span> <span class='ocrx_word' id='word_1_32' title='bbox 703 774 987 844; x_wconf 76' lang='lat' dir='ltr'><strong>implentur</strong></span> <span class='ocrx_word' id='word_1_33' title='bbox 1002 784 1147 828; x_wconf 92' lang='lat' dir='ltr'><strong>utres</strong></span> <span class='ocrx_word' id='word_1_34' title='bbox 1163 773 1288 828; x_wconf 87' lang='lat' dir='ltr'><strong>novi</strong></span> <span class='ocrx_word' id='word_1_35' title='bbox 1307 771 1518 842; x_wconf 84' lang='lat' dir='ltr'><strong>(Matth.</strong></span> <span class='ocrx_word' id='word_1_36' title='bbox 1541 788 1614 837; x_wconf 88' lang='lat' dir='ltr'><strong>tx,</strong></span> <span class='ocrx_word' id='word_1_37' title='bbox 1641 771 1750 840; x_wconf 85' lang='lat' dir='ltr'><strong>l7),</strong></span> 
     </span>
    </p>
   </div>
   <div class='ocr_carea' id='block_1_6' title="bbox 177 862 1757 930">
    <p class='ocr_par' dir='ltr' id='par_1_6' title="bbox 177 862 1757 930">
     <span class='ocr_line' id='line_1_6' title="bbox 177 862 1757 930; baseline -0.003 -7"><span class='ocrx_word' id='word_1_38' title='bbox 177 867 271 923; x_wconf 88' lang='lat' dir='ltr'><strong>sed</strong></span> <span class='ocrx_word' id='word_1_39' title='bbox 295 865 475 920; x_wconf 74' lang='lat' dir='ltr'><strong>vinum</strong></span> <span class='ocrx_word' id='word_1_40' title='bbox 505 877 677 930; x_wconf 87' lang='lat' dir='ltr'><strong>vetus,</strong></span> <span class='ocrx_word' id='word_1_41' title='bbox 705 865 804 920; x_wconf 91' lang='lat' dir='ltr'><strong>sed</strong></span> <span class='ocrx_word' id='word_1_42' title='bbox 829 864 966 922; x_wconf 89' lang='lat' dir='ltr'><strong>male</strong></span> <span class='ocrx_word' id='word_1_43' title='bbox 995 874 1166 920; x_wconf 91' lang='lat' dir='ltr'><strong>vetus.</strong></span> <span class='ocrx_word' id='word_1_44' title='bbox 1190 863 1391 919; x_wconf 92' lang='lat' dir='ltr'><strong>Dicitur</strong></span> <span class='ocrx_word' id='word_1_45' title='bbox 1409 862 1550 919; x_wconf 89' lang='lat' dir='ltr'><strong>enim</strong></span> <span class='ocrx_word' id='word_1_46' title='bbox 1571 870 1622 918; x_wconf 88' lang='lat' dir='ltr'><strong>et</strong></span> <span class='ocrx_word' id='word_1_47' title='bbox 1642 877 1757 918; x_wconf 65' lang='lat' dir='ltr'><strong>acc:</strong></span> 
     </span>
    </p>
   </div>
   <div class='ocr_carea' id='block_1_7' title="bbox 178 954 1750 1026">
    <p class='ocr_par' dir='ltr' id='par_1_7' title="bbox 178 954 1750 1026">
     <span class='ocr_line' id='line_1_7' title="bbox 178 954 1750 1026; baseline -0.003 -14"><span class='ocrx_word' id='word_1_48' title='bbox 178 969 287 1012; x_wconf 87' lang='lat' dir='ltr'><strong>tum</strong></span> <span class='ocrx_word' id='word_1_49' title='bbox 331 958 548 1023; x_wconf 79' lang='lat' dir='ltr'><strong>vetus‘,</strong></span> <span class='ocrx_word' id='word_1_50' title='bbox 592 966 804 1012; x_wconf 88' lang='lat' dir='ltr'><strong>veteres</strong></span> <span class='ocrx_word' id='word_1_51' title='bbox 829 955 1071 1012; x_wconf 86' lang='lat' dir='ltr'><strong>homines</strong></span> <span class='ocrx_word' id='word_1_52' title='bbox 1097 955 1164 1010; x_wconf 92' lang='lat' dir='ltr'><strong>de</strong></span> <span class='ocrx_word' id='word_1_53' title='bbox 1195 955 1384 1026; x_wconf 86' lang='lat' dir='ltr'><strong>quibus</strong></span> <span class='ocrx_word' id='word_1_54' title='bbox 1410 954 1608 1008; x_wconf 90' lang='lat' dir='ltr'><strong>dictum</strong></span> <span class='ocrx_word' id='word_1_55' title='bbox 1649 961 1750 1020; x_wconf 89' lang='lat' dir='ltr'><strong>est,</strong></span> 
     </span>
    </p>
   </div>
   <div class='ocr_carea' id='block_1_8' title="bbox 177 1045 1754 1117">
    <p class='ocr_par' dir='ltr' id='par_1_8' title="bbox 177 1045 1754 1117">
     <span class='ocr_line' id='line_1_8' title="bbox 177 1045 1754 1117; baseline -0.004 -15"><span class='ocrx_word' id='word_1_56' title='bbox 177 1047 297 1102; x_wconf 81' lang='lat' dir='ltr'><strong>Non</strong></span> <span class='ocrx_word' id='word_1_57' title='bbox 321 1050 456 1103; x_wconf 84' lang='lat' dir='ltr'><strong>enim</strong></span> <span class='ocrx_word' id='word_1_58' title='bbox 476 1056 549 1102; x_wconf 85' lang='lat' dir='ltr'><strong>est</strong></span> <span class='ocrx_word' id='word_1_59' title='bbox 575 1047 679 1101; x_wconf 85' lang='lat' dir='ltr'><strong>illis</strong></span> <span class='ocrx_word' id='word_1_60' title='bbox 703 1047 1027 1101; x_wconf 83' lang='lat' dir='ltr'><strong>commutatio</strong></span> <span class='ocrx_word' id='word_1_61' title='bbox 1057 1045 1225 1117; x_wconf 77' lang='lat' dir='ltr'><strong>(Psal.</strong></span> <span class='ocrx_word' id='word_1_62' title='bbox 1257 1059 1366 1108; x_wconf 75' lang='lat' dir='ltr'><strong>Liv,</strong></span> <span class='ocrx_word' id='word_1_63' title='bbox 1391 1045 1508 1115; x_wconf 68' lang='grc' dir='ltr'><strong>ΞΟ),</strong></span> <span class='ocrx_word' id='word_1_64' title='bbox 1526 1052 1754 1097; x_wconf 86' lang='lat' dir='ltr'><strong>utever-</strong></span> 
     </span>
    </p>
   </div>
   <div class='ocr_carea' id='block_1_9' title="bbox 175 1130 1679 1206">
    <p class='ocr_par' dir='ltr' id='par_1_9' title="bbox 175 1130 1679 1206">
     <span class='ocr_line' id='line_1_9' title="bbox 175 1130 1679 1206; baseline -0.003 -15"><span class='ocrx_word' id='word_1_65' title='bbox 175 1137 250 1191; x_wconf 88' lang='lat' dir='ltr'><strong>sis</strong></span> <span class='ocrx_word' id='word_1_66' title='bbox 276 1137 534 1192; x_wconf 67' lang='lat' dir='ltr'><strong>Jebuswis</strong></span> <span class='ocrx_word' id='word_1_67' title='bbox 556 1136 909 1192; x_wconf 58' lang='lat' dir='ltr'><strong>aediﬁcaretur</strong></span> <span class='ocrx_word' id='word_1_68' title='bbox 930 1135 1228 1193; x_wconf 83' lang='lat' dir='ltr'><strong>Jerusalem</strong></span> <span class='ocrx_word' id='word_1_69' title='bbox 1253 1134 1319 1206; x_wconf 92' lang='lat' dir='ltr'><strong>(ll</strong></span> <span class='ocrx_word' id='word_1_70' title='bbox 1351 1135 1477 1203; x_wconf 79' lang='lat' dir='ltr'><strong>Reg.</strong></span> <span class='ocrx_word' id='word_1_71' title='bbox 1505 1149 1558 1197; x_wconf 93' lang='lat' dir='ltr'><strong>v,</strong></span> <span class='ocrx_word' id='word_1_72' title='bbox 1601 1130 1679 1204; x_wconf 84' lang='lat'><strong>6).</strong></span> 
     </span>
    </p>
   </div>
   <div class='ocr_carea' id='block_1_10' title="bbox 245 1222 1758 1298">
    <p class='ocr_par' dir='ltr' id='par_1_10' title="bbox 245 1222 1758 1298">
     <span class='ocr_line' id='line_1_10' title="bbox 245 1222 1758 1298; baseline -0.003 -16"><span class='ocrx_word' id='word_1_73' title='bbox 245 1230 333 1284; x_wconf 74' lang='lat' dir='ltr'><strong>lt).</strong></span> <span class='ocrx_word' id='word_1_74' title='bbox 375 1228 465 1283; x_wconf 88' lang='lat' dir='ltr'><strong>Sic</strong></span> <span class='ocrx_word' id='word_1_75' title='bbox 489 1236 542 1282; x_wconf 89' lang='lat' dir='ltr'><strong>et</strong></span> <span class='ocrx_word' id='word_1_76' title='bbox 567 1241 764 1298; x_wconf 71' lang='lat' dir='ltr'><strong>corpus</strong></span> <span class='ocrx_word' id='word_1_77' title='bbox 783 1227 980 1298; x_wconf 78' lang='lat' dir='ltr'><strong>capitis</strong></span> <span class='ocrx_word' id='word_1_78' title='bbox 1008 1226 1162 1297; x_wconf 79' lang='lat' dir='ltr'><strong>hujus</strong></span> <span class='ocrx_word' id='word_1_79' title='bbox 1181 1241 1357 1296; x_wconf 85' lang='lat' dir='ltr'><strong>usque</strong></span> <span class='ocrx_word' id='word_1_80' title='bbox 1401 1227 1453 1280; x_wconf 94' lang='lat' dir='ltr'><strong>in</strong></span> <span class='ocrx_word' id='word_1_81' title='bbox 1483 1224 1642 1280; x_wconf 82' lang='lat' dir='ltr'><strong>linem</strong></span> <span class='ocrx_word' id='word_1_82' title='bbox 1685 1222 1758 1278; x_wconf 86' lang='lat' dir='ltr'><strong>ab</strong></span> 
     </span>
    </p>
   </div>
   <div class='ocr_carea' id='block_1_11' title="bbox 174 1315 1754 1388">
    <p class='ocr_par' dir='ltr' id='par_1_11' title="bbox 174 1315 1754 1388">
     <span class='ocr_line' id='line_1_11' title="bbox 174 1315 1754 1388; baseline -0.003 -16"><span class='ocrx_word' id='word_1_83' title='bbox 174 1317 515 1372; x_wconf 80' lang='lat' dir='ltr'><strong>initiocurrit</strong></span> <span class='ocrx_word' id='word_1_84' title='bbox 534 1316 596 1370; x_wconf 80' lang='lat' dir='ltr'><strong>in</strong></span> <span class='ocrx_word' id='word_1_85' title='bbox 619 1317 731 1371; x_wconf 85' lang='lat' dir='ltr'><strong>siti.</strong></span> <span class='ocrx_word' id='word_1_86' title='bbox 765 1317 830 1372; x_wconf 86' lang='lat' dir='ltr'><strong>Et</strong></span> <span class='ocrx_word' id='word_1_87' title='bbox 855 1317 1007 1388; x_wconf 90' lang='lat' dir='ltr'><strong>quasi</strong></span> <span class='ocrx_word' id='word_1_88' title='bbox 1034 1317 1082 1372; x_wconf 88' lang='lat' dir='ltr'><strong>ei</strong></span> <span class='ocrx_word' id='word_1_89' title='bbox 1111 1317 1394 1382; x_wconf 86' lang='lat' dir='ltr'><strong>diceretur,</strong></span> <span class='ocrx_word' id='word_1_90' title='bbox 1423 1315 1558 1383; x_wconf 91' lang='lat' dir='ltr'><strong>Quid</strong></span> <span class='ocrx_word' id='word_1_91' title='bbox 1589 1317 1641 1369; x_wconf 94' lang='lat' dir='ltr'><strong>in</strong></span> <span class='ocrx_word' id='word_1_92' title='bbox 1674 1315 1754 1369; x_wconf 90' lang='lat' dir='ltr'><strong>si-</strong></span> 
     </span>
    </p>
   </div>
   <div class='ocr_carea' id='block_1_12' title="bbox 173 1406 1754 1480">
    <p class='ocr_par' dir='ltr' id='par_1_12' title="bbox 173 1406 1754 1480">
     <span class='ocr_line' id='line_1_12' title="bbox 173 1406 1754 1480; baseline -0.001 -18"><span class='ocrx_word' id='word_1_93' title='bbox 173 1409 252 1463; x_wconf 77' lang='lat' dir='ltr'><strong>ti?</strong></span> <span class='ocrx_word' id='word_1_94' title='bbox 276 1408 402 1480; x_wconf 83' lang='lat' dir='ltr'><strong>quid</strong></span> <span class='ocrx_word' id='word_1_95' title='bbox 424 1408 524 1463; x_wconf 84' lang='lat' dir='ltr'><strong>tibi</strong></span> <span class='ocrx_word' id='word_1_96' title='bbox 545 1407 716 1472; x_wconf 88' lang='lat' dir='ltr'><strong>deest,</strong></span> <span class='ocrx_word' id='word_1_97' title='bbox 748 1423 1001 1479; x_wconf 37' lang='lat' dir='ltr'><strong>o&#39;corpus</strong></span> <span class='ocrx_word' id='word_1_98' title='bbox 1025 1408 1242 1472; x_wconf 88' lang='lat' dir='ltr'><strong>Christi,</strong></span> <span class='ocrx_word' id='word_1_99' title='bbox 1273 1423 1308 1464; x_wconf 92' lang='grc' dir='ltr'>ο</span> <span class='ocrx_word' id='word_1_100' title='bbox 1335 1408 1572 1464; x_wconf 80' lang='lat' dir='ltr'><strong>Ecclesia</strong></span> <span class='ocrx_word' id='word_1_101' title='bbox 1597 1406 1754 1461; x_wconf 74' lang='lat' dir='ltr'><strong>Chri-</strong></span> 
     </span>
    </p>
   </div>
   <div class='ocr_carea' id='block_1_13' title="bbox 171 1499 1751 1568">
    <p class='ocr_par' dir='ltr' id='par_1_13' title="bbox 171 1499 1751 1568">
     <span class='ocr_line' id='line_1_13' title="bbox 171 1499 1751 1568; baseline 0 -14"><span class='ocrx_word' id='word_1_102' title='bbox 171 1501 278 1556; x_wconf 84' lang='lat' dir='ltr'><strong>sti?</strong></span> <span class='ocrx_word' id='word_1_103' title='bbox 317 1501 372 1555; x_wconf 92' lang='lat' dir='ltr'><strong>in</strong></span> <span class='ocrx_word' id='word_1_104' title='bbox 415 1510 562 1556; x_wconf 80' lang='lat' dir='ltr'><strong>tatuo</strong></span> <span class='ocrx_word' id='word_1_105' title='bbox 600 1499 822 1568; x_wconf 83' lang='lat' dir='ltr'><strong>honore,</strong></span> <span class='ocrx_word' id='word_1_106' title='bbox 853 1501 904 1556; x_wconf 89' lang='lat' dir='ltr'><strong>in</strong></span> <span class='ocrx_word' id='word_1_107' title='bbox 950 1509 1093 1556; x_wconf 84' lang='lat' dir='ltr'><strong>tanta</strong></span> <span class='ocrx_word' id='word_1_108' title='bbox 1124 1501 1475 1563; x_wconf 80' lang='lat' dir='ltr'><strong>sublimitate.</strong></span> <span class='ocrx_word' id='word_1_109' title='bbox 1513 1502 1565 1556; x_wconf 91' lang='lat' dir='ltr'><strong>in</strong></span> <span class='ocrx_word' id='word_1_110' title='bbox 1608 1509 1751 1554; x_wconf 90' lang='lat' dir='ltr'><strong>tanta</strong></span> 
     </span>
    </p>
   </div>
   <div class='ocr_carea' id='block_1_14' title="bbox 171 1590 1752 1662">
    <p class='ocr_par' dir='ltr' id='par_1_14' title="bbox 171 1590 1752 1662">
     <span class='ocr_line' id='line_1_14' title="bbox 171 1590 1752 1662; baseline 0 -16"><span class='ocrx_word' id='word_1_111' title='bbox 171 1592 489 1647; x_wconf 85' lang='lat' dir='ltr'><strong>celsitudine</strong></span> <span class='ocrx_word' id='word_1_112' title='bbox 522 1593 684 1647; x_wconf 87' lang='lat' dir='ltr'><strong>etiam</strong></span> <span class='ocrx_word' id='word_1_113' title='bbox 726 1600 784 1647; x_wconf 89' lang='lat' dir='ltr'><strong>et</strong></span> <span class='ocrx_word' id='word_1_114' title='bbox 821 1593 874 1648; x_wconf 90' lang='lat' dir='ltr'><strong>in</strong></span> <span class='ocrx_word' id='word_1_115' title='bbox 919 1591 1021 1648; x_wconf 92' lang='lat' dir='ltr'><strong>hoc</strong></span> <span class='ocrx_word' id='word_1_116' title='bbox 1061 1592 1258 1647; x_wconf 78' lang='lat' dir='ltr'><strong>steculo</strong></span> <span class='ocrx_word' id='word_1_117' title='bbox 1285 1592 1590 1657; x_wconf 78' lang='lat' dir='ltr'><strong>constituta,</strong></span> <span class='ocrx_word' id='word_1_118' title='bbox 1625 1590 1752 1662; x_wconf 90' lang='lat' dir='ltr'><strong>quid</strong></span> 
     </span>
    </p>
   </div>
   <div class='ocr_carea' id='block_1_15' title="bbox 172 1683 1752 1755">
    <p class='ocr_par' dir='ltr' id='par_1_15' title="bbox 172 1683 1752 1755">
     <span class='ocr_line' id='line_1_15' title="bbox 172 1683 1752 1755; baseline -0.001 -18"><span class='ocrx_word' id='word_1_119' title='bbox 172 1683 266 1738; x_wconf 87' lang='lat' dir='ltr'><strong>tibi</strong></span> <span class='ocrx_word' id='word_1_120' title='bbox 293 1684 488 1739; x_wconf 83' lang='lat' dir='ltr'><strong>deest?</strong></span> <span class='ocrx_word' id='word_1_121' title='bbox 517 1683 780 1754; x_wconf 80' lang='lat' dir='ltr'><strong>impletur</strong></span> <span class='ocrx_word' id='word_1_122' title='bbox 809 1684 879 1739; x_wconf 90' lang='lat' dir='ltr'><strong>de</strong></span> <span class='ocrx_word' id='word_1_123' title='bbox 906 1693 957 1748; x_wconf 89' lang='lat' dir='ltr'><strong>te</strong></span> <span class='ocrx_word' id='word_1_124' title='bbox 985 1684 1125 1754; x_wconf 84' lang='lat' dir='ltr'><strong>quod</strong></span> <span class='ocrx_word' id='word_1_125' title='bbox 1148 1684 1453 1755; x_wconf 72' lang='lat' dir='ltr'><strong>prtedictum</strong></span> <span class='ocrx_word' id='word_1_126' title='bbox 1483 1693 1586 1749; x_wconf 86' lang='lat' dir='ltr'><strong>est,</strong></span> <span class='ocrx_word' id='word_1_127' title='bbox 1615 1683 1752 1736; x_wconf 80' lang='lat' dir='ltr'><strong>Ado-</strong></span> 
     </span>
    </p>
   </div>
   <div class='ocr_carea' id='block_1_16' title="bbox 178 1773 1753 1846">
    <p class='ocr_par' dir='ltr' id='par_1_16' title="bbox 178 1773 1753 1846">
     <span class='ocr_line' id='line_1_16' title="bbox 178 1773 1753 1846; baseline 0.001 -21"><span class='ocrx_word' id='word_1_128' title='bbox 178 1773 361 1827; x_wconf 77' lang='lat' dir='ltr'><strong>rabunt</strong></span> <span class='ocrx_word' id='word_1_129' title='bbox 385 1791 500 1828; x_wconf 83' lang='lat' dir='ltr'><strong>eum</strong></span> <span class='ocrx_word' id='word_1_130' title='bbox 525 1791 696 1830; x_wconf 86' lang='lat' dir='ltr'><strong>omnes</strong></span> <span class='ocrx_word' id='word_1_131' title='bbox 734 1791 874 1846; x_wconf 85' lang='lat' dir='ltr'><strong>reges</strong></span> <span class='ocrx_word' id='word_1_132' title='bbox 901 1785 1084 1840; x_wconf 70' lang='lat' dir='ltr'><strong>terrae;</strong></span> <span class='ocrx_word' id='word_1_133' title='bbox 1131 1791 1300 1829; x_wconf 82' lang='lat' dir='ltr'><strong>omnes</strong></span> <span class='ocrx_word' id='word_1_134' title='bbox 1343 1783 1511 1846; x_wconf 85' lang='lat' dir='ltr'><strong>gentes</strong></span> <span class='ocrx_word' id='word_1_135' title='bbox 1539 1774 1753 1828; x_wconf 82' lang='lat' dir='ltr'><strong>servient</strong></span> 
     </span>
    </p>
   </div>
   <div class='ocr_carea' id='block_1_17' title="bbox 167 1864 1752 1937">
    <p class='ocr_par' dir='ltr' id='par_1_17' title="bbox 167 1864 1752 1937">
     <span class='ocr_line' id='line_1_17' title="bbox 167 1864 1752 1937; baseline 0.002 -19"><span class='ocrx_word' id='word_1_136' title='bbox 167 1866 247 1919; x_wconf 90' lang='lat' dir='ltr'><strong>illi</strong></span> <span class='ocrx_word' id='word_1_137' title='bbox 273 1864 447 1932; x_wconf 83' lang='lat' dir='ltr'><strong>(Psal.</strong></span> <span class='ocrx_word' id='word_1_138' title='bbox 477 1882 626 1932; x_wconf 80' lang='lat' dir='ltr'><strong>Lxxt,</strong></span> <span class='ocrx_word' id='word_1_139' title='bbox 651 1867 763 1936; x_wconf 77' lang='lat' dir='ltr'><strong>ll).</strong></span> <span class='ocrx_word' id='word_1_140' title='bbox 785 1865 921 1934; x_wconf 88' lang='lat' dir='ltr'><strong>Quid</strong></span> <span class='ocrx_word' id='word_1_141' title='bbox 947 1881 1074 1937; x_wconf 90' lang='lat' dir='ltr'><strong>ergo</strong></span> <span class='ocrx_word' id='word_1_142' title='bbox 1100 1867 1253 1921; x_wconf 86' lang='lat' dir='ltr'><strong>sitis?</strong></span> <span class='ocrx_word' id='word_1_143' title='bbox 1279 1866 1403 1937; x_wconf 89' lang='lat' dir='ltr'><strong>quid</strong></span> <span class='ocrx_word' id='word_1_144' title='bbox 1423 1866 1573 1921; x_wconf 89' lang='lat' dir='ltr'><strong>sitis?</strong></span> <span class='ocrx_word' id='word_1_145' title='bbox 1594 1865 1752 1920; x_wconf 90' lang='lat' dir='ltr'><strong>tantis</strong></span> 
     </span>
    </p>
   </div>
   <div class='ocr_carea' id='block_1_18' title="bbox 167 1957 1753 2030">
    <p class='ocr_par' dir='ltr' id='par_1_18' title="bbox 167 1957 1753 2030">
     <span class='ocr_line' id='line_1_18' title="bbox 167 1957 1753 2030; baseline 0 -18"><span class='ocrx_word' id='word_1_146' title='bbox 167 1959 377 2029; x_wconf 83' lang='lat' dir='ltr'><strong>populis</strong></span> <span class='ocrx_word' id='word_1_147' title='bbox 399 1975 504 2014; x_wconf 91' lang='lat' dir='ltr'><strong>non</strong></span> <span class='ocrx_word' id='word_1_148' title='bbox 531 1959 780 2015; x_wconf 87' lang='lat' dir='ltr'><strong>satiaris?</strong></span> <span class='ocrx_word' id='word_1_149' title='bbox 799 1960 942 2026; x_wconf 86' lang='lat' dir='ltr'><strong>Quos</strong></span> <span class='ocrx_word' id='word_1_150' title='bbox 969 1959 1192 2030; x_wconf 86' lang='lat' dir='ltr'><strong>populos</strong></span> <span class='ocrx_word' id='word_1_151' title='bbox 1218 1957 1390 2013; x_wconf 88' lang='lat' dir='ltr'><strong>dicis?</strong></span> <span class='ocrx_word' id='word_1_152' title='bbox 1424 1957 1526 2012; x_wconf 91' lang='lat' dir='ltr'><strong>Ore</strong></span> <span class='ocrx_word' id='word_1_153' title='bbox 1553 1974 1646 2012; x_wconf 86' lang='lat' dir='ltr'><strong>suo</strong></span> <span class='ocrx_word' id='word_1_154' title='bbox 1670 1959 1753 2012; x_wconf 80' lang='lat' dir='ltr'><strong>be-</strong></span> 
     </span>
    </p>
   </div>
   <div class='ocr_carea' id='block_1_19' title="bbox 165 2048 1748 2118">
    <p class='ocr_par' dir='ltr' id='par_1_19' title="bbox 165 2048 1748 2118">
     <span class='ocr_line' id='line_1_19' title="bbox 165 2048 1748 2118; baseline -0.002 -14"><span class='ocrx_word' id='word_1_155' title='bbox 165 2051 481 2118; x_wconf 79' lang='lat' dir='ltr'><strong>nedicebant,</strong></span> <span class='ocrx_word' id='word_1_156' title='bbox 535 2062 582 2107; x_wconf 91' lang='lat' dir='ltr'><strong>et</strong></span> <span class='ocrx_word' id='word_1_157' title='bbox 610 2051 770 2106; x_wconf 78' lang='lat' dir='ltr'><strong>corde</strong></span> <span class='ocrx_word' id='word_1_158' title='bbox 817 2067 910 2105; x_wconf 85' lang='lat' dir='ltr'><strong>suo</strong></span> <span class='ocrx_word' id='word_1_159' title='bbox 960 2051 1343 2106; x_wconf 78' lang='lat' dir='ltr'><strong>maledicebaut.</strong></span> <span class='ocrx_word' id='word_1_160' title='bbox 1385 2048 1536 2104; x_wconf 78' lang='lat' dir='ltr'><strong>Multi</strong></span> <span class='ocrx_word' id='word_1_161' title='bbox 1567 2048 1748 2115; x_wconf 76' lang='lat' dir='ltr'><strong>vocati,</strong></span> 
     </span>
    </p>
   </div>
   <div class='ocr_carea' id='block_1_20' title="bbox 167 2139 1751 2212">
    <p class='ocr_par' dir='ltr' id='par_1_20' title="bbox 167 2139 1751 2212">
     <span class='ocr_line' id='line_1_20' title="bbox 167 2139 1751 2212; baseline -0.001 -17"><span class='ocrx_word' id='word_1_162' title='bbox 167 2143 321 2211; x_wconf 76' lang='lat' dir='ltr'><strong>pauci</strong></span> <span class='ocrx_word' id='word_1_163' title='bbox 349 2152 521 2196; x_wconf 83' lang='lat' dir='ltr'><strong>autem</strong></span> <span class='ocrx_word' id='word_1_164' title='bbox 560 2143 702 2197; x_wconf 78' lang='lat' dir='ltr'><strong>electi</strong></span> <span class='ocrx_word' id='word_1_165' title='bbox 749 2142 961 2212; x_wconf 92' lang='lat' dir='ltr'><strong>(Matth.</strong></span> <span class='ocrx_word' id='word_1_166' title='bbox 1005 2159 1146 2210; x_wconf 79' lang='lat' dir='ltr'><strong>~xxu,</strong></span> <span class='ocrx_word' id='word_1_167' title='bbox 1181 2142 1288 2212; x_wconf 75' lang='grc' dir='ltr'><strong>Ν).</strong></span> <span class='ocrx_word' id='word_1_168' title='bbox 1331 2139 1516 2197; x_wconf 77' lang='lat' dir='ltr'><strong>Mulier</strong></span> <span class='ocrx_word' id='word_1_169' title='bbox 1553 2141 1751 2195; x_wconf 81' lang='lat' dir='ltr'><strong>ﬂuxum</strong></span> 
     </span>
    </p>
   </div>
   <div class='ocr_carea' id='block_1_21' title="bbox 164 2232 1751 2304">
    <p class='ocr_par' dir='ltr' id='par_1_21' title="bbox 164 2232 1751 2304">
     <span class='ocr_line' id='line_1_21' title="bbox 164 2232 1751 2304; baseline 0 -18"><span class='ocrx_word' id='word_1_170' title='bbox 164 2233 443 2304; x_wconf 77' lang='lat' dir='ltr'><strong>sanguinis</strong></span> <span class='ocrx_word' id='word_1_171' title='bbox 474 2234 702 2303; x_wconf 70' lang='lat' dir='ltr'><strong>mtiens,</strong></span> <span class='ocrx_word' id='word_1_172' title='bbox 725 2234 890 2288; x_wconf 86' lang='lat' dir='ltr'><strong>vestis</strong></span> <span class='ocrx_word' id='word_1_173' title='bbox 915 2233 1031 2302; x_wconf 88' lang='lat' dir='ltr'><strong>ejus</strong></span> <span class='ocrx_word' id='word_1_174' title='bbox 1054 2232 1314 2287; x_wconf 86' lang='lat' dir='ltr'><strong>ﬁmbriam</strong></span> <span class='ocrx_word' id='word_1_175' title='bbox 1341 2233 1532 2303; x_wconf 79' lang='lat' dir='ltr'><strong>tetigit,</strong></span> <span class='ocrx_word' id='word_1_176' title='bbox 1578 2242 1634 2286; x_wconf 91' lang='lat' dir='ltr'><strong>et</strong></span> <span class='ocrx_word' id='word_1_177' title='bbox 1663 2245 1751 2286; x_wconf 85' lang='lat' dir='ltr'><strong>sa-</strong></span> 
     </span>
    </p>
   </div>
   <div class='ocr_carea' id='block_1_22' title="bbox 166 2322 1752 2394">
    <p class='ocr_par' dir='ltr' id='par_1_22' title="bbox 166 2322 1752 2394">
     <span class='ocr_line' id='line_1_22' title="bbox 166 2322 1752 2394; baseline -0.001 -15"><span class='ocrx_word' id='word_1_178' title='bbox 166 2334 288 2379; x_wconf 86' lang='lat' dir='ltr'><strong>nata</strong></span> <span class='ocrx_word' id='word_1_179' title='bbox 311 2336 396 2380; x_wconf 89' lang='lat' dir='ltr'><strong>est</strong></span> <span class='ocrx_word' id='word_1_180' title='bbox 421 2344 435 2380; x_wconf 87' lang='lat'>:</span> <span class='ocrx_word' id='word_1_181' title='bbox 463 2335 662 2380; x_wconf 91' lang='lat' dir='ltr'><strong>etcum</strong></span> <span class='ocrx_word' id='word_1_182' title='bbox 693 2325 979 2380; x_wconf 87' lang='lat' dir='ltr'><strong>miraretur</strong></span> <span class='ocrx_word' id='word_1_183' title='bbox 997 2325 1250 2379; x_wconf 84' lang='lat' dir='ltr'><strong>Dominus</strong></span> <span class='ocrx_word' id='word_1_184' title='bbox 1267 2333 1590 2394; x_wconf 90' lang='lat' dir='ltr'><strong>tangentem,</strong></span> <span class='ocrx_word' id='word_1_185' title='bbox 1613 2322 1752 2391; x_wconf 89' lang='lat' dir='ltr'><strong>quod</strong></span> 
     </span>
    </p>
   </div>
   <div class='ocr_carea' id='block_1_23' title="bbox 166 2415 1752 2482">
    <p class='ocr_par' dir='ltr' id='par_1_23' title="bbox 166 2415 1752 2482">
     <span class='ocr_line' id='line_1_23' title="bbox 166 2415 1752 2482; baseline -0.003 -9"><span class='ocrx_word' id='word_1_186' title='bbox 166 2418 235 2474; x_wconf 88' lang='lat' dir='ltr'><strong>de</strong></span> <span class='ocrx_word' id='word_1_187' title='bbox 261 2433 320 2473; x_wconf 87' lang='lat' dir='ltr'><strong>se</strong></span> <span class='ocrx_word' id='word_1_188' title='bbox 346 2426 592 2474; x_wconf 89' lang='lat' dir='ltr'><strong>senserat</strong></span> <span class='ocrx_word' id='word_1_189' title='bbox 615 2418 790 2473; x_wconf 89' lang='lat' dir='ltr'><strong>exisse</strong></span> <span class='ocrx_word' id='word_1_190' title='bbox 817 2419 1090 2482; x_wconf 79' lang='lat' dir='ltr'><strong>virtutem,</strong></span> <span class='ocrx_word' id='word_1_191' title='bbox 1127 2417 1332 2472; x_wconf 85' lang='lat' dir='ltr'><strong>scilicet</strong></span> <span class='ocrx_word' id='word_1_192' title='bbox 1362 2416 1430 2470; x_wconf 86' lang='lat' dir='ltr'><strong>ad</strong></span> <span class='ocrx_word' id='word_1_193' title='bbox 1464 2415 1752 2471; x_wconf 82' lang='lat' dir='ltr'><strong>sanandam</strong></span> 
     </span>
    </p>
   </div>
   <div class='ocr_carea' id='block_1_24' title="bbox 167 2507 1757 2580">
    <p class='ocr_par' dir='ltr' id='par_1_24' title="bbox 167 2507 1757 2580">
     <span class='ocr_line' id='line_1_24' title="bbox 167 2507 1757 2580; baseline -0.004 -15"><span class='ocrx_word' id='word_1_194' title='bbox 167 2510 471 2573; x_wconf 75' lang='lat' dir='ltr'><strong>mulierem,</strong></span> <span class='ocrx_word' id='word_1_195' title='bbox 503 2508 660 2575; x_wconf 81' lang='lat' dir='ltr'><strong>dixit,</strong></span> <span class='ocrx_word' id='word_1_196' title='bbox 687 2509 813 2577; x_wconf 82' lang='lat' dir='ltr'><strong>Quis</strong></span> <span class='ocrx_word' id='word_1_197' title='bbox 841 2527 918 2563; x_wconf 87' lang='lat' dir='ltr'><strong>me</strong></span> <span class='ocrx_word' id='word_1_198' title='bbox 940 2509 1142 2580; x_wconf 75' lang='lat' dir='ltr'><strong>tetigit?</strong></span> <span class='ocrx_word' id='word_1_199' title='bbox 1167 2507 1234 2563; x_wconf 88' lang='lat' dir='ltr'><strong>Et</strong></span> <span class='ocrx_word' id='word_1_200' title='bbox 1259 2507 1502 2562; x_wconf 83' lang='lat' dir='ltr'><strong>admirati</strong></span> <span class='ocrx_word' id='word_1_201' title='bbox 1526 2507 1757 2576; x_wconf 89' lang='lat' dir='ltr'><strong>discipu-</strong></span> 
     </span>
    </p>
   </div>
   <div class='ocr_carea' id='block_1_25' title="bbox 167 2598 1757 2671">
    <p class='ocr_par' dir='ltr' id='par_1_25' title="bbox 167 2598 1757 2671">
     <span class='ocr_line' id='line_1_25' title="bbox 167 2598 1757 2671; baseline -0.001 -17"><span class='ocrx_word' id='word_1_202' title='bbox 167 2601 202 2654; x_wconf 90' lang='lat' dir='ltr'><strong>li</strong></span> <span class='ocrx_word' id='word_1_203' title='bbox 235 2619 248 2655; x_wconf 87' lang='lat'><strong>:</strong></span> <span class='ocrx_word' id='word_1_204' title='bbox 280 2600 467 2655; x_wconf 73' lang='lat' dir='ltr'><strong>Turba:</strong></span> <span class='ocrx_word' id='word_1_205' title='bbox 490 2611 538 2655; x_wconf 86' lang='lat' dir='ltr'><strong>te</strong></span> <span class='ocrx_word' id='word_1_206' title='bbox 563 2602 922 2671; x_wconf 80' lang='lat' dir='ltr'><strong>comprimunt,</strong></span> <span class='ocrx_word' id='word_1_207' title='bbox 947 2609 993 2654; x_wconf 83' lang='lat' dir='ltr'><strong>et</strong></span> <span class='ocrx_word' id='word_1_208' title='bbox 1037 2600 1184 2665; x_wconf 77' lang='lat' dir='ltr'><strong>dicis,</strong></span> <span class='ocrx_word' id='word_1_209' title='bbox 1214 2599 1343 2666; x_wconf 84' lang='lat' dir='ltr'><strong>Quis</strong></span> <span class='ocrx_word' id='word_1_210' title='bbox 1364 2615 1442 2652; x_wconf 88' lang='lat' dir='ltr'><strong>me</strong></span> <span class='ocrx_word' id='word_1_211' title='bbox 1468 2598 1665 2670; x_wconf 76' lang='lat' dir='ltr'><strong>tetigit?</strong></span> <span class='ocrx_word' id='word_1_212' title='bbox 1691 2598 1757 2653; x_wconf 80' lang='lat' dir='ltr'><strong>Et</strong></span> 
     </span>
    </p>
   </div>
   <div class='ocr_carea' id='block_1_26' title="bbox 168 2690 1755 2764">
    <p class='ocr_par' dir='ltr' id='par_1_26' title="bbox 168 2690 1755 2764">
     <span class='ocr_line' id='line_1_26' title="bbox 168 2690 1755 2764; baseline -0.003 -15"><span class='ocrx_word' id='word_1_213' title='bbox 168 2696 259 2749; x_wconf 85' lang='lat' dir='ltr'><strong>ille</strong></span> <span class='ocrx_word' id='word_1_214' title='bbox 287 2712 300 2746; x_wconf 92' lang='lat'>:</span> <span class='ocrx_word' id='word_1_215' title='bbox 332 2693 522 2764; x_wconf 80' lang='lat' dir='ltr'><strong>Tetigit</strong></span> <span class='ocrx_word' id='word_1_216' title='bbox 570 2710 650 2748; x_wconf 87' lang='lat' dir='ltr'><strong>me</strong></span> <span class='ocrx_word' id='word_1_217' title='bbox 675 2693 856 2763; x_wconf 75' lang='lat' dir='ltr'><strong>aliquis</strong></span> <span class='ocrx_word' id='word_1_218' title='bbox 904 2692 1092 2762; x_wconf 88' lang='lat' dir='ltr'><strong>(Marc.</strong></span> <span class='ocrx_word' id='word_1_219' title='bbox 1123 2708 1175 2752; x_wconf 79' lang='grc' dir='ltr'><strong>γ.</strong></span> <span class='ocrx_word' id='word_1_220' title='bbox 1217 2690 1437 2760; x_wconf 72' lang='lat'><strong>25-31).</strong></span> <span class='ocrx_word' id='word_1_221' title='bbox 1483 2690 1755 2759; x_wconf 85' lang='lat' dir='ltr'><strong>Tanquam</strong></span> 
     </span>
    </p>
   </div>
   <div class='ocr_carea' id='block_1_27' title="bbox 169 2781 1759 2854">
    <p class='ocr_par' dir='ltr' id='par_1_27' title="bbox 169 2781 1759 2854">
     <span class='ocr_line' id='line_1_27' title="bbox 169 2781 1759 2854; baseline -0.004 -14"><span class='ocrx_word' id='word_1_222' title='bbox 169 2785 371 2840; x_wconf 86' lang='lat' dir='ltr'><strong>diceret</strong></span> <span class='ocrx_word' id='word_1_223' title='bbox 399 2803 414 2839; x_wconf 89' lang='lat'><strong>:</strong></span> <span class='ocrx_word' id='word_1_224' title='bbox 447 2784 560 2841; x_wconf 84' lang='lat' dir='ltr'><strong>Una</strong></span> <span class='ocrx_word' id='word_1_225' title='bbox 588 2784 788 2854; x_wconf 82' lang='lat' dir='ltr'><strong>tetigit;</strong></span> <span class='ocrx_word' id='word_1_226' title='bbox 822 2783 988 2838; x_wconf 69' lang='lat' dir='ltr'><strong>turba:</strong></span> <span class='ocrx_word' id='word_1_227' title='bbox 1006 2790 1277 2852; x_wconf 87' lang='lat' dir='ltr'><strong>premunt.</strong></span> <span class='ocrx_word' id='word_1_228' title='bbox 1303 2782 1405 2850; x_wconf 85' lang='lat' dir='ltr'><strong>Qui</strong></span> <span class='ocrx_word' id='word_1_229' title='bbox 1454 2781 1759 2835; x_wconf 87' lang='lat' dir='ltr'><strong>solemnita-</strong></span> 
     </span>
    </p>
   </div>
   <div class='ocr_carea' id='block_1_28' title="bbox 170 2870 1758 2944">
    <p class='ocr_par' dir='ltr' id='par_1_28' title="bbox 170 2870 1758 2944">
     <span class='ocr_line' id='line_1_28' title="bbox 170 2870 1758 2944; baseline -0.002 -16"><span class='ocrx_word' id='word_1_230' title='bbox 170 2877 310 2930; x_wconf 87' lang='lat' dir='ltr'><strong>tibus</strong></span> <span class='ocrx_word' id='word_1_231' title='bbox 353 2875 648 2931; x_wconf 82' lang='lat' dir='ltr'><strong>Jerusalem</strong></span> <span class='ocrx_word' id='word_1_232' title='bbox 701 2875 923 2944; x_wconf 88' lang='lat' dir='ltr'><strong>impleut</strong></span> <span class='ocrx_word' id='word_1_233' title='bbox 973 2874 1280 2939; x_wconf 83' lang='lat' dir='ltr'><strong>Ecclesias,</strong></span> <span class='ocrx_word' id='word_1_234' title='bbox 1331 2870 1758 2927; x_wconf 82' lang='lat' dir='ltr'><strong>solemnitatibus</strong></span> 
     </span>
    </p>
   </div>
   <div class='ocr_carea' id='block_1_29' title="bbox 171 2964 1758 3038">
    <p class='ocr_par' dir='ltr' id='par_1_29' title="bbox 171 2964 1758 3038">
     <span class='ocr_line' id='line_1_29' title="bbox 171 2964 1758 3038; baseline -0.004 -16"><span class='ocrx_word' id='word_1_235' title='bbox 171 2965 480 3038; x_wconf 77' lang='lat' dir='ltr'><strong>Babylonia:</strong></span> <span class='ocrx_word' id='word_1_236' title='bbox 510 2967 730 3036; x_wconf 88' lang='lat' dir='ltr'><strong>implent</strong></span> <span class='ocrx_word' id='word_1_237' title='bbox 753 2967 956 3021; x_wconf 89' lang='lat' dir='ltr'><strong>theatra</strong></span> <span class='ocrx_word' id='word_1_238' title='bbox 981 2982 994 3017; x_wconf 89' lang='lat'>:</span> <span class='ocrx_word' id='word_1_239' title='bbox 1020 2974 1070 3018; x_wconf 90' lang='lat' dir='ltr'><strong>et</strong></span> <span class='ocrx_word' id='word_1_240' title='bbox 1095 2973 1272 3018; x_wconf 88' lang='lat' dir='ltr'><strong>tamen</strong></span> <span class='ocrx_word' id='word_1_241' title='bbox 1299 2964 1564 3028; x_wconf 89' lang='lat' dir='ltr'><strong>serviunt,</strong></span> <span class='ocrx_word' id='word_1_242' title='bbox 1585 2964 1758 3016; x_wconf 84' lang='lat' dir='ltr'><strong>bono-</strong></span> 
     </span>
    </p>
   </div>
   <div class='ocr_carea' id='block_1_30' title="bbox 173 3055 1755 3132">
    <p class='ocr_par' dir='ltr' id='par_1_30' title="bbox 173 3055 1755 3132">
     <span class='ocr_line' id='line_1_30' title="bbox 173 3055 1755 3132; baseline -0.004 -17"><span class='ocrx_word' id='word_1_243' title='bbox 173 3070 310 3125; x_wconf 88' lang='lat' dir='ltr'><strong>rant,</strong></span> <span class='ocrx_word' id='word_1_244' title='bbox 331 3061 717 3130; x_wconf 84' lang='lat' dir='ltr'><strong>obsequuntur,</strong></span> <span class='ocrx_word' id='word_1_245' title='bbox 753 3073 857 3112; x_wconf 92' lang='lat' dir='ltr'><strong>non</strong></span> <span class='ocrx_word' id='word_1_246' title='bbox 884 3058 1057 3112; x_wconf 91' lang='lat' dir='ltr'><strong>solum</strong></span> <span class='ocrx_word' id='word_1_247' title='bbox 1093 3056 1191 3126; x_wconf 84' lang='lat' dir='ltr'><strong>ipsi</strong></span> <span class='ocrx_word' id='word_1_248' title='bbox 1217 3055 1307 3126; x_wconf 90' lang='lat' dir='ltr'><strong>qui</strong></span> <span class='ocrx_word' id='word_1_249' title='bbox 1338 3064 1549 3124; x_wconf 90' lang='lat' dir='ltr'><strong>portant</strong></span> <span class='ocrx_word' id='word_1_250' title='bbox 1572 3069 1755 3132; x_wconf 85' lang='lat' dir='ltr'><strong>sacra-</strong></span> 
     </span>
    </p>
   </div>
   <div class='ocr_carea' id='block_1_31' title="bbox 173 3147 1760 3220">
    <p class='ocr_par' dir='ltr' id='par_1_31' title="bbox 173 3147 1760 3220">
     <span class='ocr_line' id='line_1_31' title="bbox 173 3147 1760 3220; baseline -0.004 -12"><span class='ocrx_word' id='word_1_251' title='bbox 173 3165 350 3208; x_wconf 80' lang='lat' dir='ltr'><strong>menta</strong></span> <span class='ocrx_word' id='word_1_252' title='bbox 397 3152 617 3219; x_wconf 86' lang='lat' dir='ltr'><strong>Christi,</strong></span> <span class='ocrx_word' id='word_1_253' title='bbox 648 3160 703 3206; x_wconf 93' lang='lat' dir='ltr'><strong>ct</strong></span> <span class='ocrx_word' id='word_1_254' title='bbox 742 3150 970 3205; x_wconf 89' lang='lat' dir='ltr'><strong>oderunt</strong></span> <span class='ocrx_word' id='word_1_255' title='bbox 1019 3157 1281 3220; x_wconf 76' lang='lat' dir='ltr'><strong>prmcepta</strong></span> <span class='ocrx_word' id='word_1_256' title='bbox 1315 3147 1537 3212; x_wconf 79' lang='lat' dir='ltr'><strong>Christi,</strong></span> <span class='ocrx_word' id='word_1_257' title='bbox 1573 3162 1760 3201; x_wconf 89' lang='lat' dir='ltr'><strong>verum</strong></span> 
     </span>
    </p>
   </div>
   <div class='ocr_carea' id='block_1_32' title="bbox 175 3240 1761 3315">
    <p class='ocr_par' dir='ltr' id='par_1_32' title="bbox 175 3240 1761 3315">
     <span class='ocr_line' id='line_1_32' title="bbox 175 3240 1761 3315; baseline -0.004 -13"><span class='ocrx_word' id='word_1_258' title='bbox 175 3247 336 3302; x_wconf 88' lang='lat' dir='ltr'><strong>ctiam</strong></span> <span class='ocrx_word' id='word_1_259' title='bbox 373 3246 449 3300; x_wconf 92' lang='lat' dir='ltr'><strong>illi</strong></span> <span class='ocrx_word' id='word_1_260' title='bbox 479 3245 571 3315; x_wconf 89' lang='lat' dir='ltr'><strong>qni</strong></span> <span class='ocrx_word' id='word_1_261' title='bbox 616 3259 714 3299; x_wconf 90' lang='lat' dir='ltr'><strong>nec</strong></span> <span class='ocrx_word' id='word_1_262' title='bbox 756 3252 1086 3298; x_wconf 90' lang='lat' dir='ltr'><strong>sacramenta</strong></span> <span class='ocrx_word' id='word_1_263' title='bbox 1132 3243 1243 3312; x_wconf 86' lang='lat' dir='ltr'><strong>ipsa</strong></span> <span class='ocrx_word' id='word_1_264' title='bbox 1283 3250 1516 3311; x_wconf 89' lang='lat' dir='ltr'><strong>portant,</strong></span> <span class='ocrx_word' id='word_1_265' title='bbox 1564 3240 1761 3312; x_wconf 86' lang='lat' dir='ltr'><strong>Pagani</strong></span> 
     </span>
    </p>
   </div>
   <div class='ocr_carea' id='block_1_33' title="bbox 177 3331 1761 3402">
    <p class='ocr_par' dir='ltr' id='par_1_33' title="bbox 177 3331 1761 3402">
     <span class='ocr_line' id='line_1_33' title="bbox 177 3331 1761 3402; baseline -0.004 -11"><span class='ocrx_word' id='word_1_266' title='bbox 177 3339 301 3393; x_wconf 81' lang='lat' dir='ltr'><strong>licet</strong></span> <span class='ocrx_word' id='word_1_267' title='bbox 343 3337 474 3401; x_wconf 89' lang='lat' dir='ltr'><strong>sint,</strong></span> <span class='ocrx_word' id='word_1_268' title='bbox 515 3335 684 3392; x_wconf 68' lang='lat' dir='ltr'><strong>Judtei</strong></span> <span class='ocrx_word' id='word_1_269' title='bbox 713 3335 837 3390; x_wconf 90' lang='lat' dir='ltr'><strong>licet</strong></span> <span class='ocrx_word' id='word_1_270' title='bbox 857 3333 1000 3399; x_wconf 90' lang='lat' dir='ltr'><strong>sint;</strong></span> <span class='ocrx_word' id='word_1_271' title='bbox 1034 3333 1320 3395; x_wconf 88' lang='lat' dir='ltr'><strong>honorant,</strong></span> <span class='ocrx_word' id='word_1_272' title='bbox 1353 3331 1587 3395; x_wconf 90' lang='lat' dir='ltr'><strong>laudant,</strong></span> <span class='ocrx_word' id='word_1_273' title='bbox 1621 3347 1761 3402; x_wconf 76' lang='lat' dir='ltr'><strong>pra:-</strong></span> 
     </span>
    </p>
   </div>
   <div class='ocr_carea' id='block_1_34' title="bbox 177 3422 1758 3495">
    <p class='ocr_par' dir='ltr' id='par_1_34' title="bbox 177 3422 1758 3495">
     <span class='ocr_line' id='line_1_34' title="bbox 177 3422 1758 3495; baseline -0.005 -11"><span class='ocrx_word' id='word_1_274' title='bbox 177 3429 376 3495; x_wconf 88' lang='lat' dir='ltr'><strong>dicant,</strong></span> <span class='ocrx_word' id='word_1_275' title='bbox 410 3427 506 3482; x_wconf 87' lang='lat' dir='ltr'><strong>sed</strong></span> <span class='ocrx_word' id='word_1_276' title='bbox 529 3444 616 3482; x_wconf 89' lang='lat' dir='ltr'><strong>ore</strong></span> <span class='ocrx_word' id='word_1_277' title='bbox 653 3443 746 3482; x_wconf 85' lang='lat' dir='ltr'><strong>suo</strong></span> <span class='ocrx_word' id='word_1_278' title='bbox 785 3425 1156 3481; x_wconf 80' lang='lat' dir='ltr'><strong>benedicebant.</strong></span> <span class='ocrx_word' id='word_1_279' title='bbox 1188 3422 1302 3478; x_wconf 86' lang='lat' dir='ltr'><strong>Non</strong></span> <span class='ocrx_word' id='word_1_280' title='bbox 1332 3422 1552 3478; x_wconf 91' lang='lat' dir='ltr'><strong>attendo</strong></span> <span class='ocrx_word' id='word_1_281' title='bbox 1576 3423 1642 3476; x_wconf 91' lang='lat' dir='ltr'><strong>ad</strong></span> <span class='ocrx_word' id='word_1_282' title='bbox 1667 3437 1758 3488; x_wconf 93' lang='lat' dir='ltr'><strong>os;</strong></span> 
     </span>
    </p>
   </div>
   <div class='ocr_carea' id='block_1_35' title="bbox 179 3511 1768 3588">
    <p class='ocr_par' dir='ltr' id='par_1_35' title="bbox 179 3511 1768 3588">
     <span class='ocr_line' id='line_1_35' title="bbox 179 3511 1768 3588; baseline -0.004 -14"><span class='ocrx_word' id='word_1_283' title='bbox 179 3521 321 3574; x_wconf 86' lang='lat' dir='ltr'><strong>novit</strong></span> <span class='ocrx_word' id='word_1_284' title='bbox 347 3520 439 3574; x_wconf 90' lang='lat' dir='ltr'><strong>ille</strong></span> <span class='ocrx_word' id='word_1_285' title='bbox 469 3517 560 3588; x_wconf 87' lang='lat' dir='ltr'><strong>qui</strong></span> <span class='ocrx_word' id='word_1_286' title='bbox 585 3531 670 3573; x_wconf 89' lang='lat' dir='ltr'><strong>me</strong></span> <span class='ocrx_word' id='word_1_287' title='bbox 701 3517 970 3581; x_wconf 81' lang='lat' dir='ltr'><strong>instruxit,</strong></span> <span class='ocrx_word' id='word_1_288' title='bbox 1001 3514 1152 3569; x_wconf 83' lang='lat' dir='ltr'><strong>corde</strong></span> <span class='ocrx_word' id='word_1_289' title='bbox 1175 3530 1266 3568; x_wconf 84' lang='lat' dir='ltr'><strong>suo</strong></span> <span class='ocrx_word' id='word_1_290' title='bbox 1288 3511 1768 3568; x_wconf 74' lang='lat' dir='ltr'><strong>maledicebantJbl</strong></span> 
     </span>
    </p>
   </div>
   <div class='ocr_carea' id='block_1_36' title="bbox 180 3604 1764 3677">
    <p class='ocr_par' dir='ltr' id='par_1_36' title="bbox 180 3604 1764 3677">
     <span class='ocr_line' id='line_1_36' title="bbox 180 3604 1764 3677; baseline -0.004 -11"><span class='ocrx_word' id='word_1_291' title='bbox 180 3611 588 3677; x_wconf 84' lang='lat' dir='ltr'><strong>maledicebant,</strong></span> <span class='ocrx_word' id='word_1_292' title='bbox 633 3609 722 3666; x_wconf 91' lang='lat' dir='ltr'><strong>ubi</strong></span> <span class='ocrx_word' id='word_1_293' title='bbox 767 3609 1028 3664; x_wconf 89' lang='lat' dir='ltr'><strong>honorem</strong></span> <span class='ocrx_word' id='word_1_294' title='bbox 1059 3621 1239 3662; x_wconf 88' lang='lat' dir='ltr'><strong>meum</strong></span> <span class='ocrx_word' id='word_1_295' title='bbox 1278 3604 1646 3675; x_wconf 86' lang='lat' dir='ltr'><strong>cogitaverunt</strong></span> <span class='ocrx_word' id='word_1_296' title='bbox 1672 3619 1764 3660; x_wconf 83' lang='lat' dir='ltr'><strong>re-</strong></span> 
     </span>
    </p>
   </div>
   <div class='ocr_carea' id='block_1_37' title="bbox 181 3707 398 3776">
    <p class='ocr_par' dir='ltr' id='par_1_37' title="bbox 181 3707 398 3776">
     <span class='ocr_line' id='line_1_37' title="bbox 181 3707 398 3776; baseline -0.009 -16"><span class='ocrx_word' id='word_1_297' title='bbox 181 3707 398 3776; x_wconf 84' lang='lat' dir='ltr'><strong>pellere.</strong></span> 
     </span>
    </p>
   </div>
   <div class='ocr_carea' id='block_1_38' title="bbox 248 3793 1762 3871">
    <p class='ocr_par' dir='ltr' id='par_1_38' title="bbox 248 3793 1762 3871">
     <span class='ocr_line' id='line_1_38' title="bbox 248 3793 1762 3871; baseline -0.005 -18"><span class='ocrx_word' id='word_1_298' title='bbox 248 3801 337 3853; x_wconf 83' lang='lat' dir='ltr'><strong>ll.</strong></span> <span class='ocrx_word' id='word_1_299' title='bbox 387 3796 544 3871; x_wconf 67' lang='lat' dir='ltr'><strong>fecre.</strong></span> <span class='ocrx_word' id='word_1_300' title='bbox 592 3796 672 3870; x_wconf 87' lang='lat'><strong>6.]</strong></span> <span class='ocrx_word' id='word_1_301' title='bbox 697 3796 834 3866; x_wconf 84' lang='lat' dir='ltr'><strong>Quid</strong></span> <span class='ocrx_word' id='word_1_302' title='bbox 880 3804 959 3863; x_wconf 92' lang='lat' dir='ltr'><strong>tu,</strong></span> <span class='ocrx_word' id='word_1_303' title='bbox 991 3810 1024 3851; x_wconf 90' lang='grc' dir='ltr'>ο</span> <span class='ocrx_word' id='word_1_304' title='bbox 1061 3794 1506 3864; x_wconf 83' lang='lat' dir='ltr'><strong>ldithun,corpus</strong></span> <span class='ocrx_word' id='word_1_305' title='bbox 1542 3793 1762 3858; x_wconf 83' lang='lat' dir='ltr'><strong>Christi,</strong></span> 
     </span>
    </p>
   </div>
   <div class='ocr_carea' id='block_1_39' title="bbox 184 3884 1765 3956">
    <p class='ocr_par' dir='ltr' id='par_1_39' title="bbox 184 3884 1765 3956">
     <span class='ocr_line' id='line_1_39' title="bbox 184 3884 1765 3956; baseline -0.002 -14"><span class='ocrx_word' id='word_1_306' title='bbox 184 3889 487 3943; x_wconf 90' lang='lat' dir='ltr'><strong>transiliens</strong></span> <span class='ocrx_word' id='word_1_307' title='bbox 530 3903 625 3944; x_wconf 92' lang='lat' dir='ltr'><strong>eos</strong></span> <span class='ocrx_word' id='word_1_308' title='bbox 645 3889 668 3942; x_wconf 87' lang='lat'><strong>?</strong></span> <span class='ocrx_word' id='word_1_309' title='bbox 692 3887 828 3956; x_wconf 88' lang='lat' dir='ltr'><strong>Quid</strong></span> <span class='ocrx_word' id='word_1_310' title='bbox 861 3895 915 3941; x_wconf 93' lang='lat' dir='ltr'><strong>tu</strong></span> <span class='ocrx_word' id='word_1_311' title='bbox 947 3887 1087 3942; x_wconf 91' lang='lat' dir='ltr'><strong>inter</strong></span> <span class='ocrx_word' id='word_1_312' title='bbox 1122 3886 1236 3941; x_wconf 75' lang='lat' dir='ltr'><strong>lucc</strong></span> <span class='ocrx_word' id='word_1_313' title='bbox 1261 3885 1480 3941; x_wconf 84' lang='lat' dir='ltr'><strong>omnia?</strong></span> <span class='ocrx_word' id='word_1_314' title='bbox 1509 3884 1639 3955; x_wconf 91' lang='lat' dir='ltr'><strong>quid</strong></span> <span class='ocrx_word' id='word_1_315' title='bbox 1668 3886 1765 3940; x_wconf 88' lang='lat' dir='ltr'><strong>tu?</strong></span> 
     </span>
    </p>
   </div>
   <div class='ocr_carea' id='block_1_40' title="bbox 185 3976 1766 4048">
    <p class='ocr_par' dir='ltr' id='par_1_40' title="bbox 185 3976 1766 4048">
     <span class='ocr_line' id='line_1_40' title="bbox 185 3976 1766 4048; baseline -0.001 -16"><span class='ocrx_word' id='word_1_316' title='bbox 185 3979 439 4035; x_wconf 80' lang='lat' dir='ltr'><strong>deiicies?</strong></span> <span class='ocrx_word' id='word_1_317' title='bbox 481 3993 586 4033; x_wconf 92' lang='lat' dir='ltr'><strong>non</strong></span> <span class='ocrx_word' id='word_1_318' title='bbox 633 3979 1002 4048; x_wconf 87' lang='lat' dir='ltr'><strong>perseverabis</strong></span> <span class='ocrx_word' id='word_1_319' title='bbox 1027 3992 1194 4048; x_wconf 90' lang='lat' dir='ltr'><strong>usque</strong></span> <span class='ocrx_word' id='word_1_320' title='bbox 1214 3977 1267 4032; x_wconf 91' lang='lat' dir='ltr'><strong>in</strong></span> <span class='ocrx_word' id='word_1_321' title='bbox 1296 3976 1496 4031; x_wconf 83' lang='lat' dir='ltr'><strong>linem?</strong></span> <span class='ocrx_word' id='word_1_322' title='bbox 1522 3990 1626 4030; x_wconf 91' lang='lat' dir='ltr'><strong>non</strong></span> <span class='ocrx_word' id='word_1_323' title='bbox 1665 3989 1766 4030; x_wconf 85' lang='lat' dir='ltr'><strong>au-</strong></span> 
     </span>
    </p>
   </div>
   <div class='ocr_carea' id='block_1_41' title="bbox 186 4061 1763 4140">
    <p class='ocr_par' dir='ltr' id='par_1_41' title="bbox 186 4061 1763 4140">
     <span class='ocr_line' id='line_1_41' title="bbox 186 4061 1763 4140; baseline -0.002 -17"><span class='ocrx_word' id='word_1_324' title='bbox 186 4071 314 4136; x_wconf 75' lang='lat' dir='ltr'><strong>dies,</strong></span> <span class='ocrx_word' id='word_1_325' title='bbox 350 4071 452 4137; x_wconf 85' lang='lat' dir='ltr'><strong>Qui</strong></span> <span class='ocrx_word' id='word_1_326' title='bbox 478 4070 861 4140; x_wconf 74' lang='lat' dir='ltr'><strong>perseveraverit</strong></span> <span class='ocrx_word' id='word_1_327' title='bbox 885 4061 1043 4138; x_wconf 76' lang='lat' dir='ltr'><strong>usque</strong></span> <span class='ocrx_word' id='word_1_328' title='bbox 1065 4070 1118 4123; x_wconf 85' lang='lat' dir='ltr'><strong>in</strong></span> <span class='ocrx_word' id='word_1_329' title='bbox 1143 4064 1331 4136; x_wconf 79' lang='lat' dir='ltr'><strong>ﬁnem,</strong></span> <span class='ocrx_word' id='word_1_330' title='bbox 1349 4067 1431 4122; x_wconf 86' lang='lat' dir='ltr'><strong>hic</strong></span> <span class='ocrx_word' id='word_1_331' title='bbox 1453 4067 1623 4122; x_wconf 78' lang='lat' dir='ltr'><strong>salvus</strong></span> <span class='ocrx_word' id='word_1_332' title='bbox 1651 4067 1763 4134; x_wconf 86' lang='lat' dir='ltr'><strong>erit,</strong></span> 
     </span>
    </p>
   </div>
   <div class='ocr_carea' id='block_1_42' title="bbox 187 4157 1766 4232">
    <p class='ocr_par' dir='ltr' id='par_1_42' title="bbox 187 4157 1766 4232">
     <span class='ocr_line' id='line_1_42' title="bbox 187 4157 1766 4232; baseline -0.003 -18"><span class='ocrx_word' id='word_1_333' title='bbox 187 4165 424 4229; x_wconf 86' lang='lat' dir='ltr'><strong>quamvis</strong></span> <span class='ocrx_word' id='word_1_334' title='bbox 452 4158 973 4232; x_wconf 76' lang='lat' dir='ltr'><strong>quoniam‘abundat</strong></span> <span class='ocrx_word' id='word_1_335' title='bbox 993 4160 1251 4230; x_wconf 75' lang='lat' dir='ltr'><strong>iniquitas,</strong></span> <span class='ocrx_word' id='word_1_336' title='bbox 1282 4159 1566 4228; x_wconf 76' lang='lat' dir='ltr'><strong>refrigescet</strong></span> <span class='ocrx_word' id='word_1_337' title='bbox 1594 4157 1766 4211; x_wconf 80' lang='lat' dir='ltr'><strong>chari-</strong></span> 
     </span>
    </p>
   </div>
   <div class='ocr_carea' id='block_1_43' title="bbox 189 4234 1768 4323">
    <p class='ocr_par' dir='ltr' id='par_1_43' title="bbox 189 4234 1768 4323">
     <span class='ocr_line' id='line_1_43' title="bbox 189 4234 1768 4323; baseline -0.002 -18"><span class='ocrx_word' id='word_1_338' title='bbox 189 4263 257 4308; x_wconf 90' lang='lat' dir='ltr'><strong>tas</strong></span> <span class='ocrx_word' id='word_1_339' title='bbox 283 4255 561 4306; x_wconf 84' lang='lat' dir='ltr'><strong>multorum</strong></span> <span class='ocrx_word' id='word_1_340' title='bbox 589 4251 802 4323; x_wconf 80' lang='lat' dir='ltr'><strong>(Matth.</strong></span> <span class='ocrx_word' id='word_1_341' title='bbox 837 4267 989 4319; x_wconf 72' lang='lat' dir='ltr'><strong>XXIV,</strong></span> <span class='ocrx_word' id='word_1_342' title='bbox 1015 4253 1103 4316; x_wconf 75' lang='lat' dir='ltr'><strong>l3,</strong></span> <span class='ocrx_word' id='word_1_343' title='bbox 1135 4234 1263 4321; x_wconf 61' lang='lat'><strong>19&#39;)?</strong></span> <span class='ocrx_word' id='word_1_344' title='bbox 1290 4249 1358 4303; x_wconf 85' lang='lat' dir='ltr'><strong>Et</strong></span> <span class='ocrx_word' id='word_1_345' title='bbox 1385 4249 1470 4304; x_wconf 82' lang='lat' dir='ltr'><strong>ubi</strong></span> <span class='ocrx_word' id='word_1_346' title='bbox 1501 4256 1583 4304; x_wconf 81' lang='lat' dir='ltr'><strong>est</strong></span> <span class='ocrx_word' id='word_1_347' title='bbox 1624 4247 1768 4318; x_wconf 91' lang='lat' dir='ltr'><strong>quod</strong></span> 
     </span>
    </p>
   </div>
   <div class='ocr_carea' id='block_1_44' title="bbox 191 4340 1770 4414">
    <p class='ocr_par' dir='ltr' id='par_1_44' title="bbox 191 4340 1770 4414">
     <span class='ocr_line' id='line_1_44' title="bbox 191 4340 1770 4414; baseline -0.002 -15"><span class='ocrx_word' id='word_1_348' title='bbox 191 4345 460 4400; x_wconf 80' lang='lat' dir='ltr'><strong>transiliin</strong></span> <span class='ocrx_word' id='word_1_349' title='bbox 501 4345 632 4399; x_wconf 84' lang='lat' dir='ltr'><strong>eos?</strong></span> <span class='ocrx_word' id='word_1_350' title='bbox 656 4345 744 4399; x_wconf 88' lang='lat' dir='ltr'><strong>ubi</strong></span> <span class='ocrx_word' id='word_1_351' title='bbox 773 4353 854 4399; x_wconf 84' lang='lat' dir='ltr'><strong>est</strong></span> <span class='ocrx_word' id='word_1_352' title='bbox 879 4345 1021 4414; x_wconf 85' lang='lat' dir='ltr'><strong>quod</strong></span> <span class='ocrx_word' id='word_1_353' title='bbox 1050 4343 1382 4399; x_wconf 78' lang='lat' dir='ltr'><strong>conversatio</strong></span> <span class='ocrx_word' id='word_1_354' title='bbox 1421 4349 1506 4395; x_wconf 90' lang='lat' dir='ltr'><strong>tua</strong></span> <span class='ocrx_word' id='word_1_355' title='bbox 1536 4341 1590 4396; x_wconf 91' lang='lat' dir='ltr'><strong>in</strong></span> <span class='ocrx_word' id='word_1_356' title='bbox 1619 4340 1770 4396; x_wconf 81' lang='lat' dir='ltr'><strong>caelis</strong></span> 
     </span>
    </p>
   </div>
   <div class='ocr_carea' id='block_1_45' title="bbox 192 4431 1768 4506">
    <p class='ocr_par' dir='ltr' id='par_1_45' title="bbox 192 4431 1768 4506">
     <span class='ocr_line' id='line_1_45' title="bbox 192 4431 1768 4506; baseline -0.004 -16"><span class='ocrx_word' id='word_1_357' title='bbox 192 4447 269 4490; x_wconf 75' lang='lat' dir='ltr'><strong>est</strong></span> <span class='ocrx_word' id='word_1_358' title='bbox 311 4437 576 4505; x_wconf 78' lang='lat' dir='ltr'><strong>(Philipp.</strong></span> <span class='ocrx_word' id='word_1_359' title='bbox 605 4451 681 4499; x_wconf 81' lang='grc' dir='ltr'><strong>ιιι,</strong></span> <span class='ocrx_word' id='word_1_360' title='bbox 724 4434 860 4506; x_wconf 79' lang='lat'><strong>‘20)?</strong></span> <span class='ocrx_word' id='word_1_361' title='bbox 889 4436 966 4489; x_wconf 93' lang='lat' dir='ltr'><strong>llli</strong></span> <span class='ocrx_word' id='word_1_362' title='bbox 994 4443 1170 4489; x_wconf 86' lang='lat' dir='ltr'><strong>autem</strong></span> <span class='ocrx_word' id='word_1_363' title='bbox 1218 4431 1480 4487; x_wconf 66' lang='lat' dir='ltr'><strong>inhrcrent</strong></span> <span class='ocrx_word' id='word_1_364' title='bbox 1509 4431 1768 4497; x_wconf 87' lang='lat' dir='ltr'><strong>terrenis;</strong></span> 
     </span>
    </p>
   </div>
   <div class='ocr_carea' id='block_1_46' title="bbox 195 4529 1769 4600">
    <p class='ocr_par' dir='ltr' id='par_1_46' title="bbox 195 4529 1769 4600">
     <span class='ocr_line' id='line_1_46' title="bbox 195 4529 1769 4600; baseline -0.003 -17"><span class='ocrx_word' id='word_1_365' title='bbox 195 4539 440 4600; x_wconf 77' lang='lat' dir='ltr'><strong>tanquam</strong></span> <span class='ocrx_word' id='word_1_366' title='bbox 489 4529 773 4598; x_wconf 68' lang='lat' dir='ltr'><strong>terrigena:</strong></span> <span class='ocrx_word' id='word_1_367' title='bbox 827 4529 1041 4599; x_wconf 90' lang='lat' dir='ltr'><strong>sapiunt</strong></span> <span class='ocrx_word' id='word_1_368' title='bbox 1085 4536 1311 4593; x_wconf 84' lang='lat' dir='ltr'><strong>terram,</strong></span> <span class='ocrx_word' id='word_1_369' title='bbox 1362 4532 1566 4580; x_wconf 91' lang='lat' dir='ltr'><strong>etsunt</strong></span> <span class='ocrx_word' id='word_1_370' title='bbox 1607 4533 1769 4588; x_wconf 90' lang='lat' dir='ltr'><strong>terra,</strong></span> 
     </span>
    </p>
   </div>
   <div class='ocr_carea' id='block_1_47' title="bbox 193 4617 1774 4692">
    <p class='ocr_par' dir='ltr' id='par_1_47' title="bbox 193 4617 1774 4692">
     <span class='ocr_line' id='line_1_47' title="bbox 193 4617 1774 4692; baseline -0.002 -17"><span class='ocrx_word' id='word_1_371' title='bbox 193 4622 458 4692; x_wconf 85' lang='lat' dir='ltr'><strong>serpentis</strong></span> <span class='ocrx_word' id='word_1_372' title='bbox 509 4621 684 4676; x_wconf 87' lang='lat' dir='ltr'><strong>cibus.</strong></span> <span class='ocrx_word' id='word_1_373' title='bbox 712 4620 849 4690; x_wconf 84' lang='lat' dir='ltr'><strong>Quid</strong></span> <span class='ocrx_word' id='word_1_374' title='bbox 909 4631 963 4675; x_wconf 90' lang='lat' dir='ltr'><strong>tu</strong></span> <span class='ocrx_word' id='word_1_375' title='bbox 1027 4620 1166 4674; x_wconf 87' lang='lat' dir='ltr'><strong>inter</strong></span> <span class='ocrx_word' id='word_1_376' title='bbox 1203 4617 1355 4674; x_wconf 64' lang='lat' dir='ltr'><strong>hinc?</strong></span> <span class='ocrx_word' id='word_1_377' title='bbox 1393 4617 1774 4673; x_wconf 83' lang='lat' dir='ltr'><strong>Verumtamen</strong></span> 
     </span>
    </p>
   </div>
   <div class='ocr_carea' id='block_1_48' title="bbox 195 4707 1775 4784">
    <p class='ocr_par' dir='ltr' id='par_1_48' title="bbox 195 4707 1775 4784">
     <span class='ocr_line' id='line_1_48' title="bbox 195 4707 1775 4784; baseline -0.002 -17"><span class='ocrx_word' id='word_1_378' title='bbox 195 4717 434 4784; x_wconf 81' lang='lat' dir='ltr'><strong>quamvis</strong></span> <span class='ocrx_word' id='word_1_379' title='bbox 461 4714 575 4770; x_wconf 69' lang='lat' dir='ltr'><strong>haec</strong></span> <span class='ocrx_word' id='word_1_380' title='bbox 603 4715 816 4779; x_wconf 86' lang='lat' dir='ltr'><strong>faciant,</strong></span> <span class='ocrx_word' id='word_1_381' title='bbox 847 4713 1088 4782; x_wconf 86' lang='lat' dir='ltr'><strong>quamvis</strong></span> <span class='ocrx_word' id='word_1_382' title='bbox 1109 4711 1224 4765; x_wconf 73' lang='lat' dir='ltr'><strong>luce</strong></span> <span class='ocrx_word' id='word_1_383' title='bbox 1253 4710 1504 4781; x_wconf 89' lang='lat' dir='ltr'><strong>cogitent,</strong></span> <span class='ocrx_word' id='word_1_384' title='bbox 1531 4707 1775 4779; x_wconf 81' lang='lat' dir='ltr'><strong>quamvis</strong></span> 
     </span>
    </p>
   </div>
   <div class='ocr_carea' id='block_1_49' title="bbox 197 4800 1776 4879">
    <p class='ocr_par' dir='ltr' id='par_1_49' title="bbox 197 4800 1776 4879">
     <span class='ocr_line' id='line_1_49' title="bbox 197 4800 1776 4879; baseline -0.004 -17"><span class='ocrx_word' id='word_1_385' title='bbox 197 4807 487 4878; x_wconf 89' lang='lat' dir='ltr'><strong>impellant,</strong></span> <span class='ocrx_word' id='word_1_386' title='bbox 518 4807 763 4879; x_wconf 90' lang='lat' dir='ltr'><strong>quamvis</strong></span> <span class='ocrx_word' id='word_1_387' title='bbox 791 4805 944 4877; x_wconf 88' lang='lat' dir='ltr'><strong>quasi</strong></span> <span class='ocrx_word' id='word_1_388' title='bbox 987 4804 1239 4860; x_wconf 91' lang='lat' dir='ltr'><strong>inclinato</strong></span> <span class='ocrx_word' id='word_1_389' title='bbox 1275 4803 1494 4868; x_wconf 87' lang='lat' dir='ltr'><strong>instent,</strong></span> <span class='ocrx_word' id='word_1_390' title='bbox 1534 4800 1776 4872; x_wconf 81' lang='lat' dir='ltr'><strong>quamvis</strong></span> 
     </span>
    </p>
   </div>
   <div class='ocr_carea' id='block_1_50' title="bbox 199 4894 1778 4969">
    <p class='ocr_par' dir='ltr' id='par_1_50' title="bbox 199 4894 1778 4969">
     <span class='ocr_line' id='line_1_50' title="bbox 199 4894 1778 4969; baseline -0.004 -13"><span class='ocrx_word' id='word_1_391' title='bbox 199 4899 304 4969; x_wconf 80' lang='lat' dir='ltr'><strong>iam</strong></span> <span class='ocrx_word' id='word_1_392' title='bbox 336 4911 572 4956; x_wconf 86' lang='lat' dir='ltr'><strong>erectum</strong></span> <span class='ocrx_word' id='word_1_393' title='bbox 618 4899 872 4966; x_wconf 88' lang='lat' dir='ltr'><strong>sentiant,</strong></span> <span class='ocrx_word' id='word_1_394' title='bbox 912 4909 966 4953; x_wconf 92' lang='lat' dir='ltr'><strong>et</strong></span> <span class='ocrx_word' id='word_1_395' title='bbox 1007 4899 1264 4951; x_wconf 88' lang='lat' dir='ltr'><strong>honorem</strong></span> <span class='ocrx_word' id='word_1_396' title='bbox 1299 4909 1476 4950; x_wconf 90' lang='lat' dir='ltr'><strong>meum</strong></span> <span class='ocrx_word' id='word_1_397' title='bbox 1519 4894 1778 4963; x_wconf 85' lang='lat' dir='ltr'><strong>repellere</strong></span> 
     </span>
    </p>
   </div>
   <div class='ocr_carea' id='block_1_51' title="bbox 199 4984 1778 5063">
    <p class='ocr_par' dir='ltr' id='par_1_51' title="bbox 199 4984 1778 5063">
     <span class='ocr_line' id='line_1_51' title="bbox 199 4984 1778 5063; baseline -0.005 -18"><span class='ocrx_word' id='word_1_398' title='bbox 199 4994 458 5061; x_wconf 78' lang='lat' dir='ltr'><strong>cogitent;</strong></span> <span class='ocrx_word' id='word_1_399' title='bbox 489 4991 731 5063; x_wconf 80' lang='lat' dir='ltr'><strong>quamvis</strong></span> <span class='ocrx_word' id='word_1_400' title='bbox 773 5006 867 5046; x_wconf 88' lang='lat' dir='ltr'><strong>ore</strong></span> <span class='ocrx_word' id='word_1_401' title='bbox 904 5005 1000 5045; x_wconf 91' lang='lat' dir='ltr'><strong>suo</strong></span> <span class='ocrx_word' id='word_1_402' title='bbox 1030 4987 1348 5043; x_wconf 87' lang='lat' dir='ltr'><strong>benedicant</strong></span> <span class='ocrx_word' id='word_1_403' title='bbox 1385 4995 1439 5041; x_wconf 92' lang='lat' dir='ltr'><strong>et</strong></span> <span class='ocrx_word' id='word_1_404' title='bbox 1478 4984 1642 5040; x_wconf 88' lang='lat' dir='ltr'><strong>corde</strong></span> <span class='ocrx_word' id='word_1_405' title='bbox 1679 4997 1778 5038; x_wconf 90' lang='lat' dir='ltr'><strong>suo</strong></span> 
     </span>
    </p>
   </div>
   <div class='ocr_carea' id='block_1_52' title="bbox 199 5078 1776 5156">
    <p class='ocr_par' dir='ltr' id='par_1_52' title="bbox 199 5078 1776 5156">
     <span class='ocr_line' id='line_1_52' title="bbox 199 5078 1776 5156; baseline -0.004 -18"><span class='ocrx_word' id='word_1_406' title='bbox 199 5086 551 5151; x_wconf 83' lang='lat' dir='ltr'><strong>maledicam;</strong></span> <span class='ocrx_word' id='word_1_407' title='bbox 579 5085 821 5156; x_wconf 85' lang='lat' dir='ltr'><strong>quamvis</strong></span> <span class='ocrx_word' id='word_1_408' title='bbox 861 5082 1176 5137; x_wconf 86' lang='lat' dir='ltr'><strong>insidientur</strong></span> <span class='ocrx_word' id='word_1_409' title='bbox 1218 5080 1304 5134; x_wconf 91' lang='lat' dir='ltr'><strong>ubi</strong></span> <span class='ocrx_word' id='word_1_410' title='bbox 1336 5087 1574 5150; x_wconf 88' lang='lat' dir='ltr'><strong>possunt,</strong></span> <span class='ocrx_word' id='word_1_411' title='bbox 1625 5078 1776 5132; x_wconf 87' lang='lat' dir='ltr'><strong>calu-</strong></span> 
     </span>
    </p>
   </div>
   <div class='ocr_carea' id='block_1_53' title="bbox 202 5171 1782 5248">
    <p class='ocr_par' dir='ltr' id='par_1_53' title="bbox 202 5171 1782 5248">
     <span class='ocr_line' id='line_1_53' title="bbox 202 5171 1782 5248; baseline -0.004 -18"><span class='ocrx_word' id='word_1_412' title='bbox 202 5179 466 5233; x_wconf 88' lang='lat' dir='ltr'><strong>mnieutur</strong></span> <span class='ocrx_word' id='word_1_413' title='bbox 487 5179 574 5233; x_wconf 90' lang='lat' dir='ltr'><strong>ubi</strong></span> <span class='ocrx_word' id='word_1_414' title='bbox 594 5184 813 5248; x_wconf 89' lang='lat' dir='ltr'><strong>possunt</strong></span> <span class='ocrx_word' id='word_1_415' title='bbox 836 5174 1216 5231; x_wconf 81' lang='lat' dir='ltr'><strong>:Verunttamen</strong></span> <span class='ocrx_word' id='word_1_416' title='bbox 1237 5173 1343 5227; x_wconf 86' lang='lat' dir='ltr'><strong>Deo</strong></span> <span class='ocrx_word' id='word_1_417' title='bbox 1359 5171 1649 5242; x_wconf 86' lang='lat' dir='ltr'><strong>subjicietur</strong></span> <span class='ocrx_word' id='word_1_418' title='bbox 1667 5171 1782 5224; x_wconf 87' lang='lat' dir='ltr'><strong>ani-</strong></span> 
     </span>
    </p>
   </div>
   <div class='ocr_carea' id='block_1_54' title="bbox 201 5261 1778 5337">
    <p class='ocr_par' dir='ltr' id='par_1_54' title="bbox 201 5261 1778 5337">
     <span class='ocr_line' id='line_1_54' title="bbox 201 5261 1778 5337; baseline -0.001 -19"><span class='ocrx_word' id='word_1_419' title='bbox 201 5284 290 5321; x_wconf 87' lang='lat' dir='ltr'><strong>ma</strong></span> <span class='ocrx_word' id='word_1_420' title='bbox 313 5287 434 5323; x_wconf 79' lang='lat' dir='ltr'><strong>mea.</strong></span> <span class='ocrx_word' id='word_1_421' title='bbox 463 5270 529 5324; x_wconf 80' lang='lat' dir='ltr'><strong>Et</strong></span> <span class='ocrx_word' id='word_1_422' title='bbox 567 5269 686 5337; x_wconf 78' lang='lat' dir='ltr'><strong>quis</strong></span> <span class='ocrx_word' id='word_1_423' title='bbox 725 5278 868 5322; x_wconf 90' lang='lat' dir='ltr'><strong>tanta</strong></span> <span class='ocrx_word' id='word_1_424' title='bbox 896 5266 1106 5330; x_wconf 89' lang='lat' dir='ltr'><strong>toleret,</strong></span> <span class='ocrx_word' id='word_1_425' title='bbox 1149 5264 1232 5318; x_wconf 91' lang='lat' dir='ltr'><strong>vel</strong></span> <span class='ocrx_word' id='word_1_426' title='bbox 1267 5271 1448 5334; x_wconf 86' lang='lat' dir='ltr'><strong>aperta</strong></span> <span class='ocrx_word' id='word_1_427' title='bbox 1478 5261 1636 5327; x_wconf 91' lang='lat' dir='ltr'><strong>bella,</strong></span> <span class='ocrx_word' id='word_1_428' title='bbox 1693 5261 1778 5318; x_wconf 79' lang='lat' dir='ltr'><strong>vel</strong></span> 
     </span>
    </p>
   </div>
   <div class='ocr_carea' id='block_1_55' title="bbox 201 5354 1782 5428">
    <p class='ocr_par' dir='ltr' id='par_1_55' title="bbox 201 5354 1782 5428">
     <span class='ocr_line' id='line_1_55' title="bbox 201 5354 1782 5428; baseline -0.001 -19"><span class='ocrx_word' id='word_1_429' title='bbox 201 5361 436 5415; x_wconf 81' lang='lat' dir='ltr'><strong>occultas</strong></span> <span class='ocrx_word' id='word_1_430' title='bbox 480 5359 737 5414; x_wconf 85' lang='lat' dir='ltr'><strong>insidias?</strong></span> <span class='ocrx_word' id='word_1_431' title='bbox 783 5360 902 5428; x_wconf 90' lang='lat' dir='ltr'><strong>quis</strong></span> <span class='ocrx_word' id='word_1_432' title='bbox 957 5365 1096 5410; x_wconf 90' lang='lat' dir='ltr'><strong>tanta</strong></span> <span class='ocrx_word' id='word_1_433' title='bbox 1149 5355 1341 5410; x_wconf 88' lang='lat' dir='ltr'><strong>toleret</strong></span> <span class='ocrx_word' id='word_1_434' title='bbox 1383 5354 1521 5408; x_wconf 88' lang='lat' dir='ltr'><strong>inter</strong></span> <span class='ocrx_word' id='word_1_435' title='bbox 1567 5362 1782 5422; x_wconf 88' lang='lat' dir='ltr'><strong>apertos</strong></span> 
     </span>
    </p>
   </div>
   <div class='ocr_carea' id='block_1_56' title="bbox 205 5441 1781 5516">
    <p class='ocr_par' dir='ltr' id='par_1_56' title="bbox 205 5441 1781 5516">
     <span class='ocr_line' id='line_1_56' title="bbox 205 5441 1781 5516; baseline -0.003 -16"><span class='ocrx_word' id='word_1_436' title='bbox 205 5447 400 5514; x_wconf 85' lang='lat' dir='ltr'><strong>hostes,</strong></span> <span class='ocrx_word' id='word_1_437' title='bbox 421 5451 558 5504; x_wconf 89' lang='lat' dir='ltr'><strong>inter</strong></span> <span class='ocrx_word' id='word_1_438' title='bbox 572 5449 734 5504; x_wconf 74' lang='lat' dir='ltr'><strong>falsos</strong></span> <span class='ocrx_word' id='word_1_439' title='bbox 749 5445 1106 5516; x_wconf 87' lang='lat' dir='ltr'><strong>fratres?qnis</strong></span> <span class='ocrx_word' id='word_1_440' title='bbox 1121 5454 1260 5499; x_wconf 87' lang='lat' dir='ltr'><strong>tanta</strong></span> <span class='ocrx_word' id='word_1_441' title='bbox 1278 5444 1466 5499; x_wconf 90' lang='lat' dir='ltr'><strong>toleret</strong></span> <span class='ocrx_word' id='word_1_442' title='bbox 1480 5442 1504 5495; x_wconf 88' lang='lat'><strong>?</strong></span> <span class='ocrx_word' id='word_1_443' title='bbox 1517 5441 1781 5512; x_wconf 87' lang='lat' dir='ltr'><strong>Numquid</strong></span> 
     </span>
    </p>
   </div>
   <div class='ocr_carea' id='block_1_57' title="bbox 205 5532 1782 5608">
    <p class='ocr_par' dir='ltr' id='par_1_57' title="bbox 205 5532 1782 5608">
     <span class='ocr_line' id='line_1_57' title="bbox 205 5532 1782 5608; baseline -0.004 -16"><span class='ocrx_word' id='word_1_444' title='bbox 205 5537 403 5595; x_wconf 85' lang='lat' dir='ltr'><strong>homo?</strong></span> <span class='ocrx_word' id='word_1_445' title='bbox 429 5542 542 5596; x_wconf 84' lang='lat' dir='ltr'><strong>etsi</strong></span> <span class='ocrx_word' id='word_1_446' title='bbox 574 5539 754 5606; x_wconf 88' lang='lat' dir='ltr'><strong>homo,</strong></span> <span class='ocrx_word' id='word_1_447' title='bbox 784 5536 1037 5608; x_wconf 77' lang='lat' dir='ltr'><strong>numquid</strong></span> <span class='ocrx_word' id='word_1_448' title='bbox 1080 5551 1108 5589; x_wconf 90' lang='lat' dir='ltr'><strong>a</strong></span> <span class='ocrx_word' id='word_1_449' title='bbox 1134 5537 1311 5607; x_wconf 90' lang='lat' dir='ltr'><strong>scipso</strong></span> <span class='ocrx_word' id='word_1_450' title='bbox 1340 5534 1542 5589; x_wconf 80' lang='lat' dir='ltr'><strong>homo?</strong></span> <span class='ocrx_word' id='word_1_451' title='bbox 1566 5533 1679 5588; x_wconf 85' lang='grc' dir='ltr'><strong>Νοη</strong></span> <span class='ocrx_word' id='word_1_452' title='bbox 1704 5532 1782 5587; x_wconf 85' lang='lat' dir='ltr'><strong>sic</strong></span> 
     </span>
    </p>
   </div>
   <div class='ocr_carea' id='block_1_58' title="bbox 279 5705 1782 5774">
    <p class='ocr_par' dir='ltr' id='par_1_58' title="bbox 279 5705 1782 5774">
     <span class='ocr_line' id='line_1_58' title="bbox 279 5705 1782 5774; baseline 0 -16"><span class='ocrx_word' id='word_1_453' title='bbox 279 5711 293 5742; x_wconf 78' lang='grc' dir='ltr'>ί</span> <span class='ocrx_word' id='word_1_454' title='bbox 323 5713 390 5762; x_wconf 81' lang='lat' dir='ltr'><strong>sic</strong></span> <span class='ocrx_word' id='word_1_455' title='bbox 410 5719 516 5764; x_wconf 80' lang='lat' dir='ltr'><strong>uss.</strong></span> <span class='ocrx_word' id='word_1_456' title='bbox 543 5721 598 5763; x_wconf 76' lang='lat' dir='ltr'><strong>Al.</strong></span> <span class='ocrx_word' id='word_1_457' title='bbox 623 5711 756 5774; x_wconf 77' lang='lat' dir='ltr'><strong>Edd.,</strong></span> <span class='ocrx_word' id='word_1_458' title='bbox 779 5719 826 5762; x_wconf 90' lang='lat' dir='ltr'><strong>et</strong></span> <span class='ocrx_word' id='word_1_459' title='bbox 863 5710 1042 5761; x_wconf 85' lang='lat' dir='ltr'><strong>malum</strong></span> <span class='ocrx_word' id='word_1_460' title='bbox 1067 5715 1213 5760; x_wconf 75' lang='lat' dir='ltr'><strong>vetns.</strong></span> <span class='ocrx_word' id='word_1_461' title='bbox 1249 5709 1436 5762; x_wconf 76' lang='lat' dir='ltr'><strong>Dicitur</strong></span> <span class='ocrx_word' id='word_1_462' title='bbox 1475 5707 1602 5761; x_wconf 87' lang='lat' dir='ltr'><strong>enim</strong></span> <span class='ocrx_word' id='word_1_463' title='bbox 1639 5713 1684 5760; x_wconf 81' lang='lat' dir='ltr'><strong>et</strong></span> <span class='ocrx_word' id='word_1_464' title='bbox 1715 5705 1782 5758; x_wconf 81' lang='lat' dir='ltr'><strong>ri-</strong></span> 
     </span>
    </p>
   </div>
   <div class='ocr_carea' id='block_1_59' title="bbox 206 5783 1255 5901">
    <p class='ocr_par' dir='ltr' id='par_1_59' title="bbox 206 5783 1255 5901">
     <span class='ocr_line' id='line_1_59' title="bbox 206 5783 977 5825; baseline 0.003 -4"><span class='ocrx_word' id='word_1_465' title='bbox 206 5784 323 5821; x_wconf 66' lang='lat' dir='ltr'><strong>nion</strong></span> <span class='ocrx_word' id='word_1_466' title='bbox 343 5783 483 5825; x_wconf 66' lang='lat' dir='ltr'><strong>cetus.</strong></span> <span class='ocrx_word' id='word_1_467' title='bbox 974 5785 977 5788; x_wconf 83' lang='lat'>&#39;</span> 
     </span>
     <span class='ocr_line' id='line_1_60' title="bbox 280 5832 1255 5901; baseline 0 -16"><span class='ocrx_word' id='word_1_468' title='bbox 280 5836 298 5866; x_wconf 87' lang='grc'>¹</span> <span class='ocrx_word' id='word_1_469' title='bbox 324 5839 391 5888; x_wconf 71' lang='lat' dir='ltr'><strong>sic</strong></span> <span class='ocrx_word' id='word_1_470' title='bbox 409 5845 512 5888; x_wconf 72' lang='lat' dir='ltr'><strong>uss.</strong></span> <span class='ocrx_word' id='word_1_471' title='bbox 539 5843 595 5888; x_wconf 75' lang='lat' dir='ltr'><strong>At</strong></span> <span class='ocrx_word' id='word_1_472' title='bbox 619 5835 754 5898; x_wconf 58' lang='grc' dir='ltr'><strong>εδει,</strong></span> <span class='ocrx_word' id='word_1_473' title='bbox 778 5834 1001 5901; x_wconf 80' lang='lat' dir='ltr'><strong>quoniam</strong></span> <span class='ocrx_word' id='word_1_474' title='bbox 1025 5832 1255 5896; x_wconf 61' lang='lat' dir='ltr'><strong>quamvis.</strong></span> 
     </span>
    </p>
   </div>
   <div class='ocr_carea' id='block_1_60' title="bbox 1291 387 2321 448">
    <p class='ocr_par' dir='ltr' id='par_1_60' title="bbox 1291 387 2321 448">
     <span class='ocr_line' id='line_1_61' title="bbox 1291 387 2321 448; baseline -0.004 0"><span class='ocrx_word' id='word_1_475' title='bbox 1291 389 1687 448; x_wconf 72' lang='lat' dir='ltr'><strong>ENARRATIO</strong></span> <span class='ocrx_word' id='word_1_476' title='bbox 1725 389 1790 447; x_wconf 78' lang='grc' dir='ltr'><strong>ΙΝ</strong></span> <span class='ocrx_word' id='word_1_477' title='bbox 1829 387 2147 448; x_wconf 74' lang='lat' dir='ltr'><strong>PSALMUM</strong></span> <span class='ocrx_word' id='word_1_478' title='bbox 2186 389 2321 446; x_wconf 78' lang='lat' dir='ltr'><strong>LXI.</strong></span> 
     </span>
    </p>
   </div>
   <div class='ocr_carea' id='block_1_61' title="bbox 3336 401 3442 459">
    <p class='ocr_par' dir='ltr' id='par_1_61' title="bbox 3336 401 3442 459">
     <span class='ocr_line' id='line_1_62' title="bbox 3336 401 3442 459; baseline 0.009 -1"><span class='ocrx_word' id='word_1_479' title='bbox 3336 401 3442 459; x_wconf 76' lang='lat'><strong>733</strong></span> 
     </span>
    </p>
   </div>
   <div class='ocr_carea' id='block_1_62' title="bbox 1874 503 3446 582">
    <p class='ocr_par' dir='ltr' id='par_1_62' title="bbox 1874 503 3446 582">
     <span class='ocr_line' id='line_1_63' title="bbox 1874 503 3446 582; baseline 0.009 -26"><span class='ocrx_word' id='word_1_480' title='bbox 1874 503 2130 558; x_wconf 78' lang='lat' dir='ltr'><strong>transitivi</strong></span> <span class='ocrx_word' id='word_1_481' title='bbox 2159 512 2215 557; x_wconf 92' lang='lat' dir='ltr'><strong>ut</strong></span> <span class='ocrx_word' id='word_1_482' title='bbox 2241 503 2467 558; x_wconf 89' lang='lat' dir='ltr'><strong>extollar</strong></span> <span class='ocrx_word' id='word_1_483' title='bbox 2488 513 2543 560; x_wconf 90' lang='lat' dir='ltr'><strong>et</strong></span> <span class='ocrx_word' id='word_1_484' title='bbox 2573 506 2759 562; x_wconf 88' lang='lat' dir='ltr'><strong>cadam</strong></span> <span class='ocrx_word' id='word_1_485' title='bbox 2784 525 2799 562; x_wconf 90' lang='lat'><strong>:</strong></span> <span class='ocrx_word' id='word_1_486' title='bbox 2825 507 2934 564; x_wconf 84' lang='lat' dir='ltr'><strong>Deo</strong></span> <span class='ocrx_word' id='word_1_487' title='bbox 2960 512 3249 582; x_wconf 74' lang='lat' dir='ltr'><strong>subjicietur</strong></span> <span class='ocrx_word' id='word_1_488' title='bbox 3269 516 3446 570; x_wconf 79' lang='lat' dir='ltr'><strong>animo</strong></span> 
     </span>
    </p>
   </div>
   <div class='ocr_carea' id='block_1_63' title="bbox 1864 596 3439 676">
    <p class='ocr_par' dir='ltr' id='par_1_63' title="bbox 1864 596 3439 676">
     <span class='ocr_line' id='line_1_64' title="bbox 1864 596 3439 676; baseline 0.01 -29"><span class='ocrx_word' id='word_1_489' title='bbox 1864 610 1975 648; x_wconf 82' lang='lat' dir='ltr'><strong>mea</strong></span> <span class='ocrx_word' id='word_1_490' title='bbox 2004 609 2026 650; x_wconf 86' lang='lat'><strong><em>:</em></strong></span> <span class='ocrx_word' id='word_1_491' title='bbox 2048 597 2285 665; x_wconf 80' lang='lat' dir='ltr'><strong>quoniam</strong></span> <span class='ocrx_word' id='word_1_492' title='bbox 2308 596 2372 650; x_wconf 83' lang='lat' dir='ltr'><strong>ab</strong></span> <span class='ocrx_word' id='word_1_493' title='bbox 2391 597 2501 666; x_wconf 82' lang='lat' dir='ltr'><strong>ipso</strong></span> <span class='ocrx_word' id='word_1_494' title='bbox 2523 608 2596 651; x_wconf 91' lang='lat' dir='ltr'><strong>est</strong></span> <span class='ocrx_word' id='word_1_495' title='bbox 2621 600 2860 668; x_wconf 81' lang='lat' dir='ltr'><strong>patientia</strong></span> <span class='ocrx_word' id='word_1_496' title='bbox 2885 617 3015 657; x_wconf 84' lang='lat' dir='ltr'><strong>mea.</strong></span> <span class='ocrx_word' id='word_1_497' title='bbox 3031 605 3161 672; x_wconf 68' lang='lat' dir='ltr'><strong>Quae</strong></span> <span class='ocrx_word' id='word_1_498' title='bbox 3190 607 3439 676; x_wconf 84' lang='lat' dir='ltr'><strong>patientia</strong></span> 
     </span>
    </p>
   </div>
   <div class='ocr_carea' id='block_1_64' title="bbox 1864 685 3440 763">
    <p class='ocr_par' dir='ltr' id='par_1_64' title="bbox 1864 685 3440 763">
     <span class='ocr_line' id='line_1_65' title="bbox 1864 685 3440 763; baseline 0.011 -24"><span class='ocrx_word' id='word_1_499' title='bbox 1864 685 2001 742; x_wconf 88' lang='lat' dir='ltr'><strong>inter</strong></span> <span class='ocrx_word' id='word_1_500' title='bbox 2026 696 2167 742; x_wconf 86' lang='lat' dir='ltr'><strong>tanta</strong></span> <span class='ocrx_word' id='word_1_501' title='bbox 2193 688 2460 753; x_wconf 86' lang='lat' dir='ltr'><strong>scandala,</strong></span> <span class='ocrx_word' id='word_1_502' title='bbox 2492 690 2590 744; x_wconf 84' lang='lat' dir='ltr'><strong>nisi</strong></span> <span class='ocrx_word' id='word_1_503' title='bbox 2611 692 2732 760; x_wconf 88' lang='lat' dir='ltr'><strong>quia</strong></span> <span class='ocrx_word' id='word_1_504' title='bbox 2761 693 2806 745; x_wconf 89' lang='lat' dir='ltr'><strong>si</strong></span> <span class='ocrx_word' id='word_1_505' title='bbox 2834 692 2884 746; x_wconf 91' lang='lat' dir='ltr'><strong>id</strong></span> <span class='ocrx_word' id='word_1_506' title='bbox 2909 695 3048 763; x_wconf 88' lang='lat' dir='ltr'><strong>quod</strong></span> <span class='ocrx_word' id='word_1_507' title='bbox 3074 711 3174 751; x_wconf 91' lang='lat' dir='ltr'><strong>non</strong></span> <span class='ocrx_word' id='word_1_508' title='bbox 3199 698 3440 756; x_wconf 78' lang='lat' dir='ltr'><strong>videmus</strong></span> 
     </span>
    </p>
   </div>
   <div class='ocr_carea' id='block_1_65' title="bbox 1863 781 3436 858">
    <p class='ocr_par' dir='ltr' id='par_1_65' title="bbox 1863 781 3436 858">
     <span class='ocr_line' id='line_1_66' title="bbox 1863 781 3436 858; baseline 0.01 -28"><span class='ocrx_word' id='word_1_509' title='bbox 1863 790 2160 846; x_wconf 87' lang='lat' dir='ltr'><strong>speramus,</strong></span> <span class='ocrx_word' id='word_1_510' title='bbox 2212 796 2308 850; x_wconf 88' lang='lat' dir='ltr'><strong>per</strong></span> <span class='ocrx_word' id='word_1_511' title='bbox 2350 781 2655 850; x_wconf 88' lang='lat' dir='ltr'><strong>patientiam</strong></span> <span class='ocrx_word' id='word_1_512' title='bbox 2691 795 3062 853; x_wconf 78' lang='lat' dir='ltr'><strong>exspectamus</strong></span> <span class='ocrx_word' id='word_1_513' title='bbox 3095 788 3271 858; x_wconf 80' lang='lat' dir='ltr'><strong>(Rom.</strong></span> <span class='ocrx_word' id='word_1_514' title='bbox 3321 807 3436 857; x_wconf 78' lang='lat' dir='ltr'><strong>vni,</strong></span> 
     </span>
    </p>
   </div>
   <div class='ocr_carea' id='block_1_66' title="bbox 1861 865 3440 944">
    <p class='ocr_par' dir='ltr' id='par_1_66' title="bbox 1861 865 3440 944">
     <span class='ocr_line' id='line_1_67' title="bbox 1861 865 3440 944; baseline 0.009 -24"><span class='ocrx_word' id='word_1_515' title='bbox 1861 865 1998 937; x_wconf 76' lang='lat'><strong>25)?</strong></span> <span class='ocrx_word' id='word_1_516' title='bbox 2028 869 2184 924; x_wconf 84' lang='lat' dir='ltr'><strong>Venit</strong></span> <span class='ocrx_word' id='word_1_517' title='bbox 2228 869 2384 924; x_wconf 87' lang='lat' dir='ltr'><strong>dolor</strong></span> <span class='ocrx_word' id='word_1_518' title='bbox 2426 885 2611 932; x_wconf 87' lang='lat' dir='ltr'><strong>meus;</strong></span> <span class='ocrx_word' id='word_1_519' title='bbox 2644 873 2822 928; x_wconf 89' lang='lat' dir='ltr'><strong>veniet</strong></span> <span class='ocrx_word' id='word_1_520' title='bbox 2845 883 2897 930; x_wconf 88' lang='lat' dir='ltr'><strong>et</strong></span> <span class='ocrx_word' id='word_1_521' title='bbox 2926 876 3134 944; x_wconf 89' lang='lat' dir='ltr'><strong>requies</strong></span> <span class='ocrx_word' id='word_1_522' title='bbox 3160 894 3276 934; x_wconf 89' lang='lat' dir='ltr'><strong>mea</strong></span> <span class='ocrx_word' id='word_1_523' title='bbox 3305 897 3320 934; x_wconf 89' lang='lat'><strong>:</strong></span> <span class='ocrx_word' id='word_1_524' title='bbox 3348 897 3440 936; x_wconf 80' lang='lat' dir='ltr'><strong>ve-</strong></span> 
     </span>
    </p>
   </div>
   <div class='ocr_carea' id='block_1_67' title="bbox 1862 958 3452 1040">
    <p class='ocr_par' dir='ltr' id='par_1_67' title="bbox 1862 958 3452 1040">
     <span class='ocr_line' id='line_1_68' title="bbox 1862 958 3452 1040; baseline 0.011 -29"><span class='ocrx_word' id='word_1_525' title='bbox 1862 958 1940 1011; x_wconf 89' lang='lat' dir='ltr'><strong>nit</strong></span> <span class='ocrx_word' id='word_1_526' title='bbox 1969 958 2237 1014; x_wconf 87' lang='lat' dir='ltr'><strong>tribulatio</strong></span> <span class='ocrx_word' id='word_1_527' title='bbox 2267 975 2417 1027; x_wconf 90' lang='lat' dir='ltr'><strong>mea;</strong></span> <span class='ocrx_word' id='word_1_528' title='bbox 2444 963 2618 1016; x_wconf 89' lang='lat' dir='ltr'><strong>veniet</strong></span> <span class='ocrx_word' id='word_1_529' title='bbox 2637 971 2691 1018; x_wconf 91' lang='lat' dir='ltr'><strong>et</strong></span> <span class='ocrx_word' id='word_1_530' title='bbox 2711 967 2952 1034; x_wconf 79' lang='lat' dir='ltr'><strong>purgatio</strong></span> <span class='ocrx_word' id='word_1_531' title='bbox 2978 981 3120 1022; x_wconf 90' lang='lat' dir='ltr'><strong>mea.</strong></span> <span class='ocrx_word' id='word_1_532' title='bbox 3148 967 3452 1040; x_wconf 62' lang='lat' dir='ltr'><strong>Numquidv</strong></span> 
     </span>
    </p>
   </div>
   <div class='ocr_carea' id='block_1_68' title="bbox 1861 1048 3439 1118">
    <p class='ocr_par' dir='ltr' id='par_1_68' title="bbox 1861 1048 3439 1118">
     <span class='ocr_line' id='line_1_69' title="bbox 1861 1048 3439 1118; baseline 0.011 -18"><span class='ocrx_word' id='word_1_533' title='bbox 1861 1060 1983 1100; x_wconf 89' lang='lat' dir='ltr'><strong>nam</strong></span> <span class='ocrx_word' id='word_1_534' title='bbox 2037 1048 2176 1102; x_wconf 89' lang='lat' dir='ltr'><strong>lucet</strong></span> <span class='ocrx_word' id='word_1_535' title='bbox 2227 1064 2414 1104; x_wconf 91' lang='lat' dir='ltr'><strong>aurum</strong></span> <span class='ocrx_word' id='word_1_536' title='bbox 2461 1052 2512 1105; x_wconf 95' lang='lat' dir='ltr'><strong>in</strong></span> <span class='ocrx_word' id='word_1_537' title='bbox 2563 1051 2794 1108; x_wconf 85' lang='lat' dir='ltr'><strong>fornace</strong></span> <span class='ocrx_word' id='word_1_538' title='bbox 2833 1055 3113 1112; x_wconf 78' lang='lat' dir='ltr'><strong>ant-ilicis?</strong></span> <span class='ocrx_word' id='word_1_539' title='bbox 3153 1057 3207 1112; x_wconf 93' lang='lat' dir='ltr'><strong>ln</strong></span> <span class='ocrx_word' id='word_1_540' title='bbox 3255 1060 3439 1118; x_wconf 88' lang='lat' dir='ltr'><strong>monili</strong></span> 
     </span>
    </p>
   </div>
   <div class='ocr_carea' id='block_1_69' title="bbox 1860 1136 3440 1215">
    <p class='ocr_par' dir='ltr' id='par_1_69' title="bbox 1860 1136 3440 1215">
     <span class='ocr_line' id='line_1_70' title="bbox 1860 1136 3440 1215; baseline 0.01 -25"><span class='ocrx_word' id='word_1_541' title='bbox 1860 1136 2075 1204; x_wconf 89' lang='lat' dir='ltr'><strong>lucebit,</strong></span> <span class='ocrx_word' id='word_1_542' title='bbox 2108 1139 2159 1193; x_wconf 92' lang='lat' dir='ltr'><strong>in</strong></span> <span class='ocrx_word' id='word_1_543' title='bbox 2181 1151 2499 1198; x_wconf 91' lang='lat' dir='ltr'><strong>ornamento</strong></span> <span class='ocrx_word' id='word_1_544' title='bbox 2531 1143 2726 1199; x_wconf 88' lang='lat' dir='ltr'><strong>lucebit</strong></span> <span class='ocrx_word' id='word_1_545' title='bbox 2753 1162 2768 1200; x_wconf 90' lang='lat'><strong>:</strong></span> <span class='ocrx_word' id='word_1_546' title='bbox 2801 1147 3029 1215; x_wconf 88' lang='lat' dir='ltr'><strong>patiatur</strong></span> <span class='ocrx_word' id='word_1_547' title='bbox 3054 1156 3229 1204; x_wconf 89' lang='lat' dir='ltr'><strong>tamen</strong></span> <span class='ocrx_word' id='word_1_548' title='bbox 3257 1150 3440 1206; x_wconf 83' lang='lat' dir='ltr'><strong>forna-</strong></span> 
     </span>
    </p>
   </div>
   <div class='ocr_carea' id='block_1_70' title="bbox 1859 1232 3441 1299">
    <p class='ocr_par' dir='ltr' id='par_1_70' title="bbox 1859 1232 3441 1299">
     <span class='ocr_line' id='line_1_71' title="bbox 1859 1232 3441 1299; baseline 0.009 -17"><span class='ocrx_word' id='word_1_549' title='bbox 1859 1241 1997 1293; x_wconf 89' lang='lat' dir='ltr'><strong>cem,</strong></span> <span class='ocrx_word' id='word_1_550' title='bbox 2017 1235 2070 1280; x_wconf 93' lang='lat' dir='ltr'><strong>ut</strong></span> <span class='ocrx_word' id='word_1_551' title='bbox 2094 1239 2368 1298; x_wconf 86' lang='lat' dir='ltr'><strong>purgatum</strong></span> <span class='ocrx_word' id='word_1_552' title='bbox 2387 1247 2414 1284; x_wconf 93' lang='lat' dir='ltr'><strong>a</strong></span> <span class='ocrx_word' id='word_1_553' title='bbox 2434 1232 2679 1288; x_wconf 89' lang='lat' dir='ltr'><strong>sordibus</strong></span> <span class='ocrx_word' id='word_1_554' title='bbox 2708 1236 2894 1290; x_wconf 82' lang='lat' dir='ltr'><strong>veniat</strong></span> <span class='ocrx_word' id='word_1_555' title='bbox 2909 1236 2975 1290; x_wconf 92' lang='lat' dir='ltr'><strong>ad</strong></span> <span class='ocrx_word' id='word_1_556' title='bbox 3002 1237 3441 1299; x_wconf 18' lang='lat' dir='ltr'><strong>lucem..Foruax</strong></span> 
     </span>
    </p>
   </div>
   <div class='ocr_carea' id='block_1_71' title="bbox 1860 1316 3440 1397">
    <p class='ocr_par' dir='ltr' id='par_1_71' title="bbox 1860 1316 3440 1397">
     <span class='ocr_line' id='line_1_72' title="bbox 1860 1316 3440 1397; baseline 0.011 -27"><span class='ocrx_word' id='word_1_557' title='bbox 1860 1316 1957 1372; x_wconf 90' lang='lat' dir='ltr'><strong>ista</strong></span> <span class='ocrx_word' id='word_1_558' title='bbox 1985 1335 2001 1384; x_wconf 90' lang='lat'><strong>;</strong></span> <span class='ocrx_word' id='word_1_559' title='bbox 2032 1318 2104 1373; x_wconf 92' lang='lat' dir='ltr'><strong>ibi</strong></span> <span class='ocrx_word' id='word_1_560' title='bbox 2133 1320 2306 1388; x_wconf 87' lang='lat' dir='ltr'><strong>palea,</strong></span> <span class='ocrx_word' id='word_1_561' title='bbox 2337 1322 2407 1376; x_wconf 90' lang='lat' dir='ltr'><strong>ibi</strong></span> <span class='ocrx_word' id='word_1_562' title='bbox 2437 1338 2648 1390; x_wconf 89' lang='lat' dir='ltr'><strong>aurum,</strong></span> <span class='ocrx_word' id='word_1_563' title='bbox 2674 1325 2743 1379; x_wconf 91' lang='lat' dir='ltr'><strong>ibi</strong></span> <span class='ocrx_word' id='word_1_564' title='bbox 2777 1326 2930 1397; x_wconf 89' lang='lat' dir='ltr'><strong>ignis,</strong></span> <span class='ocrx_word' id='word_1_565' title='bbox 2961 1329 3028 1383; x_wconf 92' lang='lat' dir='ltr'><strong>ad</strong></span> <span class='ocrx_word' id='word_1_566' title='bbox 3055 1329 3191 1386; x_wconf 88' lang='lat' dir='ltr'><strong>hanc</strong></span> <span class='ocrx_word' id='word_1_567' title='bbox 3218 1333 3310 1387; x_wconf 86' lang='lat' dir='ltr'><strong>llat</strong></span> <span class='ocrx_word' id='word_1_568' title='bbox 3339 1347 3440 1387; x_wconf 82' lang='lat' dir='ltr'><strong>au-</strong></span> 
     </span>
    </p>
   </div>
   <div class='ocr_carea' id='block_1_72' title="bbox 1858 1406 3440 1487">
    <p class='ocr_par' dir='ltr' id='par_1_72' title="bbox 1858 1406 3440 1487">
     <span class='ocr_line' id='line_1_73' title="bbox 1858 1406 3440 1487; baseline 0.012 -28"><span class='ocrx_word' id='word_1_569' title='bbox 1858 1406 1990 1461; x_wconf 84' lang='lat' dir='ltr'><strong>rifex</strong></span> <span class='ocrx_word' id='word_1_570' title='bbox 2023 1424 2038 1461; x_wconf 89' lang='lat'><strong>:</strong></span> <span class='ocrx_word' id='word_1_571' title='bbox 2070 1407 2122 1462; x_wconf 93' lang='lat' dir='ltr'><strong>in</strong></span> <span class='ocrx_word' id='word_1_572' title='bbox 2153 1407 2366 1466; x_wconf 84' lang='lat' dir='ltr'><strong>fornace</strong></span> <span class='ocrx_word' id='word_1_573' title='bbox 2380 1411 2532 1466; x_wconf 85' lang='lat' dir='ltr'><strong>ardet</strong></span> <span class='ocrx_word' id='word_1_574' title='bbox 2559 1413 2729 1483; x_wconf 83' lang='lat' dir='ltr'><strong>palea,</strong></span> <span class='ocrx_word' id='word_1_575' title='bbox 2757 1427 2812 1470; x_wconf 89' lang='lat' dir='ltr'><strong>et</strong></span> <span class='ocrx_word' id='word_1_576' title='bbox 2831 1429 3082 1486; x_wconf 82' lang='lat' dir='ltr'><strong>purgatur</strong></span> <span class='ocrx_word' id='word_1_577' title='bbox 3095 1435 3322 1487; x_wconf 86' lang='lat' dir='ltr'><strong>aurum;</strong></span> <span class='ocrx_word' id='word_1_578' title='bbox 3353 1423 3440 1479; x_wconf 85' lang='lat' dir='ltr'><strong>illa</strong></span> 
     </span>
    </p>
   </div>
   <div class='ocr_carea' id='block_1_73' title="bbox 1859 1494 3439 1570">
    <p class='ocr_par' dir='ltr' id='par_1_73' title="bbox 1859 1494 3439 1570">
     <span class='ocr_line' id='line_1_74' title="bbox 1859 1494 3439 1570; baseline 0.013 -20"><span class='ocrx_word' id='word_1_579' title='bbox 1859 1494 1912 1550; x_wconf 92' lang='lat' dir='ltr'><strong>in</strong></span> <span class='ocrx_word' id='word_1_580' title='bbox 1934 1497 2170 1554; x_wconf 89' lang='lat' dir='ltr'><strong>cinerem</strong></span> <span class='ocrx_word' id='word_1_581' title='bbox 2201 1501 2446 1566; x_wconf 86' lang='lat' dir='ltr'><strong>vertitur,</strong></span> <span class='ocrx_word' id='word_1_582' title='bbox 2473 1518 2502 1556; x_wconf 87' lang='lat' dir='ltr'><strong>a</strong></span> <span class='ocrx_word' id='word_1_583' title='bbox 2533 1504 2779 1561; x_wconf 84' lang='lat' dir='ltr'><strong>sordibus</strong></span> <span class='ocrx_word' id='word_1_584' title='bbox 2804 1507 2936 1563; x_wconf 90' lang='lat' dir='ltr'><strong>illud</strong></span> <span class='ocrx_word' id='word_1_585' title='bbox 2966 1511 3194 1566; x_wconf 89' lang='lat' dir='ltr'><strong>exuitur.</strong></span> <span class='ocrx_word' id='word_1_586' title='bbox 3219 1512 3439 1570; x_wconf 77' lang='lat' dir='ltr'><strong>Fornax</strong></span> 
     </span>
    </p>
   </div>
   <div class='ocr_carea' id='block_1_74' title="bbox 1857 1587 3438 1674">
    <p class='ocr_par' dir='ltr' id='par_1_74' title="bbox 1857 1587 3438 1674">
     <span class='ocr_line' id='line_1_75' title="bbox 1857 1587 3438 1674; baseline 0.011 -31"><span class='ocrx_word' id='word_1_587' title='bbox 1857 1587 2109 1652; x_wconf 89' lang='lat' dir='ltr'><strong>mundus,</strong></span> <span class='ocrx_word' id='word_1_588' title='bbox 2142 1591 2290 1660; x_wconf 87' lang='lat' dir='ltr'><strong>palea</strong></span> <span class='ocrx_word' id='word_1_589' title='bbox 2337 1593 2521 1663; x_wconf 84' lang='lat' dir='ltr'><strong>iniqui,</strong></span> <span class='ocrx_word' id='word_1_590' title='bbox 2565 1609 2752 1650; x_wconf 81' lang='lat' dir='ltr'><strong>aurum</strong></span> <span class='ocrx_word' id='word_1_591' title='bbox 2789 1597 2936 1666; x_wconf 87' lang='lat' dir='ltr'><strong>justi,</strong></span> <span class='ocrx_word' id='word_1_592' title='bbox 2967 1599 3102 1669; x_wconf 84' lang='lat' dir='ltr'><strong>ignis</strong></span> <span class='ocrx_word' id='word_1_593' title='bbox 3148 1601 3438 1674; x_wconf 78' lang='lat' dir='ltr'><strong>tribulatio,</strong></span> 
     </span>
    </p>
   </div>
   <div class='ocr_carea' id='block_1_75' title="bbox 1857 1676 3442 1766">
    <p class='ocr_par' dir='ltr' id='par_1_75' title="bbox 1857 1676 3442 1766">
     <span class='ocr_line' id='line_1_76' title="bbox 1857 1676 3442 1766; baseline 0.013 -37"><span class='ocrx_word' id='word_1_594' title='bbox 1857 1676 2056 1733; x_wconf 79' lang='lat' dir='ltr'><strong>aurifex</strong></span> <span class='ocrx_word' id='word_1_595' title='bbox 2079 1679 2219 1734; x_wconf 89' lang='lat' dir='ltr'><strong>Deus</strong></span> <span class='ocrx_word' id='word_1_596' title='bbox 2241 1697 2256 1734; x_wconf 91' lang='lat'><strong>:</strong></span> <span class='ocrx_word' id='word_1_597' title='bbox 2277 1683 2415 1752; x_wconf 89' lang='lat' dir='ltr'><strong>quod</strong></span> <span class='ocrx_word' id='word_1_598' title='bbox 2435 1683 2545 1738; x_wconf 87' lang='lat' dir='ltr'><strong>vult</strong></span> <span class='ocrx_word' id='word_1_599' title='bbox 2559 1699 2688 1755; x_wconf 86' lang='lat' dir='ltr'><strong>ergo</strong></span> <span class='ocrx_word' id='word_1_600' title='bbox 2707 1687 2929 1755; x_wconf 86' lang='lat' dir='ltr'><strong>aurifex,</strong></span> <span class='ocrx_word' id='word_1_601' title='bbox 2946 1688 3080 1745; x_wconf 85' lang='lat' dir='ltr'><strong>facio</strong></span> <span class='ocrx_word' id='word_1_602' title='bbox 3103 1707 3117 1755; x_wconf 92' lang='lat'><strong>;</strong></span> <span class='ocrx_word' id='word_1_603' title='bbox 3140 1693 3225 1746; x_wconf 91' lang='lat' dir='ltr'><strong>ubi</strong></span> <span class='ocrx_word' id='word_1_604' title='bbox 3243 1710 3328 1749; x_wconf 89' lang='lat' dir='ltr'><strong>me</strong></span> <span class='ocrx_word' id='word_1_605' title='bbox 3344 1709 3442 1766; x_wconf 83' lang='lat' dir='ltr'><strong>po-</strong></span> 
     </span>
    </p>
   </div>
   <div class='ocr_carea' id='block_1_76' title="bbox 1858 1768 3441 1856">
    <p class='ocr_par' dir='ltr' id='par_1_76' title="bbox 1858 1768 3441 1856">
     <span class='ocr_line' id='line_1_77' title="bbox 1858 1768 3441 1856; baseline 0.013 -35"><span class='ocrx_word' id='word_1_606' title='bbox 1858 1768 2158 1833; x_wconf 82' lang='lat' dir='ltr'><strong>nitartil‘ex.</strong></span> <span class='ocrx_word' id='word_1_607' title='bbox 2178 1771 2349 1828; x_wconf 89' lang='lat' dir='ltr'><strong>tolero</strong></span> <span class='ocrx_word' id='word_1_608' title='bbox 2373 1791 2386 1828; x_wconf 93' lang='lat'>:</span> <span class='ocrx_word' id='word_1_609' title='bbox 2400 1774 2594 1843; x_wconf 87' lang='lat' dir='ltr'><strong>jubcor</strong></span> <span class='ocrx_word' id='word_1_610' title='bbox 2627 1792 2726 1846; x_wconf 84' lang='lat' dir='ltr'><strong>ego</strong></span> <span class='ocrx_word' id='word_1_611' title='bbox 2744 1778 2990 1844; x_wconf 85' lang='lat' dir='ltr'><strong>tolerare,</strong></span> <span class='ocrx_word' id='word_1_612' title='bbox 3023 1783 3168 1838; x_wconf 89' lang='lat' dir='ltr'><strong>novit</strong></span> <span class='ocrx_word' id='word_1_613' title='bbox 3191 1784 3281 1840; x_wconf 89' lang='lat' dir='ltr'><strong>ille</strong></span> <span class='ocrx_word' id='word_1_614' title='bbox 3308 1801 3441 1856; x_wconf 82' lang='lat' dir='ltr'><strong>pur-</strong></span> 
     </span>
    </p>
   </div>
   <div class='ocr_carea' id='block_1_77' title="bbox 1855 1861 3440 1946">
    <p class='ocr_par' dir='ltr' id='par_1_77' title="bbox 1855 1861 3440 1946">
     <span class='ocr_line' id='line_1_78' title="bbox 1855 1861 3440 1946; baseline 0.014 -35"><span class='ocrx_word' id='word_1_615' title='bbox 1855 1874 2002 1929; x_wconf 84' lang='lat' dir='ltr'><strong>gare.</strong></span> <span class='ocrx_word' id='word_1_616' title='bbox 2031 1861 2228 1918; x_wconf 84' lang='lat' dir='ltr'><strong>Ardeat</strong></span> <span class='ocrx_word' id='word_1_617' title='bbox 2257 1863 2378 1918; x_wconf 88' lang='lat' dir='ltr'><strong>licet</strong></span> <span class='ocrx_word' id='word_1_618' title='bbox 2401 1865 2546 1934; x_wconf 88' lang='lat' dir='ltr'><strong>palea</strong></span> <span class='ocrx_word' id='word_1_619' title='bbox 2566 1867 2631 1921; x_wconf 91' lang='lat' dir='ltr'><strong>ad</strong></span> <span class='ocrx_word' id='word_1_620' title='bbox 2657 1869 3046 1926; x_wconf 89' lang='lat' dir='ltr'><strong>incendendum</strong></span> <span class='ocrx_word' id='word_1_621' title='bbox 3077 1889 3183 1939; x_wconf 89' lang='lat' dir='ltr'><strong>me,</strong></span> <span class='ocrx_word' id='word_1_622' title='bbox 3211 1885 3265 1930; x_wconf 89' lang='lat' dir='ltr'><strong>et</strong></span> <span class='ocrx_word' id='word_1_623' title='bbox 3286 1878 3440 1946; x_wconf 87' lang='lat' dir='ltr'><strong>quasi</strong></span> 
     </span>
    </p>
   </div>
   <div class='ocr_carea' id='block_1_78' title="bbox 1856 1952 3440 2035">
    <p class='ocr_par' dir='ltr' id='par_1_78' title="bbox 1856 1952 3440 2035">
     <span class='ocr_line' id='line_1_79' title="bbox 1856 1952 3440 2035; baseline 0.011 -31"><span class='ocrx_word' id='word_1_624' title='bbox 1856 1952 2274 2008; x_wconf 77' lang='lat' dir='ltr'><strong>consumendum</strong></span> <span class='ocrx_word' id='word_1_625' title='bbox 2295 1969 2413 2010; x_wconf 88' lang='lat' dir='ltr'><strong>me:</strong></span> <span class='ocrx_word' id='word_1_626' title='bbox 2442 1956 2527 2012; x_wconf 86' lang='lat' dir='ltr'><strong>illa</strong></span> <span class='ocrx_word' id='word_1_627' title='bbox 2552 1957 2602 2010; x_wconf 93' lang='lat' dir='ltr'><strong>in</strong></span> <span class='ocrx_word' id='word_1_628' title='bbox 2641 1959 2874 2014; x_wconf 89' lang='lat' dir='ltr'><strong>cinerem</strong></span> <span class='ocrx_word' id='word_1_629' title='bbox 2899 1961 3143 2028; x_wconf 89' lang='lat' dir='ltr'><strong>vertitur,</strong></span> <span class='ocrx_word' id='word_1_630' title='bbox 3171 1979 3272 2035; x_wconf 86' lang='lat' dir='ltr'><strong>ego</strong></span> <span class='ocrx_word' id='word_1_631' title='bbox 3318 1981 3440 2022; x_wconf 85' lang='lat' dir='ltr'><strong>sor-</strong></span> 
     </span>
    </p>
   </div>
   <div class='ocr_carea' id='block_1_79' title="bbox 1856 2040 3440 2124">
    <p class='ocr_par' dir='ltr' id='par_1_79' title="bbox 1856 2040 3440 2124">
     <span class='ocr_line' id='line_1_80' title="bbox 1856 2040 3440 2124; baseline 0.011 -29"><span class='ocrx_word' id='word_1_632' title='bbox 1856 2040 2012 2098; x_wconf 80' lang='lat' dir='ltr'><strong>dibus</strong></span> <span class='ocrx_word' id='word_1_633' title='bbox 2035 2059 2214 2100; x_wconf 88' lang='lat' dir='ltr'><strong>careo.</strong></span> <span class='ocrx_word' id='word_1_634' title='bbox 2231 2046 2458 2114; x_wconf 85' lang='lat' dir='ltr'><strong>Quare?</strong></span> <span class='ocrx_word' id='word_1_635' title='bbox 2485 2049 2617 2117; x_wconf 89' lang='lat' dir='ltr'><strong>Quia</strong></span> <span class='ocrx_word' id='word_1_636' title='bbox 2643 2049 2754 2105; x_wconf 85' lang='lat' dir='ltr'><strong>Deo</strong></span> <span class='ocrx_word' id='word_1_637' title='bbox 2781 2055 3073 2124; x_wconf 83' lang='lat' dir='ltr'><strong>subjicietttr</strong></span> <span class='ocrx_word' id='word_1_638' title='bbox 3089 2058 3260 2113; x_wconf 75' lang='lat' dir='ltr'><strong>anima</strong></span> <span class='ocrx_word' id='word_1_639' title='bbox 3293 2077 3440 2116; x_wconf 60' lang='lat' dir='ltr'><strong>nica!</strong></span> 
     </span>
    </p>
   </div>
   <div class='ocr_carea' id='block_1_80' title="bbox 1856 2137 2827 2212">
    <p class='ocr_par' dir='ltr' id='par_1_80' title="bbox 1856 2137 2827 2212">
     <span class='ocr_line' id='line_1_81' title="bbox 1856 2137 2827 2212; baseline 0.011 -23"><span class='ocrx_word' id='word_1_640' title='bbox 1856 2137 2094 2204; x_wconf 79' lang='lat' dir='ltr'><strong>quoniam</strong></span> <span class='ocrx_word' id='word_1_641' title='bbox 2118 2138 2180 2192; x_wconf 73' lang='lat' dir='ltr'><strong>ab</strong></span> <span class='ocrx_word' id='word_1_642' title='bbox 2209 2140 2318 2209; x_wconf 83' lang='lat' dir='ltr'><strong>ipso</strong></span> <span class='ocrx_word' id='word_1_643' title='bbox 2335 2150 2408 2195; x_wconf 85' lang='lat' dir='ltr'><strong>est</strong></span> <span class='ocrx_word' id='word_1_644' title='bbox 2432 2144 2672 2212; x_wconf 85' lang='lat' dir='ltr'><strong>patientia</strong></span> <span class='ocrx_word' id='word_1_645' title='bbox 2697 2162 2827 2200; x_wconf 85' lang='lat' dir='ltr'><strong>mea.</strong></span> 
     </span>
    </p>
   </div>
   <div class='ocr_carea' id='block_1_81' title="bbox 1930 2230 3444 2315">
    <p class='ocr_par' dir='ltr' id='par_1_81' title="bbox 1930 2230 3444 2315">
     <span class='ocr_line' id='line_1_82' title="bbox 1930 2230 3444 2315; baseline 0.011 -29"><span class='ocrx_word' id='word_1_646' title='bbox 1930 2231 2017 2286; x_wconf 68' lang='grc' dir='ltr'><strong>η.</strong></span> <span class='ocrx_word' id='word_1_647' title='bbox 2053 2230 2210 2304; x_wconf 86' lang='lat' dir='ltr'><strong>{vers.</strong></span> <span class='ocrx_word' id='word_1_648' title='bbox 2236 2233 2315 2306; x_wconf 90' lang='lat'><strong>7.]</strong></span> <span class='ocrx_word' id='word_1_649' title='bbox 2341 2235 2470 2302; x_wconf 87' lang='lat' dir='ltr'><strong>Quis</strong></span> <span class='ocrx_word' id='word_1_650' title='bbox 2493 2246 2575 2292; x_wconf 89' lang='lat' dir='ltr'><strong>est</strong></span> <span class='ocrx_word' id='word_1_651' title='bbox 2604 2238 2697 2292; x_wconf 91' lang='lat' dir='ltr'><strong>tibi</strong></span> <span class='ocrx_word' id='word_1_652' title='bbox 2733 2239 2854 2304; x_wconf 87' lang='lat' dir='ltr'><strong>iste,</strong></span> <span class='ocrx_word' id='word_1_653' title='bbox 2885 2255 2914 2293; x_wconf 91' lang='lat' dir='ltr'><strong>a</strong></span> <span class='ocrx_word' id='word_1_654' title='bbox 2938 2257 3047 2312; x_wconf 90' lang='lat' dir='ltr'><strong>quo</strong></span> <span class='ocrx_word' id='word_1_655' title='bbox 3072 2253 3155 2298; x_wconf 90' lang='lat' dir='ltr'><strong>est</strong></span> <span class='ocrx_word' id='word_1_656' title='bbox 3195 2247 3444 2315; x_wconf 87' lang='lat' dir='ltr'><strong>patientia</strong></span> 
     </span>
    </p>
   </div>
   <div class='ocr_carea' id='block_1_82' title="bbox 1861 2323 3443 2407">
    <p class='ocr_par' dir='ltr' id='par_1_82' title="bbox 1861 2323 3443 2407">
     <span class='ocr_line' id='line_1_83' title="bbox 1861 2323 3443 2407; baseline 0.011 -30"><span class='ocrx_word' id='word_1_657' title='bbox 1861 2323 1988 2378; x_wconf 79' lang='lat' dir='ltr'><strong>tua?</strong></span> <span class='ocrx_word' id='word_1_658' title='bbox 2028 2323 2280 2390; x_wconf 83' lang='lat' dir='ltr'><strong>Quoniam</strong></span> <span class='ocrx_word' id='word_1_659' title='bbox 2317 2326 2425 2396; x_wconf 81' lang='lat' dir='ltr'><strong>ipse</strong></span> <span class='ocrx_word' id='word_1_660' title='bbox 2459 2337 2530 2382; x_wconf 87' lang='lat' dir='ltr'><strong>est</strong></span> <span class='ocrx_word' id='word_1_661' title='bbox 2579 2328 2717 2384; x_wconf 85' lang='lat' dir='ltr'><strong>Deus</strong></span> <span class='ocrx_word' id='word_1_662' title='bbox 2765 2348 2902 2386; x_wconf 83' lang='lat' dir='ltr'><strong>tuens</strong></span> <span class='ocrx_word' id='word_1_663' title='bbox 2930 2343 2977 2387; x_wconf 88' lang='lat' dir='ltr'><strong>ct</strong></span> <span class='ocrx_word' id='word_1_664' title='bbox 3017 2337 3253 2392; x_wconf 86' lang='lat' dir='ltr'><strong>salutaris</strong></span> <span class='ocrx_word' id='word_1_665' title='bbox 3281 2356 3443 2407; x_wconf 79' lang='lat' dir='ltr'><strong>meus,</strong></span> 
     </span>
    </p>
   </div>
   <div class='ocr_carea' id='block_1_83' title="bbox 1858 2420 3448 2498">
    <p class='ocr_par' dir='ltr' id='par_1_83' title="bbox 1858 2420 3448 2498">
     <span class='ocr_line' id='line_1_84' title="bbox 1858 2420 3448 2498; baseline 0.011 -31"><span class='ocrx_word' id='word_1_666' title='bbox 1858 2425 2117 2483; x_wconf 75' lang='lat' dir='ltr'><strong>susceptor</strong></span> <span class='ocrx_word' id='word_1_667' title='bbox 2139 2432 2300 2486; x_wconf 83' lang='lat' dir='ltr'><strong>meus,</strong></span> <span class='ocrx_word' id='word_1_668' title='bbox 2329 2434 2429 2472; x_wconf 85' lang='lat' dir='ltr'><strong>non</strong></span> <span class='ocrx_word' id='word_1_669' title='bbox 2470 2420 2748 2491; x_wconf 86' lang='lat' dir='ltr'><strong>cmigrabo.</strong></span> <span class='ocrx_word' id='word_1_670' title='bbox 2778 2423 3029 2490; x_wconf 78' lang='lat' dir='ltr'><strong>Quoniam</strong></span> <span class='ocrx_word' id='word_1_671' title='bbox 3060 2429 3167 2498; x_wconf 85' lang='lat' dir='ltr'><strong>ipse</strong></span> <span class='ocrx_word' id='word_1_672' title='bbox 3207 2440 3280 2483; x_wconf 85' lang='lat' dir='ltr'><strong>est</strong></span> <span class='ocrx_word' id='word_1_673' title='bbox 3311 2429 3448 2486; x_wconf 77' lang='lat' dir='ltr'><strong>Deus</strong></span> 
     </span>
    </p>
   </div>
   <div class='ocr_carea' id='block_1_84' title="bbox 1860 2513 3449 2591">
    <p class='ocr_par' dir='ltr' id='par_1_84' title="bbox 1860 2513 3449 2591">
     <span class='ocr_line' id='line_1_85' title="bbox 1860 2513 3449 2591; baseline 0.013 -33"><span class='ocrx_word' id='word_1_674' title='bbox 1860 2522 2036 2572; x_wconf 83' lang='lat' dir='ltr'><strong>meas;</strong></span> <span class='ocrx_word' id='word_1_675' title='bbox 2063 2523 2192 2579; x_wconf 88' lang='lat' dir='ltr'><strong>ergo</strong></span> <span class='ocrx_word' id='word_1_676' title='bbox 2217 2519 2370 2564; x_wconf 86' lang='lat' dir='ltr'><strong>vocat</strong></span> <span class='ocrx_word' id='word_1_677' title='bbox 2399 2527 2484 2566; x_wconf 87' lang='lat' dir='ltr'><strong>me</strong></span> <span class='ocrx_word' id='word_1_678' title='bbox 2508 2529 2524 2566; x_wconf 89' lang='lat'><strong><em>:</em></strong></span> <span class='ocrx_word' id='word_1_679' title='bbox 2547 2522 2592 2566; x_wconf 89' lang='lat' dir='ltr'><strong>et</strong></span> <span class='ocrx_word' id='word_1_680' title='bbox 2618 2513 2857 2569; x_wconf 86' lang='lat' dir='ltr'><strong>salutaris</strong></span> <span class='ocrx_word' id='word_1_681' title='bbox 2885 2533 3061 2582; x_wconf 82' lang='lat' dir='ltr'><strong>meus;</strong></span> <span class='ocrx_word' id='word_1_682' title='bbox 3102 2535 3230 2590; x_wconf 84' lang='lat' dir='ltr'><strong>ergo</strong></span> <span class='ocrx_word' id='word_1_683' title='bbox 3251 2522 3449 2591; x_wconf 77' lang='lat' dir='ltr'><strong>justiﬁ-</strong></span> 
     </span>
    </p>
   </div>
   <div class='ocr_carea' id='block_1_85' title="bbox 1861 2608 3450 2677">
    <p class='ocr_par' dir='ltr' id='par_1_85' title="bbox 1861 2608 3450 2677">
     <span class='ocr_line' id='line_1_86' title="bbox 1861 2608 3450 2677; baseline 0.012 -24"><span class='ocrx_word' id='word_1_684' title='bbox 1861 2608 1945 2653; x_wconf 85' lang='lat' dir='ltr'><strong>cat</strong></span> <span class='ocrx_word' id='word_1_685' title='bbox 1965 2616 2056 2654; x_wconf 86' lang='lat' dir='ltr'><strong>me</strong></span> <span class='ocrx_word' id='word_1_686' title='bbox 2085 2619 2098 2654; x_wconf 92' lang='lat'><strong>:</strong></span> <span class='ocrx_word' id='word_1_687' title='bbox 2124 2611 2172 2654; x_wconf 89' lang='lat' dir='ltr'><strong>et</strong></span> <span class='ocrx_word' id='word_1_688' title='bbox 2218 2613 2480 2672; x_wconf 80' lang='lat' dir='ltr'><strong>susceptor</strong></span> <span class='ocrx_word' id='word_1_689' title='bbox 2518 2621 2690 2668; x_wconf 82' lang='lat' dir='ltr'><strong>meus;</strong></span> <span class='ocrx_word' id='word_1_690' title='bbox 2727 2622 2856 2677; x_wconf 87' lang='lat' dir='ltr'><strong>ergo</strong></span> <span class='ocrx_word' id='word_1_691' title='bbox 2896 2609 3155 2677; x_wconf 78' lang='lat' dir='ltr'><strong>glorificat</strong></span> <span class='ocrx_word' id='word_1_692' title='bbox 3195 2629 3298 2668; x_wconf 87' lang='lat' dir='ltr'><strong>tne.</strong></span> <span class='ocrx_word' id='word_1_693' title='bbox 3351 2615 3450 2672; x_wconf 87' lang='lat' dir='ltr'><strong>llic</strong></span> 
     </span>
    </p>
   </div>
   <div class='ocr_carea' id='block_1_86' title="bbox 1861 2690 3450 2768">
    <p class='ocr_par' dir='ltr' id='par_1_86' title="bbox 1861 2690 3450 2768">
     <span class='ocr_line' id='line_1_87' title="bbox 1861 2690 3450 2768; baseline 0.01 -24"><span class='ocrx_word' id='word_1_694' title='bbox 1861 2690 2003 2744; x_wconf 89' lang='lat' dir='ltr'><strong>enim</strong></span> <span class='ocrx_word' id='word_1_695' title='bbox 2029 2704 2193 2745; x_wconf 86' lang='lat' dir='ltr'><strong>vocor</strong></span> <span class='ocrx_word' id='word_1_696' title='bbox 2219 2701 2273 2746; x_wconf 90' lang='lat' dir='ltr'><strong>et</strong></span> <span class='ocrx_word' id='word_1_697' title='bbox 2296 2692 2578 2761; x_wconf 84' lang='lat' dir='ltr'><strong>justilicor,</strong></span> <span class='ocrx_word' id='word_1_698' title='bbox 2617 2695 2685 2750; x_wconf 94' lang='lat' dir='ltr'><strong>ibi</strong></span> <span class='ocrx_word' id='word_1_699' title='bbox 2714 2706 2889 2750; x_wconf 88' lang='lat' dir='ltr'><strong>autem</strong></span> <span class='ocrx_word' id='word_1_700' title='bbox 2914 2699 3218 2768; x_wconf 82' lang='lat' dir='ltr'><strong>gloriﬁcor;</strong></span> <span class='ocrx_word' id='word_1_701' title='bbox 3241 2712 3296 2757; x_wconf 89' lang='lat' dir='ltr'><strong>et</strong></span> <span class='ocrx_word' id='word_1_702' title='bbox 3325 2706 3450 2761; x_wconf 90' lang='lat' dir='ltr'><strong>inde</strong></span> 
     </span>
    </p>
   </div>
   <div class='ocr_carea' id='block_1_87' title="bbox 1863 2780 3450 2866">
    <p class='ocr_par' dir='ltr' id='par_1_87' title="bbox 1863 2780 3450 2866">
     <span class='ocr_line' id='line_1_88' title="bbox 1863 2780 3450 2866; baseline 0.01 -32"><span class='ocrx_word' id='word_1_703' title='bbox 1863 2780 1951 2834; x_wconf 85' lang='lat' dir='ltr'><strong>ubi</strong></span> <span class='ocrx_word' id='word_1_704' title='bbox 1979 2781 2263 2850; x_wconf 85' lang='lat' dir='ltr'><strong>glorilicor,</strong></span> <span class='ocrx_word' id='word_1_705' title='bbox 2302 2799 2403 2836; x_wconf 85' lang='lat' dir='ltr'><strong>non</strong></span> <span class='ocrx_word' id='word_1_706' title='bbox 2447 2785 2721 2855; x_wconf 86' lang='lat' dir='ltr'><strong>emigrabo.</strong></span> <span class='ocrx_word' id='word_1_707' title='bbox 2749 2786 2931 2857; x_wconf 82' lang='lat' dir='ltr'><strong>Neque</strong></span> <span class='ocrx_word' id='word_1_708' title='bbox 2961 2791 3101 2844; x_wconf 88' lang='lat' dir='ltr'><strong>enim</strong></span> <span class='ocrx_word' id='word_1_709' title='bbox 3130 2792 3182 2846; x_wconf 89' lang='lat' dir='ltr'><strong>in</strong></span> <span class='ocrx_word' id='word_1_710' title='bbox 3213 2796 3450 2866; x_wconf 83' lang='lat' dir='ltr'><strong>peregri-</strong></span> 
     </span>
    </p>
   </div>
   <div class='ocr_carea' id='block_1_88' title="bbox 1864 2874 3448 2953">
    <p class='ocr_par' dir='ltr' id='par_1_88' title="bbox 1864 2874 3448 2953">
     <span class='ocr_line' id='line_1_89' title="bbox 1864 2874 3448 2953; baseline 0.01 -27"><span class='ocrx_word' id='word_1_711' title='bbox 1864 2874 2078 2927; x_wconf 88' lang='lat' dir='ltr'><strong>natione</strong></span> <span class='ocrx_word' id='word_1_712' title='bbox 2104 2889 2220 2928; x_wconf 89' lang='lat' dir='ltr'><strong>mea</strong></span> <span class='ocrx_word' id='word_1_713' title='bbox 2241 2875 2528 2930; x_wconf 89' lang='lat' dir='ltr'><strong>remanebo</strong></span> <span class='ocrx_word' id='word_1_714' title='bbox 2559 2892 2572 2929; x_wconf 90' lang='lat'><strong>:</strong></span> <span class='ocrx_word' id='word_1_715' title='bbox 2598 2887 2681 2930; x_wconf 90' lang='lat' dir='ltr'><strong>est</strong></span> <span class='ocrx_word' id='word_1_716' title='bbox 2720 2876 2806 2933; x_wconf 91' lang='lat' dir='ltr'><strong>hic</strong></span> <span class='ocrx_word' id='word_1_717' title='bbox 2831 2879 2972 2934; x_wconf 90' lang='lat' dir='ltr'><strong>unde</strong></span> <span class='ocrx_word' id='word_1_718' title='bbox 3007 2882 3301 2953; x_wconf 83' lang='lat' dir='ltr'><strong>emigrem;</strong></span> <span class='ocrx_word' id='word_1_719' title='bbox 3353 2885 3448 2942; x_wconf 90' lang='lat' dir='ltr'><strong>sed</strong></span> 
     </span>
    </p>
   </div>
   <div class='ocr_carea' id='block_1_89' title="bbox 1864 2964 3450 3046">
    <p class='ocr_par' dir='ltr' id='par_1_89' title="bbox 1864 2964 3450 3046">
     <span class='ocr_line' id='line_1_90' title="bbox 1864 2964 3450 3046; baseline 0.01 -29"><span class='ocrx_word' id='word_1_720' title='bbox 1864 2964 2072 3039; x_wconf 85' lang='lat' dir='ltr'><strong>veniam</strong></span> <span class='ocrx_word' id='word_1_721' title='bbox 2095 2965 2234 3020; x_wconf 89' lang='lat' dir='ltr'><strong>unde</strong></span> <span class='ocrx_word' id='word_1_722' title='bbox 2261 2983 2365 3020; x_wconf 93' lang='lat' dir='ltr'><strong>non</strong></span> <span class='ocrx_word' id='word_1_723' title='bbox 2395 2967 2687 3037; x_wconf 85' lang='lat' dir='ltr'><strong>emigrabo.</strong></span> <span class='ocrx_word' id='word_1_724' title='bbox 2720 2969 2852 3023; x_wconf 85' lang='lat' dir='ltr'><strong>Nam</strong></span> <span class='ocrx_word' id='word_1_725' title='bbox 2879 2973 3164 3042; x_wconf 85' lang='lat' dir='ltr'><strong>inquilinus</strong></span> <span class='ocrx_word' id='word_1_726' title='bbox 3198 2989 3298 3046; x_wconf 86' lang='lat' dir='ltr'><strong>ego</strong></span> <span class='ocrx_word' id='word_1_727' title='bbox 3331 2992 3450 3033; x_wconf 74' lang='lat' dir='ltr'><strong>sum</strong></span> 
     </span>
    </p>
   </div>
   <div class='ocr_carea' id='block_1_90' title="bbox 1865 3055 3450 3134">
    <p class='ocr_par' dir='ltr' id='par_1_90' title="bbox 1865 3055 3450 3134">
     <span class='ocr_line' id='line_1_91' title="bbox 1865 3055 3450 3134; baseline 0.009 -27"><span class='ocrx_word' id='word_1_728' title='bbox 1865 3055 2002 3123; x_wconf 91' lang='lat' dir='ltr'><strong>apud</strong></span> <span class='ocrx_word' id='word_1_729' title='bbox 2021 3065 2069 3108; x_wconf 91' lang='lat' dir='ltr'><strong>te</strong></span> <span class='ocrx_word' id='word_1_730' title='bbox 2089 3055 2138 3108; x_wconf 89' lang='lat' dir='ltr'><strong>iu</strong></span> <span class='ocrx_word' id='word_1_731' title='bbox 2165 3065 2323 3120; x_wconf 90' lang='lat' dir='ltr'><strong>terra,</strong></span> <span class='ocrx_word' id='word_1_732' title='bbox 2349 3058 2487 3113; x_wconf 90' lang='lat' dir='ltr'><strong>sicut</strong></span> <span class='ocrx_word' id='word_1_733' title='bbox 2507 3075 2693 3113; x_wconf 88' lang='lat' dir='ltr'><strong>omnes</strong></span> <span class='ocrx_word' id='word_1_734' title='bbox 2714 3069 2891 3128; x_wconf 88' lang='lat' dir='ltr'><strong>patres</strong></span> <span class='ocrx_word' id='word_1_735' title='bbox 2913 3063 3015 3116; x_wconf 88' lang='lat' dir='ltr'><strong>mei</strong></span> <span class='ocrx_word' id='word_1_736' title='bbox 3038 3062 3203 3133; x_wconf 78' lang='lat' dir='ltr'><strong>(l’sal.</strong></span> <span class='ocrx_word' id='word_1_737' title='bbox 3229 3081 3450 3134; x_wconf 75' lang='lat' dir='ltr'><strong>xxxvut,</strong></span> 
     </span>
    </p>
   </div>
   <div class='ocr_carea' id='block_1_91' title="bbox 1867 3144 3452 3221">
    <p class='ocr_par' dir='ltr' id='par_1_91' title="bbox 1867 3144 3452 3221">
     <span class='ocr_line' id='line_1_92' title="bbox 1867 3144 3452 3221; baseline 0.009 -22"><span class='ocrx_word' id='word_1_738' title='bbox 1867 3144 1980 3218; x_wconf 81' lang='lat' dir='ltr'><strong>l5).</strong></span> <span class='ocrx_word' id='word_1_739' title='bbox 2005 3146 2148 3216; x_wconf 82' lang='lat' dir='ltr'><strong>Ergo</strong></span> <span class='ocrx_word' id='word_1_740' title='bbox 2176 3147 2244 3201; x_wconf 88' lang='lat' dir='ltr'><strong>ab</strong></span> <span class='ocrx_word' id='word_1_741' title='bbox 2275 3147 2586 3218; x_wconf 74' lang='lat' dir='ltr'><strong>inquilinatu</strong></span> <span class='ocrx_word' id='word_1_742' title='bbox 2629 3150 2897 3221; x_wconf 88' lang='lat' dir='ltr'><strong>migrabo;</strong></span> <span class='ocrx_word' id='word_1_743' title='bbox 2939 3151 3005 3208; x_wconf 89' lang='lat' dir='ltr'><strong>de</strong></span> <span class='ocrx_word' id='word_1_744' title='bbox 3053 3153 3214 3210; x_wconf 89' lang='lat' dir='ltr'><strong>domo</strong></span> <span class='ocrx_word' id='word_1_745' title='bbox 3246 3157 3452 3217; x_wconf 75' lang='lat' dir='ltr'><strong>cmlesti</strong></span> 
     </span>
    </p>
   </div>
   <div class='ocr_carea' id='block_1_92' title="bbox 1867 3239 2288 3308">
    <p class='ocr_par' dir='ltr' id='par_1_92' title="bbox 1867 3239 2288 3308">
     <span class='ocr_line' id='line_1_93' title="bbox 1867 3239 2288 3308; baseline 0.005 -16"><span class='ocrx_word' id='word_1_746' title='bbox 1867 3252 1972 3292; x_wconf 91' lang='lat' dir='ltr'><strong>non</strong></span> <span class='ocrx_word' id='word_1_747' title='bbox 1999 3239 2288 3308; x_wconf 86' lang='lat' dir='ltr'><strong>emigrabo.</strong></span> 
     </span>
    </p>
   </div>
   <div class='ocr_carea' id='block_1_93' title="bbox 1939 3330 3451 3410">
    <p class='ocr_par' dir='ltr' id='par_1_93' title="bbox 1939 3330 3451 3410">
     <span class='ocr_line' id='line_1_94' title="bbox 1939 3330 3451 3410; baseline 0.007 -23"><span class='ocrx_word' id='word_1_748' title='bbox 1939 3333 2027 3388; x_wconf 78' lang='grc'><strong>13.</strong></span> <span class='ocrx_word' id='word_1_749' title='bbox 2062 3330 2211 3405; x_wconf 72' lang='grc' dir='ltr'><strong>[νει-ε.</strong></span> <span class='ocrx_word' id='word_1_750' title='bbox 2243 3331 2323 3406; x_wconf 87' lang='grc'><strong>8.]</strong></span> <span class='ocrx_word' id='word_1_751' title='bbox 2355 3331 2418 3387; x_wconf 86' lang='grc' dir='ltr'><strong>1η</strong></span> <span class='ocrx_word' id='word_1_752' title='bbox 2446 3333 2556 3389; x_wconf 77' lang='lat' dir='ltr'><strong>Deo</strong></span> <span class='ocrx_word' id='word_1_753' title='bbox 2583 3336 2806 3390; x_wconf 85' lang='lat' dir='ltr'><strong>salutare</strong></span> <span class='ocrx_word' id='word_1_754' title='bbox 2837 3353 3023 3403; x_wconf 83' lang='lat' dir='ltr'><strong>meum,</strong></span> <span class='ocrx_word' id='word_1_755' title='bbox 3053 3348 3102 3392; x_wconf 84' lang='lat' dir='ltr'><strong>et</strong></span> <span class='ocrx_word' id='word_1_756' title='bbox 3127 3341 3292 3410; x_wconf 83' lang='lat' dir='ltr'><strong>gloria</strong></span> <span class='ocrx_word' id='word_1_757' title='bbox 3319 3358 3451 3398; x_wconf 81' lang='lat' dir='ltr'><strong>mea.</strong></span> 
     </span>
    </p>
   </div>
   <div class='ocr_carea' id='block_1_94' title="bbox 1869 3425 3453 3496">
    <p class='ocr_par' dir='ltr' id='par_1_94' title="bbox 1869 3425 3453 3496">
     <span class='ocr_line' id='line_1_95' title="bbox 1869 3425 3453 3496; baseline 0.004 -14"><span class='ocrx_word' id='word_1_758' title='bbox 1869 3425 2061 3482; x_wconf 87' lang='lat' dir='ltr'><strong>Salvus</strong></span> <span class='ocrx_word' id='word_1_759' title='bbox 2091 3441 2184 3479; x_wconf 80' lang='lat' dir='ltr'><strong>ero</strong></span> <span class='ocrx_word' id='word_1_760' title='bbox 2221 3425 2273 3480; x_wconf 90' lang='lat' dir='ltr'><strong>in</strong></span> <span class='ocrx_word' id='word_1_761' title='bbox 2307 3427 2454 3492; x_wconf 87' lang='lat' dir='ltr'><strong>Deo;</strong></span> <span class='ocrx_word' id='word_1_762' title='bbox 2486 3428 2746 3496; x_wconf 83' lang='lat' dir='ltr'><strong>gloriosus</strong></span> <span class='ocrx_word' id='word_1_763' title='bbox 2767 3445 2861 3483; x_wconf 90' lang='lat' dir='ltr'><strong>ero</strong></span> <span class='ocrx_word' id='word_1_764' title='bbox 2891 3429 2944 3483; x_wconf 89' lang='lat' dir='ltr'><strong>in</strong></span> <span class='ocrx_word' id='word_1_765' title='bbox 2989 3429 3131 3485; x_wconf 89' lang='lat' dir='ltr'><strong>Deo:</strong></span> <span class='ocrx_word' id='word_1_766' title='bbox 3163 3446 3267 3486; x_wconf 92' lang='lat' dir='ltr'><strong>non</strong></span> <span class='ocrx_word' id='word_1_767' title='bbox 3309 3433 3453 3488; x_wconf 83' lang='lat' dir='ltr'><strong>enim</strong></span> 
     </span>
    </p>
   </div>
   <div class='ocr_carea' id='block_1_95' title="bbox 1868 3517 3452 3591">
    <p class='ocr_par' dir='ltr' id='par_1_95' title="bbox 1868 3517 3452 3591">
     <span class='ocr_line' id='line_1_96' title="bbox 1868 3517 3452 3591; baseline 0.005 -20"><span class='ocrx_word' id='word_1_768' title='bbox 1868 3525 2072 3572; x_wconf 89' lang='lat' dir='ltr'><strong>tantum</strong></span> <span class='ocrx_word' id='word_1_769' title='bbox 2098 3517 2297 3584; x_wconf 90' lang='lat' dir='ltr'><strong>salvus,</strong></span> <span class='ocrx_word' id='word_1_770' title='bbox 2325 3517 2417 3571; x_wconf 89' lang='lat' dir='ltr'><strong>sed</strong></span> <span class='ocrx_word' id='word_1_771' title='bbox 2440 3528 2496 3573; x_wconf 80' lang='lat' dir='ltr'><strong>et</strong></span> <span class='ocrx_word' id='word_1_772' title='bbox 2514 3517 2777 3588; x_wconf 84' lang='lat' dir='ltr'><strong>gloriosus</strong></span> <span class='ocrx_word' id='word_1_773' title='bbox 2800 3521 3026 3585; x_wconf 55' lang='lat' dir='ltr'><strong>aalws,</strong></span> <span class='ocrx_word' id='word_1_774' title='bbox 3051 3522 3168 3591; x_wconf 90' lang='lat' dir='ltr'><strong>quia</strong></span> <span class='ocrx_word' id='word_1_775' title='bbox 3192 3522 3367 3591; x_wconf 88' lang='lat' dir='ltr'><strong>justus</strong></span> <span class='ocrx_word' id='word_1_776' title='bbox 3387 3539 3452 3579; x_wconf 91' lang='lat' dir='ltr'><strong>ex</strong></span> 
     </span>
    </p>
   </div>
   <div class='ocr_carea' id='block_1_96' title="bbox 1869 3608 3456 3684">
    <p class='ocr_par' dir='ltr' id='par_1_96' title="bbox 1869 3608 3456 3684">
     <span class='ocr_line' id='line_1_97' title="bbox 1869 3608 3456 3684; baseline 0.003 -20"><span class='ocrx_word' id='word_1_777' title='bbox 1869 3609 2054 3680; x_wconf 90' lang='lat' dir='ltr'><strong>impio,</strong></span> <span class='ocrx_word' id='word_1_778' title='bbox 2082 3608 2150 3662; x_wconf 88' lang='lat' dir='ltr'><strong>ab</strong></span> <span class='ocrx_word' id='word_1_779' title='bbox 2175 3609 2266 3662; x_wconf 93' lang='lat' dir='ltr'><strong>illo</strong></span> <span class='ocrx_word' id='word_1_780' title='bbox 2289 3609 2609 3680; x_wconf 81' lang='lat' dir='ltr'><strong>justiﬁeatus</strong></span> <span class='ocrx_word' id='word_1_781' title='bbox 2634 3609 2810 3680; x_wconf 78' lang='lat' dir='ltr'><strong>(Rom.</strong></span> <span class='ocrx_word' id='word_1_782' title='bbox 2842 3627 2914 3678; x_wconf 84' lang='lat' dir='ltr'><strong>tv,</strong></span> <span class='ocrx_word' id='word_1_783' title='bbox 2946 3614 3038 3683; x_wconf 86' lang='lat'><strong>5);</strong></span> <span class='ocrx_word' id='word_1_784' title='bbox 3068 3614 3328 3684; x_wconf 86' lang='lat' dir='ltr'><strong>gloriosus</strong></span> <span class='ocrx_word' id='word_1_785' title='bbox 3357 3630 3456 3670; x_wconf 84' lang='lat' dir='ltr'><strong>au-</strong></span> 
     </span>
    </p>
   </div>
   <div class='ocr_carea' id='block_1_97' title="bbox 1870 3701 3455 3770">
    <p class='ocr_par' dir='ltr' id='par_1_97' title="bbox 1870 3701 3455 3770">
     <span class='ocr_line' id='line_1_98' title="bbox 1870 3701 3455 3770; baseline 0.004 -15"><span class='ocrx_word' id='word_1_786' title='bbox 1870 3709 1999 3766; x_wconf 87' lang='lat' dir='ltr'><strong>tem,</strong></span> <span class='ocrx_word' id='word_1_787' title='bbox 2031 3703 2152 3770; x_wconf 88' lang='lat' dir='ltr'><strong>quia</strong></span> <span class='ocrx_word' id='word_1_788' title='bbox 2177 3715 2284 3755; x_wconf 87' lang='lat' dir='ltr'><strong>non</strong></span> <span class='ocrx_word' id='word_1_789' title='bbox 2313 3701 2485 3755; x_wconf 89' lang='lat' dir='ltr'><strong>solum</strong></span> <span class='ocrx_word' id='word_1_790' title='bbox 2512 3701 2850 3770; x_wconf 88' lang='lat' dir='ltr'><strong>jnstilicatus,</strong></span> <span class='ocrx_word' id='word_1_791' title='bbox 2879 3704 2971 3758; x_wconf 89' lang='lat' dir='ltr'><strong>sed</strong></span> <span class='ocrx_word' id='word_1_792' title='bbox 3006 3705 3165 3759; x_wconf 88' lang='lat' dir='ltr'><strong>etiam</strong></span> <span class='ocrx_word' id='word_1_793' title='bbox 3198 3706 3455 3762; x_wconf 80' lang='lat' dir='ltr'><strong>honorifi-</strong></span> 
     </span>
    </p>
   </div>
   <div class='ocr_carea' id='block_1_98' title="bbox 1875 3792 3456 3863">
    <p class='ocr_par' dir='ltr' id='par_1_98' title="bbox 1875 3792 3456 3863">
     <span class='ocr_line' id='line_1_99' title="bbox 1875 3792 3456 3863; baseline 0.004 -15"><span class='ocrx_word' id='word_1_794' title='bbox 1875 3802 2047 3848; x_wconf 90' lang='lat' dir='ltr'><strong>catus.</strong></span> <span class='ocrx_word' id='word_1_795' title='bbox 2082 3792 2294 3848; x_wconf 89' lang='lat' dir='ltr'><strong>Etenim</strong></span> <span class='ocrx_word' id='word_1_796' title='bbox 2322 3809 2446 3863; x_wconf 88' lang='lat' dir='ltr'><strong>quos</strong></span> <span class='ocrx_word' id='word_1_797' title='bbox 2472 3794 2864 3863; x_wconf 71' lang='lat' dir='ltr'><strong>praedestinavit,</strong></span> <span class='ocrx_word' id='word_1_798' title='bbox 2893 3796 3010 3851; x_wconf 85' lang='lat' dir='ltr'><strong>illos</strong></span> <span class='ocrx_word' id='word_1_799' title='bbox 3037 3807 3082 3850; x_wconf 88' lang='lat' dir='ltr'><strong>et</strong></span> <span class='ocrx_word' id='word_1_800' title='bbox 3107 3801 3312 3853; x_wconf 79' lang='lat' dir='ltr'><strong>vocavit.</strong></span> <span class='ocrx_word' id='word_1_801' title='bbox 3348 3801 3456 3856; x_wconf 70' lang='lat' dir='ltr'><strong>Yo-</strong></span> 
     </span>
    </p>
   </div>
   <div class='ocr_carea' id='block_1_99' title="bbox 1870 3885 3458 3960">
    <p class='ocr_par' dir='ltr' id='par_1_99' title="bbox 1870 3885 3458 3960">
     <span class='ocr_line' id='line_1_100' title="bbox 1870 3885 3458 3960; baseline 0.003 -18"><span class='ocrx_word' id='word_1_802' title='bbox 1870 3901 1998 3942; x_wconf 90' lang='lat' dir='ltr'><strong>cans</strong></span> <span class='ocrx_word' id='word_1_803' title='bbox 2027 3900 2119 3942; x_wconf 93' lang='lat' dir='ltr'><strong>eos</strong></span> <span class='ocrx_word' id='word_1_804' title='bbox 2139 3885 2264 3957; x_wconf 88' lang='lat' dir='ltr'><strong>quid</strong></span> <span class='ocrx_word' id='word_1_805' title='bbox 2293 3885 2420 3942; x_wconf 85' lang='lat' dir='ltr'><strong>fecit</strong></span> <span class='ocrx_word' id='word_1_806' title='bbox 2448 3885 2570 3942; x_wconf 87' lang='lat' dir='ltr'><strong>hic?</strong></span> <span class='ocrx_word' id='word_1_807' title='bbox 2603 3886 2740 3954; x_wconf 83' lang='lat' dir='ltr'><strong>Quos</strong></span> <span class='ocrx_word' id='word_1_808' title='bbox 2755 3889 2962 3955; x_wconf 80' lang='lat' dir='ltr'><strong>vocavit,</strong></span> <span class='ocrx_word' id='word_1_809' title='bbox 2981 3889 3116 3960; x_wconf 69' lang='lat' dir='ltr'><strong>ipso:</strong></span> <span class='ocrx_word' id='word_1_810' title='bbox 3137 3901 3184 3944; x_wconf 85' lang='lat' dir='ltr'><strong>et</strong></span> <span class='ocrx_word' id='word_1_811' title='bbox 3199 3893 3458 3960; x_wconf 80' lang='lat' dir='ltr'><strong>justi/ica-</strong></span> 
     </span>
    </p>
   </div>
   <div class='ocr_carea' id='block_1_100' title="bbox 1871 3977 3457 4055">
    <p class='ocr_par' dir='ltr' id='par_1_100' title="bbox 1871 3977 3457 4055">
     <span class='ocr_line' id='line_1_101' title="bbox 1871 3977 3457 4055; baseline 0.004 -23"><span class='ocrx_word' id='word_1_812' title='bbox 1871 3977 1974 4042; x_wconf 80' lang='lat' dir='ltr'><strong>oit;</strong></span> <span class='ocrx_word' id='word_1_813' title='bbox 1993 3994 2117 4046; x_wconf 80' lang='lat' dir='ltr'><strong>quos</strong></span> <span class='ocrx_word' id='word_1_814' title='bbox 2138 3987 2303 4031; x_wconf 84' lang='lat' dir='ltr'><strong>autem</strong></span> <span class='ocrx_word' id='word_1_815' title='bbox 2318 3978 2637 4048; x_wconf 74' lang='lat' dir='ltr'><strong>justiﬁcavft,</strong></span> <span class='ocrx_word' id='word_1_816' title='bbox 2659 3979 2796 4050; x_wconf 81' lang='lat' dir='ltr'><strong>ipsos</strong></span> <span class='ocrx_word' id='word_1_817' title='bbox 2816 3990 2862 4035; x_wconf 81' lang='lat' dir='ltr'><strong>et</strong></span> <span class='ocrx_word' id='word_1_818' title='bbox 2885 3981 3184 4052; x_wconf 59' lang='lat' dir='ltr'><strong>glori/iram?</strong></span> <span class='ocrx_word' id='word_1_819' title='bbox 3209 3982 3315 4055; x_wconf 81' lang='lat' dir='ltr'><strong>(Id.</strong></span> <span class='ocrx_word' id='word_1_820' title='bbox 3345 4000 3457 4053; x_wconf 76' lang='lat' dir='ltr'><strong>vru,</strong></span> 
     </span>
    </p>
   </div>
   <div class='ocr_carea' id='block_1_101' title="bbox 1872 4068 3461 4143">
    <p class='ocr_par' dir='ltr' id='par_1_101' title="bbox 1872 4068 3461 4143">
     <span class='ocr_line' id='line_1_102' title="bbox 1872 4068 3461 4143; baseline 0.004 -18"><span class='ocrx_word' id='word_1_821' title='bbox 1872 4069 1988 4140; x_wconf 76' lang='lat'><strong>50).</strong></span> <span class='ocrx_word' id='word_1_822' title='bbox 2021 4068 2335 4124; x_wconf 80' lang='lat' dir='ltr'><strong>Justilieatio</strong></span> <span class='ocrx_word' id='word_1_823' title='bbox 2356 4085 2484 4140; x_wconf 86' lang='lat' dir='ltr'><strong>ergo</strong></span> <span class='ocrx_word' id='word_1_824' title='bbox 2512 4069 2577 4124; x_wconf 89' lang='lat' dir='ltr'><strong>ad</strong></span> <span class='ocrx_word' id='word_1_825' title='bbox 2605 4073 2827 4126; x_wconf 87' lang='lat' dir='ltr'><strong>salutem</strong></span> <span class='ocrx_word' id='word_1_826' title='bbox 2856 4073 3104 4142; x_wconf 90' lang='lat' dir='ltr'><strong>pertinet,</strong></span> <span class='ocrx_word' id='word_1_827' title='bbox 3145 4074 3461 4143; x_wconf 74' lang='lat' dir='ltr'><strong>glorificatio</strong></span> 
     </span>
    </p>
   </div>
   <div class='ocr_carea' id='block_1_102' title="bbox 1873 4161 3457 4234">
    <p class='ocr_par' dir='ltr' id='par_1_102' title="bbox 1873 4161 3457 4234">
     <span class='ocr_line' id='line_1_103' title="bbox 1873 4161 3457 4234; baseline 0.003 -19"><span class='ocrx_word' id='word_1_828' title='bbox 1873 4161 1941 4216; x_wconf 91' lang='lat' dir='ltr'><strong>ad</strong></span> <span class='ocrx_word' id='word_1_829' title='bbox 1970 4161 2248 4218; x_wconf 91' lang='lat' dir='ltr'><strong>honorem.</strong></span> <span class='ocrx_word' id='word_1_830' title='bbox 2277 4162 2410 4229; x_wconf 86' lang='lat' dir='ltr'><strong>Quia</strong></span> <span class='ocrx_word' id='word_1_831' title='bbox 2454 4162 2773 4232; x_wconf 85' lang='lat' dir='ltr'><strong>glorilieatio</strong></span> <span class='ocrx_word' id='word_1_832' title='bbox 2820 4164 2886 4216; x_wconf 90' lang='lat' dir='ltr'><strong>ad</strong></span> <span class='ocrx_word' id='word_1_833' title='bbox 2915 4164 3170 4218; x_wconf 83' lang='lat' dir='ltr'><strong>honorem</strong></span> <span class='ocrx_word' id='word_1_834' title='bbox 3205 4169 3457 4234; x_wconf 88' lang='lat' dir='ltr'><strong>pertinet,</strong></span> 
     </span>
    </p>
   </div>
   <div class='ocr_carea' id='block_1_103' title="bbox 1874 4251 3460 4322">
    <p class='ocr_par' dir='ltr' id='par_1_103' title="bbox 1874 4251 3460 4322">
     <span class='ocr_line' id='line_1_104' title="bbox 1874 4251 3460 4322; baseline 0.003 -15"><span class='ocrx_word' id='word_1_835' title='bbox 1874 4251 2146 4322; x_wconf 87' lang='lat' dir='ltr'><strong>disputare</strong></span> <span class='ocrx_word' id='word_1_836' title='bbox 2191 4266 2296 4305; x_wconf 91' lang='lat' dir='ltr'><strong>non</strong></span> <span class='ocrx_word' id='word_1_837' title='bbox 2329 4265 2462 4320; x_wconf 83' lang='lat' dir='ltr'><strong>Opus</strong></span> <span class='ocrx_word' id='word_1_838' title='bbox 2488 4260 2591 4307; x_wconf 89' lang='lat' dir='ltr'><strong>est.</strong></span> <span class='ocrx_word' id='word_1_839' title='bbox 2631 4251 2761 4318; x_wconf 90' lang='lat' dir='ltr'><strong>Quia</strong></span> <span class='ocrx_word' id='word_1_840' title='bbox 2785 4251 3090 4321; x_wconf 84' lang='lat' dir='ltr'><strong>justiﬁeatio</strong></span> <span class='ocrx_word' id='word_1_841' title='bbox 3121 4256 3348 4321; x_wconf 82' lang='lat' dir='ltr'><strong>pertinet</strong></span> <span class='ocrx_word' id='word_1_842' title='bbox 3393 4259 3460 4312; x_wconf 87' lang='lat' dir='ltr'><strong>ad</strong></span> 
     </span>
    </p>
   </div>
   <div class='ocr_carea' id='block_1_104' title="bbox 1875 4341 3461 4411">
    <p class='ocr_par' dir='ltr' id='par_1_104' title="bbox 1875 4341 3461 4411">
     <span class='ocr_line' id='line_1_105' title="bbox 1875 4341 3461 4411; baseline 0 -13"><span class='ocrx_word' id='word_1_843' title='bbox 1875 4343 2123 4408; x_wconf 87' lang='lat' dir='ltr'><strong>salutem,</strong></span> <span class='ocrx_word' id='word_1_844' title='bbox 2143 4354 2443 4411; x_wconf 76' lang='lat' dir='ltr'><strong>quzeramus</strong></span> <span class='ocrx_word' id='word_1_845' title='bbox 2455 4341 2669 4411; x_wconf 87' lang='lat' dir='ltr'><strong>aliquod</strong></span> <span class='ocrx_word' id='word_1_846' title='bbox 2693 4341 3094 4395; x_wconf 89' lang='lat' dir='ltr'><strong>documentum.</strong></span> <span class='ocrx_word' id='word_1_847' title='bbox 3121 4342 3256 4396; x_wconf 83' lang='lat' dir='ltr'><strong>Ecce</strong></span> <span class='ocrx_word' id='word_1_848' title='bbox 3271 4357 3461 4398; x_wconf 86' lang='lat' dir='ltr'><strong>occur-</strong></span> 
     </span>
    </p>
   </div>
   <div class='ocr_carea' id='block_1_105' title="bbox 1876 4431 3462 4502">
    <p class='ocr_par' dir='ltr' id='par_1_105' title="bbox 1876 4431 3462 4502">
     <span class='ocr_line' id='line_1_106' title="bbox 1876 4431 3462 4502; baseline 0.001 -15"><span class='ocrx_word' id='word_1_849' title='bbox 1876 4432 1948 4487; x_wconf 87' lang='lat' dir='ltr'><strong>rit</strong></span> <span class='ocrx_word' id='word_1_850' title='bbox 1970 4447 2035 4486; x_wconf 87' lang='lat' dir='ltr'><strong>ex</strong></span> <span class='ocrx_word' id='word_1_851' title='bbox 2068 4431 2396 4502; x_wconf 83' lang='lat' dir='ltr'><strong>Evangelio:</strong></span> <span class='ocrx_word' id='word_1_852' title='bbox 2429 4439 2582 4486; x_wconf 90' lang='lat' dir='ltr'><strong>erant</strong></span> <span class='ocrx_word' id='word_1_853' title='bbox 2625 4431 2714 4500; x_wconf 87' lang='lat' dir='ltr'><strong>qui</strong></span> <span class='ocrx_word' id='word_1_854' title='bbox 2741 4431 2840 4485; x_wconf 88' lang='lat' dir='ltr'><strong>sibi</strong></span> <span class='ocrx_word' id='word_1_855' title='bbox 2881 4431 3196 4484; x_wconf 79' lang='lat' dir='ltr'><strong>videbantur</strong></span> <span class='ocrx_word' id='word_1_856' title='bbox 3235 4432 3378 4501; x_wconf 84' lang='lat' dir='ltr'><strong>justi,</strong></span> <span class='ocrx_word' id='word_1_857' title='bbox 3410 4445 3462 4491; x_wconf 92' lang='lat' dir='ltr'><strong>et</strong></span> 
     </span>
    </p>
   </div>
   <div class='ocr_carea' id='block_1_106' title="bbox 1877 4521 3464 4594">
    <p class='ocr_par' dir='ltr' id='par_1_106' title="bbox 1877 4521 3464 4594">
     <span class='ocr_line' id='line_1_107' title="bbox 1877 4521 3464 4594; baseline -0.001 -16"><span class='ocrx_word' id='word_1_858' title='bbox 1877 4522 2341 4594; x_wconf 89' lang='lat' dir='ltr'><strong>reprehendebant</strong></span> <span class='ocrx_word' id='word_1_859' title='bbox 2369 4523 2666 4586; x_wconf 88' lang='lat' dir='ltr'><strong>Dominum,</strong></span> <span class='ocrx_word' id='word_1_860' title='bbox 2691 4521 2827 4592; x_wconf 89' lang='lat' dir='ltr'><strong>quod</strong></span> <span class='ocrx_word' id='word_1_861' title='bbox 2851 4521 3160 4575; x_wconf 67' lang='lat' dir='ltr'><strong>admittebat</strong></span> <span class='ocrx_word' id='word_1_862' title='bbox 3188 4521 3254 4576; x_wconf 89' lang='lat' dir='ltr'><strong>ad</strong></span> <span class='ocrx_word' id='word_1_863' title='bbox 3279 4526 3464 4578; x_wconf 71' lang='lat' dir='ltr'><strong>convi-’</strong></span> 
     </span>
    </p>
   </div>
   <div class='ocr_carea' id='block_1_107' title="bbox 1878 4613 3467 4684">
    <p class='ocr_par' dir='ltr' id='par_1_107' title="bbox 1878 4613 3467 4684">
     <span class='ocr_line' id='line_1_108' title="bbox 1878 4613 3467 4684; baseline 0.002 -14"><span class='ocrx_word' id='word_1_864' title='bbox 1878 4617 2021 4670; x_wconf 90' lang='lat' dir='ltr'><strong>vium</strong></span> <span class='ocrx_word' id='word_1_865' title='bbox 2049 4624 2373 4684; x_wconf 85' lang='lat' dir='ltr'><strong>peccatores,</strong></span> <span class='ocrx_word' id='word_1_866' title='bbox 2425 4623 2479 4668; x_wconf 90' lang='lat' dir='ltr'><strong>et</strong></span> <span class='ocrx_word' id='word_1_867' title='bbox 2525 4629 2647 4669; x_wconf 89' lang='lat' dir='ltr'><strong>cum</strong></span> <span class='ocrx_word' id='word_1_868' title='bbox 2689 4613 2980 4683; x_wconf 86' lang='lat' dir='ltr'><strong>publicanis</strong></span> <span class='ocrx_word' id='word_1_869' title='bbox 3021 4623 3076 4667; x_wconf 88' lang='lat' dir='ltr'><strong>et</strong></span> <span class='ocrx_word' id='word_1_870' title='bbox 3101 4617 3467 4683; x_wconf 81' lang='lat' dir='ltr'><strong>peccatoribus</strong></span> 
     </span>
    </p>
   </div>
   <div class='ocr_carea' id='block_1_108' title="bbox 1881 4705 3465 4776">
    <p class='ocr_par' dir='ltr' id='par_1_108' title="bbox 1881 4705 3465 4776">
     <span class='ocr_line' id='line_1_109' title="bbox 1881 4705 3465 4776; baseline -0.001 -12"><span class='ocrx_word' id='word_1_871' title='bbox 1881 4707 2302 4765; x_wconf 86' lang='lat' dir='ltr'><strong>convescebatur</strong></span> <span class='ocrx_word' id='word_1_872' title='bbox 2335 4723 2350 4762; x_wconf 89' lang='lat'><strong>:</strong></span> <span class='ocrx_word' id='word_1_873' title='bbox 2387 4706 2576 4760; x_wconf 90' lang='lat' dir='ltr'><strong>talibus</strong></span> <span class='ocrx_word' id='word_1_874' title='bbox 2607 4707 2784 4776; x_wconf 85' lang='lat' dir='ltr'><strong>itaque</strong></span> <span class='ocrx_word' id='word_1_875' title='bbox 2828 4705 3278 4774; x_wconf 82' lang='lat' dir='ltr'><strong>superbientilms,</strong></span> <span class='ocrx_word' id='word_1_876' title='bbox 3315 4712 3465 4763; x_wconf 81' lang='lat' dir='ltr'><strong>torti-</strong></span> 
     </span>
    </p>
   </div>
   <div class='ocr_carea' id='block_1_109' title="bbox 1883 4797 3469 4865">
    <p class='ocr_par' dir='ltr' id='par_1_109' title="bbox 1883 4797 3469 4865">
     <span class='ocr_line' id='line_1_110' title="bbox 1883 4797 3469 4865; baseline 0.001 -8"><span class='ocrx_word' id='word_1_877' title='bbox 1883 4801 1983 4857; x_wconf 91' lang='lat' dir='ltr'><strong>bus</strong></span> <span class='ocrx_word' id='word_1_878' title='bbox 2034 4810 2189 4855; x_wconf 75' lang='lat' dir='ltr'><strong>terrae</strong></span> <span class='ocrx_word' id='word_1_879' title='bbox 2239 4799 2394 4854; x_wconf 86' lang='lat' dir='ltr'><strong>valde</strong></span> <span class='ocrx_word' id='word_1_880' title='bbox 2445 4799 2690 4865; x_wconf 86' lang='lat' dir='ltr'><strong>elevatis,</strong></span> <span class='ocrx_word' id='word_1_881' title='bbox 2733 4799 2954 4852; x_wconf 85' lang='lat' dir='ltr'><strong>multum</strong></span> <span class='ocrx_word' id='word_1_882' title='bbox 2987 4797 3052 4852; x_wconf 90' lang='lat' dir='ltr'><strong>de</strong></span> <span class='ocrx_word' id='word_1_883' title='bbox 3103 4812 3198 4851; x_wconf 90' lang='lat' dir='ltr'><strong>sua</strong></span> <span class='ocrx_word' id='word_1_884' title='bbox 3243 4802 3469 4860; x_wconf 87' lang='lat' dir='ltr'><strong>sanitate</strong></span> 
     </span>
    </p>
   </div>
   <div class='ocr_carea' id='block_1_110' title="bbox 1885 4893 3466 4965">
    <p class='ocr_par' dir='ltr' id='par_1_110' title="bbox 1885 4893 3466 4965">
     <span class='ocr_line' id='line_1_111' title="bbox 1885 4893 3466 4965; baseline 0.002 -17"><span class='ocrx_word' id='word_1_885' title='bbox 1885 4893 2254 4964; x_wconf 87' lang='lat' dir='ltr'><strong>gloriantibus,</strong></span> <span class='ocrx_word' id='word_1_886' title='bbox 2297 4908 2455 4963; x_wconf 88' lang='lat' dir='ltr'><strong>quam</strong></span> <span class='ocrx_word' id='word_1_887' title='bbox 2503 4893 2776 4962; x_wconf 88' lang='lat' dir='ltr'><strong>putabant,</strong></span> <span class='ocrx_word' id='word_1_888' title='bbox 2829 4907 2932 4946; x_wconf 90' lang='lat' dir='ltr'><strong>non</strong></span> <span class='ocrx_word' id='word_1_889' title='bbox 2985 4906 3141 4960; x_wconf 72' lang='lat' dir='ltr'><strong>quavn</strong></span> <span class='ocrx_word' id='word_1_890' title='bbox 3194 4896 3466 4965; x_wconf 86' lang='lat' dir='ltr'><strong>tenebant,</strong></span> 
     </span>
    </p>
   </div>
   <div class='ocr_carea' id='block_1_111' title="bbox 1885 4985 3465 5061">
    <p class='ocr_par' dir='ltr' id='par_1_111' title="bbox 1885 4985 3465 5061">
     <span class='ocr_line' id='line_1_112' title="bbox 1885 4985 3465 5061; baseline 0 -19"><span class='ocrx_word' id='word_1_891' title='bbox 1885 4990 2009 5061; x_wconf 91' lang='lat' dir='ltr'><strong>quid</strong></span> <span class='ocrx_word' id='word_1_892' title='bbox 2032 4988 2306 5060; x_wconf 87' lang='lat' dir='ltr'><strong>respondit</strong></span> <span class='ocrx_word' id='word_1_893' title='bbox 2327 4985 2626 5042; x_wconf 87' lang='lat' dir='ltr'><strong>Dominus?</strong></span> <span class='ocrx_word' id='word_1_894' title='bbox 2651 4985 2768 5038; x_wconf 83' lang='lat' dir='ltr'><strong>Non</strong></span> <span class='ocrx_word' id='word_1_895' title='bbox 2798 4995 2869 5037; x_wconf 84' lang='lat' dir='ltr'><strong>est</strong></span> <span class='ocrx_word' id='word_1_896' title='bbox 2899 5001 3031 5054; x_wconf 81' lang='lat' dir='ltr'><strong>opus</strong></span> <span class='ocrx_word' id='word_1_897' title='bbox 3057 4987 3193 5039; x_wconf 84' lang='lat' dir='ltr'><strong>sanis</strong></span> <span class='ocrx_word' id='word_1_898' title='bbox 3223 4990 3465 5056; x_wconf 79' lang='lat' dir='ltr'><strong>medicus,</strong></span> 
     </span>
    </p>
   </div>
   <div class='ocr_carea' id='block_1_112' title="bbox 1885 5077 3469 5146">
    <p class='ocr_par' dir='ltr' id='par_1_112' title="bbox 1885 5077 3469 5146">
     <span class='ocr_line' id='line_1_113' title="bbox 1885 5077 3469 5146; baseline -0.002 -8"><span class='ocrx_word' id='word_1_899' title='bbox 1885 5085 1972 5138; x_wconf 82' lang='lat' dir='ltr'><strong>sed</strong></span> <span class='ocrx_word' id='word_1_900' title='bbox 2002 5083 2133 5136; x_wconf 88' lang='lat' dir='ltr'><strong>male</strong></span> <span class='ocrx_word' id='word_1_901' title='bbox 2158 5079 2465 5134; x_wconf 83' lang='lat' dir='ltr'><strong>habentibus.</strong></span> <span class='ocrx_word' id='word_1_902' title='bbox 2495 5077 2638 5145; x_wconf 87' lang='lat' dir='ltr'><strong>Quos</strong></span> <span class='ocrx_word' id='word_1_903' title='bbox 2666 5077 2792 5131; x_wconf 89' lang='lat' dir='ltr'><strong>dicit</strong></span> <span class='ocrx_word' id='word_1_904' title='bbox 2818 5091 2978 5132; x_wconf 87' lang='lat' dir='ltr'><strong>sanos</strong></span> <span class='ocrx_word' id='word_1_905' title='bbox 2996 5077 3020 5131; x_wconf 86' lang='lat'><strong>?</strong></span> <span class='ocrx_word' id='word_1_906' title='bbox 3037 5093 3167 5146; x_wconf 88' lang='lat' dir='ltr'><strong>quos</strong></span> <span class='ocrx_word' id='word_1_907' title='bbox 3193 5079 3319 5134; x_wconf 89' lang='lat' dir='ltr'><strong>dicit</strong></span> <span class='ocrx_word' id='word_1_908' title='bbox 3336 5083 3469 5135; x_wconf 85' lang='lat' dir='ltr'><strong>male</strong></span> 
     </span>
    </p>
   </div>
   <div class='ocr_carea' id='block_1_113' title="bbox 1887 5166 3468 5241">
    <p class='ocr_par' dir='ltr' id='par_1_113' title="bbox 1887 5166 3468 5241">
     <span class='ocr_line' id='line_1_114' title="bbox 1887 5166 3468 5241; baseline -0.006 -10"><span class='ocrx_word' id='word_1_909' title='bbox 1887 5173 2181 5230; x_wconf 86' lang='lat' dir='ltr'><strong>habentes?</strong></span> <span class='ocrx_word' id='word_1_910' title='bbox 2221 5173 2492 5241; x_wconf 89' lang='lat' dir='ltr'><strong>Sequitur,</strong></span> <span class='ocrx_word' id='word_1_911' title='bbox 2543 5179 2596 5224; x_wconf 92' lang='lat' dir='ltr'><strong>et</strong></span> <span class='ocrx_word' id='word_1_912' title='bbox 2635 5168 2797 5223; x_wconf 89' lang='lat' dir='ltr'><strong>dicit:</strong></span> <span class='ocrx_word' id='word_1_913' title='bbox 2831 5166 2952 5222; x_wconf 86' lang='lat' dir='ltr'><strong>Non</strong></span> <span class='ocrx_word' id='word_1_914' title='bbox 2979 5169 3090 5222; x_wconf 80' lang='lat' dir='ltr'><strong>veni</strong></span> <span class='ocrx_word' id='word_1_915' title='bbox 3113 5184 3289 5223; x_wconf 82' lang='lat' dir='ltr'><strong>rocare</strong></span> <span class='ocrx_word' id='word_1_916' title='bbox 3305 5174 3468 5236; x_wconf 78' lang='lat' dir='ltr'><strong>justas</strong></span> 
     </span>
    </p>
   </div>
   <div class='ocr_carea' id='block_1_114' title="bbox 1887 5258 3443 5338">
    <p class='ocr_par' dir='ltr' id='par_1_114' title="bbox 1887 5258 3443 5338">
     <span class='ocr_line' id='line_1_115' title="bbox 1887 5258 3443 5338; baseline -0.006 -16"><span class='ocrx_word' id='word_1_917' title='bbox 1887 5267 1975 5322; x_wconf 84' lang='lat' dir='ltr'><strong>sed</strong></span> <span class='ocrx_word' id='word_1_918' title='bbox 2005 5275 2286 5338; x_wconf 77' lang='lat' dir='ltr'><strong>peceatores</strong></span> <span class='ocrx_word' id='word_1_919' title='bbox 2314 5263 2365 5316; x_wconf 86' lang='lat' dir='ltr'><strong>in</strong></span> <span class='ocrx_word' id='word_1_920' title='bbox 2393 5261 2730 5332; x_wconf 75' lang='lat' dir='ltr'><strong>ptruitentiam</strong></span> <span class='ocrx_word' id='word_1_921' title='bbox 2761 5258 2968 5330; x_wconf 83' lang='lat' dir='ltr'><strong>(Matth.</strong></span> <span class='ocrx_word' id='word_1_922' title='bbox 3003 5276 3080 5322; x_wconf 79' lang='lat' dir='ltr'><strong>Ix,</strong></span> <span class='ocrx_word' id='word_1_923' title='bbox 3113 5259 3199 5323; x_wconf 75' lang='grc'><strong>12,</strong></span> <span class='ocrx_word' id='word_1_924' title='bbox 3228 5261 3335 5330; x_wconf 78' lang='grc'><strong>15).</strong></span> <span class='ocrx_word' id='word_1_925' title='bbox 3362 5265 3443 5330; x_wconf 81' lang='lat' dir='ltr'><strong>Ap</strong></span> 
     </span>
    </p>
   </div>
   <div class='ocr_carea' id='block_1_115' title="bbox 1889 5347 3472 5429">
    <p class='ocr_par' dir='ltr' id='par_1_115' title="bbox 1889 5347 3472 5429">
     <span class='ocr_line' id='line_1_116' title="bbox 1889 5347 3472 5429; baseline -0.004 -16"><span class='ocrx_word' id='word_1_926' title='bbox 1889 5356 2106 5429; x_wconf 80' lang='lat' dir='ltr'><strong>pellavit</strong></span> <span class='ocrx_word' id='word_1_927' title='bbox 2149 5370 2278 5424; x_wconf 81' lang='lat' dir='ltr'><strong>ergo</strong></span> <span class='ocrx_word' id='word_1_928' title='bbox 2317 5365 2475 5407; x_wconf 90' lang='lat' dir='ltr'><strong>sanos</strong></span> <span class='ocrx_word' id='word_1_929' title='bbox 2515 5351 2720 5420; x_wconf 87' lang='lat' dir='ltr'><strong>justos;</strong></span> <span class='ocrx_word' id='word_1_930' title='bbox 2754 5367 2858 5404; x_wconf 89' lang='lat' dir='ltr'><strong>non</strong></span> <span class='ocrx_word' id='word_1_931' title='bbox 2906 5349 3025 5420; x_wconf 90' lang='lat' dir='ltr'><strong>quia</strong></span> <span class='ocrx_word' id='word_1_932' title='bbox 3077 5347 3328 5404; x_wconf 74' lang='lat' dir='ltr'><strong>Pharistri</strong></span> <span class='ocrx_word' id='word_1_933' title='bbox 3372 5350 3472 5406; x_wconf 91' lang='lat' dir='ltr'><strong>hoc</strong></span> 
     </span>
    </p>
   </div>
   <div class='ocr_carea' id='block_1_116' title="bbox 1888 5440 3473 5516">
    <p class='ocr_par' dir='ltr' id='par_1_116' title="bbox 1888 5440 3473 5516">
     <span class='ocr_line' id='line_1_117' title="bbox 1888 5440 3473 5516; baseline -0.011 -11"><span class='ocrx_word' id='word_1_934' title='bbox 1888 5458 2058 5510; x_wconf 80' lang='lat' dir='ltr'><strong>erant,</strong></span> <span class='ocrx_word' id='word_1_935' title='bbox 2082 5447 2174 5504; x_wconf 89' lang='lat' dir='ltr'><strong>sed</strong></span> <span class='ocrx_word' id='word_1_936' title='bbox 2205 5445 2326 5516; x_wconf 88' lang='lat' dir='ltr'><strong>quia</strong></span> <span class='ocrx_word' id='word_1_937' title='bbox 2353 5444 2452 5498; x_wconf 83' lang='lat' dir='ltr'><strong>hoc</strong></span> <span class='ocrx_word' id='word_1_938' title='bbox 2475 5458 2533 5498; x_wconf 91' lang='lat' dir='ltr'><strong>se</strong></span> <span class='ocrx_word' id='word_1_939' title='bbox 2559 5457 2677 5497; x_wconf 91' lang='lat' dir='ltr'><strong>esse</strong></span> <span class='ocrx_word' id='word_1_940' title='bbox 2701 5442 3127 5504; x_wconf 89' lang='lat' dir='ltr'><strong>arbitrabantur;</strong></span> <span class='ocrx_word' id='word_1_941' title='bbox 3160 5450 3213 5494; x_wconf 90' lang='lat' dir='ltr'><strong>et</strong></span> <span class='ocrx_word' id='word_1_942' title='bbox 3240 5440 3358 5495; x_wconf 89' lang='lat' dir='ltr'><strong>ideo</strong></span> <span class='ocrx_word' id='word_1_943' title='bbox 3387 5458 3473 5496; x_wconf 87' lang='lat' dir='ltr'><strong>su.</strong></span> 
     </span>
    </p>
   </div>
   <div class='ocr_carea' id='block_1_117' title="bbox 1889 5529 3472 5611">
    <p class='ocr_par' dir='ltr' id='par_1_117' title="bbox 1889 5529 3472 5611">
     <span class='ocr_line' id='line_1_118' title="bbox 1889 5529 3472 5611; baseline -0.01 -17"><span class='ocrx_word' id='word_1_944' title='bbox 1889 5539 2219 5611; x_wconf 83' lang='lat' dir='ltr'><strong>perbiebant,</strong></span> <span class='ocrx_word' id='word_1_945' title='bbox 2256 5544 2310 5591; x_wconf 90' lang='lat' dir='ltr'><strong>et</strong></span> <span class='ocrx_word' id='word_1_946' title='bbox 2337 5533 2598 5588; x_wconf 87' lang='lat' dir='ltr'><strong>medicum</strong></span> <span class='ocrx_word' id='word_1_947' title='bbox 2629 5531 3005 5603; x_wconf 81' lang='lat' dir='ltr'><strong>:rgrotantibus</strong></span> <span class='ocrx_word' id='word_1_948' title='bbox 3045 5529 3368 5596; x_wconf 89' lang='lat' dir='ltr'><strong>invidebant,</strong></span> <span class='ocrx_word' id='word_1_949' title='bbox 3422 5541 3472 5587; x_wconf 85' lang='lat' dir='ltr'><strong>et</strong></span> 
     </span>
    </p>
   </div>
   <div class='ocr_carea' id='block_1_118' title="bbox 1891 5620 3470 5704">
    <p class='ocr_par' dir='ltr' id='par_1_118' title="bbox 1891 5620 3470 5704">
     <span class='ocr_line' id='line_1_119' title="bbox 1891 5620 3470 5704; baseline -0.009 -17"><span class='ocrx_word' id='word_1_950' title='bbox 1891 5634 2010 5704; x_wconf 82' lang='lat' dir='ltr'><strong>plus</strong></span> <span class='ocrx_word' id='word_1_951' title='bbox 2038 5635 2355 5700; x_wconf 80' lang='lat' dir='ltr'><strong>aegrotantes</strong></span> <span class='ocrx_word' id='word_1_952' title='bbox 2397 5624 2662 5680; x_wconf 83' lang='lat' dir='ltr'><strong>medicum</strong></span> <span class='ocrx_word' id='word_1_953' title='bbox 2699 5620 3029 5676; x_wconf 87' lang='lat' dir='ltr'><strong>occidebant.</strong></span> <span class='ocrx_word' id='word_1_954' title='bbox 3059 5620 3356 5689; x_wconf 82' lang='lat' dir='ltr'><strong>Appellavit</strong></span> <span class='ocrx_word' id='word_1_955' title='bbox 3392 5632 3470 5676; x_wconf 85' lang='lat' dir='ltr'><strong>ta-</strong></span> 
     </span>
    </p>
   </div>
   <div class='ocr_carea' id='block_1_119' title="bbox 1893 5709 3470 5787">
    <p class='ocr_par' dir='ltr' id='par_1_119' title="bbox 1893 5709 3470 5787">
     <span class='ocr_line' id='line_1_120' title="bbox 1893 5709 3470 5787; baseline -0.006 -9"><span class='ocrx_word' id='word_1_956' title='bbox 1893 5739 2016 5778; x_wconf 87' lang='lat' dir='ltr'><strong>tncn</strong></span> <span class='ocrx_word' id='word_1_957' title='bbox 2061 5734 2219 5776; x_wconf 85' lang='lat' dir='ltr'><strong>sanos</strong></span> <span class='ocrx_word' id='word_1_958' title='bbox 2258 5719 2452 5787; x_wconf 89' lang='lat' dir='ltr'><strong>justos,</strong></span> <span class='ocrx_word' id='word_1_959' title='bbox 2503 5721 2826 5786; x_wconf 73' lang='lat' dir='ltr'><strong>:rgrotantes</strong></span> <span class='ocrx_word' id='word_1_960' title='bbox 2865 5719 3189 5782; x_wconf 81' lang='lat' dir='ltr'><strong>peccatores.</strong></span> <span class='ocrx_word' id='word_1_961' title='bbox 3235 5709 3306 5768; x_wconf 90' lang='lat' dir='ltr'><strong>Ut</strong></span> <span class='ocrx_word' id='word_1_962' title='bbox 3349 5727 3470 5785; x_wconf 84' lang='lat' dir='ltr'><strong>ergo</strong></span> 
     </span>
    </p>
   </div>
   <div class='ocr_carea' id='block_1_120' title="bbox 1893 5803 3471 5889">
    <p class='ocr_par' dir='ltr' id='par_1_120' title="bbox 1893 5803 3471 5889">
     <span class='ocr_line' id='line_1_121' title="bbox 1893 5803 3471 5889; baseline -0.008 -20"><span class='ocrx_word' id='word_1_963' title='bbox 1893 5815 2231 5889; x_wconf 77' lang='lat' dir='ltr'><strong>justiticarer,</strong></span> <span class='ocrx_word' id='word_1_964' title='bbox 2252 5812 2322 5868; x_wconf 89' lang='lat' dir='ltr'><strong>ait</strong></span> <span class='ocrx_word' id='word_1_965' title='bbox 2353 5810 2452 5866; x_wconf 91' lang='lat' dir='ltr'><strong>iste</strong></span> <span class='ocrx_word' id='word_1_966' title='bbox 2470 5807 2792 5876; x_wconf 82' lang='lat' dir='ltr'><strong>transiliens,</strong></span> <span class='ocrx_word' id='word_1_967' title='bbox 2810 5805 2876 5861; x_wconf 90' lang='lat' dir='ltr'><strong>ab</strong></span> <span class='ocrx_word' id='word_1_968' title='bbox 2897 5805 3009 5876; x_wconf 85' lang='lat' dir='ltr'><strong>ipso</strong></span> <span class='ocrx_word' id='word_1_969' title='bbox 3039 5803 3167 5860; x_wconf 86' lang='lat' dir='ltr'><strong>mihi</strong></span> <span class='ocrx_word' id='word_1_970' title='bbox 3195 5813 3307 5873; x_wconf 85' lang='lat' dir='ltr'><strong>est;</strong></span> <span class='ocrx_word' id='word_1_971' title='bbox 3340 5819 3392 5864; x_wconf 83' lang='lat' dir='ltr'><strong>et</strong></span> <span class='ocrx_word' id='word_1_972' title='bbox 3420 5819 3471 5866; x_wconf 83' lang='lat' dir='ltr'><strong>ut</strong></span> 
     </span>
    </p>
   </div>
  </div>
