4038 6478
539 368 643 423 739

542 482 826 554 gloriﬁcer,
857 480 924 537 ab
947 479 1065 550 ipso
1093 476 1223 533 mihi
1251 484 1336 532 est
1366 489 1382 529 :
1411 473 1477 528 In
1503 471 1609 528 Deo
1633 471 1853 526 salutare
1884 484 2048 534 meum
2074 476 2120 521 et

542 575 703 645 gloria
731 588 860 626 mea.
892 571 1130 626 Salutare
1151 583 1338 632 meum,
1367 573 1425 619 ut
1447 564 1625 620 salvus
1651 561 1781 623 sim;
1807 558 1970 629 gloria
1989 573 2119 620 mea,

545 674 602 720 ut
629 665 917 718 honoratus
946 661 1066 716 sim.
1101 659 1212 713 Hoc
1240 665 1366 712 tunc
1394 672 1407 708 :
1437 653 1597 709 modo
1625 650 1788 722 quid?
1809 647 1946 703 Deus
1973 648 2122 700 auxi-

553 754 609 808 lii
634 753 750 818 mei,
775 759 819 806 et
845 767 960 819 spes
981 765 1091 804 mea
1117 749 1172 802 in
1213 746 1319 800 Deo
1349 762 1367 800 :
1393 744 1563 799 donec
1583 740 1886 812 perveniam
1912 738 1978 792 ad
2009 753 2126 807 per-

553 842 1183 913 lectamjustilicationem
1209 849 1265 895 et
1297 838 1541 894 salutem.
1570 835 1675 905 Spe
1705 834 1836 888 enim
1860 831 1986 886 salvi
2007 830 2127 900 facti

548 951 720 990 sumus
749 950 767 989 :
793 950 905 1002 spes
945 941 1116 987 autem
1153 946 1267 1001 qua:
1309 929 1526 993 videtur,
1572 941 1674 980 non
1705 933 1778 978 est
1814 939 1928 994 spes
1949 921 2125 994 (Rom.

551 1041 662 1089 vni,
685 1024 804 1094 24).
835 1024 1020 1078 Donec
1042 1022 1249 1076 veniam
1274 1018 1338 1072 ad
1371 1018 1514 1072 illam
1535 1013 1992 1086 gloriﬁcationem,
2040 1011 2127 1068 ubi

551 1115 677 1184 justi
703 1113 976 1184 fulgebunt
1003 1111 1054 1165 in
1077 1126 1240 1180 regno
1259 1107 1426 1163 Patris
1442 1107 1520 1162 sui
1541 1116 1785 1174 tanquam
1815 1105 1896 1158 sol
1916 1101 2125 1173 (Matth.

554 1224 672 1272 Iul,
715 1206 830 1276 45).
875 1205 1086 1260 Interim
1128 1217 1269 1257 nunc
1297 1201 1435 1256 inter
1463 1198 1797 1261 tentatiunes,
1847 1196 1984 1250 inter
2033 1193 2130 1249 ini-

557 1301 802 1371 quitates,
831 1297 972 1351 inter
991 1294 1259 1358 scandala,
1307 1293 1448 1348 inter
1479 1299 1690 1361 apertas
1717 1287 2131 1358 oppugnationes

557 1399 614 1445 et
636 1388 885 1444 subdolas
912 1385 1228 1449 locutiones,
1257 1383 1396 1436 inter
1419 1395 1516 1437 eos
1538 1379 1632 1450 qui
1652 1393 1746 1435 ore
1768 1391 1868 1434 suo
1912 1375 2099 1430 benedi
2115 1401 2130 1412 -

557 1490 702 1547 cunt,
731 1489 785 1535 et
809 1478 970 1534 corde
998 1492 1100 1531 suo
1122 1475 1462 1538 maledicunt,
1493 1474 1631 1528 inter
1648 1484 1743 1526 eos.
1768 1468 1856 1539 qui
1876 1467 2132 1522 honorem

558 1589 738 1628 meum
771 1572 1006 1643 cogitant
1029 1569 1308 1639 repellere,
1335 1566 1460 1636 quid
1487 1565 1610 1619 hic?
1635 1562 1776 1618 Deus
1793 1560 1973 1617 auxilii
1991 1561 2084 1614 mei
2114 1576 2132 1614 :

560 1669 652 1723 dat
677 1669 818 1724 enim
855 1665 1106 1721 auxilium
1133 1662 1475 1719 certantibus.
1501 1660 1695 1714 Contra
1723 1671 1860 1727 quos
1883 1657 2134 1710 certanti-

559 1759 699 1814 bus?
729 1757 846 1811 Non
874 1765 947 1812 est
977 1755 1117 1809 nobis
1139 1752 1424 1807 colluctatio
1445 1750 1678 1803 atlversus
1705 1762 1906 1800 carnem
1943 1753 1994 1798 et
2013 1760 2137 1797 san-

560 1851 759 1921 guinem
783 1866 800 1913 ;
830 1849 918 1903 sed
944 1847 1184 1900 adversus
1211 1844 1522 1913 principatus
1555 1850 1601 1896 et
1629 1847 1888 1909 potestates
1921 1835 2136 1905 (Ep/tes.

561 1958 636 2009 γι,
690 1941 803 2009 12).
851 1941 989 1993 Deus
1030 1952 1156 2008 ergo
1191 1933 1372 1988 auxilii
1415 1932 1530 1999 mei,
1567 1939 1612 1990 et
1656 1945 1770 2002 spes
1795 1948 1904 1986 mea
1929 1932 1981 1984 in
2010 1929 2137 1982 Deo.

561 2032 718 2105 Spes,
759 2029 1011 2103 quamdiu
1051 2025 1282 2086 nondum
1311 2039 1392 2083 est
1433 2025 1571 2096 quod
1601 2023 1915 2095 promissum
1943 2028 2041 2083 est,
2087 2027 2143 2072 et

564 2125 798 2182 creditur
827 2123 966 2194 quod
995 2121 1229 2177 nonduin
1252 2119 1494 2183 videtur;
1546 2131 1665 2171 cum
1693 2124 1872 2169 autem
1915 2110 2139 2177 venerit,

564 2217 670 2274 crit
693 2216 917 2271 salvatio
944 2222 999 2269 et
1024 2210 1336 2282 gloriﬁcatio
1369 2227 1381 2263 :
1410 2223 1516 2264 non
1549 2216 1746 2270 tamen,
1777 2205 1903 2258 dum
1931 2203 2014 2257 illa
2045 2201 2144 2256 dil-

564 2309 832 2368 feruntur,
877 2302 1209 2364 deserimur;
1252 2299 1391 2353 Deus
1437 2298 1577 2352 enim
1608 2295 1788 2349 auxilii
1824 2294 1939 2356 mei,
1962 2302 2008 2346 et
2034 2306 2144 2362 spes

565 2413 674 2451 mea
693 2398 743 2450 in
775 2395 900 2450 Deo.

637 2487 722 2542 M.
769 2483 921 2557 [rers.
946 2483 1025 2553 9.]
1066 2482 1278 2552 Sperate
1305 2480 1357 2534 in
1393 2493 1510 2532 eum
1528 2517 1542 2542 ,
1570 2489 1717 2529 omne
1742 2471 2008 2524 concilium
2035 2468 2140 2539 ple-

567 2579 660 2631 bis.
696 2575 976 2631 lu'iitamini
1020 2573 1266 2635 ldithun;
1309 2568 1569 2623 transilite
1611 2564 1854 2618 inimicos
1894 2569 2142 2615 vestros:

566 2676 923 2738 repugnantes
946 2666 1116 2728 vobis,
1143 2662 1456 2718 resistentes
1479 2657 1653 2713 itineri
1682 2665 1879 2720 vestro,
1907 2653 2030 2708 odio
2054 2667 2149 2705 vos

567 2759 828 2814 habentes
875 2757 1156 2811 transilite.
1207 2753 1422 2822 Sperate
1448 2751 1501 2803 in
1529 2764 1663 2812 eunt,
1694 2762 1840 2800 onme
1881 2743 2148 2798 concilium

569 2852 761 2922 plebis;
802 2849 1044 2916 effundite
1082 2862 1251 2902 coram
1289 2845 1380 2898 illo
1419 2841 1576 2897 corda
1614 2847 1794 2894 vestra.
1845 2836 2018 2892 Nolite
2054 2851 2144 2891 ce-

567 2941 696 2998 dere
735 2943 752 2973 ¹
804 2941 884 2996 eis
930 2941 1017 3010 qui
1066 2939 1248 2992 dicunt
1291 2935 1483 2988 vobis:
1525 2931 1624 2988 Ubi
1655 2939 1737 2985 est
1767 2929 1906 2984 Deus
1934 2925 2148 2984 vester?

569 3031 743 3087 Facta:
779 3041 914 3094 sunt,
958 3029 1146 3098 inquit,
1189 3026 1310 3079 mihi
1349 3025 1588 3094 lacrymte
1627 3035 1748 3073 mea:
1791 3018 1936 3090 panis
1975 3017 2056 3071 die
2086 3032 2148 3068 ac

569 3134 736 3187 nocte,
775 3121 896 3176 dum
931 3119 1115 3172 dicitur
1141 3117 1263 3170 mihi
1294 3113 1555 3184 quotidie:
1595 3109 1692 3165 Ubi
1718 3118 1790 3162 est
1824 3107 1962 3161 Deus
1993 3106 2148 3160 tuus.’

570 3212 675 3267 Sed
693 3211 828 3281 quid
860 3211 927 3264 ibi
961 3207 1126 3262 dicit?
1154 3205 1279 3260 IIazc
1301 3203 1565 3257 meditatus
1589 3217 1719 3263 sum,
1743 3207 1788 3250 et
1813 3196 1968 3264 επηάὶ
1995 3212 2148 3266 super

570 3323 648 3360 me
673 3306 895 3358 animam
920 3317 1078 3355 ineant
1117 3297 1300 3370 (Psal.
1332 3311 1420 3350 xu
1441 3337 1455 3360 ,
1483 3294 1534 3358 «1,
1569 3290 1668 3362 5),
1693 3291 2146 3345 Commemoratus

570 3412 686 3453 sum
713 3394 853 3466 quod
889 3394 1072 3456 audio,
1107 3390 1204 3447 Ubi
1229 3398 1301 3443 est
1332 3388 1470 3442 Deus
1497 3385 1654 3440 tuus?
1679 3392 2000 3438 memoratus
2029 3397 2145 3436 sum

571 3487 724 3553 lucc,
773 3495 820 3540 et
864 3483 1020 3551 effudi
1063 3497 1212 3550 super
1260 3496 1338 3533 me
1378 3479 1600 3531 animam
1647 3489 1829 3527 meam.
1892 3471 2147 3540 Quaereris

572 3580 736 3636 Deum
767 3593 942 3632 meum
962 3620 977 3640 ,
1007 3574 1166 3630 ell'udi
1195 3588 1354 3644 super
1383 3586 1466 3625 me
1491 3569 1721 3622 animam
1753 3581 1922 3620 meam
1946 3605 1960 3628 ,
1998 3573 2055 3618 ut
2079 3563 2144 3617 il-

573 3671 677 3724 lum
705 3669 1052 3736 attingerem;
1087 3680 1192 3718 non
1223 3663 1276 3716 in
1317 3676 1401 3715 me
1431 3657 1682 3714 remansi.
1724 3655 1864 3725 Ergo
1885 3694 1900 3720 ,
1933 3654 2149 3722 Sperate

570 3762 624 3813 in
664 3775 796 3819 eum,
842 3772 989 3810 omne
1027 3754 1297 3807 concilium
1339 3749 1514 3820 plebis.
1569 3745 1829 3812 Elfundite
1857 3761 2026 3798 coram
2058 3743 2146 3796 illo

573 3853 727 3907 corda
755 3861 914 3905 vestra
938 3866 956 3904 :
986 3845 1338 3917 deprecando,
1371 3839 1696 3904 confitendo,
1725 3836 2010 3906 sperando.
2038 3818 2169 3909 Nos;

577 3943 667 3996 lite
701 3941 860 3996 corda
893 3947 1068 3992 vestra
1097 3936 1326 3990 retinere
1357 3934 1489 3993 intra
1517 3927 1680 3984 corda
1705 3937 1881 3980 vestra
1913 3941 1925 3977 :
1957 3915 2171 3994 E/fun-f

575 4034 676 4087 dite
702 4047 870 4085 corum
897 4029 986 4082 illo
1013 4025 1168 4080 corda
1191 4033 1370 4078 vestra.
1394 4021 1508 4076 Non
1537 4020 1672 4090 perit
1697 4015 1835 4086 quod
1859 4000 2171 4069 elTundilis.‘

577 4126 668 4179 Ille
697 4124 835 4178 enim
878 4129 1132 4189 susceptor
1158 4134 1313 4171 meus.
1346 4115 1400 4171 Si
1433 4113 1684 4183 suscipit,
1717 4108 1841 4181 quid
1872 4110 2026 4163 times
2068 4107 2168 4179 eli.

575 4214 831 4271 fundere?
874 4211 1019 4264 .lacta
1051 4210 1101 4263 in
1134 4207 1413 4262 Dominum
1442 4218 1622 4257 curam
1654 4211 1791 4254 tuam
1825 4197 2008 4269 (Psal.
2043 4187 2169 4262 ιιιν,ἵ

576 4307 697 4376 23),
729 4315 781 4360 et
810 4319 963 4374 spera
994 4303 1045 4356 in
1075 4317 1215 4355 etuti.
1252 4297 1511 4366 E/fundite
1551 4311 1721 4347 coram
1748 4291 1836 4345 illo
1866 4291 2018 4344 corda
2041 4288 2167 4374 ves-Q

575 4409 656 4453 tra
687 4415 705 4452 :
735 4396 874 4450 Deus
902 4396 1106 4466 adjutor
1129 4402 1315 4447 noster.
1347 4387 1482 4458 Quid
1515 4386 1707 4441 timetis
1735 4385 1872 4438 inter
1907 4363 2169 4437 susurro:

575 4505 690 4554 nes,
718 4489 1045 4544 detracturos
1082 4486 1190 4539 Deo
1217 4481 1442 4537 odibiles
1464 4480 1482 4550 (
1504 4477 1654 4532 Rom.
1686 4494 1741 4543 ι,
1771 4476 1861 4541 29,
1893 4475 2028 4544 50);
2065 4475 2152 4529 ubi

577 4591 798 4652 possunt
823 4581 995 4650 palam
1025 4583 1408 4648 oppugnantes,
1442 4572 1528 4627 ubi
1561 4586 1666 4624 non
1695 4577 1920 4640 possunt
1946 4567 2154 4622 occulte

579 4673 920 4735 insidiantes;
963 4670 1098 4724 falso
1131 4667 1435 4729 laudantes,
1466 4678 1590 4718 vere
1621 4657 1992 4715 inimicantes?
2020 4659 2156 4712 inter

579 4781 674 4822 eos
699 4765 822 4835 quid
857 4764 1090 4818 timetis?
1117 4761 1254 4816 Deus
1278 4760 1485 4830 adjutor
1514 4766 1698 4810 noster.
1729 4755 1810 4808 An
1841 4753 2157 4808 aemulantur

584 4856 787 4910 Deum?
828 4852 1088 4923 Numquid
1133 4851 1382 4906 fortiores
1427 4847 1519 4900 illo
1565 4844 1728 4900 sunt?
1771 4843 1907 4897 Deus
1955 4842 2160 4912 adjutor

583 4957 789 5008 noster;
815 4946 986 4999 securi
1011 4952 1202 4999 estote.
1232 4941 1286 4994 Si
1318 4941 1453 4993 Deus
1486 4951 1581 5006 pro
1610 4935 1765 4989 nobis
1783 4975 1798 5000 ,
1827 4933 1943 5002 quis
1971 4942 2158 4987 contra

584 5054 682 5094 nos
713 5037 830 5107 (Id.
860 5052 973 5100 vni,
1000 5033 1140 5104 51)?
1169 5031 1430 5100 E/fundite
1453 5043 1624 5084 coram
1651 5027 1740 5080 illo
1775 5025 1932 5079 corda
1961 5035 2152 5091 vestra,

585 5129 941 5184 transilientes
968 5124 1036 5179 ad
1065 5139 1207 5189 eum,
1239 5125 1476 5179 levantes
1505 5119 1715 5174 animas
1743 5123 1946 5170 vestras
1976 5133 1990 5170 :
2022 5113 2162 5169 Deus

585 5221 790 5291 arljutor
816 5226 1004 5272 noster.

658 5312 745 5366 15.
786 5309 936 5383 [vers.
981 5304 1092 5379 10.]
1133 5305 1199 5360 Et
1224 5305 1333 5374 jam
1362 5300 1639 5358 constituti
1670 5299 1721 5354 in
1766 5299 1885 5353 loco
1914 5297 2118 5351 munito
2141 5338 2157 5363 ,

589 5403 640 5456 in
671 5400 803 5456 turri
832 5398 1156 5454 fortitudinis
1183 5411 1210 5450 a
1243 5396 1375 5450 facie
1406 5392 1604 5448 inimici
1633 5432 1651 5457 ,
1695 5387 2023 5443 miscramini
2067 5403 2160 5444 eos

589 5507 722 5560 quos
739 5490 1005 5546 timebatis
1024 5507 1038 5545 :
1055 5503 1268 5544 currere
1291 5487 1433 5542 enim
1451 5483 1657 5539 debetis
1683 5482 1734 5538 in
1762 5479 1870 5536 siti.
1897 5480 2161 5551 Despicite

590 5599 717 5653 ergo
748 5582 993 5650 illosjam
1029 5582 1080 5634 in
1113 5581 1202 5635 illo
1236 5579 1354 5634 loco
1384 5579 1675 5634 constituti,
1715 5585 1760 5624 et
1802 5573 1961 5628 dicite
2002 5590 2016 5626 :
2066 5571 2164 5627 Ve-

595 5683 874 5727 rumtamen
904 5673 1017 5726 uani
1045 5671 1138 5741 ﬁlii
1166 5671 1445 5734 hominum,
1475 5669 1734 5723 mendaces
1762 5669 1854 5739 ﬁlii
1881 5669 2158 5724 hominum.

661 5809 674 5836 ¹
716 5806 847 5862 t'dd.,
870 5804 1086 5854 credere.
1115 5812 1167 5852 Αι
1189 5809 1319 5861 Itss.,
1352 5801 1539 5851 cedere.

1769 349 1825 405 S.
1867 340 2232 403 ΔυθυεοτιΝι
2272 343 2570 402 EPISCOPI

3697 364 3814 422 τιο

2237 459 2353 514 Filii
2393 461 2663 516 hominum
2681 503 2698 528 ,
2739 477 3013 534 usquequo
3046 480 3232 535 graves
3256 469 3456 527 corde?
3483 473 3606 529 Filii
3630 474 3813 534 homi-

2230 567 2354 610 num
2399 554 2538 617 vani,
2572 553 2664 608 lilii
2693 554 2967 609 hominum
2999 558 3316 626 mendaces;
3362 563 3458 618 lilii
3503 564 3810 633 hominum,

2231 643 2414 712 utquid
2458 643 2675 712 diligitis
2723 646 3028 711 vanitatem,
3079 657 3135 703 et
3179 651 3420 720 quaeritis
3469 656 3815 712 mendacium

2236 734 2402 804 (I’sal.
2436 752 2504 799 tv,
2533 736 2612 803 3)?
2635 737 2766 792 Cum
2796 739 3137 796 miseratione
3163 742 3260 797 ista
3287 744 3468 812 dicite,
3515 759 3678 820 atque
3723 766 3820 806 su-

2233 826 2361 895 pite.
2401 826 2456 881 Si
2483 827 2855 894 transiliristis,
2897 829 2941 884 si
2981 829 3201 901 diligitis
3241 834 3484 892 inimicos
3507 849 3741 900 vestros.
3770 842 3819 896 si

2233 916 2512 972 destruere
2540 920 2732 988 cupitis
2757 929 2814 976 ut
2844 921 3142 990 mdiﬁcetis,
3174 924 3220 980 si
3245 941 3365 982 eum
3388 932 3579 986 amatis
3607 935 3696 1003 qui
3723 906 3821 1004 jn-

2232 1007 2374 1064 dicat
2400 1009 2452 1063 in
2494 1011 2761 1080 gentibus,
2788 1021 2843 1068 et
2868 1014 3037 1082 replet
3065 1016 3244 1072 ruinas
3271 1017 3442 1090 (Psal.
3472 1036 3581 1088 eis,
3613 1023 3668 1093 6)
3693 1041 3712 1089 ;
3747 1025 3821 1078 ita

2207 1101 2317 1158 .bis
2347 1101 2444 1155 ista
2475 1100 2633 1156 dicite
2657 1140 2673 1167 ,
2726 1118 2832 1158 non
2858 1103 2987 1172 odio
3008 1105 3267 1164 habentes
3289 1150 3306 1175 ,
3354 1126 3460 1165 non
3492 1113 3686 1168 malum
3720 1129 3822 1183 pro

2235 1191 2375 1246 malo
2404 1192 2686 1248 reddentes
2712 1195 2729 1264 (
2755 1195 2907 1250 Rom.
2937 1213 3033 1263 ut,
3067 1198 3133 1252 17
3158 1196 3200 1268 ).
3229 1199 3501 1256 Mendaces
3527 1204 3622 1272 ﬁlii
3648 1205 3820 1258 homi-

2235 1299 2355 1336 num
2391 1284 2441 1337 in
2467 1284 2687 1349 stateris,
2711 1295 2764 1339 ut
2787 1286 3042 1355 decipiant
3081 1289 3183 1357 ipsi
3203 1288 3267 1345 de
3302 1292 3522 1346 uanitate
3559 1295 3611 1348 in
3635 1311 3820 1352 unum.

2234 1372 2392 1428 Certe
2418 1373 2570 1429 multi
2596 1385 2761 1430 sunt:
2809 1391 2933 1432 ecce
2958 1386 3038 1433 est
3068 1377 3161 1434 ille
3191 1395 3361 1446 unus,
3409 1398 3545 1442 iuius
3589 1386 3680 1444 ille
3726 1390 3822 1456 qui

2236 1465 2504 1535 projectus
2522 1477 2603 1521 est
2621 1467 2688 1522 de
2710 1468 2859 1524 turba
2881 1470 3276 1525 convivantium
3303 1472 3517 1548 (Matth.
3541 1495 3674 1543 χιιι.
3703 1479 3822 1548 13).

2236 1558 2572 1628 Conspirant,
2600 1575 2788 1616 attines
2813 1563 3122 1632 temporalia
3150 1580 3415 1639 quan-unt,
3462 1573 3659 1642 quique
3698 1590 3828 1628 car-

2237 1650 2388 1706 nales
2409 1651 2663 1719 causalis,
2687 1661 2740 1708 ct
2767 1654 2818 1708 in
2845 1655 3077 1714 l'nturuén
3106 1669 3320 1729 sperant
3347 1664 3666 1734 quicumque
3688 1681 3824 1734 spc-

2238 1751 2362 1800 rant
2397 1760 2414 1798 τ
2459 1744 2560 1800 etsi
2601 1745 2671 1800 de
2714 1746 3026 1820 opinionum
3053 1753 3311 1810 varietate
3339 1754 3392 1809 in
3418 1756 3720 1819 diversum.
3751 1759 3826 1814 de

2240 1835 2472 1894 vanitate
2496 1840 2756 1896 tamenin
2779 1857 2944 1896 unum
2965 1851 3110 1897 sunt.
3143 1843 3353 1900 Diversi
3371 1847 3588 1916 quidem
3607 1863 3825 1904 errores

2245 1937 2295 1982 at
2322 1929 2692 1997 multiformes,
2727 1938 2786 1986 es
2813 1947 3036 2003 regnum
3057 1933 3344 1991 adversm
3369 1951 3429 1992 se
3453 1936 3680 1993 divisum
3712 1955 3824 1994 non

2243 2021 2400 2077 stabit
2439 2021 2460 2093 (
2479 2019 2566 2077 Id.
2599 2038 2672 2076 xu
2694 2064 2710 2089 ,
2737 2023 2854 2093 25)
2893 2042 2910 2079 :
2953 2025 3048 2082 sed
3081 2025 3272 2083 similis
3299 2029 3548 2086 «nuituis
3574 2031 3826 2088 voluntas

2244 2126 2377 2166 vana
2401 2121 2455 2166 et
2477 2111 2726 2179 mendax,
2758 2115 3030 2184 pertinens
3053 2115 3120 2170 ad
3146 2133 3308 2174 unum
3337 2133 3538 2188 regent,
3564 2136 3688 2177 cum
3713 2137 3826 2192 quo

2246 2201 2296 2256 in
2327 2202 2498 2273 ignem
2528 2213 2785 2259 mternum
2815 2206 3186 2276 praecipitanda
3217 2216 3299 2262 est
3339 2207 3468 2280 (Id.
3498 2227 3634 2278 xxv,
3659 2211 3724 2268 M
3752 2212 3776 2284 )
3806 2231 3824 2266 :

2249 2290 2355 2362 Ipsi
2384 2292 2447 2348 de
2471 2294 2688 2349 vanitate
2714 2295 2766 2349 in
2795 2312 2972 2352 unum.

2318 2385 2406 2440 16.
2449 2385 2610 2457 Iners.
2645 2387 2756 2461 11.]
2796 2387 2864 2442 Ει
2911 2389 3031 2443 illos
3073 2390 3249 2446 videte
3289 2391 3411 2462 quia
3457 2393 3597 2458 sitit;
3644 2394 3832 2452 ridete

2251 2477 2372 2546 quia
2402 2479 2568 2532 currit
2595 2480 2647 2534 in
2671 2480 2782 2534 siti.
2813 2480 3091 2537 Convertit
3117 2498 3244 2552 ergo
3267 2499 3326 2540 se
3362 2483 3427 2538 ad
3453 2484 3601 2549 illos,
3631 2485 3830 2541 sitiens

2246 2581 2340 2621 eos
2365 2586 2380 2621 :
2412 2566 2584 2622 Nolite
2611 2585 2816 2638 sperare
2840 2587 2990 2641 super
3015 2571 3347 2640 iniquitatem.
3391 2573 3521 2628 Nam
3551 2589 3675 2644 spes
3701 2590 3828 2631 mea

2249 2658 2302 2712 in
2334 2658 2444 2713 Deo
2468 2669 2568 2716 est.
2603 2659 2776 2715 Nolite
2799 2678 3003 2731 sperare
3043 2679 3196 2733 super
3220 2664 3552 2733 iniquitatem.
3600 2667 3704 2720 Vos
3733 2669 3828 2736 qui

2247 2767 2353 2806 non
2381 2753 2538 2807 vultis
2563 2754 2819 2808 accedere
2847 2763 2900 2808 et
2926 2755 3192 2810 transilire
3211 2797 3227 2823 ,
3263 2757 3417 2811 nolite
3437 2773 3643 2826 sperare
3675 2775 3830 2829 super

2249 2844 2572 2915 iniquitatem.
2625 2843 2738 2914 Ego
2787 2844 2928 2900 enim
2977 2846 3065 2915 qui
3113 2845 3394 2912 transilivi,
3436 2861 3562 2916 spes
3606 2862 3725 2901 mea
3775 2849 3828 2902 in

2252 2935 2359 2990 Deo
2383 2952 2397 2990 :
2427 2945 2480 2990 et
2507 2935 2756 3005 numquid
2786 2936 3034 3016 iniquitas
3059 2944 3142 2991 est
3163 2936 3302 3006 apud
3330 2936 3499 2991 Deum
3527 2937 3718 3008 (Rom.
3750 2953 3828 3004 tr,

2250 3028 2393 3100 ﬂ)?
2436 3027 2610 3083 Nolite
2633 3045 2835 3100 sperare
2862 3045 3016 3098 super
3044 3029 3374 3100 iniquitatem.
3411 3029 3520 3084 Iloc
3551 3028 3824 3094 faciamus,

2250 3123 2372 3178 illud
2398 3123 2669 3188 faciamus,
2700 3123 2827 3177 illud
2856 3124 3168 3194 cogitemus,
3196 3125 3272 3179 sic
3301 3125 3518 3180 insidias
3541 3138 3830 3192 compona-

2249 3229 2396 3279 mus;
2429 3215 2496 3270 de
2539 3215 2768 3270 vanitate
2812 3215 2866 3270 in
2908 3230 3092 3270 unum.
3142 3215 3220 3270 Tu
3249 3216 3366 3270 sitis
3397 3233 3412 3272 :
3444 3220 3531 3285 qui
3563 3225 3748 3270 coiitra
3779 3225 3832 3268 te

2249 3308 2345 3362 ista
2390 3309 2626 3377 cogitant
2664 3309 2704 3373 ¹,
2739 3307 2807 3362 ab
2855 3308 2935 3363 eis
2963 3323 3097 3378 quos
3123 3307 3260 3363 bibis
3289 3307 3606 3378 produntur.
3657 3306 3832 3360 Nolite

2247 3415 2450 3464 sacrare
2479 3416 2632 3469 super
2656 3401 2987 3471 iniquitatem.
3014 3400 3156 3454 Vana
3182 3408 3266 3454 est
3286 3400 3556 3470 iniquitas,
3585 3400 3712 3453 nihil
3746 3408 3833 3454 est

2249 3493 2532 3563 iniquitas;
2564 3501 2752 3561 potens
2795 3508 2899 3547 non
2937 3502 3022 3547 est
3053 3493 3150 3547 nisi
3178 3492 3402 3562 justitia.
3431 3493 3698 3547 Occultari
3732 3510 3830 3559 po-

2248 3592 2352 3638 test
2377 3583 2442 3636 ad
2473 3593 2680 3651 tempus
2708 3582 2938 3646 veritas;
2966 3583 3100 3638 vinci
3131 3599 3234 3638 non
3267 3592 3458 3652 potest.
3489 3581 3704 3636 Florere
3737 3597 3833 3650 po-

2250 3683 2354 3728 test
2395 3672 2462 3727 ad
2518 3683 2723 3741 tempus
2773 3672 3060 3742 iniquitas,
3111 3688 3425 3743 permanere
3475 3687 3579 3726 non
3628 3681 3830 3742 potest.

2250 3764 2425 3820 Nolite
2466 3784 2550 3831 spe
2579 3782 2668 3818 are
2715 3782 2863 3834 super
2904 3766 3215 3836 iniquitatem
3254 3781 3272 3820 :
3314 3776 3362 3819 et
3403 3766 3454 3819 in
3495 3767 3733 3835 rapinam
3771 3782 3834 3818 ne

2248 3858 2627 3922 concupiscatis.
2658 3856 2772 3911 Non
2803 3870 2862 3911 es
2910 3855 3090 3921 dives,
3117 3863 3173 3910 et
3209 3870 3398 3924 rapere
3423 3855 3542 3911 vis?
3582 3854 3719 3920 Quid
3752 3855 3835 3909 in-

2248 3947 2435 4002 venis?
2461 3946 2587 4017 quid
2619 3946 2837 4016 perdis?
2863 3945 2907 4001 Ο
2936 3947 3081 4000 lucra
3109 3945 3399 4000 damnosa!
3431 3944 3641 4000 lnvenis
3672 3961 3835 4014 pecu.

2250 4041 2427 4105 niam;
2470 4039 2648 4109 perdis
2685 4039 2969 4108 justitiam.
3001 4037 3069 4092 In
3099 4039 3333 4107 rapinam
3357 4055 3419 4092 ne
3445 4039 3832 4107 concupiscatis.

2251 4133 2460 4202 Pauper
2483 4145 2622 4198 sum,
2669 4146 2772 4185 non
2806 4130 2998 4184 habeo.
3033 4129 3154 4185 Ideo
3182 4146 3371 4199 rapere
3398 4130 3522 4185 vis?
3560 4129 3697 4197 Quid
3742 4146 3834 4184 ra-

2253 4225 2399 4294 pias,
2442 4223 2590 4277 vides
2631 4239 2645 4277 :
2678 4240 2706 4275 a
2752 4225 2857 4293 qu'o
2885 4222 3132 4292 rapiaris,
3158 4237 3263 4276 non
3292 4221 3480 4275 vides?
3509 4221 3694 4274 Nescis
3723 4221 3831 4274 cir-

2252 4316 2398 4369 cuire
2424 4314 2693 4368 inimicum
2719 4320 2967 4382 tauquam
2999 4313 3207 4367 leonem
3247 4312 3562 4380 rugientem,
3601 4321 3658 4364 et
3688 4327 3838 4379 qua»

2255 4414 2457 4462 reutem
2483 4403 2608 4474 quid
2640 4403 2808 4473 rapiat
2833 4403 2889 4474 (1
2920 4403 3059 4458 Petr.
3102 4419 3158 4468 v,
3200 4402 3306 4474 8)?
3344 4403 3526 4458 Prteda
3557 4402 3643 4457 illa
3673 4418 3837 4473 quam

2169 4559 2174 4568 ,
2257 4500 2336 4554 vis
2361 4512 2566 4567 rapere,
2597 4497 2647 4550 in
2671 4495 2964 4564 muscipula
2987 4504 3068 4550 est
3091 4518 3106 4556 ;
3131 4504 3300 4560 lenes,
3328 4504 3383 4548 et
3409 4495 3627 4548 teneris.
3662 4494 3717 4547 In
3750 4508 3836 4548 ra-

2259 4590 2432 4647 ninam
2448 4603 2575 4658 ergo
2591 4603 2654 4641 ne
2670 4587 3032 4655 concupiscas.
3049 4601 3082 4639 ο
3096 4587 3315 4655 pauper!
3331 4585 3423 4640 sed
3440 4585 3766 4654 concupisce
3787 4585 3839 4640 in

2263 4684 2424 4736 Deum
2451 4681 2539 4750 qui
2570 4688 2783 4749 praestat
2810 4680 2961 4733 nobis
2990 4679 3168 4733 omnia
3192 4677 3523 4733 abundanter
3549 4678 3614 4732 ad
3648 4677 3838 4732 fruen-

2254 4773 2383 4835 lum
2411 4773 2466 4842 (1
2496 4771 2628 4825 Tim.
2659 4787 2731 4837 γι,
2765 4770 2888 4841 17).
2925 4771 3112 4826 Pascet
3137 4779 3187 4824 te
3210 4771 3297 4839 qui
3328 4769 3448 4824 fecit
3490 4777 3561 4822 te.
3593 4768 3698 4836 Qui
3744 4784 3840 4838 pa-

2267 4868 2362 4922 scit
2387 4866 2669 4928 latronem,
2698 4877 2804 4917 non
2834 4871 3014 4931 pascet
3038 4860 3416 4915 innocentem?
3445 4859 3636 4913 Pascet
3673 4867 3724 4913 te
3755 4859 3846 4928 qui

2259 4959 2427 5013 solem
2455 4970 2610 5012 suum
2635 4954 2764 5008 oriri
2790 4952 2913 5007 facit
2936 4967 3097 5022 super
3124 4952 3294 5006 bonos
3317 4959 3374 5006 et
3402 4951 3589 5012 malos,
3622 4961 3681 5006 et
3713 4952 3851 5020 pluit

2262 5064 2422 5119 super
2453 5046 2626 5116 iustos
2668 5053 2724 5099 et
2767 5043 2994 5113 injustas
3042 5040 3266 5112 (Matth.
3311 5055 3367 5107 v,
3413 5040 3527 5109 45).
3571 5039 3627 5095 Si
3676 5041 3852 5109 pascit

2274 5137 2614 5201 ‘lamnandos,
2645 5149 2750 5189 non
2777 5141 2962 5204 pascet
2988 5129 3330 5186 liberandos?
3357 5131 3496 5201 Ergo
3520 5131 3572 5184 in
3598 5131 3851 5200 rapinam

2283 5232 2372 5287 ioli
2397 5227 2797 5298 concupiscere.
2832 5224 3039 5280 Dictum
3065 5233 3148 5277 est
3185 5221 3288 5277 hoc
3325 5223 3566 5292 pauperi,
3601 5221 3857 5277 fortassis

2299 5322 2461 5392 liquid
2490 5322 2558 5376 de
2589 5318 2904 5375 necessitate
2931 5325 3167 5386 rapturo.
3203 5316 3360 5371 Dives
3386 5313 3641 5384 procedat
3673 5331 3688 5367 :
3731 5313 3853 5368 Non

2302 5415 2436 5471 abeo
2464 5428 2584 5484 ego,
2613 5410 2802 5480 inquit,
2835 5409 3209 5464 necessitatem
3238 5405 3476 5476 rapiendi
3509 5423 3522 5458 :
3555 5405 3690 5460 nihil
3718 5406 3856 5461 mihi

2277 5506 2447 5568 ieest;
2472 5501 2742 5558 abundant
2761 5499 2964 5554 omnia.
2988 5498 3056 5552 Et
3076 5508 3129 5552 tu
3155 5498 3275 5554 audi
3299 5517 3311 5552 :
3333 5497 3596 5551 Divititesi
3625 5499 3855 5562 ‘luant’,

2285 5615 2330 5652 ie
2355 5595 2626 5665 apponatis
2651 5609 2756 5646 cor.
2791 5591 2884 5646 llle
2909 5605 3013 5645 non
3045 5589 3237 5650 habet;
3266 5589 3367 5643 iste
3393 5587 3553 5642 habet
3579 5603 3593 5642 :
3625 5588 3718 5644 ille
3747 5603 3859 5642 non

2335 5734 2354 5764 ί
2385 5738 2492 5780 MSS.
2520 5729 2767 5791 plerique:
2790 5736 2854 5791 7_‘u
2876 5727 2956 5778 siti
2978 5725 3060 5791 qui
3080 5730 3242 5776 contra
3264 5723 3353 5775 ista
3377 5721 3601 5786 cogitent.

2336 5795 2358 5825 ³
2391 5789 2578 5853 Aliquot
2603 5789 2726 5848 tiss,
2750 5789 2959 5854 omnem.
