4038 6470
182 405 280 460 7H

183 525 389 589 quirem
413 529 607 586 rapere
630 509 772 585 quod
799 527 904 567 non
934 509 1092 566 habet
1115 527 1130 574 ;
1161 510 1259 565 istc
1283 523 1390 564 non
1419 516 1650 578 apponat
1674 520 1768 560 eor

185 609 244 662 in
268 621 336 662 eo
367 605 514 675 quod
545 605 724 659 habet.
771 601 976 656 Divitia:
1010 601 1054 654 si
1079 602 1269 670 ﬂama,
1302 599 1353 654 id
1381 608 1463 653 est
1482 639 1498 665 ,
1526 597 1570 652 si
1600 612 1772 652 exun-

184 698 332 762 dent,
380 706 635 766 tanquam
675 695 741 748 de
779 691 926 747 fonte
949 701 1184 746 currant.
1231 688 1313 744 Ne
1339 689 1607 758 apponatis
1631 703 1719 740 cor
1752 701 1772 740 :

187 789 298 844 noli
322 788 391 844 de
420 797 473 843 te
497 800 845 858 praesumere,
871 783 976 838 noli
1006 783 1076 837 ibi
1101 793 1151 836 te
1172 781 1334 851 ﬁgere
1359 798 1372 835 :
1395 790 1540 835 certe
1566 779 1649 834 vel
1670 778 1774 834 hoc

187 883 316 935 time
337 921 354 947 ,
386 879 594 933 Divitiis
619 879 664 932 si
695 877 878 946 ﬂuant.
913 874 1030 930 Non
1060 872 1209 928 vides
1235 872 1358 942 quia
1388 871 1434 926 si
1462 871 1533 925 ibi
1559 885 1653 925 eor
1679 884 1772 940 po-

186 971 385 1036 sueris,
413 979 469 1025 et
496 979 549 1024 tu
577 967 746 1022 ﬂues?
779 967 933 1020 Dives
958 979 1038 1028 es,
1069 973 1121 1020 et
1151 978 1277 1018 ecce
1301 962 1410 1032 jam
1443 977 1548 1016 non
1574 974 1770 1016 concu-

187 1064 348 1133 piscis
373 1061 553 1116 adhuc
587 1059 781 1114 habere
800 1099 816 1121 ,
843 1061 967 1128 quia
998 1055 1160 1110 multa
1202 1054 1362 1109 habes
1392 1071 1405 1108 :
1434 1052 1591 1117 audi,
1622 1051 1771 1106 Prte-

187 1157 295 1225 εὗρε
319 1152 561 1206 diuitibus
585 1151 739 1221 hujus
777 1149 950 1202 mundi
973 1164 1073 1202 non
1095 1145 1303 1215 superbe
1326 1160 1516 1214 sapere.
1551 1143 1618 1198 Et
1644 1141 1768 1212 quid

186 1255 288 1310 est,
321 1244 406 1299 Ne
432 1245 701 1314 apponatis
727 1242 854 1296 cor?
886 1238 1062 1310 Neque
1099 1255 1301 1309 sperare
1329 1237 1382 1291 in
1421 1237 1610 1290 incerto
1640 1235 1771 1288 divi-

189 1338 374 1390 tiarum
398 1334 446 1404 (l
475 1333 612 1388 Tim.
643 1350 712 1399 vi,
743 1332 852 1401 l7).
887 1333 1045 1400 Ergo,
1077 1329 1277 1384 Divitiis
1302 1329 1348 1382 si
1375 1329 1557 1398 ﬂuant,
1588 1343 1650 1380 ne
1673 1343 1767 1393 apo

189 1427 392 1499 ponatis
419 1443 528 1490 cor,
556 1441 622 1480 ne
649 1425 701 1478 in
726 1422 923 1478 divitiis
950 1421 1248 1486 eonﬁdatis,
1280 1435 1384 1474 non
1414 1418 1766 1488 prmsumatis,

191 1534 293 1572 non
321 1518 590 1588 speretis;
621 1531 689 1570 ne
728 1516 934 1571 dicatur
975 1531 990 1568 :
1034 1513 1165 1568 Ecce
1191 1513 1339 1566 homo
1362 1511 1450 1584 qui
1475 1527 1575 1564 non
1605 1510 1772 1580 posuit

193 1607 353 1661 Deum
405 1607 694 1677 adjutorem
738 1621 922 1670 suum;
965 1604 1055 1658 sed
1096 1603 1313 1674 speravit
1356 1603 1412 1655 in
1453 1600 1773 1655 multitudine

190 1698 480 1752 divitiora»:
509 1712 752 1762 suarum,
785 1703 833 1749 et
859 1694 1119 1765 prwvaluit
1147 1694 1202 1746 in
1229 1693 1449 1746 vanitate
1470 1707 1564 1745 sua
1595 1690 1767 1762 (Psal.

191 1806 262 1856 ιι,
286 1791 368 1860 9).
404 1771 567 1858 Ergo,
589 1788 710 1842 vani
741 1787 833 1842 lilii
858 1786 1150 1848 hominum,
1176 1783 1458 1838 mendaces
1483 1782 1573 1836 lilii
1602 1782 1771 1836 homi-

193 1895 344 1942 num,
381 1894 560 1949 neque
587 1877 823 1947 rapiatis,
850 1890 1023 1947 neque
1049 1875 1092 1929 si
1120 1872 1281 1927 ﬁuant
1311 1872 1528 1936 divitiae,
1556 1886 1651 1926 cor
1678 1886 1773 1942 ap-

190 1970 436 2040 ponatis;
470 1984 575 2022 non
598 1968 708 2036 jam
733 1967 1022 2022 vanitatem
1048 1965 1315 2035 diligatis,
1349 1972 1402 2019 et
1435 1963 1769 2018 mendacium

189 2062 462 2130 quaeratis.
507 2060 698 2115 Beatus
736 2058 879 2113 enim
914 2057 1065 2127 cujus
1089 2064 1172 2110 est
1203 2053 1456 2109 Dominus
1483 2055 1620 2108 Deus
1647 2067 1772 2124 spes

190 2154 328 2222 ejus,
357 2163 414 2207 et
442 2169 546 2206 non
573 2151 808 2223 respexit
835 2151 886 2204 in
915 2149 1178 2204 vanitates
1203 2156 1256 2203 et
1287 2147 1522 2202 insanias
1548 2147 1769 2201 menda-

191 2259 278 2299 ces
308 2243 482 2316 (Psal.
514 2259 705 2308 xxxix,
734 2239 810 2314 5).
838 2243 1091 2311 Decipere
1124 2239 1303 2307 vultis,
1342 2239 1579 2294 fraudem
1611 2240 1772 2293 vultis

193 2334 398 2397 facere;
440 2333 565 2403 quid
595 2332 796 2387 aﬂertis
822 2341 881 2387 ut
907 2331 1221 2401 decipiatis?
1259 2330 1495 2384 Statcras
1536 2329 1766 2384 dolosas.

195 2422 468 2478 lendaces
513 2423 678 2485 enim,
726 2422 916 2492 inquit,
961 2423 1058 2490 ﬁlii
1100 2421 1356 2474 hominum
1386 2421 1438 2473 in
1467 2420 1682 2485 stateris,
1715 2426 1772 2472 ut

193 2516 464 2584 decipiant
490 2513 810 2586 proferendo
836 2523 1060 2568 stateras
1085 2512 1316 2568 dolosas.
1344 2511 1502 2566 Falso
1526 2510 1771 2564 examine

193 2607 370 2662 l’alﬁtis
407 2606 676 2660 intuentes
714 2621 728 2658 :
769 2605 987 2659 nescitis
1015 2603 1176 2657 alium
1204 2617 1323 2657 esse
1357 2601 1446 2671 qui
1481 2601 1766 2671 appendit,

191 2699 350 2753 alium
377 2699 468 2768 qui
496 2697 564 2753 de
609 2696 841 2767 pondere
864 2696 1104 2766 iudicat?
1146 2695 1262 2750 Non
1306 2694 1449 2749 videt
1475 2695 1561 2750 cui
1593 2703 1644 2748 tu
1671 2708 1770 2764 ap-

191 2790 413 2860 pendis;
442 2788 536 2844 sed
564 2788 703 2843 videt
723 2789 811 2858 qui
842 2797 892 2842 te
914 2797 966 2842 et
997 2788 1168 2856 ipsum
1197 2785 1472 2855 appendit.
1499 2785 1640 2856 Ergo
1663 2801 1767 2838 non

192 2880 473 2940 fraudem,
521 2894 627 2934 n0n
671 2880 909 2948 rapinam
957 2877 1378 2947 concupiscatis;
1428 2891 1534 2930 non
1579 2875 1632 2929 in
1686 2875 1769 2930 his

193 2989 308 3042 quae
334 2972 546 3027 habetis
571 2985 720 3042 spem
762 2971 971 3040 ponatis
997 2986 1013 3026 :
1044 2970 1260 3038 monui,
1291 2968 1540 3039 praedixi,
1571 2966 1645 3023 ait
1671 2967 1770 3024 istc

195 3062 427 3119 ldithutt.

263 3155 350 3209 i7.
393 3154 546 3226 [vers.
582 3151 822 3225 12,415.]
861 3151 998 3219 Quid
1040 3152 1317 3223 sequitur?
1366 3151 1536 3207 Semel
1577 3151 1770 3205 locutus

195 3257 260 3302 est
286 3246 445 3311 Deus,
478 3247 580 3299 duo
610 3246 716 3300 Iuec
741 3245 909 3299 audivi
925 3262 942 3309 ;
968 3245 1204 3314 quoniam
1236 3253 1455 3314 potestas
1478 3242 1577 3296 Dei
1600 3253 1695 3308 est,
1725 3253 1770 3298 et

196 3337 297 3402 tibi,
337 3336 576 3402 Domine,
617 3337 962 3390 misericordia
1000 3351 1018 3389 :
1057 3339 1175 3406 quia
1203 3346 1257 3390 tu
1299 3336 1474 3390 reddes
1507 3337 1771 3403 unicuique

194 3430 462 3482 secundum
485 3443 640 3496 opera
665 3445 774 3482 sua.
803 3428 941 3482 Dixit
967 3427 1196 3492 ldithuu,
1223 3428 1398 3481 sonuit
1423 3427 1486 3482 de
1510 3428 1639 3494 alto,
1665 3443 1770 3498 quo

198 3504 511 3584 transilivit;
547 3519 748 3573 audivit
773 3520 843 3574 ibi
874 3519 1147 3588 quiddam,
1181 3529 1234 3572 ct
1263 3518 1394 3572 dixit
1433 3518 1586 3573 nobis
1630 3537 1642 3572 ε
1677 3517 1768 3573 sed

196 3612 522 3681 aliquantum
565 3610 617 3664 in
664 3610 766 3664 hoc
793 3610 934 3679 quod
965 3608 1117 3663 nobis
1142 3609 1274 3663 dixit
1317 3610 1621 3679 perturbor,
1665 3608 1772 3664 l'ra-

196 3712 326 3766 tres;
351 3711 404 3755 et
431 3701 605 3755 donec
626 3701 895 3755 vobiscum
925 3701 1258 3770 participem,
1298 3700 1379 3753 vel
1412 3701 1769 3768 perturbatio-

197 3809 330 3857 nem,
358 3795 441 3849 vel
467 3793 698 3862 aliquam
732 3793 1133 3862 respirationem
1165 3807 1359 3858 meam,
1405 3793 1636 3848 intentos
1675 3808 1770 3848 vos

200 3886 334 3938 volo.
383 3883 595 3939 Etenim
626 3883 896 3939 Psalmum
927 3884 993 3937 ad
1024 3885 1308 3937 terminum
1339 3884 1587 3938 duximus
1615 3884 1770 3953 adju-

196 3985 346 4029 vante
375 3973 606 4029 Domino
635 3991 648 4028 :
673 3982 792 4043 post
818 3973 930 4028 lucc
952 3989 1072 4044 qua:
1091 3973 1280 4027 dicturi
1308 3989 1513 4041 sumus,
1539 3991 1641 4028 non
1686 3991 1770 4031 re-

197 4076 290 4122 ttat
317 4066 517 4136 aliquid
546 4066 685 4135 quod
715 4065 782 4120 de
805 4065 903 4120 hoc
943 4066 1166 4120 ulterius
1204 4081 1547 4135 exponamus.
1594 4067 1771 4138 Itaque

199 4159 488 4213 aduitimini
523 4174 752 4221 meeum,
785 4166 958 4212 utrum
987 4158 1252 4227 possimus
1295 4158 1589 4227 intelligere
1622 4158 1720 4212 hoc
1753 4176 1768 4212 :

201 4257 246 4300 et
268 4249 309 4302 si
337 4263 445 4302 non
474 4258 712 4317 potuero,
757 4258 811 4303 et
851 4248 1095 4317 intelligit
1132 4246 1322 4316 aliquis
1361 4257 1591 4302 vestrum
1630 4248 1769 4318 quod

202 4353 291 4408 ego
328 4354 438 4393 non
487 4353 738 4407 possum;
783 4338 1027 4409 gaudebo
1079 4339 1254 4408 potius
1299 4353 1454 4407 quam
1503 4339 1766 4393 invidebo.

201 4427 421 4492 Omnino
453 4429 776 4498 investigare
802 4429 1017 4483 dilﬁeile
1043 4436 1126 4483 est
1155 4427 1596 4496 quemadmodum
1627 4429 1770 4496 posi-

211 4526 301 4573 tum
325 4522 395 4575 sit
425 4522 591 4590 prius,
620 4521 786 4575 Semel
811 4522 1008 4574 locutus
1027 4529 1098 4573 est
1125 4519 1300 4584 Dens;
1325 4519 1516 4574 deinde
1537 4536 1655 4575 cum
1686 4523 1772 4578 ille

199 4613 357 4666 semel
387 4615 598 4666 loeutus
629 4623 730 4677 est,
763 4627 863 4681 ego
890 4612 991 4665 duo
1021 4611 1211 4665 audiui.
1259 4610 1314 4666 Si
1341 4611 1481 4665 enim
1525 4611 1726 4668 diceret
1754 4655 1770 4680 ,

207 4701 369 4756 Semel
400 4703 610 4768 locutus
638 4711 720 4756 est
751 4703 910 4766 Deus,
944 4719 1104 4756 unum
1135 4703 1233 4756 hoc
1257 4701 1466 4767 audivi;
1501 4702 1776 4758 videbatur

211 4806 396 4861 partem
419 4792 730 4863 qurcstionis
752 4794 908 4862 hujus
928 4795 1304 4862 amputavissc,
1326 4803 1381 4847 ut
1404 4795 1774 4851 tantummodo

205 4899 558 4953 quaereremus
580 4885 705 4955 quid
734 4887 824 4950 sit,
867 4886 1037 4940 Semel
1077 4886 1272 4940 locutus
1315 4897 1388 4941 est
1427 4885 1582 4944 Deus.
1625 4888 1775 4944 Nunc

205 4989 321 5031 vero
344 4975 623 5048 quarsituri
649 4990 856 5040 sumus,
897 4985 951 5030 et
985 4975 1112 5046 quid
1138 4977 1234 5040 sit,
1264 4975 1434 5031 Semel
1469 4977 1668 5032 locutus
1703 4990 1776 5033 est

214 5065 378 5133 Deus;
409 5077 464 5123 et
487 5067 612 5138 quid
639 5067 728 5135 sit,
757 5068 860 5122 duo
885 5068 991 5122 lucc
1018 5068 1206 5134 audivi,
1234 5083 1354 5123 cum
1382 5070 1547 5124 semel
1580 5071 1664 5126 ille
1691 5071 1773 5126 lo-

210 5167 350 5213 cutus
377 5161 466 5213 sit.

277 5248 356 5302 18.
400 5248 569 5302 Semel
599 5248 794 5303 locutus
836 5259 908 5303 est
949 5265 1104 5319 oens.
1155 5249 1292 5316 Quid
1337 5249 1487 5315 dicis,
1535 5251 1776 5307 ldithun?

213 5335 264 5389 Si
303 5348 354 5392 tu
393 5340 627 5409 loqueris
671 5341 759 5410 qui
806 5340 1132 5394 transilivisti
1171 5355 1264 5394 eos
1307 5359 1320 5394 :
1371 5340 1538 5396 Semel
1577 5344 1774 5398 locutus

212 5429 318 5481 est?
359 5430 466 5500 Ego
509 5431 839 5499 Scripturam
879 5432 1035 5485 aliam
1075 5433 1318 5497 consulo,
1355 5444 1408 5488 et
1447 5433 1572 5488 dicit
1604 5435 1773 5489 mihi:

217 5515 386 5574 Multis
425 5521 650 5591 partibus
675 5562 692 5588 ,
733 5531 779 5575 et
818 5522 990 5576 multis
1029 5523 1189 5577 modis
1239 5523 1359 5576 olim
1407 5523 1540 5579 Deus
1582 5525 1777 5580 locutus

220 5619 283 5661 :st
324 5614 545 5678 patribus
593 5614 645 5667 in
688 5614 956 5683 Prop/telis
994 5613 1200 5684 (Hebr.
1243 5631 1300 5682 t,
1343 5613 1432 5687 1).
1479 5616 1613 5685 Quid
1653 5627 1734 5672 est
1759 5659 1775 5683 ,

218 5697 374 5756 Semel
414 5703 612 5758 locutus
650 5714 723 5758 est
751 5705 925 5760 Deus?
961 5705 1148 5761 Nonne
1183 5705 1271 5760 ille
1308 5716 1390 5760 est
1419 5706 1576 5774 Deus,
1605 5708 1692 5778 qui
1725 5709 1775 5761 in

221 5791 501 5859 primordio
544 5797 756 5867 generis
795 5796 1008 5854 |inmani
1063 5795 1270 5852 locutus
1320 5807 1394 5851 cst
1451 5798 1514 5851 ad
1573 5799 1778 5854 Adam?

1308 392 1706 452 ENARBATIO
1742 391 1807 447 1N
1846 391 2169 447 PSALMUM
2211 391 2348 447 LXI.
3345 399 3450 456 περ,

1881 503 2068 560 Nonne
2115 505 2254 560 idem
2300 505 2413 576 ipse
2440 506 2650 579 locutus
2691 518 2774 564 est
2811 509 2878 564 ad
2919 511 3084 578 Cain,
3113 513 3178 568 ad
3209 513 3357 581 Noe,
3385 515 3450 571 ad

1877 595 2168 659 Abraham,
2194 597 2259 649 ad
2290 596 2453 662 Isaac,
2483 598 2548 652 ad
2575 598 2771 666 Iacob,
2813 601 2879 654 ad
2923 602 3214 672 Prophetas
3241 621 3449 668 omnes.

1876 695 1929 739 et
1955 687 2020 741 ad
2045 687 2300 759 Moysen?
2326 688 2475 745 Unus
2503 701 2620 746 erat
2648 690 2888 762 Moyses;
2911 703 2966 748 et
2992 698 3201 764 quoties
3236 699 3301 752 ad
3328 716 3450 754 eum

1875 775 2084 832 locutus
2110 788 2191 833 est
2221 779 2400 834 Deus?
2426 781 2563 836 Ecce
2591 780 2752 836 etiam
2777 781 2865 836 uni
2888 797 2992 838 non
3022 789 3210 852 semel,
3235 789 3329 842 sed
3345 804 3449 843 se-

1876 867 1996 935 pius
2029 867 2236 922 locutus
2275 879 2359 924 est
2388 870 2546 924 Deus.
2580 869 2777 926 Deinde
2806 873 3016 929 locutus
3043 885 3126 929 est
3159 876 3224 930 ad
3260 877 3450 934 Filium

1876 957 1961 1012 hic
1989 960 2218 1028 positum
2253 979 2268 1015 :
2298 958 2374 1013 Tu
2400 977 2452 1015 es
2474 959 2642 1016 Filius
2675 979 2816 1018 meus
2846 963 3059 1019 dilectus
3100 964 3122 1040 (
3152 964 3339 1020 Matth.
3373 986 3450 1030 ιιι.

1875 1052 1940 1106 17
1969 1050 2012 1124 ).
2043 1051 2274 1108 Locutus
2303 1064 2385 1108 est
2409 1054 2548 1110 Deus
2569 1055 2857 1126 Apostolis,
2885 1056 3089 1112 locutus
3111 1069 3190 1114 est
3209 1061 3453 1116 omnibus

1873 1142 2086 1207 sanctis,
2121 1143 2326 1198 etiamsi
2355 1159 2457 1199 non
2474 1160 2606 1201 voce
2624 1155 2844 1202 sonante
2863 1163 2956 1216 per
2982 1150 3196 1213 nubem,
3224 1149 3276 1204 in
3298 1152 3456 1206 corde

1877 1242 2052 1289 tamen
2069 1236 2162 1304 ubi
2195 1237 2306 1306 ipse
2335 1238 2584 1308 magister
2611 1249 2711 1294 est.
2742 1239 2893 1296 Unde
2922 1241 3010 1296 ille
3035 1241 3163 1297 dicit
3191 1262 3204 1296 :
3236 1245 3455 1298 Audiam

1872 1327 1999 1397 quid
2025 1328 2259 1397 loquatur
2295 1330 2347 1384 in
2377 1347 2456 1384 me
2483 1331 2730 1386 Dominus
2769 1333 2926 1401 Deus,
2956 1337 3192 1406 quoniam
3227 1338 3457 1407 loquetur

1875 1433 2047 1487 pacem
2072 1420 2258 1488 populo
2282 1437 2372 1474 suo
2400 1421 2419 1491 (
2454 1420 2598 1476 Psal.
2645 1439 2868 1489 Lxxxtv,
2897 1425 2930 1480 9
2958 1423 2999 1496 ).
3034 1425 3171 1494 Quid
3198 1437 3276 1483 est
3303 1444 3453 1498 ergo,

1875 1508 2046 1562 Semel
2078 1509 2274 1564 locutus
2303 1519 2373 1565 est
2403 1510 2574 1567 Deus?
2601 1513 2820 1568 Multum
2855 1516 3210 1571 transiliverat
3250 1517 3371 1583 istc,
3401 1529 3455 1574 ut

1875 1599 2174 1669 perveniret
2224 1601 2366 1665 illuc,
2403 1602 2491 1657 ubi
2536 1605 2704 1658 semel
2749 1605 2960 1660 locutus
2996 1619 3078 1662 est
3114 1607 3271 1663 Deus.
3318 1611 3454 1666 Ecce

1874 1689 2107 1746 breviter
2131 1691 2238 1746 dixi
2285 1691 2542 1748 Cliaritati
2596 1694 2814 1751 Vestric.
2869 1697 2966 1752 llic
3009 1699 3146 1755 inter
3187 1700 3450 1765 homines,

1872 1778 2173 1834 hominibus
2197 1797 2360 1851 saepe,
2397 1784 2577 1839 multis
2615 1786 2814 1852 modis,
2843 1789 3022 1844 multis
3058 1792 3290 1859 partibus
3312 1835 3325 1856 ,
3356 1809 3452 1863 per

1872 1869 2250 1926 multiformem
2289 1886 2588 1932 creaturam
2627 1878 2830 1934 locutus
2871 1891 2949 1936 est
2999 1883 3137 1938 Deus
3162 1902 3175 1938 :
3205 1886 3342 1956 apud
3394 1902 3453 1941 se

1873 1961 2041 2016 semel
2090 1962 2228 2017 Deus
2258 1963 2464 2020 locutus
2505 1977 2614 2034 est,
2653 1970 2771 2040 quia
2804 1987 2961 2025 unum
3015 1973 3244 2029 Verbum
3271 1977 3456 2046 genuit

1874 2049 2032 2105 Deus.
2057 2051 2158 2107 Iste
2185 2068 2314 2126 ergo
2356 2057 2562 2113 ldithun
2601 2061 2900 2117 transiliens
2940 2078 3066 2129 eos,
3098 2067 3455 2123 transilivcrat

1872 2141 1986 2196 acie
2011 2143 2204 2197 mentis
2234 2145 2377 2210 forti,
2407 2159 2459 2202 et
2485 2150 3073 2222 valida,etpr-.eﬁdenti,
3101 2159 3456 2213 trausiliverat

1876 2243 2095 2299 terrain,
2127 2246 2181 2291 et
2207 2239 2458 2310 quidquid
2488 2243 2537 2295 in
2568 2253 2706 2297 terra
2729 2255 2808 2299 est
2829 2262 2842 2310 ;
2867 2262 3067 2312 aerem,
3090 2249 3255 2304 nubes
3269 2267 3454 2305 omnes

1873 2337 1938 2377 ex
1969 2325 2161 2394 quibus
2192 2328 2399 2384 loculus
2421 2332 2662 2386 estDeus
2685 2335 2867 2398 multa,
2897 2346 2950 2390 et
2978 2354 3138 2406 saepe,
3164 2349 3216 2393 et
3239 2341 3452 2396 multis:

1876 2418 2234 2473 transiliverat
2280 2421 2438 2475 etiam
2487 2437 2674 2480 omnes
2703 2425 2936 2496 Angelos
2983 2430 3097 2483 acie
3142 2429 3282 2485 ﬁdei.
3333 2431 3458 2486 Erat

1873 2505 2014 2560 enim
2070 2507 2170 2563 iste
2227 2513 2532 2567 transiliens
2584 2531 2688 2569 non
2743 2525 3025 2572 contentus
3067 2522 3310 2586 terrenis,
3361 2522 3454 2577 sed

1872 2599 2018 2654 velut
2044 2601 2216 2670 aquila
2241 2604 2427 2658 volans
2445 2616 2816 2675 praetervectus
2836 2625 3048 2666 omnem
3071 2613 3314 2667 nebulam
3345 2630 3449 2684 qua

1874 2692 2066 2760 tegitur
2093 2694 2265 2748 omnis
2295 2703 2454 2749 terra.
2488 2697 2626 2751 Dicit
2665 2701 2805 2753 enim
2835 2700 3100 2772 Sapientia
3134 2721 3146 2757 :
3181 2703 3247 2758 Et
3274 2707 3455 2758 nebula

1876 2782 1977 2835 texi
2005 2799 2201 2838 onmem
2231 2789 2454 2858 terram(
2486 2787 2652 2843 Eccli.
2685 2806 2832 2856 xxiv,
2862 2790 2956 2865 6
2991 2793 3234 2849 Pervenit
3259 2796 3324 2850 ad
3354 2797 3453 2850 ali-

1871 2873 1997 2943 quid
2044 2875 2318 2944 liquidum,
2365 2879 2667 2934 universam
2712 2882 3017 2938 transiliens
3052 2894 3372 2952 creaturam,
3400 2897 3455 2941 et

1872 2979 2117 3034 qmerens
2154 2969 2341 3033 Demn,
2374 2980 2426 3024 et
2447 2971 2725 3027 ell‘undens
2749 2990 2908 3043 super
2933 2991 2992 3030 se
3019 2978 3247 3032 animam
3280 2994 3450 3044 suam;

1873 3059 2120 3124 pervenit
2146 3058 2210 3112 ad
2235 3061 2569 3130 principium,
2587 3073 2640 3118 et
2662 3063 2893 3137 Verbum
2915 3066 3078 3121 Deum
3105 3070 3240 3138 apud
3265 3071 3449 3136 Deum;

1872 3153 1926 3198 et
1956 3145 2156 3201 invenit
2181 3148 2332 3202 unius
2353 3149 2522 3205 Patris
2551 3168 2710 3207 unum
2759 3153 3024 3221 Verbum;
3069 3168 3122 3212 ct
3165 3159 3293 3214 vidit
3332 3164 3454 3230 quia

1873 3238 2040 3292 semel
2067 3239 2274 3294 loeutus
2303 3251 2386 3296 est
2409 3242 2583 3308 Deus;
2615 3245 2745 3299 vidit
2772 3246 3002 3302 Verbum
3033 3266 3124 3319 per
3152 3252 3290 3322 quod
3321 3253 3454 3307 facta

1873 3340 1993 3385 sunt
2023 3333 2198 3387 omnia
2229 3334 2405 3404 (Joan.
2431 3352 2468 3401 ι,
2494 3336 2582 3406 5),
2611 3346 2666 3393 ct
2696 3339 2746 3392 in
2789 3355 2894 3409 quo
2923 3342 3077 3396 simul
3104 3353 3225 3397 sunt
3253 3347 3451 3412 omnia,

1876 3438 1979 3476 non
2005 3422 2231 3490 diversn,
2265 3439 2368 3479 non
2400 3437 2663 3495 separata,
2697 3444 2800 3482 non
2833 3432 3130 3500 inmqualia.
3163 3434 3276 3488 Non
3312 3437 3453 3489 enim

1877 3511 2023 3566 Deus
2065 3513 2205 3583 quod
2234 3530 2328 3583 per
2359 3514 2588 3569 Verbum
2619 3517 2862 3586 faciebat,
2899 3520 3008 3589 ipse
3047 3536 3150 3575 non
3182 3533 3402 3578 noverat
3436 3541 3452 3590 ;

1874 3602 1917 3656 si
1948 3610 2124 3655 autem
2148 3603 2287 3672 quod
2315 3604 2539 3660 faciebat
2564 3618 2804 3672 noverat,
2841 3611 2890 3663 in
2913 3611 3004 3664 illo
3025 3622 3137 3667 erat
3167 3623 3455 3681 antequam

1877 3691 2024 3745 fieret
2051 3693 2189 3762 quod
2219 3693 2391 3747 ﬁebat.
2420 3693 2472 3750 Si
2501 3697 2766 3752 enimnon
2794 3698 2847 3753 in
2878 3701 2965 3754 illo
2987 3712 3102 3756 erat
3133 3705 3274 3772 quod
3301 3706 3459 3761 ﬁebat

1873 3791 2156 3851 antequam
2184 3782 2361 3849 ﬁebat,
2386 3786 2472 3838 ubi
2498 3791 2870 3858 uoveratquod
2896 3791 3114 3847 faciebat
3135 3795 3158 3847 ?
3177 3795 3290 3848 Non
3315 3797 3456 3850 enim

1877 3882 2025 3942 poles
2073 3874 2240 3928 Deum
2293 3876 2472 3932 dicere
2518 3879 2753 3948 ignorata
2802 3881 3012 3937 fecisse.
3068 3885 3232 3941 Scivit
3279 3888 3458 3958 itaque

1878 3961 2017 4017 Deus
2047 3962 2189 4033 quod
2239 3964 2380 4019 fecit.
2427 3967 2494 4021 Et
2520 3969 2605 4022 ubi
2647 3971 2802 4025 scivit
2845 3981 3127 4044 antequam
3163 3977 3381 4044 faceret,
3413 3980 3456 4033 si

1875 4053 1998 4107 sciri
2030 4054 2129 4109 nisi
2162 4053 2299 4110 facta
2327 4073 2430 4111 non
2476 4062 2734 4128 possunt?
2773 4064 2875 4118 Sed
2920 4080 2949 4118 a
2991 4065 3142 4120 factis
3183 4069 3305 4123 sciri
3359 4071 3458 4124 nisi

1876 4153 2001 4198 ante
2031 4144 2168 4198 facta
2199 4162 2303 4199 non
2338 4159 2592 4216 possunt;
2625 4166 2653 4203 a
2685 4163 2735 4206 te
2767 4154 2999 4217 scilicet,
3044 4157 3112 4208 ab
3157 4158 3375 4212 homine
3406 4161 3455 4214 in

1878 4236 1984 4289 imo
2011 4236 2169 4301 facto,
2203 4247 2254 4291 et
2283 4239 2333 4291 in
2367 4240 2472 4292 imo
2504 4241 2712 4308 posito:
2747 4253 3029 4311 antequam
3062 4256 3236 4300 autem
3271 4248 3457 4302 ﬁerent

1876 4324 1992 4379 haec
2039 4326 2247 4391 omnia,
2289 4327 2591 4383 sciebantur
2631 4331 2700 4383 ab
2729 4330 2820 4385 illo
2847 4346 2877 4386 a
2906 4348 3010 4401 quo
3055 4335 3186 4389 facta
3234 4345 3374 4402 sunt,
3405 4347 3460 4393 et

1875 4416 2017 4487 quod
2047 4418 2199 4472 scivit
2229 4417 2370 4473 fecit.
2418 4419 2557 4490 Ergo
2599 4421 2649 4476 in
2698 4421 2869 4476 Verbo
2900 4423 2992 4476 iilo
3031 4440 3124 4493 per
3163 4427 3302 4495 quod
3335 4428 3460 4482 fecit

1876 4509 2075 4572 omnia,
2106 4518 2388 4579 antequam
2418 4511 2605 4566 ﬁerent
2643 4522 2796 4567 erant
2833 4517 3045 4579 omnia;
3096 4526 3293 4572 etcum
3324 4519 3456 4575 facta

1876 4608 2020 4662 sunt,
2055 4600 2122 4654 ibi
2154 4611 2276 4655 sunt
2304 4603 2480 4657 omnia
2516 4621 2529 4657 :
2557 4603 2648 4658 sed
2674 4605 2828 4659 aliter
2857 4605 2960 4670 hic,
2989 4607 3238 4662 aliter’ihi
3263 4626 3276 4675 ;
3305 4611 3459 4665 aliter

1879 4691 1930 4746 in
1965 4693 2177 4762 propria
2196 4703 2378 4748 natura
2409 4695 2460 4774 in
2491 4711 2593 4766 qua
2621 4697 2755 4752 facta
2779 4707 2936 4765 sunt,
2968 4700 3121 4756 aliter
3148 4703 3199 4755 in
3226 4714 3340 4758 arte
3365 4721 3461 4774 per

1873 4797 2037 4855 quam
2069 4782 2206 4838 facta
2245 4795 2387 4840 sunt.
2415 4770 2547 4854 Quis
2592 4787 2692 4842 hoc
2729 4790 3002 4858 explicet?
3043 4793 3236 4848 Conari
3271 4770 3461 4866 possu-

1877 4889 1997 4928 mus
2029 4891 2044 4928 :
2073 4875 2145 4930 ite
2170 4891 2289 4931 cum
2321 4877 2552 4944 lditbun,
2581 4890 2634 4934 et
2661 4880 2856 4937 videte.

1950 4967 2039 5026 l9.
2080 4969 2198 5024 iam
2249 4985 2413 5041 ergo,
2459 4981 2514 5026 ut
2565 4973 2870 5043 potuimus,
2917 4973 3148 5031 diximus
3193 4981 3466 5050 quomodo

1881 5062 2050 5116 semel
2076 5062 2284 5118 loeutus
2301 5072 2383 5117 est
2409 5063 2548 5118 Deus
2577 5081 2590 5117 :
2623 5064 2896 5119 videamus
2925 5069 3192 5136 quomodo
3217 5071 3324 5124 duo
3348 5072 3462 5125 hinc

1871 5155 2102 5218 audivit,
2130 5154 2247 5208 Duo
2271 5157 2377 5208 lia-c
2398 5156 2585 5209 audivi.
2610 5154 2772 5211 Forte
2800 5173 2904 5212 non
2926 5171 3007 5214 est
3028 5175 3380 5230 consequens,
3406 5173 3462 5216 ut

1883 5239 1996 5293 sola
2026 5239 2131 5294 duo
2155 5239 2270 5294 hzec
2289 5239 2515 5293 audierit
2549 5257 2562 5293 :
2587 5239 2704 5306 sed,
2739 5242 2841 5296 duo
2866 5243 2992 5308 lucc,
3042 5243 3231 5314 inquit,
3257 5246 3462 5310 audiri;

1867 5329 2123 5399 quadam
2149 5329 2254 5384 duo
2282 5343 2400 5399 qua:
2429 5329 2582 5386 nobis
2609 5347 2746 5402 opus
2770 5343 2851 5388 est
2876 5342 2934 5388 ut
2951 5334 3210 5396 dicantur,
3237 5336 3459 5391 audivit.

1884 5425 2100 5479 Audivit
2142 5423 2276 5479 forte
2319 5423 2423 5478 alia
2477 5425 2640 5479 multa
2668 5443 2685 5492 ;
2715 5427 2808 5481 sed
2839 5443 2944 5480 non
2971 5442 3106 5497 opus
3135 5436 3219 5481 est
3261 5443 3323 5482 ea
3357 5429 3462 5482 dici

1885 5517 2059 5573 nobis.
2102 5517 2190 5570 Ait
2227 5516 2369 5570 enim
2413 5524 2468 5570 et
2512 5516 2768 5571 Dominus
2795 5533 2812 5570 :
2845 5517 3011 5570 Multa
3041 5517 3199 5570 habeo
3221 5518 3357 5571 vobis
3387 5519 3466 5571 di-

1884 5627 2033 5667 cere:
2063 5609 2150 5662 sed
2179 5626 2278 5664 non
2305 5610 2507 5673 potestis
2526 5610 2617 5663 illa
2646 5619 2847 5680 portare
2869 5609 3016 5661 modo
3042 5609 3060 5678 (
3082 5609 3170 5664 Μ.
3200 5625 3310 5672 xvi,
3340 5610 3404 5663 1‘2
3426 5610 3462 5670 ).

1885 5704 2020 5772 Quid
2047 5713 2130 5758 est
2160 5719 2306 5774 ergo,
2333 5703 2448 5756 Duo
2478 5703 2584 5756 lucc
2625 5703 2798 5755 audivi
2823 5702 2848 5755 ?
2889 5701 3012 5755 Hinc
3040 5701 3146 5757 duo
3172 5717 3288 5772 qua:
3317 5702 3468 5754 vobis

1888 5796 2125 5851 dicturus
2154 5810 2270 5851 sum
2293 5836 2309 5863 ,
2343 5811 2447 5851 non
2483 5811 2510 5850 a
2559 5811 2644 5850 me
2673 5794 2822 5848 vobis
2845 5795 2987 5862 (lico,
3015 5795 3106 5850 sed
3135 5812 3251 5866 quae
3293 5796 3466 5851 audivi
