4038 6522
574 411 680 468 733

575 524 714 580 dico.
762 523 939 582 Semel
981 527 1175 582 locutus
1217 536 1290 582 est
1319 526 1452 584 Deus
1482 543 1688 584 :unum
1717 526 1951 584 Verbum
1996 527 2156 583 habet

571 616 899 688 nnigeuitum
919 617 1107 673 Deum.
1139 618 1194 674 In
1221 620 1312 674 illo
1341 619 1516 676 Verbo
1541 628 1665 674 sunt
1684 621 1884 686 omnia,
1911 622 2032 689 quia
2061 635 2155 688 per

568 707 802 764 Verbum
827 710 961 765 facta
989 719 1114 765 sunt
1151 711 1349 766 omnia.
1381 711 1554 766 Unum
1595 710 1824 767 Verbum
1853 711 2032 776 habet,
2063 713 2152 767 ubi

569 817 759 857 omnes
782 801 1015 858 thesauri
1044 804 1317 874 sapientiae
1346 816 1400 859 et
1423 805 1658 860 scientiae
1681 805 1976 860 absconditi
2010 803 2150 878 (Co-

566 895 688 949 loss.
715 911 772 960 ιι,
804 892 883 966 ὅ).
919 895 1092 951 Unum
1139 895 1373 951 Verbum
1418 895 1606 963 habet;
1650 895 1805 950 semel
1842 897 2038 951 locutas
2077 907 2151 952 est

567 985 728 1043 Deus.
760 987 878 1042 Duo
899 991 1026 1056 ltwc,
1051 1005 1168 1059 qua:
1196 988 1348 1044 vobis
1389 989 1627 1045 dicturus
1671 1005 1809 1052 sum.
1843 991 1912 1045 ibi
1942 991 2146 1057 audiui;

565 1095 672 1134 non
691 1096 753 1135 ex
782 1098 867 1136 mc
897 1083 1083 1152 loquor
1107 1122 1124 1148 ,
1156 1098 1260 1136 non
1290 1098 1356 1138 ex
1391 1098 1476 1138 me
1501 1083 1620 1138 dico
1647 1100 1662 1137 :
1694 1083 1760 1137 ad
1790 1082 1890 1139 hoc
1919 1085 2148 1154 pertinet

560 1172 753 1226 audiui.
792 1172 996 1228 Amicus
1033 1183 1200 1227 autem
1229 1174 1400 1242 sponsi
1428 1184 1527 1228 stat
1553 1184 1599 1228 et
1634 1175 1776 1229 audit
1804 1192 1916 1231 eum
1944 1176 1960 1244 (
1984 1175 2141 1229 Joan.

560 1278 639 1329 ιιι,
667 1262 793 1334 29),
848 1272 908 1318 ut
948 1278 1131 1318 verum
1184 1265 1448 1334 loquatur.
1497 1266 1654 1321 Audit
1701 1268 1843 1322 enim
1887 1282 2030 1331 cum,
2078 1282 2145 1323 ne

563 1353 831 1426 loquendo
857 1355 1186 1410 mendacium
1213 1356 1280 1412 de
1305 1374 1400 1412 suo
1421 1358 1669 1428 loquatur
1692 1357 1818 1430 (1d.
1853 1375 1960 1421 vm,
1989 1359 2057 1413 44
2079 1357 2099 1430 )
2123 1373 2136 1411 :

561 1461 630 1499 nc
655 1445 884 1510 diceres,
915 1446 1044 1512 Quis
1069 1463 1127 1502 es
1151 1457 1203 1502 tu
1233 1449 1321 1518 qui
1349 1449 1475 1504 mihi
1507 1451 1608 1505 hoc
1633 1449 1808 1504 dicis?
1840 1450 1978 1506 unde
2009 1450 2138 1505 mihi

561 1535 664 1591 hoc
690 1535 861 1591 dicis?
886 1538 1079 1592 Audivi
1123 1539 1239 1594 haec
1275 1541 1401 1608 duo,
1433 1549 1487 1595 et
1516 1541 1606 1596 ille
1635 1543 1650 1573 ¹
1681 1541 1773 1598 tibi
1800 1541 1988 1613 loquor
2015 1543 2137 1610 quia

553 1629 729 1684 audivi
757 1630 869 1685 haec
891 1631 996 1685 duo
1017 1675 1032 1699 ,
1056 1632 1145 1703 qui
1168 1634 1326 1689 etiam
1349 1635 1571 1706 cognovi
1600 1637 1718 1707 quia
1741 1638 1905 1693 semel
1933 1637 2138 1693 locutus

556 1731 640 1775 est
669 1722 827 1778 Deus.
861 1724 978 1779 Noli
1021 1736 1364 1782 contemnere
1404 1728 1700 1784 auditorem
1747 1731 2012 1786 dicentem
2041 1731 2134 1786 tibi

557 1811 799 1879 quaedam
832 1813 938 1867 duo
989 1815 1078 1870 tibi
1127 1817 1448 1882 necessaria,
1499 1834 1618 1873 eum
1661 1821 1748 1889 qui
1793 1820 2136 1876 transiliendo

555 1901 865 1957 universam
912 1916 1210 1960 creaturam
1255 1909 1497 1978 pervenit
1540 1910 1606 1966 ad
1635 1910 1867 1966 Verbum
1900 1913 2138 1983 unigeni-

558 2001 668 2046 tum
688 1995 799 2062 Dei,
824 1996 911 2051 ubi
936 1999 1098 2052 sciret
1116 1999 1236 2069 quia
1259 2003 1426 2056 semel
1455 2003 1660 2058 locutus
1683 2013 1768 2060 est
1795 2007 1952 2061 Deus.

618 2085 709 2142 20.
753 2087 904 2142 Dicat
931 2104 1058 2159 ergo
1081 2091 1189 2160 jam
1217 2093 1455 2162 qumdam
1497 2095 1621 2150 duo.
1649 2093 1869 2152 Multum
1896 2099 2036 2153 enim
2067 2099 2130 2153 ad

550 2190 647 2230 nos
696 2177 960 2245 pertinent
998 2179 1113 2234 lm-c
1145 2180 1270 2236 duo.
1302 2182 1550 2248 Quoniam
1579 2195 1796 2255 potestas
1835 2186 1929 2241 Dei
1964 2199 2056 2254 est,
2086 2199 2133 2242 et

548 2267 657 2334 tibi,
678 2268 889 2324 Domine
907 2311 922 2336 ,
956 2273 1318 2327 misericordia.
1350 2274 1451 2328 Ista
1478 2288 1602 2331 sunt
1629 2277 1763 2345 duo;
1792 2289 2049 2348 potestas,
2078 2291 2133 2335 et

547 2360 950 2416 misericordia?
979 2361 1080 2417 lsta
1112 2365 1266 2434 plane
1295 2383 1308 2419 :
1335 2366 1611 2438 intelligite
1654 2379 1969 2438 potestatem
1997 2373 2124 2435 Dei;

546 2451 825 2524 intelligitc
856 2455 1275 2511 misericordiam
1307 2457 1418 2513 Dei.
1451 2461 1540 2515 llis
1557 2460 1762 2518 duobus
1787 2465 2129 2519 continentur

544 2558 710 2614 prope
731 2561 917 2601 omnes
937 2549 1242 2618 Scriptura).
1277 2551 1500 2622 Propter
1521 2553 1633 2609 hate
1663 2555 1790 2622 duo,
1824 2556 2124 2628 Prophetm;

544 2644 763 2704 propter
794 2637 907 2691 hare
936 2637 1063 2704 duo,
1118 2639 1473 2708 Patriarclue;
1526 2654 1741 2717 propter
1787 2645 1934 2711 ltzrc,
1974 2647 2121 2714 Lex;

542 2735 760 2796 propter
790 2726 936 2795 haec,
967 2728 1081 2799 ipse
1127 2731 1381 2788 Dominus
1424 2744 1607 2790 noster
1652 2734 1806 2790 Jesus
1843 2736 2119 2802 Christus;

540 2828 759 2891 propter
803 2821 936 2886 ha‘c,
991 2825 1265 2894 Apostoli;
1319 2839 1535 2899 propter
1590 2829 1740 2897 hzec,
1790 2834 2121 2890 annuntiatio

537 2911 731 2975 onmis,
749 2922 798 2966 ct
821 2913 1108 2970 celebratio
1125 2917 1266 2970 verbi
1294 2919 1382 2974 Dei
1410 2920 1460 2974 in
1490 2920 1724 2976 Ecclesia
1745 2938 1757 2975 :
1778 2936 1991 2993 propter
2007 2926 2122 2983 ha‘c

536 3003 662 3069 duo;
681 3015 896 3076 pr0pter
913 3016 1224 3077 potestatem
1245 3010 1336 3066 Dei
1360 3022 1412 3066 et
1433 3013 1871 3070 misericordiam.
1886 3017 2119 3074 Potesta-

537 3106 643 3152 tem
661 3098 774 3166 ejus
806 3100 1016 3166 timete;
1049 3103 1462 3158 misericordiam
1481 3106 1595 3173 ejus
1619 3116 1813 3163 amate.
1839 3109 1946 3166 Nec
1961 3112 2037 3167 sic
2049 3113 2119 3169 de

536 3188 900 3245 misericordia
931 3192 1046 3262 ejus
1089 3196 1521 3263 prtcsumatis,ut
1568 3207 1880 3266 potestatem
1934 3189 2118 3259 conte-

535 3280 760 3336 mnatis:
784 3297 884 3338 nec
894 3283 970 3338 sic
982 3293 1295 3354 potestatem
1316 3288 1566 3358 timeatis,
1582 3300 1638 3347 ut
1661 3291 1730 3349 de
1755 3293 2116 3354 misericordia

533 3371 850 3442 dcsperctis.
883 3377 1034 3445 Apud
1074 3377 1221 3432 illum
1253 3390 1519 3448 potestas;
1548 3383 1687 3454 apud
1728 3386 1874 3440 illmn
1907 3389 2114 3444 miseri-

532 3464 734 3520 cordia.
767 3466 919 3522 Hunc
945 3470 1216 3535 humiliat;
1247 3481 1301 3526 et
1333 3473 1472 3529 hunc
1495 3476 1734 3549 exaltat(
1765 3476 1905 3533 Psal.
1930 3495 2110 3544 Lxxw,

531 3552 587 3626 8)
622 3574 633 3607 :
669 3555 810 3610 hunc
853 3557 1095 3614 lntmiliat
1123 3570 1417 3630 potestate;
1469 3565 1616 3622 illum
1659 3569 1858 3624 exaltat
1905 3570 2115 3626 miseri-

528 3648 730 3705 cordia.
758 3650 819 3706 Si
857 3653 989 3707 enim
1016 3653 1152 3710 Deus
1179 3657 1348 3713 volens
1368 3660 1624 3716 ostendere
1660 3663 1810 3730 iram,
1838 3673 1884 3718 et
1903 3665 2113 3720 demon-

528 3750 692 3796 strare
737 3747 1010 3814 potentiam
1038 3765 1202 3814 suam,
1231 3752 1403 3805 attulit
1430 3753 1483 3806 in
1512 3753 1670 3808 multa
1711 3756 1953 3826 patientia
1991 3775 2112 3812 vasa

528 3831 638 3898 ἕνας,
655 3850 768 3904 qua
795 3840 1014 3907 perfecta
1038 3849 1155 3893 sunt
1187 3841 1242 3894 in
1267 3843 1614 3911 perditionem.
1642 3845 1847 3900 Audisti
1879 3857 2112 3917 potesta-

533 3928 637 3975 tetn
672 3940 685 3976 :
718 3940 897 3994 qumre
926 3927 1366 3986 misericordiam.
1399 3930 1467 3988 Ut
1492 3945 1658 3999 notas,
1689 3935 1888 4005 inquit,
1920 3943 2109 4010 faceret

529 4013 728 4070 diuitias
756 4033 875 4072 suas
916 4020 968 4073 in
1009 4037 1130 4075 vasa
1165 4023 1540 4081 misericordia.
1592 4027 1830 4086 Pertinet
1870 4048 1998 4102 ergo
2041 4033 2110 4090 ad

527 4104 643 4172 ejus
671 4117 984 4175 potestatem
1015 4111 1270 4169 damnare
1316 4116 1545 4185 iniquos.
1581 4120 1642 4174 Et
1668 4122 1786 4191 quis
1814 4123 1888 4177 illi
1920 4124 2060 4179 dicat
2090 4145 2104 4181 :

527 4195 664 4263 Quid
691 4196 900 4255 fecisti?
930 4201 1003 4255 Tu
1033 4205 1185 4269 enim,
1208 4223 1238 4260 ο
1268 4208 1436 4271 homo,
1459 4213 1571 4279 quis
1598 4229 1670 4280 es,
1697 4216 1781 4283 qui
1802 4216 2107 4285 respondeas

528 4286 634 4342 Deo
665 4291 837 4360 (liam.
866 4309 940 4360 ix,
970 4294 1061 4360 22,
1093 4297 1184 4363 23,
1215 4297 1351 4369 20)?
1380 4300 1530 4357 Time
1559 4319 1687 4374 ergo
1713 4315 1768 4360 et
1797 4316 1964 4363 treme
1977 4308 2106 4378 ‘ejus

523 4387 838 4448 potestatem
863 4401 878 4450 ;
903 4386 996 4440 sed
1018 4402 1171 4456 spera
1198 4389 1313 4459 ejus
1340 4393 1779 4452 misericordiam.
1811 4399 2062 4455 Diabolus
2083 4403 2104 4433 ⁸

525 4480 762 4538 potestas
789 4477 1030 4543 quaedam
1057 4489 1171 4545 est;
1203 4481 1513 4554 plerumque
1541 4496 1714 4543 tamen
1746 4490 1852 4544 vult
1887 4506 2101 4559 nocere,

524 4572 580 4617 et
624 4580 728 4621 non
762 4577 954 4636 potest,
986 4572 1107 4639 quia
1149 4583 1384 4642 potestas
1426 4577 1525 4632 ista
1554 4580 1653 4636 sub
1689 4590 1954 4650 potestate
1997 4591 2100 4638 est.

523 4656 654 4713 Nam
673 4659 717 4714 si
738 4669 946 4723 tantum
977 4674 1156 4736 posset
1191 4683 1388 4725 nocere
1411 4670 1650 4728 diabolus
1677 4683 1931 4744 quantum
1960 4677 2096 4744 vult,

526 4766 632 4804 non
658 4752 853 4823 aliquis
875 4759 1135 4822 iustorum
1160 4773 1480 4828 remaneret,
1507 4774 1600 4818 aut
1643 4767 1835 4829 aliquis
1864 4767 2099 4825 ﬁdelium

525 4853 665 4898 esset
693 4845 744 4899 in
778 4856 939 4902 terra.
988 4851 1102 4919 Ipse
1145 4867 1238 4920 per
1267 4870 1388 4909 vasa
1419 4871 1512 4910 sua
1542 4857 1784 4924 impellit,
1817 4861 1968 4928 quasi
2001 4877 2097 4932 pa-

521 4933 708 4990 rietem
741 4937 1079 5008 inelinatum;
1107 4943 1201 5000 sed
1231 4952 1432 5000 tantum
1471 4946 1697 5017 impellit
1723 4960 1978 5019 quantum
2005 4967 2098 5008 ac-

518 5027 649 5096 cipit
679 5037 1015 5096 potestatem.
1046 5033 1112 5090 Ut
1155 5046 1334 5092 autem
1373 5052 1476 5092 non
1504 5039 1662 5095 cadat
1689 5042 1883 5110 paries,
1917 5043 2099 5100 Domi-

520 5134 621 5173 nus
649 5122 934 5189 suscipiet;
967 5126 1215 5192 quoniam
1247 5129 1333 5198 qui
1362 5129 1451 5184 dat
1477 5141 1791 5200 potestatem
1825 5137 2095 5202 tentatori,

518 5211 632 5280 ipse
681 5223 885 5270 tentato
925 5219 1122 5285 pra‘bct
1165 5220 1601 5278 misericordiam.
1651 5224 1731 5280 Ad
1789 5241 2096 5283 mensuram

516 5307 657 5361 enim
690 5310 1012 5378 permittitur
1041 5311 1062 5342 ³
1091 5320 1294 5369 tentare
1321 5315 1599 5371 diabolus:
1635 5316 1701 5371 Et
1728 5320 1923 5388 potabis
1966 5336 2058 5374 nos
2078 5361 2093 5386 ,

515 5398 703 5468 inquit,
734 5400 786 5454 in
827 5401 1064 5474 lacrymis
1090 5405 1142 5458 in
1172 5421 1405 5462 mensura
1433 5405 1453 5480 (
1471 5406 1616 5463 Psal.
1650 5424 1834 5475 um,
1865 5409 1955 5481 6).
1977 5409 2094 5467 Noli

513 5506 640 5562 ergo
670 5494 855 5550 timere
902 5497 1221 5566 permissum
1267 5499 1465 5571 aliquid
1511 5499 1689 5558 facere
1735 5511 2089 5572 tentatorem;

573 5734 587 5762 ι
625 5734 696 5779 sic
721 5740 825 5781 MSS.
855 5741 907 5784 At
925 5735 1054 5788 laid”
1080 5736 1181 5786 illa.

569 5795 589 5863 ξ
627 5794 755 5863 κήαι,
780 5795 984 5863 (ιῑςτιιίιίιξ.
1017 5807 1068 5846 At
1092 5807 1216 5861 Mss,
1238 5799 1471 5863 diabolus,
1499 5804 1771 5855 nominandi
1795 5820 1926 5858 casu.

569 5853 591 5884 ³
625 5862 752 5917 llas"
777 5855 1064 5908 admittitur.

1811 413 1871 470 S.
1904 409 2267 470 AUGUSTINI
2307 412 2607 477 EPISCOP!

3739 436 3848 495 τιι

2265 526 2430 588 habes
2465 536 2608 589 enim
2636 537 3188 596 misericordissimum
3217 542 3568 603 Salvatorem.
3613 549 3846 610 Tantum

2261 624 2583 705 permittitur
2609 626 2697 681 ille
2721 636 2927 684 tentare
2953 641 3209 700 quantum
3235 635 3326 689 tibi
3345 638 3586 706 prodest,
3613 652 3671 696 ut
3685 658 3842 698 excr-

2259 714 2450 781 cearis,
2482 703 2537 770 ut
2565 717 2835 785 proberis;
2868 730 2924 774 ut
2946 723 3036 792 qui
3069 732 3121 777 te
3146 703 3440 795 nesciebas,
3472 703 3582 785 ate
3609 732 3724 802 ipso
3755 734 3842 789 in-

2257 803 2507 859 veniaris.
2534 805 2664 861 Nam
2698 808 2806 871 ubi,
2837 812 2918 865 vel
2965 813 3124 880 unde,
3173 816 3274 870 nisi
3309 817 3377 873 de
3407 820 3505 876 hac
3548 822 3640 878 Dei
3682 834 3836 894 pote-

2254 903 2410 960 state,
2438 906 2493 952 et
2514 898 2870 955 misericordia
2901 905 3073 971 securi
3103 920 3223 962 esse
3241 907 3516 977 debemus,
3544 915 3835 974 secundum

2255 986 2399 1042 illam
2427 991 2772 1058 apostolicam
2799 996 3117 1051 sententiam
3148 1016 3163 1054 :
3197 998 3392 1055 Fidelis
3421 1001 3558 1058 Deus
3577 1047 3592 1072 ,
3620 1009 3708 1077 qui
3733 1026 3838 1065 non

2254 1079 2498 1146 permittit
2537 1096 2624 1135 vos
2651 1085 2832 1138 tentari
2859 1103 3010 1158 super
3051 1090 3104 1143 id
3129 1091 3266 1160 quod
3293 1095 3499 1164 potestis
3525 1095 3549 1170 (
3575 1099 3592 1151 Ι
3617 1097 3738 1156 Cor.
3776 1116 3855 1170 ι..

2253 1169 2406 1240 t5)?

2318 1261 2408 1316 21.
2454 1262 2612 1333 Ergo,
2663 1265 2890 1322 Potestas
2921 1269 3014 1324 Dei
3037 1282 3108 1326 est
3138 1289 3158 1327 :
3188 1273 3310 1330 Non
3351 1287 3424 1331 est
3448 1279 3580 1334 enim
3613 1291 3838 1350 potatus

2248 1353 2345 1406 nisi
2371 1353 2567 1428 aDeo(
2595 1356 2741 1412 Rom.
2773 1375 2884 1424 xui,
2916 1361 2938 1414 i
2971 1359 3012 1433 ).
3045 1363 3164 1418 Noli
3191 1365 3390 1434 dicere,
3427 1369 3488 1423 Et
3512 1371 3638 1440 quid
3663 1373 3712 1428 ei
3739 1373 3830 1430 dat

2247 1450 2445 1497 tantam
2494 1449 2853 1513 potestatem?
2901 1451 2969 1505 Et
3011 1469 3114 1507 non
3142 1455 3234 1511 det
3263 1465 3596 1526 potestatem.
3621 1461 3723 1532 Qui
3738 1465 3834 1523 dat

2245 1541 2582 1601 potestatem,
2609 1536 2766 1592 habet
2789 1541 3088 1608 aequitatem
3115 1545 3178 1598 ‘Y
3205 1546 3282 1601 Tu
3301 1549 3480 1619 inique
3495 1567 3834 1614 murmurare

2243 1632 2416 1693 potes,
2451 1625 2538 1680 ille
2565 1629 2867 1697 aequitatem
2901 1634 3125 1702 perdere
3173 1652 3278 1693 non
3331 1635 3524 1710 potest.
3563 1644 3832 1716 Numquid

2242 1713 2479 1785 iniquitas
2503 1723 2642 1783 apud
2681 1718 2844 1774 Deum
2865 1722 2892 1775 ?
2917 1724 3055 1779 Absit
3084 1724 3105 1799 (
3135 1725 3219 1780 Id.
3255 1745 3328 1795 ιιι,
3350 1733 3416 1786 14
3446 1735 3486 1801 ).
3515 1713 3626 1790 lloc
3647 1713 3751 1808 ﬁge
3773 1741 3827 1795 itt

2241 1805 2436 1872 corde;
2469 1806 2570 1862 hoc
2592 1808 2660 1864 de
2687 1812 3004 1881 cogitatione
3048 1825 3133 1871 tua
3173 1835 3277 1873 non
3305 1824 3536 1879 excutiat
3557 1805 3826 1886 inimicus.

2240 1895 2440 1953 Facere
2469 1908 2640 1968 potest
2671 1901 2868 1971 aliquid
2890 1904 3050 1970 Deus,
3071 1918 3125 1962 ut
3146 1911 3594 1984 tunesciasquare
3619 1917 3779 1974 iaciat
3807 1937 3824 1974 :

2239 1987 2420 2058 inique
2453 1999 2629 2045 tamen
2658 1990 2835 2047 facere
2865 2009 2968 2049 non
3001 2007 3205 2066 potest,
3236 2002 3377 2069 apud
3414 2020 3572 2074 quem
3604 2022 3710 2063 non
3740 2021 3828 2066 est

2238 2079 2508 2151 iniquitas.
2532 2081 2662 2136 Nam
2695 2098 2821 2139 ecce
2849 2088 3193 2155 reprehendis
3239 2091 3404 2146 Deum
3425 2097 3575 2164 quasi
3603 2096 3673 2153 de
3712 2099 3824 2154 iui-

2236 2173 2438 2244 quitate
2484 2171 2617 2247 (ago
2645 2185 2818 2232 tecum
2848 2179 3063 2250 aliquid,
3095 2182 3310 2238 attende
3331 2187 3678 2261 paululum):
3710 2207 3823 2248 non

2234 2263 2661 2333 reprehenderes
2706 2268 3072 2338 iniquitatem,
3114 2275 3214 2328 nisi
3263 2277 3490 2334 videndo
3531 2280 3818 2348 justitiam.

2233 2355 2610 2427 Reprehensor
2634 2360 2924 2431 iniquitatis
2950 2379 3068 2420 esse
3084 2382 3188 2422 non
3213 2372 3485 2440 potestqui
3514 2388 3618 2426 non
3645 2378 3824 2432 cernit

2227 2447 2510 2517 justitiam,
2543 2451 2629 2505 cui
2659 2464 3020 2523 comparatam
3071 2460 3424 2528 reprehendat
3455 2463 3813 2533 iniquitatem.

2233 2537 2383 2594 Unde
2409 2541 2552 2595 enim
2583 2542 2688 2598 scis
2708 2545 2828 2614 quia
2852 2544 2951 2601 hoc
2979 2547 3359 2618 injustum‘est,
3384 2554 3482 2608 nisi
3509 2556 3647 2610 scias
3670 2558 3811 2627 quid

2230 2630 2300 2685 sit
2340 2631 2746 2703 justum?Quid
2787 2637 2833 2692 si
2871 2639 3012 2693 enim
3048 2640 3249 2710 justum
3281 2653 3363 2698 est
3397 2653 3452 2700 et
3496 2645 3617 2713 hoc,
3663 2651 3815 2719 quod

2227 2721 2362 2777 dicis
2389 2724 2639 2794 injustum
2660 2727 2877 2794 ?'Absit,
2909 2729 3101 2802 inquis,
3128 2732 3377 2802 injusmm
3403 2745 3514 2790 est:
3534 2748 3586 2793 et
3606 2738 3816 2797 clamas

2225 2816 2374 2886 quasi
2407 2816 2707 2873 videntibus
2735 2821 2756 2851 ¹
2787 2821 2976 2886 oculis,
3023 2823 3207 2878 videns
3250 2825 3348 2880 hoc
3391 2827 3645 2896 injustum
3686 2846 3813 2889 esse

2225 2907 2406 2978 utique
2433 2923 2500 2963 ex
2529 2910 2700 2980 aliqua
2730 2911 2911 2981 regula
2945 2912 3183 2982 justitiae,
3233 2919 3317 2969 cui
3360 2931 3677 2988 comparans
3706 2920 3814 2979 hoc

2224 3000 2365 3071 quod
2396 3001 2543 3056 vides
2574 3016 2815 3071 pravum,
2845 3013 2898 3058 et
2935 3018 3162 3059 cernens
3190 3021 3296 3060 non
3327 3010 3616 3065 convenire
3643 3014 3814 3067 recti-

2226 3093 2392 3148 tudini
2438 3093 2634 3163 regulm
2661 3103 2784 3160 tute,
2814 3097 3192 3167 reprehendis;
3217 3107 3462 3168 tanquam
3484 3101 3673 3158 artifex
3696 3104 3812 3159 dis-

2221 3198 2446 3239 cernens
2492 3183 2693 3254 justnm
2720 3185 2788 3239 ab
2817 3186 3030 3256 injusto.
3064 3187 3205 3259 Ergo
3230 3204 3455 3260 quteroa
3480 3201 3530 3247 te
3555 3191 3808 3251 :Justum

2221 3275 2324 3331 hoc
2353 3291 2471 3331 esse
2499 3276 2638 3332 unde
2661 3277 2842 3333 vides‘!
2870 3277 2988 3346 Ubi,
3020 3280 3253 3350 inquam,
3282 3282 3432 3338 vides
3460 3281 3562 3339 hoc
3575 3285 3806 3356 justum,

2219 3383 2325 3440 quo
2353 3369 2488 3436 viso,
2531 3370 2881 3440 reprehendis
2920 3372 3210 3441 injustum?
3254 3373 3405 3430 Unde
3433 3376 3575 3432 illud
3620 3379 3810 3435 nescio

2217 3462 2365 3532 quid,
2394 3477 2500 3533 quo
2525 3463 2825 3534 aspergitur
2849 3465 3024 3519 anima
3056 3474 3162 3531 tua,
3191 3481 3256 3522 ex
3283 3469 3462 3523 multis
3481 3470 3722 3547 partibus
3748 3473 3806 3530 in

2218 3553 2446 3623 caligine
2491 3555 2797 3618 constituta,
2831 3555 3012 3610 nescio
3054 3555 3180 3627 quid
3229 3556 3332 3612 hoc
3377 3560 3517 3629 quod
3555 3571 3809 3619 coruscat

2217 3647 2380 3700 menti
2413 3645 2554 3700 tute?
2581 3645 2719 3701 unde
2747 3645 2847 3701 hoc
2867 3647 3101 3718 justum?
3127 3648 3386 3706 ltaneuon
3413 3650 3573 3707 habet
3593 3653 3804 3711 famem

2215 3739 2407 3794 suum?
2433 3741 2473 3794 Α
2503 3748 2554 3794 te
2596 3740 2686 3794 tibi
2715 3748 2798 3794 est
2822 3740 2962 3811 quod
3002 3741 3202 3812 justum
3233 3754 3334 3810 est,
3367 3753 3421 3800 ct
3449 3753 3504 3798 tu
3530 3746 3622 3801 tibi
3646 3756 3805 3818 potes

2214 3831 2343 3886 dare
2366 3830 2666 3901 justitiam?
2692 3830 2861 3887 Nemo
2895 3831 2993 3888 sibi
3021 3833 3110 3888 dat
3137 3833 3279 3904 quod
3307 3850 3410 3890 non
3443 3835 3622 3892 habet.
3655 3837 3802 3909 Ergo

2213 3938 2334 3978 cum
2364 3925 2438 3978 sis
2462 3923 2707 3993 iujustus,
2738 3939 2860 3980 esse
2889 3939 2994 3979 non
3027 3934 3176 3995 potes
3197 3927 3401 3996 justus,
3433 3929 3533 3982 nisi
3562 3943 3795 4010 conver-

2215 4014 2373 4068 tcndo
2397 4023 2448 4069 te
2476 4014 2542 4068 ad
2571 4015 2854 4085 quamdam
2889 4016 3152 4086 justitiam
3197 4027 3534 4084 manentem;
3564 4034 3596 4074 ιι
3621 4034 3728 4089 qua
3747 4023 3796 4076 al

2213 4107 2438 4173 recedis,
2471 4107 2699 4177 injustus
2722 4123 2811 4175 es;
2863 4109 2928 4164 ad
2956 4125 3114 4180 quam
3144 4110 3188 4164 si
3236 4110 3468 4177 accedis,
3493 4111 3671 4182 justus
3709 4128 3792 4170 es.

2211 4199 2288 4254 Te
2317 4197 2600 4254 recedente
2636 4215 2742 4254 non
2791 4199 3006 4263 deﬁcit;
3035 4208 3088 4254 te
3114 4199 3402 4256 accedente
3437 4218 3545 4256 non
3573 4204 3792 4260 crescit.

2211 4291 2311 4348 Ubi
2340 4300 2422 4347 est
2463 4306 2590 4361 ergo
2632 4292 2733 4346 ista
2764 4291 3008 4361 justitia?
3035 4291 3253 4362 Qumres
3297 4291 3349 4346 in
3390 4294 3574 4346 terra?
3614 4294 3791 4350 Absit.

2209 4385 2325 4440 Non
2357 4384 2497 4440 enim
2523 4399 2711 4438 aurum
2740 4392 2831 4438 aut
2852 4383 3054 4454 lapides
3079 4387 3340 4454 pretiosos
3368 4385 3561 4454 quteris
3581 4427 3597 4451 ,
3630 4386 3794 4454 justi-

2210 4479 2337 4534 tiam
2366 4491 2632 4549 qurereus.
2674 4478 2865 4546 Qumre
2914 4477 2965 4530 in
3017 4476 3170 4541 mari,
3216 4491 3396 4547 qumre
3434 4477 3486 4531 in
3535 4478 3790 4547 nubibus,

2207 4584 2389 4640 quaere
2418 4569 2470 4623 in
2500 4568 2668 4623 stellis
2700 4587 2713 4625 :
2744 4581 2924 4638 quaere
2964 4567 3016 4621 in
3057 4567 3316 4638 Angelis;
3347 4567 3552 4624 invenis
3577 4569 3631 4624 in
3661 4570 3789 4638 illis,

2209 4661 2302 4717 sed
2332 4671 2386 4716 et
2413 4660 2512 4730 ipsi
2532 4659 2599 4716 de
2624 4660 2769 4714 fonte
2786 4659 2990 4714 bibunt.
3020 4658 3230 4714 Justitia
3273 4659 3415 4714 enim
3462 4659 3791 4730 Angelorum

2206 4754 2260 4810 iu
2290 4754 2538 4810 omnibus
2584 4761 2685 4818 est,
2733 4752 2828 4809 sed
2871 4751 2939 4806 ab
2967 4767 3075 4807 uno
3103 4753 3326 4821 capitur.
3374 4751 3603 4822 Respice
3637 4769 3789 4825 ergo,

2207 4846 2544 4916 trausccude,
2579 4847 2713 4901 vade
2736 4845 2862 4901 illuc
2890 4845 2976 4899 ubi
2999 4844 3165 4900 semel
3191 4846 3399 4901 locutus
3423 4856 3506 4901 est
3534 4845 3711 4911 Deus;
3739 4856 3794 4903 et

2204 4941 2277 4999 ibi
2310 4940 2548 4996 invenies
2574 4939 2774 4994 fontem
2798 4937 3037 5009 justitiae,
3061 4937 3150 4992 ubi
3191 4947 3273 4992 est
3301 4935 3420 4993 fons
3446 4938 3569 4992 vita:
3596 4953 3614 4992 :
3648 4938 3796 5005 Quo-

2202 5035 2341 5089 niam
2369 5031 2509 5104 apud
2530 5041 2577 5087 te
2599 5041 2672 5086 est
2697 5031 2812 5101 fons
2832 5029 2984 5101 vitte(
3012 5028 3158 5084 Psal.
3186 5044 3370 5095 xxxv,
3394 5029 3462 5083 l0
3488 5029 3529 5099 ).
3557 5028 3615 5087 Si
3642 5031 3792 5090 enim

2203 5134 2258 5180 tu
2289 5123 2354 5178 de
2401 5137 2523 5178 rore
2564 5121 2757 5191 exiguo
2801 5120 3041 5190 judicare
3068 5121 3148 5174 vis
3177 5117 3319 5188 quod
3357 5118 3558 5189 justum
3598 5128 3707 5186 est,
3739 5132 3798 5176 et

2205 5214 2348 5286 quod
2375 5215 2630 5284 injustum
2659 5221 2778 5279 est;
2805 5210 3060 5282 numquid
3109 5210 3361 5281 iniquitas
3403 5209 3545 5279 apud
3590 5211 3794 5281 Deum,

2201 5307 2344 5367 unde
2359 5307 2426 5363 ad
2455 5317 2506 5362 te
2524 5314 2703 5362 manat
2731 5313 2982 5377 tanquam
3012 5303 3079 5358 de
3101 5302 3247 5359 fonte
3274 5303 3499 5373 justitia,
3524 5301 3577 5358 in
3609 5320 3794 5374 quan-

2203 5410 2313 5454 tum
2330 5401 2530 5470 justum
2561 5397 2725 5468 sapis,
2756 5409 2876 5450 cum
2907 5411 2970 5448 ex
2997 5393 3180 5449 multis
3205 5394 3441 5462 partibus
3469 5394 3652 5465 inique
3695 5396 3797 5452 de-

2200 5491 2401 5562 sipias?
2433 5489 2602 5545 liabet
2643 5503 2771 5558 ergo
2820 5485 3018 5541 fontem
3059 5484 3282 5554 justititc
3337 5486 3497 5540 Deus.
3547 5485 3669 5542 Noli
3722 5489 3798 5544 ibi

2198 5596 2441 5656 quterere
2491 5580 2854 5652 iniquitatem,
2898 5577 2987 5634 ubi
3028 5576 3118 5632 lux
3155 5577 3274 5632 sine
3309 5575 3498 5632 umbra
3525 5586 3632 5633 est.
3681 5578 3798 5638 Sed

2264 5743 2280 5774 ι
2315 5739 2389 5788 Sic
2412 5745 2515 5786 Mss.
2553 5734 2668 5784 add.
2707 5744 2857 5796 vero:
2877 5738 2934 5782 Et
2954 5743 3104 5796 quare
3138 5730 3222 5796 dat
3264 5735 3446 5782 tentant
3486 5736 3796 5796 ροιωαιειιι,

2197 5812 2245 5859 et
2282 5815 2373 5852 non
2392 5800 2454 5854 de
2469 5793 2854 5862 potestate/tabat
2868 5794 3137 5857 wquitatcm
3149 5793 3176 5844 2

2266 5870 2285 5899 ³
2320 5855 2505 5926 Aliquot
2521 5869 2648 5922 3155.,
2671 5855 2941 5923 ﬁdentiam.
