4038 6474
254 421 360 481 745

252 540 407 612 plane
438 541 609 601 latere
630 554 682 601 te
710 556 893 618 potest
910 563 1088 609 causa.
1119 554 1176 611 Si
1191 555 1323 615 latet
1349 569 1402 618 te
1429 579 1608 634 causa,
1627 570 1839 638 respice

251 632 606 703 ignorantiam
641 646 781 694 tuam
804 681 819 706 ,
853 642 971 699 vide
998 646 1086 716 qui
1131 649 1236 716 sis;
1273 653 1488 710 attende
1533 632 1648 713 hinc
1678 658 1785 714 duo
1818 679 1832 716 :

252 723 507 792 Quoniam
534 740 754 800 potestas
778 731 877 788 Dei
904 745 978 791 est
1001 779 1016 805 ,
1045 747 1092 792 et
1135 741 1245 811 tibi,
1283 741 1519 813 Domine,
1550 751 1834 806 misericor-

246 816 350 870 dia.
380 817 624 876 Fortiora
650 834 697 878 te
717 842 778 880 ne
795 829 1071 900 quaesieris,
1112 844 1160 888 et
1187 834 1372 891 altiora
1415 848 1464 895 te
1491 858 1554 897 ne
1577 852 1829 900 scrutatus

245 911 437 976 lueris;
461 915 554 968 sed
571 933 684 986 quae
703 923 941 992 praecepit
979 924 1066 978 tibi
1089 923 1370 992 Dominus,
1399 932 1492 986 illa
1516 934 1679 1006 cogita
1706 953 1827 990 sem-

239 1020 328 1073 per
365 1002 386 1075 (
420 1003 589 1061 Eccli.
618 1023 696 1076 ru,
724 1009 794 1064 as
822 1012 864 1082 ).
895 1012 1026 1084 Quia
1066 1016 1133 1071 ad
1163 1018 1276 1075 haec
1307 1037 1427 1092 quae
1455 1024 1545 1078 tibi
1574 1002 1826 1098 prteccpit

237 1092 378 1148 Deus
406 1097 679 1165 pertinent
704 1100 800 1155 ista
832 1101 939 1159 duo
975 1123 988 1160 :
1014 1105 1263 1172 Quoniam
1285 1122 1506 1180 potestas
1525 1092 1626 1170 Dei
1651 1127 1742 1184 est,
1773 1127 1821 1174 et

237 1185 342 1253 tibi,
396 1185 638 1258 Domine,
680 1193 1048 1253 misericordia.
1091 1199 1208 1258 Noli
1257 1204 1444 1263 timere
1497 1208 1816 1265 inimicum:

232 1285 437 1334 tantum
468 1281 594 1337 facit
613 1296 864 1355 quantum
885 1294 1151 1362 acceperit
1168 1304 1504 1366 potestatem.
1528 1301 1664 1358 Eum
1691 1304 1818 1362 time

229 1368 315 1439 qui
339 1369 506 1428 habet
531 1392 792 1434 summam
825 1391 1144 1452 potestatem
1170 1404 1185 1456 ;
1213 1405 1334 1445 eum
1363 1393 1487 1449 time
1514 1395 1604 1466 qui
1642 1411 1814 1467 quan-

227 1467 337 1515 tum
365 1463 502 1533 vult,
533 1473 738 1526 tantum
775 1470 934 1542 facit,
966 1483 1021 1531 et
1058 1478 1150 1548 qui
1186 1479 1382 1551 injuste
1409 1463 1548 1540 nihil
1577 1463 1722 1554 facit,
1761 1497 1816 1544 et

224 1553 482 1625 quidquid
535 1557 736 1629 fecerit,
795 1573 995 1634 justum
1033 1580 1135 1627 est.
1183 1572 1510 1634 Putabamus
1549 1579 1808 1651 injustum

221 1651 546 1707 essenesc'io
573 1653 700 1724 quid
730 1673 745 1711 :
774 1671 843 1715 ex
884 1658 986 1717 hoc
1023 1663 1146 1733 quia
1188 1664 1317 1723 fecit
1342 1669 1506 1739 Deus,
1541 1673 1704 1731 crede
1719 1675 1807 1746 ju-

218 1745 359 1793 stum
389 1755 532 1797 esse.

286 1830 378 1885 22.
407 1834 571 1907 Ergo,
597 1838 791 1910 inquis,
814 1844 859 1898 si
885 1845 1003 1915 quis
1022 1846 1295 1908 hominem
1320 1855 1527 1912 occidat
1548 1856 1807 1917 innocen-

215 1930 346 1991 tem,
372 1925 520 1996 juste
561 1931 704 2000 facit,
745 1949 813 1989 an
854 1936 1073 2008 inique?
1097 1939 1282 2012 Inique
1320 1960 1470 2002 sane.
1499 1950 1674 2017 Quare
1701 1951 1804 2008 hoc

213 2017 478 2085 permittit
503 2021 684 2078 Deus?
715 2025 840 2082 Vide
874 2031 1023 2099 prius
1061 2048 1129 2089 ne
1167 2035 1294 2091 illud
1335 2039 1528 2097 debeas
1557 2060 1570 2098 :
1598 2042 1805 2117 Frange

212 2108 454 2162 esurienti
493 2128 676 2180 panem
712 2125 873 2186 tuum,
911 2129 959 2174 et
997 2138 1206 2194 egenum
1244 2128 1352 2184 sine
1388 2139 1514 2187 tecto
1555 2134 1708 2189 induc
1748 2136 1802 2191 in

210 2199 418 2254 domum
448 2213 624 2272 tuam;
650 2208 692 2261 si
721 2211 904 2266 videris
927 2216 1139 2286 nudum,
1166 2221 1287 2274 vesti
1313 2239 1425 2276 eum
1455 2224 1622 2296 (Isai.
1653 2244 1796 2299 Lvtu,

209 2291 303 2363 7).
332 2293 461 2350 Βιεο
487 2299 628 2352 enim
651 2298 854 2369 justitia
882 2313 968 2360 tua
994 2317 1109 2371 est;
1135 2310 1236 2368 hoc
1257 2315 1400 2370 enim
1431 2291 1520 2372 tibi
1549 2322 1800 2391 praecepit

207 2383 467 2444 Dominus
498 2409 511 2445 :
540 2390 805 2450 Lavamini
820 2437 836 2464 ,
865 2402 1040 2456 mundi
1066 2413 1239 2474 estote,
1267 2411 1464 2481 auferte
1490 2414 1737 2482 nequitias
1764 2432 1798 2470 a

204 2478 440 2534 cordibus
479 2485 683 2548 vestris,
720 2496 869 2558 atque
892 2506 924 2543 a
952 2504 1215 2564 conspectu
1243 2500 1506 2556 oculorum
1533 2521 1796 2573 meorum;

203 2567 378 2623 discite
409 2573 596 2628 bonum
627 2578 812 2647 facere,
834 2582 1065 2650 judicate
1103 2589 1297 2659 pupillo
1325 2602 1372 2645 et
1409 2593 1571 2649 vidum
1590 2612 1610 2650 :
1632 2606 1678 2651 et
1707 2567 1792 2653 ve:-

202 2660 323 2728 nt'te,
347 2673 394 2717 et
420 2664 753 2739 disputemus,
779 2672 900 2727 dicit
922 2674 1170 2734 Dominus
1189 2680 1298 2748 (Id.
1319 2699 1356 2752 ι,
1375 2685 1581 2756 16-18).
1604 2688 1794 2759 Dispu-

201 2760 315 2808 tare
342 2757 446 2824 vis,
477 2768 762 2830 antequam
793 2763 956 2821 facias
984 2770 1124 2826 unde
1157 2771 1346 2842 dignus
1385 2778 1459 2832 sis
1493 2757 1786 2852 disputare,

197 2859 363 2913 quare
395 2848 497 2904 hoc
524 2855 764 2920 permisit
787 2858 944 2913 Deus.
971 2860 1262 2920 Consilium
1292 2867 1384 2924 Dei
1414 2871 1506 2926 tibi
1533 2848 1731 2943 dicere,
1754 2848 1788 2932 o

196 2933 380 3004 homo,
412 2955 522 2995 non
548 2959 763 3012 possum
798 2965 811 3002 :
841 2949 970 3004 illud
1001 2960 1176 3010 tamen
1208 2957 1346 3026 dico,
1378 2962 1498 3030 quia
1527 2974 1580 3018 et
1607 2965 1788 3038 inique

193 3026 317 3082 fecit
344 3029 508 3086 homo
538 3035 630 3104 qui
657 3038 853 3093 occidit
893 3042 1260 3116 innocentem,
1286 3060 1340 3105 et
1368 3026 1475 3108 n—on
1504 3056 1656 3112 ﬁeret
1682 3060 1788 3116 nisi

192 3119 533 3185 permitteret
561 3124 732 3195 Deus;
762 3138 815 3184 et
846 3135 1085 3201 quamvis
1118 3137 1208 3192 ille
1238 3139 1414 3211 inique
1441 3142 1646 3216 fecerit,
1675 3158 1800 3208 non'

191 3213 371 3264 tamen
401 3209 506 3267 hoc
537 3214 713 3287 inique
742 3223 986 3290 permisit
1013 3225 1173 3283 Deus.
1195 3209 1382 3288 Lateat
1407 3249 1566 3292 causa
1597 3238 1648 3294 in
1680 3245 1784 3298 isto

191 3299 370 3354 nescio
400 3319 530 3373 quo,
559 3305 626 3362 de
656 3325 760 3380 quo
791 3317 1043 3385 moveris,
1076 3320 1225 3390 cujus
1252 3323 1554 3385 innocentia
1584 3340 1635 3386 te
1661 3349 1785 3403 per-

188 3401 387 3446 movet.
412 3393 634 3454 Possem
660 3403 800 3458 enim
820 3406 915 3461 tibi
939 3409 1046 3465 cito
1061 3416 1411 3486 reSpondere,
1429 3419 1543 3476 Non
1571 3393 1780 3482 occide-

188 3493 338 3538 retur
367 3487 470 3543 nisi
501 3507 698 3549 nocens
726 3506 907 3553 esset:
934 3501 1028 3556 sed
1059 3513 1113 3558 tu
1142 3521 1266 3562 eum
1307 3508 1647 3571 innocentem
1678 3533 1779 3588 pu-

186 3583 284 3631 tas.
312 3577 537 3636 Pcssem
569 3584 657 3640 tibi
688 3585 791 3643 hoc
815 3590 921 3645 cito
944 3593 1142 3652 dicere.
1172 3597 1287 3654 Non
1314 3603 1455 3658 enim
1489 3615 1540 3660 tu
1568 3619 1776 3665 scruta-

185 3671 321 3725 rcris
367 3687 464 3728 cor
509 3676 656 3747 ejus,
707 3679 1002 3742 discuteres
1057 3687 1193 3746 facta
1244 3694 1392 3764 ejus,
1441 3702 1776 3761 examinares

185 3764 536 3834 cogitationes
565 3771 700 3841 ejus,
726 3783 784 3830 ut
809 3779 979 3846 possis
1008 3782 1137 3837 mihi
1163 3785 1376 3844 dicere:
1405 3790 1602 3862 lnjuste
1633 3799 1776 3854 occi-

182 3869 268 3909 sus
300 3843 403 3911 est.
437 3859 652 3917 Possem
683 3880 808 3936 ergo
838 3866 991 3925 facile
1023 3877 1346 3946 respondere
1374 3899 1386 3935 :
1415 3883 1508 3938 sed
1547 3890 1769 3958 opponi-

184 3954 264 4000 tur
296 3950 430 4004 mihi
457 3954 672 4022 quidam
693 3957 885 4027 justus,
912 3963 1026 4019 sine
1053 3975 1414 4028 controversia
1435 3976 1632 4047 justus,
1656 3983 1772 4038 sine

181 4037 511 4100 dubitatione
532 4046 726 4117 justus,
757 4052 845 4121 qui
873 4070 978 4111 non
1003 4056 1234 4116 habebat
1258 4037 1532 4133 peccatum
1563 4074 1770 4130 occisus

178 4147 204 4185 a
234 4139 647 4208 peccatoribus,
693 4144 914 4201 traditus
955 4163 982 4201 a
1027 4162 1341 4223 peccatore;
1379 4159 1492 4230 ipse
1523 4161 1769 4223 Christus

178 4223 462 4297 Dominus,
491 4231 558 4287 de
586 4249 694 4303 quo
724 4252 830 4292 non
863 4255 1143 4308 possumus
1181 4246 1360 4306 dicere
1403 4255 1543 4323 quod
1587 4257 1770 4318 habuit

173 4317 407 4389 aliquam
441 4322 791 4395 iniquitatem,
817 4333 937 4401 quia
962 4350 1023 4389 ea
1053 4352 1168 4406 quin
1195 4354 1302 4394 non
1325 4345 1499 4412 rapuit
1523 4349 1772 4405 exsolve-

172 4407 261 4462 bat
288 4410 463 4482 (Psal.
490 4431 676 4484 uvm,
701 4419 778 4490 5),
809 4421 1058 4492 objicitur
1083 4413 1231 4484 mihi.
1257 4431 1323 4485 Et
1348 4407 1473 4503 quid
1498 4436 1669 4493 dicam
1697 4441 1766 4499 de

171 4499 429 4560 Christo?
456 4506 654 4563 Tecum
697 4527 796 4582 ago
816 4555 831 4579 ,
868 4515 1062 4584 inquis.
1092 4520 1159 4575 Et
1202 4537 1301 4593 ego
1341 4499 1537 4584 tecum.
1566 4530 1641 4586 De
1670 4533 1764 4588 illo

171 4599 430 4667 proponis
477 4604 861 4673 quaestionem;
891 4608 958 4665 de
987 4610 1080 4666 illo
1116 4613 1268 4670 solvo
1296 4619 1664 4687 quaestionem.
1685 4623 1763 4680 lbi

169 4688 310 4742 enim
334 4693 622 4747 consilium
646 4695 740 4752 Dei
767 4700 1035 4770 novimus,
1059 4705 1200 4774 quod
1227 4711 1437 4765 nonnisi
1467 4713 1583 4784 ipso
1608 4731 1762 4773 reve-

169 4775 314 4836 lante
356 4797 679 4842 nossemus:
713 4797 771 4842 ut
797 4806 918 4846 cum
965 4805 1020 4848 tu
1059 4794 1325 4854 inveneris
1362 4787 1637 4860 consilium
1668 4808 1761 4864 Dei

169 4883 274 4937 quo
302 4876 548 4941 permisit
578 4877 916 4938 innocentem
938 4883 1130 4942 Filium
1156 4891 1324 4946 occidi
1350 4892 1418 4948 ab
1445 4895 1674 4966 injustis,
1706 4911 1762 4956 et

169 4961 277 5018 tale
306 4967 593 5023 consilium
625 4974 782 5040 quale
814 4975 904 5030 tibi
933 4977 1156 5046 placeat,
1187 4991 1240 5036 et
1271 4984 1426 5053 quale
1455 4961 1568 5055 tibi,
1600 4991 1642 5044 si
1667 4991 1758 5060 ju-

164 5060 281 5108 stus
308 5070 386 5120 es,
419 5057 702 5128 displicere
745 5079 850 5119 non
887 5070 1073 5136 possit,
1103 5072 1290 5150 credas
1320 5077 1442 5146 quia
1474 5089 1526 5134 et
1556 5079 1608 5135 in
1639 5082 1757 5140 aliis

101 5197 112 5208 ,
163 5147 391 5203 consilio
422 5149 476 5204 id
506 5162 624 5220 agat
663 5154 820 5225 Deus,
851 5160 944 5213 sed
975 5147 1202 5220 latet'te.
1235 5167 1350 5235 Eia,
1386 5169 1594 5239 fratres,
1623 5190 1756 5246 Opus

161 5249 281 5293 erat
323 5244 580 5313 Sanguine
619 5245 746 5314 justi
784 5250 851 5305 ad
878 5251 1159 5310 delendum
1187 5257 1594 5333 chirographum
1629 5244 1753 5336 pec-

159 5340 404 5386 cator-nm
429 5351 443 5397 ;
475 5350 608 5404 opus
637 5348 753 5394 erat
779 5344 1025 5415 exemplo
1052 5348 1346 5416 patientiae,
1379 5360 1625 5428 exemplo
1653 5360 1752 5415 hu-

160 5423 438 5490 militatis;
469 5441 604 5495 Opus
633 5439 747 5484 erat
774 5435 927 5504 signo
955 5439 1128 5493 crucis
1157 5441 1223 5495 ad
1254 5443 1520 5501 diabolum
1552 5461 1604 5506 et
1636 5453 1750 5521 ejus

157 5514 380 5584 angelos
429 5517 774 5579 debellandos
818 5525 1038 5592 (Coloss.
1065 5547 1120 5596 ιι,
1150 5533 1237 5601 id,
1270 5536 1392 5607 15);
1425 5555 1557 5609 Opus
1598 5514 1750 5601 nobis

157 5615 275 5657 erat
325 5609 574 5676 passione
604 5611 809 5670 Domini
855 5622 1020 5675 nostri
1055 5640 1068 5676 :
1102 5639 1224 5678 nam
1264 5631 1508 5696 passione
1540 5634 1749 5693 Domini

155 5684 471 5768 redemptus
498 5704 754 5760 estorbis.
783 5709 988 5777 Quanta
1011 5712 1147 5770 bona
1171 5684 1280 5788 egii
1303 5723 1479 5790 passio
1500 5725 1706 5782 Domini
1730 5731 1742 5784 !

155 5785 222 5840 Et
245 5796 427 5846 tamen
451 5795 631 5861 passio
649 5796 804 5868 hujus
821 5801 950 5870 justi
982 5822 1086 5861 non
1112 5821 1291 5877 esset,
1324 5814 1425 5868 nisi
1463 5816 1744 5877 Dominum

152 5875 329 5949 iniqui
348 5885 688 5942 occidissent.
713 5890 849 5958 Quid
885 5910 1041 5965 ergo,
1067 5898 1260 5956 bonum
1289 5901 1390 5961 hoc
1426 5907 1565 5977 quod
1592 5912 1742 5967 nobis

444 5973 671 6038 SANCT.
719 5982 996 6046 Auensr.
1041 5988 1147 6051 IV.

1385 443 1782 505 ENARRATIO
1819 447 1887 508 ΙΝ
1923 450 2245 516 PSALMUM
2281 461 2415 520 LXI.

3429 506 3531 564 746

1946 576 2245 642 praestitum
2273 591 2355 638 est
2374 583 2443 640 de
2465 584 2728 648 dominica
2754 601 3019 672 passione,
3052 608 3420 683 imputandum
3444 598 3526 680 est

1943 664 2137 738 iniquis
2159 672 2591 740 interfectoribus
2633 664 2870 747 Christi?
2892 664 3062 756 Absit.
3088 664 3170 761 ιιῖι
3201 711 3483 774 volucrum
3509 737 3524 786 ;

1943 755 2077 786 nn..."
2109 769 2276 786 ..Α-μη
2314 769 2345 786 ι-
2402 772 2482 786 ιι..

1939 755 2079 815 Deus
2107 769 2368 834 permisit.
2400 772 2483 828 illi
2513 790 2768 838 nocentes
2804 800 2985 845 essent
3007 833 3024 861 ,
3055 797 3259 857 etiamsi
3291 762 3522 864 tantum:

1938 851 2098 908 modo
2127 857 2448 929 voluissent;
2502 867 2643 927 Deus
2678 883 2853 932 autem
2884 895 2990 937 non
3026 891 3377 964 permisisset,
3411 903 3513 956 nisi

3026 937 3377 964 rv-"u-W-N's
3411 937 3513 956 "'°'

1929 937 2135 1009 justum
2177 961 2340 1006 esset.
2405 953 2694 1019 Voluerunt
2719 969 2967 1029 occidere
3005 992 3019 1029 :
3074 993 3213 1048 pone
3252 989 3372 1054 quia
3416 1009 3523 1048 non

1933 1041 2221 1148 potuerunt
2245 1059 2258 1095 :
2294 1043 2458 1116 iniqui
2483 1063 2702 1123 essent,
2727 1058 3007 1121 homicida:
3035 1041 3215 1129 essent
3237 1041 3400 1148 ;lquis
3426 1083 3523 1139 du-

2689 1120 2698 1123 _
2971 1120 3000 1121 γέ
3043 1120 3215 1129 ---ν-ι-
3237 1120 3252 1142 ,
3322 1120 3400 1134 υιυ
3426 1120 3514 1139 ιιιι·

1928 1120 2162 1183 bitaret?
2202 1131 2452 1194 Dominus
2477 1144 2620 1201 enim
2650 1147 2924 1225 interrogat
2956 1161 3157 1230 justum
3209 1178 3256 1222 et
3283 1120 3514 1241 “impium

1931 1214 2081 1241 In‘_'
2125 1238 2155 1241 μ
2211 1224 2257 1241 n\
2359 1239 2365 1241 μ
2429 1231 2448 1241 ο

1928 1214 2098 1334 £Psal.
2123 1238 2180 1291 x,
2207 1224 2261 1298 6)
2289 1239 2394 1299 ;et,
2418 1231 2486 1289 In
2506 1241 2889 1310 cogitationibus
2908 1251 3051 1324 impii
3073 1214 3405 1334 interrogati;
3417 1272 3512 1325 erit

1971 1311 2071 1334 ομ.-
2115 1331 2131 1334 -
2185 1316 2246 1334 ιιι
2309 1322 2366 1334 -υ
2493 1331 2502 1334 -
2558 1331 2583 1334 -

1925 1307 1948 1380 (
1963 1311 2094 1427 sap.
2115 1331 2152 1384 ι,
2185 1316 2272 1391 9).
2306 1322 2530 1384 Discutit
2555 1307 2698 1391 Deus
2727 1341 2854 1408 quid
2881 1307 3517 1427 quisque—voiuZiit':

1922 1406 2049 1476 quid
2088 1419 2341 1482 potuerit.
2382 1423 2524 1496 Ergo
2550 1430 2596 1484 si
2635 1406 2947 1506 voluissent,
2980 1453 3030 1498 et
3057 1461 3162 1503 non
3192 1456 3512 1526 potuissent,

1920 1508 1974 1554 et
1994 1517 2098 1558 non
2120 1509 2462 1586 occidissent,
2492 1519 2659 1594 iniqui
2690 1527 2765 1582 illi
2789 1546 3156 1607 remanerent;
3186 1508 3278 1600 tibi
3310 1508 3514 1607 Christi

1918 1595 2095 1660 passio
2142 1615 2249 1658 non
2293 1619 2656 1676 priestaretur.
2709 1618 2889 1678 Voluit
2938 1641 3066 1698 ergo
3113 1595 3288 1691 facere
3317 1638 3512 1710 impius

1918 1691 1971 1710 ns
2015 1685 2194 1710 ,Ιη-μμΑ
2273 1704 2283 1710 -
2592 1705 2604 1710 ‘

1915 1691 1975 1738 ut
2011 1685 2390 1765 damnaretur;
2438 1705 2731 1771 permissus
2767 1722 2848 1767 est
2895 1725 2948 1770 ut
2980 1685 3070 1774 tibi
3112 1685 3458 1792 praestaretiir
3486 1750 3506 1788 :
3549 1780 3553 1796 ι

1914 1775 2055 1842 quod
2097 1781 2299 1853 voluit,
2331 1787 2618 1860 imputatur
2659 1799 2922 1872 iniquitati
2965 1775 3146 1881 impiir;
3189 1818 3331 1887 quod
3380 1837 3496 1892 per.
3545 1789 3552 1840 ί

1910 1879 2106 1925 missus
2145 1883 2248 1943 est,
2291 1877 2583 1950 imputatur
2609 1897 2856 1958 potestati
2884 1898 2998 1955 Dei.
3031 1877 3282 1980 lllever-go
3318 1877 3503 1986 inique

1911 1957 2103 1986 unlnh.
2136 1964 2271 1986 n-_u
2308 1969 2321 1981 ο
2394 1982 2404 1986 _
2621 1981 2630 1986 .
2668 1983 2680 1986 -
2752 1985 2763 1986 η

1911 1957 2106 2071 voluit;
2136 1964 2276 2023 Deus
2298 1969 2440 2040 juste
2465 1957 2724 2046 permisit.
2746 1985 2946 2060 itaque,
2971 1992 3162 2054 fratres
3182 1957 3311 2071 niei,
3338 1957 3505 2064 et‘iu-

1907 2046 2004 2105 das
2024 2055 2284 2126 malignus
2320 2066 2540 2125 traditor
2567 2073 2788 2144 Christi,
2812 2046 2860 2136 ei
2885 2099 3255 2154 persecutores
3278 2046 3497 2171 Christi,

1911 2143 2122 2171 mnum;
2150 2164 2264 2171 .._._
2282 2168 2295 2171 ,
2312 2169 2324 2171 _
2389 2157 2400 2168 ο
2501 2161 2530 2171 ..

2775 2143 2779 2144 ν
2885 2143 2900 2154 ,
3054 2143 3253 2151 μη---
3284 2143 3497 2171 -.....,..,

1907 2143 2124 2214 maligni
2146 2164 2350 2222 omnes,
2385 2157 2531 2228 impii
2549 2177 2754 2235 omnes,
2775 2171 2938 2244 iniqui
2966 2193 3176 2253 omnes,
3208 2185 3501 2250 damnandi

1906 2246 2095 2292 omnes
2120 2250 2208 2296 :et
2232 2251 2406 2302 tamen
2434 2250 2592 2309 Pater
2617 2263 2823 2330 praprio
2847 2265 2984 2323 Filio
3004 2288 3096 2326 suo
3117 2246 3218 2332 non
3243 2246 3498 2354 pepercii;

1908 2326 1994 2354 .-Α
2030 2346 2119 2354 ......
2145 2333 2283 2354 ..-Lsi
2325 2353 2333 2354 ,
2441 2343 2470 2354 ..
2669 2350 2698 2354 ._
2726 2351 2733 2354 .

1903 2326 1994 2448 ἔθα
2028 2346 2121 2398 pro
2143 2333 2286 2389 nobis
2311 2343 2542 2398 omnibus
2562 2326 2773 2405 tradidit
2796 2355 2945 2411 illum
2975 2360 2994 2431 (

1903 2413 2156 2489 Dispone,
2179 2424 2226 2478 si
2257 2439 2440 2498 potes;
2488 2434 2751 2511 distingue
2777 2486 2792 2512 ,
2841 2449 2887 2502 si
2931 2413 3486 2526 potesﬂgredde‘D-eg

1902 2517 2024 2632 voltu
2051 2523 2157 2580 tua,
2189 2533 2310 2587 quae
2339 2522 2694 2587 distinxerunt
2718 2536 2853 2592 labia
2887 2517 2974 2598 tua
3003 2544 3175 2618 (Psul.
3198 2517 3490 2632 ιη,

1902 2598 1953 2632 νε
1996 2616 2024 2632 Δ
2051 2605 2175 2632 num
2202 2607 2269 2632 τω
2294 2619 2308 2632 .
2339 2612 2361 2632 ι
2398 2630 2441 2632 ,κ
2486 2619 2516 2632 .-
2550 2620 2560 2630 .
2608 2622 2618 2632 .

1901 2598 2024 2700 vide
2050 2605 2176 2672 quid
2199 2607 2269 2663 ibi
2293 2619 2311 2650 ι
2337 2612 2523 2672 fecerit
2547 2620 2780 2695 iniquus,
2797 2632 2923 2700 quid
2939 2598 3266 2703 juiiu'sjvllie

1897 2689 1999 2746 iste
2026 2698 2269 2762 permisit
2313 2721 2326 2757 :
2359 2707 2452 2763 ille
2480 2689 2678 2782 injuste
2704 2689 2900 2791 voluit;
2926 2689 3028 2784 iste
3047 2730 3194 2802 juste
3219 2695 3485 2808 permisit:

1897 2779 2152 2808 V..I.-—---
2183 2791 2193 2808 ε
2241 2792 2250 2804 ⁸
2329 2805 2337 2808 -
2424 2799 2436 2808 “

2534 2779 2547 2782 ν
2887 2779 2899 2791 ,
2929 2779 3025 2784 νὴ--
3078 2779 3194 2791 -.....
3257 2779 3485 2802 υ...ηοω

1897 2779 2155 2842 Voluntas
2179 2791 2376 2863 injusta
2405 2799 2720 2875 damnetur;
2750 2818 3030 2881 permissio
3047 2779 3192 2894 justa
3217 2779 3486 2900 gloriﬁce-

1898 2881 2000 2929 tur.
2030 2880 2166 2947 Quid
2189 2888 2334 2944 enim
2357 2894 2482 2949 mali
2503 2900 2698 2957 accidit
2723 2880 2956 2975 Christo,
2979 2880 3100 2986 quia
3125 2880 3369 2982 mo:tuus
3397 2943 3482 2988 est

1898 2965 2018 2988 ne".
2056 2981 2068 2988 .
2155 2978 2178 2988 η
2197 2977 2238 2988 -

2943 2965 2955 2975 ν
2986 2965 3100 2986 ι---
3125 2965 3233 2978 ι’·ν-
3251 2965 3369 2982 “una
3397 2965 3481 2988 cui

1892 2965 2138 3030 Christus
2155 2978 2178 3030 ?
2195 2977 2264 3034 Et
2284 2980 2360 3037 illi
2386 2988 2511 3044 mali
2537 3003 2681 3060 sunt,
2704 2999 2790 3067 qui
2813 3003 2954 3058 male
2971 3005 3149 3067 facere
3170 3018 3481 3091 voluerunt;

1892 3071 1942 3091 Δ.
1973 3065 2103 3091 ..ειη
2136 3073 2257 3091 ...-I'
2285 3090 2305 3091 η
2697 3089 2705 3091 .
2746 3089 2762 3091 _

1891 3071 1947 3117 et
1971 3065 2106 3154 nihil
2133 3073 2260 3127 mali
2280 3090 2468 3145 passus
2492 3093 2593 3150 est,
2624 3065 3002 3152 cui—fecerunt.
3033 3101 3219 3161 Occisa
3244 3122 3327 3166 est
3354 3067 3481 3173 cari;

1881 3817 1990 3858 non
2020 3816 2103 3862 est
2131 3808 2398 3883 iniquitas.
2434 3820 2513 3877 Tu
2543 3833 2744 3886 tantum
2775 3808 2989 3895 ad-eum
3023 3808 3246 3916 perutile,
3278 3854 3329 3908 in
3353 3855 3472 3926 ipso

1879 3910 2030 3966 spem
2057 3915 2234 3972 pone;
2260 3908 2375 3978 ipse
2403 3915 2472 3968 sit
2497 3917 2708 3990 adjutor
2741 3935 2893 3996 tuus,
2923 3935 3158 3996 salutare
3198 3953 3341 4000 tuum
3369 3966 3382 4012 ;
3414 3951 3469 4007 in

1882 3986 1970 4012 :ll-
2006 3991 2077 4012 ΑΒΔ
2124 3994 2161 4012 ¹ν
2436 4007 2446 4012 ’

1881 3986 1974 4043 illo
2005 3991 2080 4046 sit
2121 3994 2272 4053 locus
2300 3986 2576 4079 munitus,
2617 4018 2778 4074 turris
2815 3991 3465 4110 fortitudinisnet‘ugi’um

1881 4085 2026 4110 In...“
2055 4083 2166 4110 2..--
2200 4090 2265 4110 ,ει
2334 4104 2369 4110 ι.
2656 4108 2664 4110 .

1879 4085 2028 4136 ιυιιιη
2055 4083 2170 4154 ipse
2198 4090 2288 4156 sit,
2321 4104 2376 4149 et
2423 4115 2528 4154 non
2552 4112 2602 4159 te
2623 4108 2760 4165 sinet
2781 4120 2971 4172 tentari
3002 4135 3159 4193 supra
3185 4083 3348 4196 quani
3367 4151 3467 4204 po-

1879 4179 1980 4204 lnos
2007 4177 2140 4204 rA-n-n
2240 4185 2330 4204 --λ
2381 4188 2404 4204 ¹’
2466 4192 2478 4204 ⁹

1879 4179 1983 4229 ίθει
2005 4177 2141 4233 ferre
2169 4222 2184 4247 ι
2237 4185 2330 4238 sed
2377 4188 2537 4248 faciet
2565 4211 2684 4254 cum
2720 4209 3008 4266 tentatione
3046 4219 3202 4273 etiam
3240 4177 3463 4298 exittiin,

1879 4272 1932 4298 nl
1966 4268 2135 4298 ηηοοῖο
2185 4275 2439 4298 -.....:_--_-
2480 4280 2531 4298 ι.
2586 4285 2620 4298 η
2825 4297 2833 4298 ,
2906 4296 2913 4298 _

1876 4272 1935 4318 ut
1965 4268 2138 4336 possis
2183 4275 2448 4335 suSIinere
2475 4280 2531 4355 (l
2579 4285 2696 4342 Cor.
2728 4309 2782 4361 x,
2815 4296 2923 4371 l5)
2958 4318 2974 4355 :
3005 4268 3064 4357 ut

1874 4355 1981 4424 pati
2024 4362 2390 4435 tentationem,
2450 4386 2685 4441 potestas
2731 4384 2848 4454 ejus
2876 4355 2982 4458 sit;
3011 4355 3150 4465 quold
3200 4418 3305 4460 non
3333 4411 3462 4468 sinit

1874 4444 2005 4468 ..Ιι-ι-
2034 4448 2078 4468 Ξμ
2131 4461 2170 4468 -γ
2211 4453 2238 4468 ’⁸
2311 4457 2322 4468 ⁸

2758 4444 2778 4454 ν
2935 4444 2940 4445 ,
2969 4444 2982 4458 ,
3027 4444 3150 4465 ...ν-ι
3200 4444 3305 4460 ιιιιιι
3333 4444 3458 4468 ΠΙΙΙΙ.

1872 4444 2008 4499 ultra
2033 4448 2083 4501 in
2131 4461 2182 4504 te
2207 4453 2322 4510 ﬁeri
2357 4476 2512 4528 quam
2561 4479 2714 4536 potes
2756 4475 2925 4544 ferre,
2955 4485 3316 4551 misericordia
3343 4501 3458 4571 ejus

1873 4535 1936 4571 ες.
1966 4553 1978 4566 .
2033 4537 2281 4571 n..,...:.....
2337 4560 2444 4571 -.L
2478 4563 2490 4571 -
2604 4559 2636 4571 ’λ
2676 4563 2687 4571 ·

2564 4535 2571 4536 ί
2912 4535 2923 4544 ι
3012 4535 3218 4546 νν--σνυ-
3233 4535 3316 4551 usu
3343 4535 3370 4552 ι»
3397 4535 3458 4559 ua

1872 4535 1978 4588 sn:
2033 4537 2284 4602 Quoniam
2333 4560 2551 4618 Ρθτθδίαδ
2591 4559 2687 4615 θεέ
2711 4576 2803 4634 εει,
2844 4580 2891 4624 ει
2922 4573 3027 4642 ubi,
3070 4577 3307 4656 Domine,
3362 4535 3458 4649 :ni-
3491 4566 3498 4582 ³

1875 4627 2144 4656 ’ΛιιὲῼΑ-ᾹΣ-
2225 4653 2260 4656 ,μ
2289 4638 2319 4656 δν
2384 4651 2392 4656 .
2536 4648 2546 4656 ι
2572 4649 2582 4656 .

2788 4627 2800 4634 ν
2998 4627 3027 4642 γ’
3070 4627 3307 4656 --.πνοι-ν,
3362 4627 3455 4649 ,ηι-

1870 4627 2163 4699 sericordia,
2214 4638 2332 4705 quia
2375 4651 2428 4697 tu
2457 4648 2635 4705 reddes
2673 4658 2939 4731 unicuique
2987 4675 3261 4732 secundum
3301 4699 3455 4754 opera

1871 4719 1979 4754 ...-...

1867 4835 1921 4880 Et
1943 4842 2053 4896 post
2075 4843 2328 4893 tractatum
2350 4847 2414 4897 de
2435 4851 2638 4917 Psalmo,
2657 4873 2766 4934 cum
2800 4867 3170 4938 mathematicus
3201 4883 3252 4933 in
3272 4890 3454 4952 populo

2145 4913 2507 4952 monstraretur-
2537 4917 2600 4952 du
2627 4933 2687 4952 οη
2710 4924 2837 4952 "in...
2859 4943 2959 4952 ...η
2989 4936 3067 4952 :_.,
3094 4936 3140 4952 ...

2145 4913 2511 4977 monstraretur,
2537 4917 2600 4966 de
2624 4913 2687 4972 eo
2708 4924 2838 4976 idem
2854 4913 3164 4991 ip’éé'iEi'uLT

1857 5644 2135 5758 sedufens,
2160 5655 2434 5758 ‘deceptus
2463 5668 2752 5742 decipiens,
2790 5644 2976 5753 ιιιθιῖἶ,
3011 5644 3439 5758 ⁷ΐξξῆξῖιὶιῗνψιῑιῙιῖιιεῖ

2584 5736 2598 5742 _
2743 5736 2750 5741 ,
3018 5736 3218 5758 ----....,
3273 5736 3439 5756 ...υιια

1857 5736 2130 5797 mendacia
2160 5745 2367 5809 locutus
2385 5767 2468 5814 est
2491 5773 2674 5821 contra
2699 5769 2888 5842 Deum,
2918 5777 3006 5845 qui
3038 5778 3187 5839 dedit
3214 5785 3440 5850 homini-

1920 5874 1938 5952 :
1971 5877 2043 5952 sic
2063 5883 2168 5952 Mss.
2194 5891 2250 5934 At
2269 5888 2404 5952 Edd.,
2429 5881 2530 5945 tibi.

1918 5937 1938 5966 ²
1973 5945 2086 6002 Reg.
2114 5941 2254 6010 liber,
2278 5937 2492 6014 reqn'um'.

2609 6043 3174 6145 {Vingt—quatre.)
