4038 6502
542 414 644 472 747

540 530 641 586 bus
684 532 998 598 potestatem
1030 520 1251 577 faciendi
1294 520 1434 592 quod
1471 520 1665 575 bonum
1706 524 1808 581 est,
1831 523 2008 571 etnon
2034 512 2115 566 fa—

540 618 711 677 ciendi
756 616 897 693 quod
923 615 1120 671 malum
1149 622 1250 673 est.
1281 614 1383 667 lste
1413 612 1619 666 dicebat
1657 609 1777 683 quia
1803 605 2119 662 adulterium

547 728 653 767 non
682 708 906 766 faciebat
935 707 1181 762 voluntas
1221 704 1430 779 propria
1458 746 1472 769 ,
1505 702 1599 757 sed
1626 701 1836 763 Venus;
1870 707 1923 753 et
1947 698 2120 753 homi-

540 804 736 859 cidium
783 816 892 856 non
932 798 1159 855 faciebat
1181 797 1425 852 voluntas
1450 793 1682 867 propria,
1734 790 1826 849 sed
1864 789 2040 854 Mars;
2068 795 2121 843 et

535 895 740 966 justum
767 908 876 948 non
903 890 1126 947 faciebat
1155 890 1314 955 Deus,
1347 886 1440 941 sed
1469 884 1613 939 lovis
1648 902 1661 938 :
1695 894 1748 938 et
1775 882 1874 937 alia
1905 881 2068 935 multa
2100 880 2118 911 ι

539 986 797 1059 sacrilega
830 1000 937 1040 non
965 998 1145 1055 parva.
1172 980 1341 1053 Quam
1381 978 1560 1033 multis
1597 991 1717 1032 eum
1746 974 1940 1044 putatis
1966 972 2121 1026 Chri-

539 1079 725 1134 Stianis
754 1090 1001 1132 nummos
1024 1070 1350 1130 abstulisse?
1374 1071 1540 1141 Quam
1574 1067 1723 1122 multi
1750 1065 1816 1120 ab
1845 1065 1933 1120 illo
1963 1079 2111 1119 eme-

539 1176 663 1225 runt
689 1167 1045 1232 mendacium,
1066 1164 1259 1235 quibus
1286 1159 1593 1217 dicebamus
1628 1176 1639 1211 :
1668 1156 1788 1211 Filii
1815 1154 2114 1222 hominum,

539 1273 816 1331 usquequo
852 1272 1040 1328 graves
1086 1252 1287 1310 corde?
1325 1249 1508 1321 utquid
1539 1247 1753 1323 diligitis
1796 1246 2116 1309 vanitatem,

535 1361 591 1408 et
610 1351 847 1423 quaeritis
875 1349 1207 1405 mendacium
1236 1344 1405 1417 (Psal.
1437 1360 1508 1409 IV,
1536 1344 1571 1399 5
1591 1342 1646 1414 )‘l
1671 1341 1844 1407 Modo,
1889 1340 2025 1394 sicut
2051 1340 2119 1394 de

536 1442 630 1498 illo
658 1442 979 1499 credendum
997 1449 1098 1506 est,
1123 1437 1329 1492 horruit
1356 1433 1713 1498 mendacium,
1743 1441 1798 1486 et
1822 1430 2117 1485 multorum

537 1534 811 1589 hominum
859 1533 1150 1588 illectorem
1172 1532 1194 1562 ’
1223 1544 1282 1585 se
1320 1526 1602 1597 aliquando
1643 1540 1673 1579 a
1714 1523 1926 1579 diabolo
1953 1522 2120 1577 sensit

534 1624 812 1691 illectum;
857 1622 1184 1678 convertitur
1220 1617 1285 1673 ad
1318 1617 1483 1672 Deum
1529 1614 1810 1685 paenitens.
1841 1614 2114 1679 Putamus,

532 1712 745 1783 fratres,
772 1713 841 1770 de
861 1727 1051 1783 magno
1081 1711 1272 1765 timore
1295 1708 1472 1762 cordis
1501 1704 1778 1761 accidisse.
1807 1703 1940 1773 Quid
1971 1703 2116 1758 enim

530 1803 724 1860 dicturi
748 1802 971 1858 sumus?
1010 1800 1250 1871 Namque
1294 1800 1337 1851 si
1381 1813 1447 1852 ex
1492 1810 1696 1866 pagano
1720 1800 2118 1848 converteretur

531 1893 960 1959 mathematicus,
986 1905 1234 1962 magnum
1276 1888 1491 1960 quidem
1536 1893 1677 1940 esset
1714 1884 1958 1955 gaudium
1983 1899 1997 1948 ;
2020 1881 2113 1938 sed

529 1997 705 2042 tamen
722 1995 902 2059 posset
919 1983 1087 2038 videri
1114 1982 1237 2053 quia
1258 1982 1301 2035 si
1320 1992 1607 2034 conversus
1622 1971 2114 2041 esset,'clericatum

527 2086 795 2151 quaereret
824 2077 878 2130 in
901 2074 1161 2131 Ecclesia.
1206 2071 1477 2127 Pmnitens
1504 2077 1618 2134 est;
1652 2081 1756 2121 non
1793 2065 1982 2135 quaerit
2012 2064 2112 2118 nisi

527 2171 695 2225 solam
753 2166 1191 2223 misericordiam.
1248 2159 1714 2217 Commendandus
1759 2167 1843 2212 est
1886 2169 2016 2225 ergo
2059 2162 2114 2209 et

525 2261 697 2318 oculis
724 2268 775 2316 et
807 2257 1058 2314 cordibus
1081 2255 1291 2309 vestris.
1326 2252 1459 2307 Eum
1515 2265 1669 2319 quem
1714 2246 1906 2303 videtis
1933 2244 2110 2300 cordi-

527 2354 629 2410 bus
652 2360 848 2417 amate,
891 2349 1061 2403 oculis
1095 2343 1378 2400 custodite.
1404 2341 1590 2394 Videte
1631 2338 1798 2403 illum,
1838 2336 2025 2390 scitote
2050 2335 2113 2388 il-

526 2448 658 2513 lum,
686 2454 741 2501 et
769 2454 1103 2514 quacumque
1157 2437 1246 2491 ille
1284 2433 1571 2498 transierit,
1616 2430 1864 2485 fratribus
1903 2428 2112 2483 caeteris

526 2539 618 2609 qui
663 2534 823 2592 modo
851 2532 934 2587 hic
960 2546 1064 2585 non
1096 2539 1220 2582 sunt
1239 2567 1252 2590 ,
1283 2522 1549 2580 ostendite
1572 2521 1723 2575 illum
1753 2537 1766 2571 :
1796 2528 1850 2574 et
1897 2519 1996 2572 ista
2024 2517 2107 2609 dif

525 2608 741 2701 ligentia
770 2620 1129 2681 misericordia
1162 2626 1279 2683 est,
1317 2631 1383 2671 ne
1425 2615 1514 2670 ille
1543 2612 1795 2669 seductor
1822 2610 2061 2684 retrahat
2083 2608 2104 2639 ⁸

523 2735 639 2790 cor,
671 2723 1038 2788 et'oppngnet.
1068 2709 1338 2769 Custodite
1364 2721 1494 2772 vos;
1528 2721 1634 2759 non
1661 2719 1754 2758 vos
1790 2703 1952 2757 lateat
1975 2715 2107 2756 con-

524 2810 754 2868 versatio
798 2807 935 2878 ejus,
984 2805 1066 2859 via
1110 2803 1261 2873 ejus;
1303 2809 1363 2855 ut
1408 2796 1709 2853 testimonio
1737 2802 1915 2848 vestro
1956 2792 2108 2846 nobis

522 2902 867 2960 confirmetur
890 2911 1018 2952 vere
1050 2894 1196 2948 illum
1224 2891 1292 2947 ad
1322 2890 1601 2945 Dominum
1626 2900 1746 2941 esse
1765 2897 2104 2939 conversum.

522 2993 640 3051 Non
666 2991 811 3049 enim
835 2987 1011 3043 silebit
1046 2984 1186 3039 fama
1211 2983 1279 3037 de
1299 2983 1407 3035 vita
1434 2981 1549 3050 ejus
1569 3018 1584 3044 ,
1618 2975 1829 3047 quando
1850 2975 1927 3030 sic
1953 2973 2108 3028 vehis

521 3094 578 3142 et
605 3082 866 3138 videndus
893 3088 949 3135 et
972 3075 1303 3133 miserandus
1332 3072 1570 3128 oﬂertur.
1603 3068 1781 3123 Nostis
1805 3069 1857 3121 in
1887 3067 2106 3121 Actibus

523 3173 899 3246 Apostolorum
924 3183 1045 3224 esse
1072 3170 1327 3235 scriptum
1357 3162 1479 3231 quia
1518 3160 1668 3214 multi
1698 3158 1923 3228 perditi,
1949 3157 1998 3211 id
2024 3165 2107 3212 est

523 3268 708 3324 talium
747 3266 941 3321 artium
985 3261 1262 3325 homines,
1295 3265 1351 3313 et
1377 3255 1734 3310 doctrinarum
1787 3251 2103 3305 nefariarum

523 3367 845 3424 sectatores,
878 3368 1066 3411 omnes
1099 3351 1312 3407 codices
1347 3362 1471 3404 suos
1499 3346 1567 3401 ad
1608 3344 1890 3414 Apostolos
1916 3342 2106 3398 attule-

522 3460 679 3519 runt;
710 3460 763 3506 et
779 3424 981 3504 incensi
1009 3449 1135 3501 sunt
1164 3442 1284 3498 libri
1312 3450 1419 3496 tam
1447 3438 1621 3505 multi,
1654 3445 1711 3490 ut
1735 3436 2023 3506 pertineret
2039 3434 2111 3489 ad

522 3544 835 3614 scriptorem
863 3536 1272 3595 aestimationem
1309 3546 1495 3588 eorum
1538 3530 1732 3594 facere,
1762 3537 1817 3583 et
1844 3541 2105 3581 summam

522 3636 679 3708 pretii
708 3633 1044 3689 conscribere
1071 3628 1090 3700 (
1106 3629 1219 3682 Act.
1245 3642 1359 3692 xxx,
1398 3624 1520 3693 l9).
1550 3623 1662 3677 Hoc
1684 3622 1863 3691 utique
1888 3626 2108 3689 propter

522 3730 742 3799 gloriam
773 3726 901 3789 Dei,
931 3740 998 3777 ne
1025 3720 1162 3777 tales
1184 3721 1343 3776 etiam
1385 3710 1575 3785 perditi
1601 3713 2013 3783 desperarentur
2036 3709 2105 3764 ab

523 3823 617 3877 illo
652 3821 741 3892 qui
767 3816 951 3873 novit‘
981 3829 1218 3886 quaerere
1247 3810 1389 3883 quod
1412 3808 1642 3879 perierat
1680 3805 1833 3876 (Lac.
1876 3820 1963 3869 xv,
1991 3803 2101 3870 '52).

524 3912 765 3968 Perierat
785 3922 914 3979 ergo
939 3908 1075 3971 iste;
1102 3919 1242 3958 nunc
1263 3899 1535 3972 quaesitus,
1560 3898 1824 3963 inventus,
1845 3894 2102 3949 adductus

525 4010 611 4059 est
637 4018 650 4054 :
673 4006 855 4070 portat
876 4010 1058 4052 secum
1083 3993 1295 4048 codices
1316 3987 1698 4055 incendendes,
1722 4001 1816 4056 per
1836 3999 1970 4055 quos
1990 3984 2104 4038 fue-

525 4102 610 4149 rat
636 4088 1002 4148 incendendus
1023 4128 1039 4154 ,
1070 4096 1130 4141 ut
1153 4070 1336 4140 illis-in
1366 4084 1538 4152 ignem
1562 4080 1759 4144 missis,
1792 4079 1906 4146 ipse
1934 4076 1987 4129 in
2014 4091 2104 4131 re-

523 4184 797 4257 frigerium
822 4189 1081 4237 transeat.
1129 4177 1318 4233 Sciatis
1349 4189 1471 4230 eum
1497 4181 1696 4237 tamen,
1723 4167 1945 4234 fratres,
1978 4167 2104 4221 olim

523 4278 739 4350 pulsare
762 4274 826 4330 ad
850 4272 1141 4328 Ecclesiam
1168 4277 1291 4324 ante
1320 4264 1523 4322 Pascha
1549 4281 1562 4315 :
1590 4270 1714 4318 ante
1736 4260 1937 4315 Pascha
1962 4259 2103 4314 enim

525 4369 690 4443 capit
712 4376 897 4438 petere
919 4364 987 4420 de
1008 4360 1245 4418 Ecclesia
1270 4358 1468 4414 Christi
1499 4355 1834 4411 medicinam.
1860 4351 1967 4408 Sed
1984 4353 2104 4421 quia

524 4462 650 4517 talis
675 4468 761 4515 est
798 4472 887 4512 ars
914 4458 966 4511 in
1010 4470 1111 4525 qua
1142 4453 1458 4508 exercitatus
1495 4458 1641 4514 erat,
1672 4462 1793 4518 qum
1819 4454 2063 4515 suspecta
2084 4443 2108 4476 ⁸

526 4559 671 4607 esset
693 4549 760 4605 de
785 4546 1064 4603 mendacio
1088 4554 1246 4613 atque
1270 4540 1495 4606 fallacia,
1526 4539 1718 4594 dilatus
1742 4547 1824 4593 est
1844 4550 1912 4591 ne
1938 4544 2105 4589 tenta-

527 4653 644 4709 ret;
675 4650 730 4696 et
747 4639 1029 4710 aliquando
1058 4648 1233 4692 tamen
1258 4634 1521 4689 admissus
1547 4640 1648 4698 est,
1672 4645 1740 4686 ne
1762 4629 2107 4700 periculosius

527 4742 839 4790 tentaretur.
870 4729 1031 4786 Orate
1058 4743 1153 4798 pro
1182 4728 1271 4781 illo
1290 4724 1418 4795 per‘
1446 4724 1736 4779 Christum.
1765 4722 1992 4777 Prorsus
2012 4720 2109 4775 ho-

528 4825 769 4882 diernam
798 4806 1010 4892 precem
1044 4835 1140 4890 pro
1168 4820 1260 4873 illo
1284 4816 1486 4873 fundite
1513 4815 1735 4869 Domino
1760 4814 1871 4869 Deo
1900 4824 2107 4869 nostro.

527 4917 738 4975 Scimus
771 4914 911 4970 enim
955 4924 1010 4969 et
1034 4913 1166 4968 certi
1207 4924 1390 4966 sumus
1420 4907 1537 4979 quia
1568 4906 1737 4962 oratio
1764 4916 1941 4961 vestra
1969 4905 2110 4961 delet

531 5022 720 5067 omnes
745 5002 1045 5077 impietates
1070 5006 1204 5075 ejus.
1230 5004 1487 5059 Dominus
1513 5000 1807 5056 vobiscum.

543 5112 2090 5141 W———-—i—O

950 5174 1033 5237 IN
1075 5171 1453 5235 PSALMUM
1494 5168 1668 5232 LXII

1121 5272 1541 5332 ENABRATIO.

1070 5381 1241 5423 83m
1267 5382 1335 5421 AD
1362 5380 1564 5419 PLIBBI
1573 5405 1586 5418 .

604 5470 657 5523 1..
688 5465 914 5537 Propter
939 5476 1035 5519 eos
1061 5458 1157 5531 qui
1192 5451 1328 5513 forte
1358 5456 1518 5512 rudes
1554 5454 1678 5511 sunt
1704 5455 1880 5510 adhuc
1918 5454 1985 5509 ad
2014 5468 2114 5509 no-

592 5571 1225 5643 menque-nmen.

592 5645 614 5677 ²
645 5643 720 5692 sic
740 5634 849 5691 Mss.
867 5645 924 5689 At
944 5637 1076 5696 cdd,
1098 5634 1342 5685 hominum
1358 5634 1619 5690 interitum,
1644 5641 1712 5689 se,
1737 5636 1832 5680 etc.

596 5704 619 5737 ³
650 5710 772 5752 Tres
793 5709 921 5765 Mss._,
945 5699 1113 5749 redeat
1137 5696 1201 5746 ad
1219 5708 1318 5765 eor.

593 5765 619 5799 δ
651 5770 780 5813 Unus
798 5768 852 5812 et
867 5761 993 5811 alter
1018 5766 1118 5817 Ms.,
1134 5761 1273 5807 venit.

594 5827 618 5860 ⁸
652 5823 841 5888 Aliquot
860 5831 985 5882 Mss,
1011 5825 1247 5882 accepta.
1553 5875 1564 5886 ,

596 5888 618 5919 ⁸
648 5872 895 5937 sititet
915 5872 1019 5933 Mss.
1046 5888 1099 5931 At
1118 5872 1243 5931 me:
1272 5888 1412 5929 uratc
1437 5890 1526 5945 pro
1544 5875 1630 5927 illo
1650 5872 1909 5926 Christum.

1775 403 1831 460 S.
1873 396 2235 467 AUGUSTN
2271 396 2565 457 EPISCOI‘I

3702 399 3823 469 7‘8.

2234 526 2351 566 men
2393 510 2621 576 Christi,
2650 511 2771 581 quia
2806 509 3037 582 undique
3063 511 3262 587 colligit
3296 512 3386 587 qui
3430 528 3529 585 pro
3557 517 3813 576 omnibus

2226 603 2373 659 dedit
2396 605 2705 676 sanguinem
2738 621 2914 673 suum,
2953 605 3233 661 dicendum
3265 616 3347 661 est
3375 607 3558 677 paucis
3585 611 3729 680 quod
3755 623 3812 667 et.

2227 693 2299 749 illi
2344 695 2570 751 libenter
2621 696 2837 752 audiant
2890 695 2983 771 qui
3035 705 3315 763 noverunt,
3373 706 3427 754 et
3468 698 3674 756 discant
3719 704 3817 773 qui

2226 802 2331 842 non
2384 796 2666 842 noverunt.
2724 787 2919 842 Psalmi
2971 787 3058 842 isti
3110 803 3243 859 quos
3290 798 3603 858 cantamus,
3646 802 3811 849 ente-

2224 893 2380 947 quam
2434 878 2687 933 Dominus
2739 887 2918 933 noster
2963 878 3118 934 Jesus
3164 878 3406 936 Christus
3458 892 3613 938 natus
3663 895 3816 941 esset

2224 983 2290 1022 ex
2350 968 2550 1040 virgine
2606 968 2768 1024 Maria
2806 1011 2820 1035 ,
2872 969 3068 1038 Spiritu
3134 971 3224 1027 Dei
3289 971 3529 1043 dictante.
3576 974 3705 1032 dicti
3756 987 3815 1032 et

2223 1062 2509 1141 conscripti
2561 1070 2706 1119 sunt.
2754 1062 2875 1118 Fuit
2923 1062 3065 1118 enim
3127 1063 3291 1119 David
3351 1081 3445 1123 rex
3492 1067 3545 1131 in
3596 1066 3815 1125 Judzeo-

2223 1170 2339 1208 rum
2371 1164 2556 1226 gente;
2604 1172 2723 1228 qua:
2761 1171 2893 1227 gens
2925 1172 3025 1213 una
3075 1157 3283 1212 colebat
3311 1159 3475 1215 Deum
3506 1176 3694 1229 unum,
3719 1165 3814 1235 qui

2224 1246 2349 1301 fecit
2386 1248 2578 1305 caelum
2609 1256 2663 1302 et
2694 1256 2926 1315 terram,
2955 1262 3101 1303 mare
3139 1255 3193 1303 et
3216 1250 3395 1304 omnia
3423 1266 3542 1322 quae
3582 1251 3635 1305 in
3676 1252 3813 1323 ipsis

2223 1347 2364 1405 sunt,
2395 1338 2505 1395 sive
2526 1356 2643 1410 qum
2675 1339 2943 1407 videntur,
2968 1339 3081 1395 sive
3109 1355 3228 1411 quas
3258 1356 3363 1396 non
3396 1342 3663 1399 videntur.
3690 1341 3812 1401 Cre-

2222 1438 2351 1486 terae
2375 1442 2554 1487 autem
2582 1441 2801 1503 gentes,
2837 1441 2927 1488 aut
2966 1433 3101 1489 idola
3136 1434 3380 1491 colebant
3405 1451 3523 1507 qua:
3560 1438 3811 1494 manibus

2223 1520 2332 1575 suis
2355 1519 2623 1590 fecerant,
2660 1531 2753 1579 aut
2779 1532 3077 1581 creaturam
3105 1524 3223 1593 Dei,
3255 1540 3361 1581 non
3390 1527 3560 1597 ipsum
3584 1527 3811 1585 Creato-

2221 1626 2355 1678 rem,
2388 1613 2441 1667 id
2469 1624 2581 1681 est,
2628 1624 2716 1670 aut
2753 1615 2923 1671 solem
2945 1657 2959 1679 ,
2987 1624 3079 1670 aut
3108 1616 3287 1671 lunam
3310 1657 3324 1681 ,
3351 1627 3441 1672 aut
3467 1618 3650 1674 stellas
3669 1660 3693 1687 ,
3714 1629 3810 1676 aut

2218 1719 2387 1770 mare,
2414 1713 2508 1760 aut
2526 1716 2752 1772 montes,
2776 1714 2866 1760 aut
2888 1705 3128 1761 arbores.
3153 1705 3279 1762 Haec
3298 1708 3441 1763 enim
3461 1709 3635 1763 omnia
3663 1709 3809 1767 Deus

2220 1794 2373 1862 fecit;
2404 1805 2458 1851 et
2492 1796 2696 1853 laudari
2724 1810 2781 1852 se
2810 1797 2923 1852 vult
2951 1797 3003 1850 in
3034 1797 3165 1863 illis,
3205 1812 3309 1852 non
3347 1798 3436 1852 illa
3462 1799 3565 1854 coli
3597 1815 3694 1868 pro
3720 1816 3803 1858 se.

2218 1885 2361 1957 Ergo
2400 1888 2451 1941 in
2480 1888 2590 1961 ipsa
2617 1896 2776 1958 gente
2800 1887 3106 1955 Iudaeorum
3138 1888 3307 1943 David
3336 1905 3432 1944 rex
3461 1889 3580 1958 fuit,
3610 1890 3677 1946 de
3704 1907 3804 1946 cu-

2212 1976 2299 2043 jus
2335 1978 2539 2032 semine
2576 1987 2730 2032 natus
2758 1984 2842 2032 est
2881 1976 3136 2031 Dominus
3166 1986 3350 2033 noster
3374 1977 3530 2034 Iesus
3554 1977 3806 2035 Christus

2217 2065 2394 2137 (Rom.
2439 2083 2477 2134 ι,
2508 2066 2561 2139 5)
2592 2082 2659 2121 ex
2705 2067 2866 2121 Maria
2898 2067 3129 2137 virgine;
3171 2066 3296 2137 quia
3334 2067 3403 2123 de
3444 2068 3532 2122 illo
3574 2070 3807 2127 ducebat

2214 2175 2382 2232 genus
2410 2161 2559 2231 virgo
2579 2161 2741 2215 Maria
2761 2176 2879 2234 qua:
2908 2161 3113 2230 peperit
3134 2160 3407 2216 Christum
3436 2159 3588 2233 (Luc.
3616 2178 3673 2227 ll,
3704 2163 3760 2234 τ)
3787 2182 3802 2217 :

2214 2261 2269 2307 et
2297 2251 2425 2306 dicti
2449 2261 2572 2306 sunt
2600 2251 2687 2306 isti
2706 2250 2923 2320 Psalmi,
2946 2259 2999 2306 et
3018 2251 3437 2322 prophetabatur
3460 2254 3515 2307 in
3541 2254 3617 2308 eis
3637 2252 3802 2309 Chri-

2213 2353 2328 2399 stus
2357 2350 2610 2398 venturus
2630 2351 2751 2412 post
2773 2343 2969 2398 multos
2997 2356 3167 2398 annos
3189 2358 3208 2399 ε
3233 2351 3288 2398 et
3307 2342 3580 2400 dicebatur
3598 2344 3665 2400 ab
3691 2347 3805 2401 illis

2214 2432 2514 2503 Pr0phetis,
2543 2433 2632 2504 qui
2658 2432 2869 2488 fuerunt
2898 2440 3183 2504 antequam
3212 2433 3470 2490 Dominus
3496 2442 3679 2493 noster
3701 2434 3801 2491 Je-

2213 2540 2304 2581 sus
2341 2525 2586 2582 Christus
2629 2527 2696 2581 de
2740 2526 2903 2581 Maria
2942 2525 3149 2596 virgine
3177 2536 3508 2594 nasceretur,
3540 2528 3803 2601 quidquid

2213 2618 2447 2675 futurum
2487 2627 2601 2676 erat
2634 2620 2966 2689 temporibus
3006 2620 3247 2685 nostris;
3284 2620 3429 2689 quod
3474 2620 3632 2675 modo
3659 2621 3801 2692 legi-

2212 2726 2350 2775 mus,
2375 2722 2427 2767 et
2455 2712 2694 2767 videmus
2711 2728 2740 2764 c
2772 2719 2826 2766 et
2851 2711 3073 2766 multum
3095 2710 3390 2781 gaudemus
3412 2710 3534 2781 quia
3556 2726 3680 2781 spes
3699 2729 3801 2768 no-

2212 2808 2319 2859 stra
2371 2804 2619 2874 praedicta
2659 2811 2741 2857 est
2779 2817 2810 2857 a
2852 2803 3084 2868 sanctis,
3113 2800 3205 2872 qui
3235 2801 3363 2857 illud
3406 2817 3512 2857 non
3544 2802 3803 2860 videbant

2213 2896 2518 2964 impletum,
2561 2894 2654 2949 sed
2692 2894 2743 2948 in
2774 2891 2962 2962 spiritu
3001 2890 3235 2946 futurum
3278 2892 3530 2948 videbant
3566 2908 3579 2946 :
3613 2903 3668 2949 et
3698 2909 3801 2950 nos

2211 2988 2370 3044 modo
2396 2988 2623 3058 legimus
2657 2996 2709 3041 et
2737 2986 2983 3041 audimus
3023 3002 3052 3039 a
3092 2985 3416 3053 lectoribus;
3466 2986 3801 3056 disputamus

2211 3081 2332 3145 illa;
2361 3090 2413 3135 et
2446 3079 2715 3151 quomodo
2749 3088 2873 3135 sunt
2911 3080 2962 3133 in
2995 3077 3317 3148 Scripturis,
3360 3079 3437 3134 sic
3462 3094 3524 3134 ea
3554 3079 3797 3137 videmus

2209 3173 2418 3245 impleri
2460 3188 2556 3242 per
2592 3180 2760 3227 totum
2799 3160 2983 3228 orbem
3027 3181 3311 3227 terrarum.
3343 3170 3474 3239 Quis
3518 3172 3640 3227 inde
3686 3187 3794 3229 non

2207 3263 2472 3335 gaudeat?
2498 3264 2626 3330 Quis
2649 3278 2754 3317 non
2781 3271 2836 3318 et
2868 3278 2930 3318 ea
2958 3277 3079 3334 qua:
3104 3261 3340 3317 nondum
3367 3271 3634 3317 venerunt
3660 3278 3793 3319 ven.

2210 3366 2324 3412 tura
2353 3366 2546 3427 speret,
2577 3364 2797 3428 propter
2824 3356 2913 3410 illa
2939 3370 3056 3427 quae
3078 3355 3191 3426 jam
3220 3362 3363 3410 tanta
3393 3355 3607 3425 impleta
3635 3356 3795 3411 sunt?

2208 3449 2361 3505 Modo
2407 3450 2568 3513 enim,
2598 3448 2806 3514 fratres,
2835 3447 3028 3502 videtis
3062 3447 3184 3517 quia
3228 3456 3369 3502 totus
3405 3448 3655 3513 mundus,
3686 3455 3794 3503 tota

2212 3554 2370 3609 terra,
2395 3556 2583 3597 omnes
2608 3551 2813 3613 gentes,
2840 3555 3029 3597 omnes
3066 3539 3312 3611 regiones
3339 3550 3561 3595 currunt
3587 3539 3655 3594 ad
3693 3555 3791 3595 no—

2208 3652 2328 3691 men
2368 3633 2600 3703 Christi,
2646 3643 2698 3689 et
2742 3634 2967 3689 credunt
3012 3635 3064 3687 in
3104 3632 3394 3688 Christum.
3420 3631 3578 3687 Certe
3604 3632 3795 3688 videtis

2210 3728 2340 3794 hoc,
2378 3725 2645 3797 quomodo
2691 3725 2887 3795 ubique
2927 3732 3233 3780 evertantur
3262 3723 3523 3777 vanitates
3552 3723 3791 3793 Pagano-

2207 3834 2358 3884 rum;
2381 3818 2569 3872 videtis
2597 3820 2716 3883 hoc,
2744 3814 3080 3870 manifestum
3115 3822 3199 3869 est
3232 3814 3400 3869 vobis.
3429 3812 3701 3883 Numquid
3740 3823 3794 3868 et

2209 3911 2311 3966 hoc
2352 3911 2418 3965 de
2467 3911 2603 3965 libro
2645 3910 2795 3964 vobis
2840 3909 3080 3979 legimus,
3113 3917 3301 3963 etnon
3339 3916 3463 3962 ante
3490 3906 3678 3962 oculos
3706 3922 3794 3961 ve-

2208 4012 2347 4057 stros
2389 4001 2483 4055 fit?
2512 4002 2623 4056 Hoc
2668 4016 2795 4071 ergo
2840 4009 3005 4055 totum
3049 3999 3192 4070 quod
3221 3999 3410 4055 videtis
3447 4008 3573 4071 ante
3607 3999 3795 4054 oculos

2208 4100 2414 4148 vestros
2462 4092 2596 4156 fieri,
2640 4092 2893 4160 scriptum
2940 4101 3022 4145 est
3064 4100 3188 4145 ante
3226 4092 3484 4145 immensa
3528 4070 3794 4144 volumina

2209 4196 2469 4236 annorum
2503 4196 2599 4251 per
2632 4181 2761 4235 istos
2789 4194 2921 4250 quos
2950 4180 3111 4235 modo
3153 4180 3398 4251 legimus,
3437 4179 3650 4250 quando
3683 4179 3795 4249 jam

2210 4274 2309 4328 ista
2352 4272 2555 4343 impleri
2586 4271 2847 4327 videmus.
2877 4272 2981 4328 Sed
3029 4272 3278 4343 quoniam
3328 4274 3523 4342 scripta
3572 4283 3699 4327 sunt
3740 4282 3796 4327 ct

2211 4366 2298 4421 illa
2327 4381 2444 4437 quae
2471 4365 2705 4419 nondum
2734 4374 3015 4429 venerunt,
3049 4364 3099 4419 id
3130 4374 3233 4432 est,
3260 4365 3381 4437 quia
3412 4365 3672 4420 Dominus
3701 4380 3797 4420 no-

2210 4467 2321 4514 ster
2347 4457 2501 4513 Jesus
2528 4456 2770 4527 Christus
2790 4466 3046 4513 venturus
3075 4466 3158 4513 est
3183 4467 3238 4512 ut
3260 4457 3479 4527 judicet,
3506 4458 3595 4529 qui
3620 4458 3797 4528 primo

2210 4549 2352 4603 venit
2373 4556 2429 4602 ut
2450 4548 2812 4617 judicaretur;
2843 4548 2988 4604 venit
3014 4547 3155 4603 enim
3186 4550 3358 4618 primo
3386 4547 3622 4617 humilis,
3644 4560 3797 4620 post-

2210 4657 2272 4696 ea
2294 4648 2546 4696 venturus
2571 4652 2653 4697 est
2676 4641 2953 4706 excelsus;
2981 4641 3125 4696 venit
3160 4652 3216 4696 ut
3267 4641 3572 4698 ostenderet
3615 4658 3791 4702 exeni-

2214 4734 2355 4804 plum
2397 4734 2685 4804 patientia},
2713 4743 2896 4805 postea
2926 4742 3181 4789 venturus
3223 4743 3306 4791 est
3348 4744 3405 4789 ut
3448 4749 3545 4805 pro
3593 4735 3801 4791 meritis

2207 4827 2408 4898 judicet
2450 4839 2657 4893 omnes,
2706 4825 2823 4881 sive
2869 4824 3058 4894 bonos,
3108 4826 3222 4881 sive
3267 4825 3478 4881 malos:
3506 4826 3629 4897 quia
3671 4840 3805 4896 ergo

2214 4919 2446 4975 nondum
2464 4920 2607 4974 venit
2627 4920 2726 4973 hoc
2740 4918 2883 4990 quod
2904 4934 3201 4989 speramus,
3225 4928 3503 4974 venturum
3525 4918 3803 4976 Christum

2209 5012 2441 5083 judicem
2474 5013 2712 5066 vivorum
2745 5020 2801 5066 et
2843 5022 3197 5080 mortuorum,
3229 5011 3481 5067 debemus
3511 5011 3640 5067 illud
3677 5027 3805 5068 ere.

2214 5106 2358 5160 dere.
2387 5102 2647 5159 Modicum
2676 5102 2818 5173 quod
2847 5111 3011 5159 restat
3038 5111 3317 5159 venturum
3347 5118 3468 5158 esse
3492 5102 3805 5168 credamus,

2214 5193 2426 5266 quando
2465 5193 2573 5263 jam
2621 5194 2859 5248 videmus
2890 5202 3031 5248 tanta
3073 5209 3194 5265 qua:
3240 5204 3365 5249 tunc
3400 5192 3577 5248 ﬂatura
3623 5204 3803 5259 erant,

2216 5285 2374 5342 modo
2394 5285 2667 5355 compleri.
2684 5285 2889 5339 Stultus
2915 5294 2996 5340 est
3021 5286 3162 5340 enim
3190 5286 3278 5356 qui
3308 5300 3413 5341 non
3438 5284 3554 5340 vult
3577 5284 3812 5341 credere

2217 5393 2382 5448 pauca
2410 5393 2529 5448 quae
2572 5386 2793 5443 restant,
2835 5392 2955 5432 cum
2999 5376 3174 5432 videat
3216 5386 3323 5432 tant
3371 5376 3536 5432 multa
3584 5376 3811 5446 impleta

2215 5483 2357 5535 esse,
2423 5484 2541 5540 qum
2573 5479 2696 5523 tunc
2738 5483 2840 5522 non
2887 5479 3043 5523 erant
3088 5469 3299 5539 quando
3349 5466 3811 5540 praedicebantur.

2286 5561 2341 5615 2.
2381 5561 2624 5616 Psalmus
2666 5576 2792 5631 ergo
2835 5560 2934 5614 iste
2976 5561 3171 5615 dicitur
3208 5576 3271 5615 ex
3318 5574 3545 5630 persona
3591 5559 3813 5616 Domini

2219 5655 2385 5711 nostri
2427 5654 2546 5710 Iesu
2586 5654 2824 5719 Christi,
2861 5663 2913 5707 et
2960 5654 3147 5725 capitis
3194 5663 3247 5710 et
3292 5653 3678 5708 membrorum.
3711 5651 3816 5711 Ille

2224 5748 2366 5801 enim
2400 5760 2535 5802 unus
2564 5747 2651 5817 qui
2691 5755 2843 5800 natus
2872 5757 2951 5801 est
2986 5746 3052 5801 de
3086 5746 3246 5801 Maria
3268 5789 3282 5811 ,
3314 5755 3367 5801 et
3394 5761 3587 5816 passus
3612 5755 3730 5813 est,
3764 5757 3826 5803 et

2225 5840 2460 5899 sepultus
2491 5848 2601 5903 est.
2633 5848 2687 5895 et
2716 5840 3021 5906 resurrexit,
3058 5850 3110 5895 et
3136 5838 3373 5896 ascendit
3402 5838 3454 5893 in
3485 5839 3689 5895 coelum
3714 5883 3729 5907 ,
3767 5850 3829 5899 et
