4038 6464
475 365 569 418 751

475 478 676 533 siderat
700 476 1085 547 possessiones,
1111 472 1248 526 alius
1272 469 1630 534 hmrcditates,
1655 466 1790 522 alius
1817 471 2047 536 amplam

473 570 773 640 pecuniam,
792 568 926 621 alius
952 565 1114 620 multa
1135 579 1348 635 pecora,
1373 563 1510 617 alius
1534 561 1752 616 domum
1779 575 2044 630 magnam,

472 663 608 715 alius
639 673 880 725 uxorem,
910 656 1047 711 alius
1076 655 1328 720 honores,
1357 654 1493 708 alius
1522 652 1682 708 ﬁlios.
1716 651 1918 706 Videtis
1947 650 2046 706 de-

472 753 666 808 sideria
711 752 810 806 ista
834 791 849 817 ,
890 748 1158 821 quomodo
1199 755 1324 802 sunt
1361 747 1413 802 in
1453 745 1705 802 cordibus
1744 745 2042 800 hominum.

473 845 679 900 Ardent
721 857 908 898 omnes
952 842 1194 896 homines
1237 839 1531 904 desiderio;
1565 847 1618 893 et
1663 839 1750 892 vix
1783 839 2048 893 invenitur

471 938 560 1007 qui
595 936 738 990 dicat
763 953 776 988 :
809 933 978 988 Sitivtt
1001 934 1086 989 tibi
1112 933 1280 986 anima
1309 948 1440 986 mea.
1478 931 1674 986 Sitiunt
1698 931 1839 986 enim
1868 930 2045 986 homi-

471 1043 569 1084 nes
601 1027 796 1084 saaculo
817 1043 832 1092 ;
857 1034 910 1081 et
935 1041 1038 1080 non
1065 1040 1123 1079 se
1145 1023 1446 1094 intelligunt
1468 1025 1522 1078 in
1548 1023 1763 1079 deserto
1789 1038 1908 1078 esse
1929 1021 2047 1076 ldu-

471 1136 654 1186 maeze,
685 1118 775 1175 ubi
803 1117 962 1173 debet
986 1118 1135 1172 sitire
1163 1117 1338 1171 anima
1367 1117 1601 1186 ipsorum
1638 1117 1764 1172 Deo.
1801 1117 2048 1172 Dicamus

472 1225 601 1282 ergo
625 1224 744 1274 nos,
774 1208 943 1265 Sitivit
963 1207 1050 1262 tibi
1071 1208 1240 1262 anima
1260 1224 1408 1274 mea;
1429 1222 1616 1264 omnes
1641 1207 1898 1274 dicamus,
1922 1208 2043 1278 quia

471 1305 527 1358 in
564 1303 847 1359 concordia
873 1303 1067 1359 Christi
1097 1318 1284 1358 omnes
1322 1318 1424 1358 una
1468 1303 1644 1357 anima
1669 1317 1852 1359 sumus
1882 1319 1894 1356 :
1928 1302 2042 1371 ipsa

469 1397 648 1453 anima
679 1396 822 1450 sitiat
846 1396 898 1450 in
926 1395 1174 1451 ldunuea.

539 1487 593 1543 6.
623 1485 788 1542 Sitivit
815 1486 936 1552 tibi,
971 1487 1166 1557 inquit,
1204 1487 1373 1540 anima
1411 1502 1523 1541 mea
1549 1501 1568 1540 :
1603 1502 1753 1556 quam
1796 1486 2039 1556 multipli—

465 1581 590 1633 citer
632 1576 723 1630 tibi
761 1586 809 1630 et
847 1593 965 1630 caro
998 1594 1126 1631 mea.
1166 1577 1357 1630 Parum
1402 1586 1484 1632 est
1516 1579 1639 1647 quia
1677 1577 1842 1632 sitivit
1869 1577 2046 1630 anima

464 1686 606 1734 mea,
637 1670 804 1724 sitivit
830 1679 882 1725 et
911 1684 1035 1724 caro
1065 1685 1205 1725 mea.
1251 1670 1416 1724 Porro
1445 1670 1490 1724 si
1535 1671 1713 1724 anima
1753 1670 1864 1724 sitit
1895 1670 2003 1723 Deo
2025 1710 2041 1735 ,

465 1761 736 1832 quomodo
765 1769 818 1817 et
846 1775 971 1815 caro
999 1761 1112 1816 sitit
1141 1761 1290 1816 Deo?
1316 1759 1539 1828 Quando
1567 1761 1708 1816 enim
1739 1776 1866 1816 caro
1891 1760 2007 1815 sitit
2025 1802 2041 1827 ,

463 1869 655 1925 aquam
691 1852 835 1919 sitit;
878 1852 1090 1924 quando
1121 1853 1297 1908 anima
1349 1853 1480 1920 sitit,
1524 1852 1725 1908 fontem
1769 1854 2043 1925 sapientia:

462 1945 592 2000 sitit.
653 1944 732 2000 De
771 1944 890 2014 ipso
937 1942 1084 1998 fonte
1126 1942 1530 1998 inebriabuntur
1580 1943 1774 1998 animae
1821 1952 2038 2010 nostrae,

461 2035 599 2090 sicut
631 2035 760 2089 dicit
797 2035 931 2090 alius
970 2035 1247 2106 psalmus:
1279 2033 1675 2090 Inebriabuntur
1716 2036 1780 2089 ab
1816 2036 2045 2090 ubertate

462 2125 640 2180 domus
661 2134 778 2191 tute,
815 2134 861 2179 et
893 2134 1110 2180 torrente
1147 2125 1443 2181 deliciarum
1483 2137 1687 2181 tuarum
1729 2127 1926 2198 potabis
1959 2145 2043 2183 eos

461 2218 795 2288 (Psat.xxxv
816 2261 832 2286 ,
859 2218 938 2288 9).
985 2218 1223 2276 Sitienda
1251 2229 1334 2276 est
1357 2235 1484 2291 ergo
1507 2221 1786 2291 sapientia,
1814 2223 2042 2278 sitienda

462 2319 544 2364 est
569 2309 794 2378 justitia.
849 2309 965 2365 Non
986 2325 1048 2365 ea
1073 2311 1406 2379 satiabimur,
1446 2327 1553 2368 non
1583 2328 1644 2368 ea
1671 2314 2036 2384 implebimur,

460 2399 566 2452 nisi
590 2413 712 2454 cum
742 2398 903 2454 fuerit
930 2399 1075 2454 finita
1102 2401 1208 2455 vita
1237 2401 1358 2468 ista,
1390 2411 1444 2458 et
1469 2404 1772 2460 venerimus
1811 2404 1877 2460 ad
1909 2405 2039 2460 illud

459 2492 601 2563 quod
627 2491 870 2562 promisit
894 2492 1056 2548 Deus.
1089 2493 1340 2551 Promisit
1365 2498 1505 2551 enim
1521 2497 1659 2552 Deus
1683 2499 2040 2569 aequalitatem

459 2582 788 2652 Angelorum
816 2581 962 2654 (Luc.
997 2601 1090 2653 xx,
1118 2584 1210 2657 36)
1240 2603 1252 2638 :
1280 2595 1334 2641 ct
1380 2587 1541 2642 modo
1579 2589 1767 2658 Angeli
1809 2605 1915 2644 non
1961 2591 2036 2645 si-

461 2680 599 2734 tiunt
623 2679 889 2749 quomodo
918 2695 1035 2745 nos,
1066 2696 1173 2734 non
1199 2680 1442 2735 esuriunt
1469 2681 1737 2752 quomodo
1766 2698 1900 2748 nos;
1943 2685 2037 2739 sed

456 2769 657 2826 habent
677 2771 913 2841 saginam
943 2771 1212 2837 veritatis,
1255 2771 1389 2827 lucis
1420 2813 1435 2838 ,
1474 2774 1790 2828 immortalis
1825 2776 2039 2844 sapien-

463 2863 572 2917 tiae.
606 2862 728 2918 Ideo
754 2863 895 2918 beati
924 2872 1048 2919 sunt
1071 2881 1086 2931 ;
1113 2872 1168 2919 et
1190 2863 1258 2919 de
1281 2872 1426 2920 tanta
1451 2864 1803 2933 beatitudine,
1835 2867 1957 2936 quia
1983 2869 2038 2923 in

427 2981 430 2984 ~
460 2953 550 3007 illa
576 2961 702 3008 sunt
720 2953 933 3010 civitate
953 2954 1251 3010 Jerusalem
1290 2954 1516 3021 caelesti,
1563 2955 1703 3010 unde
1745 2971 1843 3012 nos
1877 2958 2037 3013 modo

456 3047 881 3117 peregrinamur,
909 3046 1190 3101 attendunt
1214 3062 1310 3102 nos
1338 3047 1666 3117 peregrinos,
1695 3057 1749 3102 et
1775 3049 2039 3104 miseran-

457 3147 540 3190 tur
567 3152 681 3202 nos,
714 3147 767 3193 et
789 3138 941 3208 jussu
972 3138 1179 3194 Domini
1209 3139 1531 3194 auxiliantur
1556 3140 1732 3208 nobis,
1788 3151 1845 3196 ut
1873 3141 1938 3196 ad
1967 3142 2034 3197 il-

455 3229 558 3282 lam
580 3229 803 3298 patriam
840 3244 1176 3284 communem
1207 3230 1492 3300 aliquando
1530 3230 1831 3298 redeamus,
1879 3241 1932 3287 et
1961 3233 2034 3288 ibi

455 3337 575 3377 cum
601 3322 708 3378 illis
745 3321 893 3377 fonte
913 3322 1180 3378 dominico
1205 3324 1444 3379 veritatis
1473 3331 1527 3379 et
1576 3327 1888 3380 aeternitatis
1931 3326 2028 3381 ali-

454 3412 664 3483 quando
689 3410 1008 3484 saturemnr.
1041 3413 1194 3469 Modo
1229 3429 1357 3486 ergo
1387 3416 1533 3470 sitiat
1568 3417 1746 3470 anima
1799 3427 1980 3473 nostra
2013 3436 2028 3474 :

453 3505 592 3561 unde
618 3516 672 3561 et
699 3521 826 3562 caro
856 3515 1036 3562 nostra
1062 3510 1191 3574 sitit,
1240 3518 1293 3564 et
1319 3510 1421 3566 hoc
1449 3512 1847 3582 multipliciter?
1885 3512 2030 3567 Mul-

451 3600 687 3669 tipliciter
705 3600 812 3667 tibi,
845 3601 1033 3671 inquit,
1052 3609 1100 3655 et
1119 3618 1237 3656 caro
1263 3619 1393 3656 mea.
1423 3604 1557 3672 Quia
1583 3613 1637 3659 et
1659 3606 1807 3660 carni
1833 3615 2030 3662 nostra;

453 3691 774 3756 promittitur
796 3695 1138 3749 resurrectio.
1167 3695 1448 3762 Quomodo
1467 3695 1659 3750 anima:
1683 3706 1881 3752 nostra:
1907 3713 2031 3768 pro-

451 3781 675 3836 mittitur
719 3783 1011 3849 beatitudo,
1061 3785 1140 3839 sic
1182 3793 1239 3840 et
1275 3783 1424 3838 carni
1461 3793 1659 3840 nostrae
1702 3788 2029 3856 promittitur

450 3874 788 3928 resurrectio.
823 3874 1163 3930 Resurrectio
1196 3877 1371 3932 carnis
1407 3877 1527 3933 talis
1567 3879 1721 3935 nobis
1760 3882 2028 3950 promitti-

451 3974 534 4017 tur
559 3981 571 4016 :
597 3964 795 4032 audite,
820 3974 874 4020 et
891 3965 1100 4035 discite,
1123 3976 1178 4022 et
1201 3978 1376 4024 tenete
1396 3985 1516 4039 qua:
1536 3971 1606 4025 sit
1625 3985 1749 4042 spes
1771 3971 2028 4031 Christia-

449 4070 660 4123 sorum,
689 4071 853 4127 quare
879 4072 1060 4112 sumus
1081 4058 1376 4115 christiani.
1405 4060 1521 4116 Non
1545 4063 1688 4117 enim
1712 4063 1779 4118 ad
1806 4064 1906 4120 hoc
1935 4081 2026 4120 su-

449 4162 570 4202 mus
594 4147 887 4217 christiani,
919 4159 976 4205 ut
1012 4159 1275 4206 terrenam
1329 4152 1485 4208 nobis
1529 4153 1831 4212 felicitatem
1874 4166 2026 4227 peta-

448 4256 586 4308 mus,
614 4257 768 4312 quam
803 4243 1114 4313 plerumque
1151 4245 1348 4301 habent
1388 4255 1442 4301 et
1484 4246 1718 4304 latrones
1760 4260 1814 4305 et
1858 4251 2027 4307 scele.

447 4332 567 4385 rati.
599 4332 679 4387 Ad
707 4334 860 4387 aliam
888 4334 1191 4390 felicitatem
1219 4351 1316 4392 nos
1337 4352 1522 4392 sumus
1543 4337 1837 4405 christiani,
1867 4357 2023 4411 quam

447 4433 570 4479 tunc
597 4428 938 4498 accipiemus,
959 4444 1076 4484 cum
1097 4431 1199 4483 vita
1228 4429 1325 4484 ista
1351 4431 1508 4500 hujus
1529 4435 1708 4488 saeculi
1727 4443 1830 4489 tota
1848 4444 2023 4491 trans-

446 4519 585 4572 ierit.
621 4519 759 4589 Ergo
790 4521 1112 4589 promittitur
1155 4522 1306 4577 nobis
1349 4533 1401 4579 et
1435 4526 1610 4580 carnis
1657 4529 2022 4596 resurrectio;

443 4619 497 4666 et
526 4611 643 4665 talis
673 4613 988 4668 resurrectio
1010 4616 1186 4668 carnis
1229 4615 1380 4670 nobis
1410 4619 1753 4686 promittitur,
1798 4631 1855 4676 ut
1896 4637 2024 4678 caro

443 4700 655 4770 quidem
688 4703 782 4755 ista
810 4721 966 4774 quam
997 4706 1153 4760 modo
1180 4716 1476 4778 portamus,
1510 4721 1751 4782 resurgat
1791 4713 1844 4766 in
1892 4714 2020 4770 fine.

443 4793 551 4850 Nec
587 4796 896 4852 incredibile
942 4798 1093 4853 vobis
1139 4800 1398 4855 videat-tr.
1447 4802 1501 4858 Si
1546 4805 1687 4858 enim
1729 4806 1867 4861 Deus
1895 4807 2024 4864 fecit

444 4901 542 4941 nos
569 4887 656 4956 qui
701 4903 803 4941 non
846 4904 1083 4952 eramus,
1135 4907 1382 4963 magnum
1423 4895 1499 4948 illi
1542 4905 1625 4950 est
1655 4913 1904 4968 reparare
1932 4901 2022 4970 qui

442 4981 697 5036 eramus?
741 4981 882 5052 Ergo
920 4984 1020 5039 hoc
1054 4987 1203 5040 vobis
1238 4987 1550 5044 incredibile
1601 5006 1704 5045 non
1757 4985 2020 5065 videatur,

443 5075 565 5144 quia
593 5074 741 5143 quasi
771 5083 1074 5144 putrescere
1104 5089 1341 5134 mortuos
1369 5081 1578 5148 videtis,
1610 5092 1662 5137 ct
1692 5084 1768 5140 ire
1799 5087 1849 5140 in
1877 5089 2025 5145 cine-

441 5179 533 5219 res
559 5165 693 5220 etin
739 5167 1030 5235 pulverem.
1063 5169 1169 5223 Aut
1208 5172 1252 5225 si
1298 5159 1612 5228 incendatur
1648 5176 1836 5245 aliquis
1880 5195 2025 5235 mor-

442 5265 584 5324 tuus,
619 5268 710 5312 aut
737 5259 780 5313 si
812 5274 972 5315 canes
998 5260 1255 5317 dilanient
1304 5279 1448 5332 eum,
1488 5267 1684 5335 putatis
1729 5271 1852 5338 quia
1897 5271 2024 5329 inde

445 5363 554 5403 non
578 5350 681 5405 erit
702 5354 1139 5408 resurrecturus?
1179 5354 1367 5409 Omnia
1401 5371 1520 5424 qum
1555 5357 1931 5428 discerpuntur
1969 5371 2025 5419 et

442 5441 496 5494 in
527 5441 730 5498 favillas
762 5445 1014 5512 quasdam
1045 5454 1373 5514 putrescunt,
1407 5447 1607 5517 integra
1637 5450 1745 5506 Deo
1773 5464 1917 5508 sunt.
1964 5453 2026 5510 In

443 5533 530 5588 illa
569 5534 710 5588 enim
759 5537 1024 5592 elementa
1064 5536 1245 5591 mundi
1282 5546 1426 5604 eunt,
1468 5539 1607 5594 unde
1647 5543 1820 5612 primo
1862 5560 2026 5602 vene-

443 5633 592 5689 runt,
637 5625 850 5695 quando
892 5626 1017 5681 facti
1063 5643 1246 5682 sumus
1279 5645 1290 5682 :
1325 5643 1429 5683 non
1477 5630 1562 5685 illa
1608 5632 1876 5701 videmus;
1921 5636 2020 5693 sed

442 5721 624 5771 tamen
675 5717 812 5771 Deus
857 5717 997 5773 unde
1044 5719 1144 5774 scit
1190 5719 1449 5790 producet
1478 5723 1584 5789 illa,
1627 5725 1750 5794 quia
1778 5737 1832 5781 et
1866 5737 2024 5785 ante-

451 5819 607 5873 quam
633 5808 893 5878 eSSemus,
921 5809 1062 5867 unde
1077 5811 1276 5868 sciebat
1302 5827 1399 5869 nos
1428 5816 1692 5885 produxit.
1723 5819 1864 5876 Talis
1888 5836 2022 5892 ergo

1698 353 1756 408 S.
1795 345 2161 407 AUGUSTINI
2193 348 2504 409 EPISCOPI

3640 360 3750 420 759

2163 468 2482 522 resurrectio
2507 467 2683 523 carnis
2703 467 2860 522 nobis
2887 468 3232 539 promittitur,
3268 478 3326 524 ut
3349 473 3592 541 quamvis
3617 475 3737 543 ipsa

2157 556 2227 612 sit
2251 572 2375 614 caro
2399 574 2557 629 quam
2586 559 2746 616 modo
2770 570 3063 631 portamus,
3089 579 3207 633 qua:
3236 576 3598 621 resurrectnra
3624 577 3740 636 est,

2155 655 2333 705 tamen
2361 666 2468 705 non
2492 650 2686 707 habeat
2724 655 3119 724 corruptionem
3149 670 3308 724 quam
3354 657 3514 712 modo
3552 657 3740 714 habet.

2154 738 2310 795 Modo
2337 741 2479 796 enim
2506 757 2570 797 ex
2592 745 2935 814 corruptione
2962 745 3280 816 fragilitatis,
3312 748 3357 802 si
3381 764 3486 804 non
3510 751 3742 806 mandu-

2155 847 2361 902 cemus,
2404 833 2684 890 deficimus
2704 845 2758 891 et
2785 838 3086 903 esurimus;
3119 840 3165 894 si
3194 855 3302 896 non
3342 843 3606 910 bibamus,
3644 845 3746 900 de-

2156 925 2364 982 ficimus
2392 937 2447 983 et
2475 929 2722 996 sitimus;
2774 930 2819 984 si
2865 929 2957 986 diu
3006 932 3308 1002 vigilemus,
3361 934 3637 991 deficimus
3686 947 3746 992 et

2154 1015 2488 1074 dormimus:
2516 1020 2562 1074 si
2596 1020 2690 1076 diu
2729 1021 3077 1091 dormiamus,
3105 1023 3419 1092 deficimus;
3457 1027 3577 1082 ideo
3605 1029 3746 1098 vigi-

2154 1107 2326 1164 lamus
2361 1128 2373 1164 :
2406 1110 2454 1165 si
2499 1111 2592 1166 diu
2637 1113 3023 1169 manducemus
3070 1123 3125 1170 et
3162 1115 3441 1183 bibamus;
3493 1119 3744 1188 quamvis

2154 1211 2371 1270 propter
2395 1201 2742 1260 refectionem
2784 1204 3163 1260 manducemus
3192 1215 3246 1261 et
3288 1208 3563 1275 bibamus,
3621 1210 3741 1278 ipsa

2153 1291 2403 1347 diuturna
2429 1294 2646 1349 refectio
2665 1294 2894 1351 defectio
2916 1307 2998 1352 est
3030 1317 3043 1352 :
3072 1299 3116 1352 si
3138 1297 3229 1353 diu
3269 1309 3492 1368 stemus,
3540 1300 3742 1372 fatiga-

2131 1395 2308 1440 ‘mur:
2340 1386 2460 1442 ideo
2483 1387 2733 1444 sedemus
2765 1407 2778 1444 :
2807 1399 2862 1446 et
2887 1391 2933 1446 si
2959 1390 3051 1446 diu
3093 1392 3392 1460 sedeamus,
3423 1404 3478 1450 et
3504 1395 3572 1450 ibi
3609 1396 3740 1449 fati-

2093 5906 2124 5916 ω

2152 1491 2341 1547 gamur
2363 1519 2379 1544 ,
2401 1486 2457 1534 et
2481 1479 2604 1535 ideo
2631 1483 2919 1552 surgimus.
2968 1483 3168 1540 Deinde
3201 1485 3378 1540 videte
3408 1487 3529 1557 quia
3558 1488 3742 1558 nullus

2151 1579 2236 1626 est
2257 1571 2445 1627 carnis
2471 1583 2668 1628 nostrae
2691 1583 2859 1630 status
2887 1594 2900 1630 :
2927 1577 3179 1646 quoniam
3206 1577 3425 1634 infantia
3464 1581 3639 1634 avolat
3682 1582 3738 1635 in

2151 1662 2474 1730 pueritiam;
2515 1674 2570 1719 et
2607 1666 2803 1735 quaeris
2830 1666 3126 1736 infantiam,
3157 1678 3213 1725 et
3236 1685 3340 1724 non
3372 1679 3455 1725 est
3476 1671 3737 1739 infantia,

2151 1753 2276 1824 quia
2308 1755 2415 1823 jam
2448 1771 2546 1826 pro
2571 1755 2793 1811 infantia
2840 1759 3063 1828 pueritia
3115 1746 3456 1816 estz'iterum
3509 1771 3563 1817 et
3614 1763 3735 1831 ipsa

2150 1843 2344 1915 migrat
2371 1845 2424 1899 in
2452 1847 2900 1912 adolescentiam;
2954 1851 3150 1919 quazris
3181 1853 3457 1920 pueritiam
3477 1894 3492 1918 ,
3541 1862 3597 1908 et
3623 1871 3734 1907 non

2150 1937 2357 1993 invenis
2388 1939 2746 2016 :adolescens
2782 1942 2840 1994 tit
2882 1940 3130 2010 juvenis;
3181 1945 3376 2012 quaeris
3417 1945 3738 2000 adolescen-

2149 2030 2261 2084 κω
2281 2069 2296 2095 ,
2327 2037 2381 2084 et
2399 2045 2506 2084 non
2527 2039 2610 2085 est
2632 2047 2645 2084 :
2669 2031 2882 2101 juvenis
2908 2031 2966 2086 fit
3001 2047 3163 2087 senex
3189 2049 3204 2099 ;
3235 2036 3429 2104 quieris
3453 2037 3733 2105 juvenem,

2149 2128 2202 2174 et
2224 2136 2328 2175 non
2361 2122 2568 2178 invenis
2600 2141 2612 2178 :
2640 2132 2695 2178 et
2719 2139 2885 2179 senex
2918 2126 3182 2191 moritur;
3220 2128 3414 2196 quzeris
3440 2142 3644 2195 senem,
3676 2139 3738 2184 et

2149 2227 2257 2266 non
2288 2213 2514 2270 invenis.
2564 2214 2681 2270 Non
2707 2225 2816 2271 stat
2840 2231 2968 2287 ergo
2996 2227 3125 2272 tetas
3156 2228 3337 2272 nostra
3367 2237 3381 2273 :
3411 2219 3602 2290 ubique
3643 2220 3733 2274 fa-

2149 2305 2333 2376 tigatio
2356 2316 2455 2373 est,
2505 2308 2699 2378 ubique
2738 2309 3017 2374 lassitudo,
3060 2311 3254 2382 ubique
3293 2313 3586 2382 corruptio.
3623 2313 3735 2367 At-

2147 2397 2430 2454 tendentes
2456 2400 2672 2469 qualem
2702 2400 2858 2454 nobis
2889 2416 3038 2470 spem
3066 2402 3473 2457 resurrectionis
3502 2403 3734 2472 promit-

2147 2498 2224 2544 tat
2250 2491 2410 2558 Deus,
2434 2492 2489 2546 in
2513 2493 2626 2547 istis
2654 2493 2904 2548 omnibus
2935 2493 3313 2563 multiplicibus
3338 2495 3732 2552 defectionibus

2146 2583 2345 2636 nostris
2384 2583 2592 2637 sitimus
2639 2583 2779 2637 illam
2835 2585 3319 2654 incorruptionem;
3367 2597 3421 2641 et
3469 2589 3544 2642 sic
3595 2605 3734 2643 caro

2145 2681 2328 2727 nostra
2370 2673 2734 2744 multipliciter
2769 2675 2880 2729 sitit
2901 2675 3028 2730 Deo.
3053 2674 3108 2729 In
3136 2676 3235 2730 ista
3265 2676 3514 2742 lduma‘aa,
3545 2679 3598 2733 in
3621 2679 3733 2734 isto

2145 2765 2379 2834 deserto,
2408 2782 2564 2837 quam
2592 2769 2952 2837 multipliciter
2972 2768 3195 2835 laborat,
3229 2779 3334 2823 tam
3361 2771 3734 2838 multipliciter

2146 2859 2258 2912 sitit
2285 2874 2300 2923 ;
2337 2874 2492 2927 quam
2524 2859 2890 2929 multipliciter
2919 2859 3184 2931 fatigatur,
3217 2871 3324 2916 tam
3363 2864 3732 2933 multipliciter

2144 2949 2255 3004 sitit
2283 2950 2426 3004 illam
2450 2949 2827 3020 infatigabilem
2856 2953 3328 3022 incorruptionem.

2215 3041 2268 3094 7.
2301 3039 2468 3112 [υεη.
2497 3040 2579 3114 5.]
2630 3040 2962 3112 Quanquam,
3007 3044 3195 3099 fratres
3241 3045 3366 3109 mei,
3408 3044 3534 3098 boni
3580 3045 3731 3100 chri-

2142 3131 2301 3186 stiani
2333 3145 2387 3187 et
2415 3132 2586 3188 fidelis
2608 3135 2768 3188 etiam
2805 3135 2858 3189 in
2902 3135 3004 3190 hoc
3035 3137 3230 3191 saeculo
3259 3152 3384 3192 caro
3414 3138 3521 3193 Deo
3567 3139 3679 3192 sitit
3708 3157 3722 3192 :

2142 3224 2267 3293 quia
2289 3224 2332 3278 si
2361 3240 2494 3294 opus
2519 3235 2604 3281 est
2636 3227 2785 3282 carni
2812 3243 2967 3296 pane,
3020 3227 3065 3282 si
3088 3244 3222 3299 Opus
3245 3238 3326 3284 est
3347 3244 3503 3300 aqua,
3525 3230 3567 3284 si
3586 3245 3724 3300 opus

2141 3323 2226 3370 est
2250 3316 2392 3381 vino,
2439 3317 2485 3372 si
2526 3334 2660 3388 opus
2685 3327 2770 3374 est
2811 3335 3050 3385 nummo,
3095 3321 3142 3374 si
3183 3336 3316 3391 opus
3356 3331 3440 3376 est
3473 3322 3725 3392 jumeuto

2140 3409 2288 3463 carni
2327 3407 2476 3483 huic,
2505 3425 2536 3464 a
2557 3411 2668 3466 Deo
2695 3420 2875 3481 petere
2899 3412 3078 3479 debet,
3129 3429 3234 3468 non
3269 3429 3300 3467 a
3334 3413 3630 3479 dtemoniis,
3664 3426 3727 3472 et

2138 3493 2318 3561 idolis,
2362 3503 2415 3549 et
2443 3511 2472 3548 a
2499 3497 2680 3550 nescio
2702 3497 2890 3566 quibus
2922 3500 3266 3567 potestatibus
3317 3498 3474 3568 hujus
3511 3502 3718 3556 saeculi.

2136 3583 2274 3640 Sunt
2323 3587 2466 3640 enim
2500 3587 2626 3657 qui,
2679 3588 2888 3658 quando
2943 3589 3134 3644 famem
3174 3590 3446 3659 patiuntur
3504 3592 3558 3646 in
3613 3593 3722 3649 isto

2141 3678 2341 3734 saeculo
2369 3719 2384 3746 ,
2465 3678 2734 3736 dimittunt
2779 3681 2978 3747 Deum,
3020 3692 3074 3738 et
3111 3694 3298 3754 rogant
3354 3684 3718 3756 Mercurium,

2137 3780 2230 3826 aut
2256 3781 2448 3843 rogant
2474 3772 2660 3829 Jovem
2688 3783 2744 3828 ut
2777 3775 2868 3830 det
2905 3776 3030 3842 illis,
3060 3785 3150 3830 aut
3174 3793 3332 3847 quam
3376 3777 3560 3832 dicunt
3595 3779 3723 3834 C03-

2137 3863 2328 3918 lestem
2345 3866 2390 3930 ‘,
2417 3873 2511 3919 aut
2536 3866 2710 3935 aliqua
2744 3865 3010 3920 dremonia
3045 3867 3238 3922 similia
3263 3886 3276 3921 :
3301 3885 3409 3924 non
3447 3870 3560 3924 Deo
3602 3870 3722 3925 sitit

2135 3971 2262 4012 caro
2284 3958 2540 4026 ipsorum.
2569 3958 2862 4024 Quiautem
2893 3959 3003 4014 Deo
3025 3959 3232 4028 sitiunt,
3258 3961 3486 4030 undique
3518 3961 3720 4018 debent

2137 4048 2307 4116 sitire,
2339 4058 2395 4104 et
2415 4049 2591 4104 anima
2615 4089 2630 4116 ,
2677 4058 2732 4105 et
2756 4065 2916 4105 carne
2951 4069 2962 4104 :
2989 4053 3110 4121 quia
3149 4061 3203 4106 et
3234 4053 3423 4108 anima:
3459 4055 3598 4108 Deus
3623 4054 3722 4108 dat

2136 4154 2328 4208 panem
2369 4155 2544 4208 suum,
2573 4140 2625 4195 id
2651 4143 2968 4197 estverbum
2989 4144 3255 4210 veritatis;
3289 4154 3342 4200 et
3384 4147 3529 4200 carni
3573 4146 3722 4202 Deus

2137 4231 2230 4286 dat
2259 4249 2378 4303 qua:
2404 4235 2702 4289 necessaria
2732 4245 2875 4303 sunt,
2923 4237 3043 4307 quia
3071 4237 3208 4292 Deus
3239 4237 3363 4294 fecit
3391 4248 3444 4294 et
3479 4239 3719 4294 animam

2135 4334 2189 4381 et
2215 4342 2451 4382 carnem.
2493 4327 2722 4398 PrOpter
2765 4344 2980 4386 carnem
3032 4339 3173 4385 tuam
3206 4345 3365 4402 rogas
3401 4331 3665 4386 dzemonia
3706 4352 3721 4386 :

2136 4421 2390 4491 numquid
2430 4421 2661 4478 animam
2715 4423 2853 4478 Deus
2895 4424 3041 4491 fecit,
3087 4433 3142 4480 et
3181 4441 3394 4480 carnem
3425 4434 3566 4479 tuam
3602 4424 3722 4479 daa-

2136 4513 2312 4568 monia
2334 4513 2610 4569 fecerunt?
2652 4515 2752 4584 Qui
2782 4515 2906 4571 fecit
2930 4519 3186 4584 animam,
3218 4518 3332 4586 ipse
3355 4518 3478 4573 fecit
3519 4526 3574 4572 et
3595 4532 3721 4572 car-

2135 4620 2257 4658 nem
2299 4623 2312 4659 :
2353 4606 2441 4675 qui
2483 4607 2606 4660 fecit
2649 4608 2832 4662 ambas
2877 4625 2982 4674 res,
3030 4610 3142 4680 ipse
3182 4610 3348 4680 pascit
3383 4610 3565 4664 ambas
3601 4624 3716 4664 res.

2135 4695 2436 4767 Utrumque
2463 4709 2699 4754 nostrum
2732 4701 2843 4756 Deo
2862 4701 3025 4769 sitiat,
3051 4713 3102 4758 et
3123 4719 3185 4758 ex
3214 4703 3394 4758 labore
3433 4702 3720 4772 multiplici

2136 4790 2450 4860 simpliciter
2479 4793 2720 4848 satietur.

2205 4884 2259 4939 8.
2289 4883 2389 4940 Ubi
2429 4896 2604 4940 autem
2629 4886 2741 4941 sitit
2781 4887 2958 4942 anima
3005 4899 3207 4956 nostra,
3256 4897 3309 4944 et
3349 4888 3722 4958 multipliciter

2135 4993 2259 5034 caro
2289 4989 2490 5046 nostra,
2513 4997 2618 5035 non
2649 4982 2982 5051 cuicumque,
3011 4981 3103 5036 sed
3128 4982 3240 5047 tibi,
3261 4982 3482 5038 Domine
3501 5023 3516 5050 ,
3547 4983 3599 5038 id
3628 4995 3723 5040 est

2134 5071 2250 5127 Deo
2268 5081 2470 5138 nostro;
2496 5073 2581 5126 ubi
2604 5074 2755 5128 sitit?
2794 5072 2859 5127 In
2890 5084 3022 5128 terra
3058 5075 3251 5128 deserta
3278 5116 3292 5142 ,
3329 5084 3374 5128 et
3410 5077 3516 5129 sine
3539 5090 3640 5142 vta,
3667 5085 3721 5130 et

2133 5163 2400 5232 sineaqua.
2425 5161 2689 5218 Saeculum
2709 5164 2848 5219 istud
2869 5164 3115 5231 diximus;
3135 5165 3244 5236 ipsa
3261 5175 3341 5221 est
3355 5165 3722 5231 ldumaza,boc

2137 5266 2220 5310 est
2250 5256 2517 5312 desertum
2548 5256 2815 5325 ldumaeae,
2838 5258 2976 5313 unde
2995 5259 3202 5313 titulum
3223 5260 3461 5314 Psalmus
3482 5258 3718 5328 accepit.

2138 5347 2206 5402 In
2235 5358 2366 5402 terra
2388 5331 2600 5403 deserta.
2631 5349 2821 5405 Parum
2846 5360 2947 5416 est,
2975 5352 3200 5421 deserta,
3230 5354 3318 5408 ubi
3341 5353 3516 5411 nullus
3535 5353 3724 5407 hami-

2137 5456 2266 5496 num
2294 5442 2533 5510 habitat;
2561 5443 2797 5514 insuper,
2839 5454 2886 5497 et
2919 5445 3027 5499 sine
3052 5446 3152 5513 via,
3195 5457 3244 5500 et
3266 5449 3372 5502 sine
3399 5464 3548 5516 aqua.
3603 5447 3724 5504 Uti-

2203 5581 2220 5612 ι
2257 5578 2390 5637 Edd.,
2412 5584 2494 5628 aut
2515 5593 2657 5640 quem
2675 5579 2839 5630 dictmt
2866 5578 3102 5630 cateslem
3128 5588 3278 5631 Parta.
3303 5580 3477 5640 Abest,
3503 5587 3668 5640 Pana,
3694 5595 3726 5632 a

2139 5649 2245 5693 Mss.
2267 5654 2296 5690 e
2317 5643 2494 5703 quibus
2509 5641 2606 5690 duo
2627 5642 2804 5699 ferunt,
2829 5648 2911 5691 aut
2931 5654 3078 5705 quam
3095 5641 3260 5692 dicunt
3275 5650 3528 5705 Cererem;
3550 5649 3726 5695 caeteri

2139 5717 2276 5763 vero,
2301 5705 2545 5767 cwfestem
2569 5715 2585 5767 ς
2609 5717 2718 5766 qua:
2739 5704 2966 5767 nimirum
2991 5705 3110 5767 Afris
3133 5704 3331 5767 paganis
3351 5706 3568 5767 Dea_tuit
3592 5717 3726 5766 praes

2139 5767 2281 5829 cipuo
2305 5765 2489 5829 honore
2512 5764 2698 5814 habita:
2722 5766 2784 5813 de
2806 5764 3249 5829 qua't‘ertulliantis
3281 5767 3327 5814 in
3360 5764 3632 5829 Apologetl,
3647 5780 3718 5822 oc,

2141 5780 2166 5814 c
2217 5780 2281 5815 uo
2305 5780 2489 5814 nonore
2512 5780 2698 5814 nauita:
2722 5780 2784 5813 ue
2807 5780 2900 5828 qua
2928 5780 3249 5815 't‘et'tuutanus
3281 5780 3327 5814 m
3360 5780 3509 5828 apotq

2141 5780 2214 5878 ἐξ
2228 5836 2281 5880 et
2301 5826 2392 5887 2f;
2415 5835 2467 5878 et
2490 5831 2781 5891 Augustinus
2802 5827 2852 5878 in
2873 5825 2956 5878 lib.
2982 5826 3014 5876 2
3029 5827 3094 5878 de
3115 5827 3247 5878 Civit.
3267 5829 3369 5891 Dei,
3393 5840 3436 5878 c.
3462 5827 3509 5879 4.
