4038 6458
265 443 374 502 ’155

261 595 386 637 nam
414 581 502 638 vel
535 582 676 637 viam
700 581 918 638 haberet
947 582 1119 653 ipsum
1144 581 1443 639 desertum!
1496 585 1698 641 utinam
1724 587 1851 644 illuc

261 674 425 730 homo
453 675 756 743 incurrens,
787 674 871 729 vel
901 685 1081 729 nosset
1100 690 1202 746 qua
1228 674 1352 730 inde
1379 677 1576 732 exiret!
1623 677 1736 734 Non
1768 679 1849 734 vi-

257 769 353 824 det
378 769 652 824 hominem
688 769 753 824 ad
777 769 1045 836 solatium,
1091 783 1196 825 non
1217 769 1360 825 videt
1380 770 1520 825 viam
1547 786 1648 842 qua
1670 782 1850 829 careat

257 861 500 918 deserto.
531 860 674 932 Ergo
689 860 760 916 ibi
781 859 1012 916 divertit.
1029 861 1244 917 Utinam
1264 870 1409 917 esset
1425 861 1508 917 vel
1525 877 1683 933 aqua,
1707 864 1847 920 unde

254 954 595 1020 reﬁceretur,
626 953 714 1023 qui
739 953 862 1008 inde
893 969 998 1008 non
1030 963 1202 1023 potest
1229 955 1412 1010 exire!
1445 955 1636 1011 Malum
1657 956 1844 1013 deser-

254 1056 391 1115 tum,
422 1047 680 1104 horribile
709 1057 764 1103 et
793 1047 1084 1103 timendum
1109 1049 1122 1102 l
1155 1060 1209 1104 et
1231 1058 1404 1104 tamen
1432 1050 1571 1106 Deus
1596 1051 1845 1106 misertus

253 1152 343 1198 est
365 1143 558 1210 nostri,
587 1151 642 1197 et
668 1140 796 1197 fecit
832 1142 985 1197 nobis
1015 1143 1152 1196 viam
1177 1143 1227 1196 in
1256 1142 1489 1209 deserto,
1525 1145 1697 1213 ipsum
1740 1144 1845 1198 Do-

248 1235 456 1288 minum
487 1243 730 1289 nostrum
767 1233 948 1288 Jesum
995 1232 1261 1288 Christum
1314 1233 1490 1306 (Joan.
1517 1250 1624 1300 xtv,
1653 1235 1749 1306 6);
1789 1243 1844 1292 et

258 1325 386 1382 fecit
409 1326 566 1380 nobis
593 1325 1015 1381 consolationem
1044 1326 1095 1379 in
1121 1324 1354 1391 deserto,
1386 1326 1646 1381 mittendo
1662 1327 1726 1382 ad
1745 1343 1842 1383 nos

250 1418 636 1488 praedicatores
664 1417 814 1473 verbi
847 1418 926 1472 sui
953 1434 968 1484 ;
1001 1426 1052 1472 et
1081 1417 1228 1473 dedit
1256 1418 1411 1474 nobis
1440 1434 1629 1489 aquam
1659 1418 1710 1473 in
1748 1419 1839 1475 de-

247 1521 416 1578 serto,
459 1513 688 1583 implens
714 1511 914 1582 Spiritu
963 1523 1149 1566 sancto
1179 1511 1553 1581 praedicatores
1596 1526 1741 1578 suos,
1783 1520 1842 1567 ut

245 1604 400 1658 ﬁeret
425 1606 478 1658 in
527 1605 606 1660 eis
649 1605 764 1658 fons
812 1619 964 1674 aqum
1008 1604 1248 1658 salientis
1279 1605 1330 1658 in
1375 1605 1535 1658 vitam
1581 1613 1836 1659 aeternam

243 1696 360 1767 (Id.
390 1713 465 1763 iv,
496 1696 609 1769 14).
654 1697 720 1752 Et
764 1711 889 1752 ecce
919 1697 1174 1752 habemus
1201 1697 1288 1752 hic
1329 1698 1540 1763 omnia;
1591 1697 1684 1752 sed
1727 1714 1832 1753 non

243 1798 371 1845 sunt
416 1789 484 1844 de
532 1788 766 1844 deserlo.
820 1789 960 1859 Ergo
1016 1790 1392 1858 proprietatem
1442 1789 1638 1843 deserti
1688 1790 1836 1859 prius

193 1925 202 1940 ε
241 1881 638 1937 commendavit
661 1880 922 1946 Psalmus,
968 1889 1024 1934 ut
1053 1889 1107 1935 et
1130 1889 1183 1934 tu
1208 1895 1327 1935 cum
1356 1881 1596 1935 audisses
1646 1881 1700 1935 in
1730 1896 1836 1951 quo

241 1979 386 2031 malo
412 1990 581 2041 esses,
626 1975 671 2030 si
718 1989 850 2044 quas
881 1974 966 2028 hic
990 1974 1184 2028 habere
1213 1989 1398 2044 posses
1419 1973 1831 2042 consolationes,

242 2070 328 2124 vel
361 2069 650 2133 sociorum,
701 2068 783 2121 vel
812 2067 932 2134 vim,
963 2067 1047 2122 vel
1075 2083 1248 2138 aqum,
1295 2083 1400 2121 non
1443 2067 1706 2123 tribueres
1735 2067 1831 2123 de-

240 2174 411 2229 serto,
446 2161 540 2216 sed
565 2162 639 2215 illi
671 2161 758 2230 qui
790 2169 840 2215 te
874 2160 1091 2215 visitare
1116 2159 1363 2230 dignatus
1387 2169 1468 2214 est
1507 2159 1560 2212 in
1591 2159 1826 2215 deserto.

311 2254 365 2310 9.
406 2252 496 2308 Sic
525 2253 578 2306 in
603 2260 776 2306 sancto
796 2252 1010 2322 apparui
1036 2250 1143 2317 tibi,
1187 2259 1239 2303 ut
1283 2249 1501 2304 viderem
1551 2251 1826 2320 potentiam

238 2356 401 2411 tuam,
452 2354 499 2398 et
527 2344 743 2414 gloriam
778 2352 935 2396 tuam.
984 2341 1163 2396 Primo
1197 2341 1362 2396 sitivit
1407 2341 1582 2395 anima
1610 2355 1750 2406 mea,
1779 2348 1834 2396 et

236 2454 364 2494 caro
387 2453 508 2493 mea
539 2435 904 2506 multipliciter
935 2435 1023 2490 tibi
1053 2436 1105 2488 in
1124 2433 1359 2502 deserto,
1391 2443 1444 2489 et
1475 2435 1527 2488 in
1557 2443 1697 2490 terra
1719 2435 1833 2490 sine

233 2534 341 2596 via,
372 2539 426 2585 et
454 2531 570 2584 sine
599 2543 768 2599 aqua;
815 2537 870 2582 et
891 2527 964 2582 sic
983 2528 1036 2580 in
1059 2536 1232 2581 sancto
1258 2526 1474 2597 apparui
1505 2526 1611 2592 tibi,
1659 2535 1714 2579 ut
1758 2527 1842 2590 υἱ-⁴

235 2623 406 2675 derem
434 2620 708 2691 potentiam
735 2628 894 2683 tuam,
929 2628 975 2672 et
997 2618 1212 2690 gloriam
1239 2628 1396 2671 tuam.
1439 2617 1548 2672 Nisi
1572 2619 1691 2688 quis
1722 2619 1832 2688 pri-

234 2727 327 2766 mo
356 2712 504 2765 sitiat
547 2711 599 2764 in
631 2711 733 2764 isto
761 2709 994 2774 deserto,
1041 2708 1093 2763 id
1119 2717 1200 2763 est
1246 2709 1388 2763 malo
1431 2708 1483 2762 in
1529 2725 1634 2778 quo
1673 2719 1753 2763 est
1787 2711 1827 2777 ί,

233 2820 509 2875 nunquam
543 2801 786 2874 pervenit
811 2801 878 2856 ad
905 2802 1102 2856 bonum
1127 2801 1269 2871 quod
1295 2809 1378 2856 est
1408 2801 1569 2855 Deus.
1598 2799 1831 2872 A’pparui

237 2906 421 2951 autem
450 2896 557 2959 tibi,
594 2895 784 2964 inquit,
813 2895 866 2947 in
912 2904 1106 2948 sancto.
1157 2893 1273 2947 Jam
1300 2893 1352 2946 in
1383 2901 1567 2948 sancto
1593 2901 1675 2946 est
1717 2908 1832 2947 ma-

236 3003 342 3060 gna
371 2986 696 3042 consolatio.
728 2985 960 3055 Apparui
987 2984 1094 3048 tibi,
1113 2983 1239 3054 quid
1256 2984 1374 3039 est?
1399 2983 1466 3039 Ut
1482 2983 1693 3039 videres
1710 2999 1824 3038 me:

231 3093 288 3138 ct
315 3082 438 3137 ideo
463 3081 644 3135 vidisti
685 3095 768 3136 me
797 3089 854 3134 ιιι
879 3079 1116 3134 viderem
1148 3087 1221 3133 te.
1267 3077 1497 3148 Apparui
1527 3076 1635 3144 tibi,
1669 3086 1722 3130 ut
1751 3077 1828 3130 vi-

232 3178 426 3233 derem.
464 3175 583 3230 Non
615 3174 770 3230 dixit.
803 3174 1035 3244 Apparui
1061 3172 1190 3238 tibi,
1211 3180 1268 3228 ut
1295 3169 1678 3236 videres;sed,
1723 3169 1830 3240 Ap-

232 3270 385 3342 parui
417 3269 528 3334 tibi,
555 3268 847 3322 utriderem
870 3266 1145 3338 potentiam
1168 3276 1327 3332 tuam,
1358 3274 1402 3318 et
1430 3265 1646 3336 gloriam
1667 3273 1823 3318 tuam.

233 3361 386 3421 Unde
416 3371 471 3417 ct
496 3361 786 3432 Apostolus
819 3378 832 3412 :
867 3358 1029 3413 Nunc
1057 3369 1246 3423 autem,
1273 3357 1468 3428 inquit,
1519 3373 1827 3428 cognoscen-

232 3466 304 3510 tes
335 3455 503 3510 Deum
525 3497 539 3519 ,
577 3455 679 3507 imo
701 3452 886 3524 cogniti
910 3469 940 3505 a
966 3450 1235 3523 Deo(Gal.
1267 3465 1348 3518 tv,
1371 3449 1454 3521 9).
1487 3448 1639 3503 Prius
1681 3449 1826 3504 enim

231 3545 559 3618 apparuistis
591 3545 723 3612 Deo,
755 3551 811 3598 ut
833 3543 1002 3614 possit
1051 3542 1205 3598 vobis
1245 3555 1504 3613 apparere
1551 3541 1708 3594 Deus.
1758 3539 1828 3596 Ut

229 3641 454 3696 uiderem
481 3638 757 3709 potentiam
783 3647 942 3704 tuam,
975 3643 1022 3690 et
1049 3635 1262 3707 gloriam
1311 3644 1468 3687 tuam.
1521 3633 1726 3688 Revera
1769 3633 1826 3688 in

233 3732 336 3786 isto
355 3731 598 3792 deserto,
630 3728 682 3782 id
715 3736 798 3782 est
827 3727 879 3782 in
910 3727 1008 3782 ista
1034 3741 1240 3792 eremo,
1271 3725 1316 3780 si
1338 3733 1585 3794 tanquam
1613 3723 1680 3778 ab
1709 3738 1829 3778 ere-

233 3838 324 3877 mo
342 3821 526 3892 exigat
548 3820 709 3874 liomo
728 3818 868 3888 quod
887 3818 988 3873 sibi
1015 3817 1170 3872 saluti
1196 3823 1299 3882 est,
1324 3830 1595 3885 nunquam
1625 3814 1827 3869 videbit

231 3915 531 3985 potentiam
566 3912 797 3980 Domini,
825 3919 878 3966 et
902 3910 1127 3982 gloriam
1169 3909 1378 3967 Domini
1405 3925 1420 3974 ;
1443 3908 1537 3963 sed
1583 3923 1826 3964 remane-

230 4011 312 4066 bit
337 4010 428 4064 siti
461 4008 784 4072 moriturus;
834 4021 933 4060 nec
961 4007 1100 4059 vlam
1129 4003 1386 4070 inveniet,
1429 4017 1529 4058 nec
1577 4003 1823 4058 consola-

228 4107 432 4160 tionem
455 4105 498 4168 ',
532 4117 632 4158 nec
655 4115 846 4172 aquam
875 4115 973 4170 per
999 4114 1157 4170 quam
1189 4097 1345 4153 duret
1377 4098 1427 4151 in
1456 4112 1660 4152 eremo.
1689 4095 1823 4152 Cum

227 4205 414 4251 autem
441 4195 678 4251 erexerit
707 4207 765 4248 se
784 4193 852 4248 ad
877 4193 1066 4257 Deum,
1104 4199 1162 4246 ut
1187 4191 1327 4246 dicat
1367 4191 1438 4244 illi
1470 4207 1532 4244 ex
1575 4191 1824 4245 medullis

228 4290 508 4352 omnibus,
566 4287 734 4343 Sitivit
762 4287 850 4340 tibi
892 4286 1064 4339 anima
1110 4300 1430 4353 mea:quam
1483 4283 1826 4354 multipliciter

225 4382 323 4433 tibi
350 4391 394 4434 et
419 4396 538 4433 caro
559 4395 706 4445 mea;
730 4393 796 4433 ne
826 4376 964 4432 forte
984 4377 1068 4431 vel
1098 4375 1400 4432 necessaria
1427 4376 1604 4430 carnis
1619 4375 1686 4430 ab
1706 4375 1825 4431 aliis

224 4480 385 4542 petat
413 4482 466 4526 et
509 4485 614 4525 non
638 4485 668 4524 a
696 4470 828 4536 Deo,
877 4479 969 4523 aut
1011 4483 1119 4523 non
1157 4467 1427 4523 desideret
1468 4467 1611 4521 illam
1640 4480 1823 4520 resur-

223 4567 528 4618 rectionem
558 4561 737 4616 carnis
780 4575 940 4630 quam
985 4559 1141 4614 nobis
1185 4559 1446 4629 promittit
1485 4559 1625 4614 Deus
1659 4576 1671 4612 :
1701 4573 1821 4613 cum

222 4668 363 4724 ergo
387 4669 444 4708 se
474 4653 728 4718 erexerit,
771 4650 992 4706 habebit
1019 4665 1124 4705 non
1156 4664 1346 4721 parvas
1371 4649 1783 4704 consolationes.

308 4748 392 4800 10.
421 4746 583 4811 Ecce,
611 4745 824 4810 fratres,
859 4745 1130 4816 quomodo
1173 4758 1299 4798 caro
1348 4752 1532 4798 nostra
1569 4741 1824 4813 quamdiu

232 4839 485 4893 mortalis
512 4846 615 4904 est,
668 4836 922 4908 quamdiu
953 4835 1154 4907 fragilis
1183 4843 1285 4900 est,
1327 4844 1450 4890 ante
1471 4835 1614 4889 illam
1641 4849 1823 4891 resur-

226 4931 531 4985 rectionem
558 4928 720 4984 habet
746 4928 935 4984 solatia
967 4929 1064 4982 ista
1097 4926 1289 4998 quibus
1317 4926 1564 4993 vivimus,
1608 4941 1820 4996 panem,

222 5039 447 5094 aquam,
481 5021 706 5088 fructus,
732 5022 936 5089 vinum,
964 5020 1142 5076 oleum
1183 5019 1320 5092 (ista
1346 5019 1520 5073 omnia
1549 5018 1737 5073 solatia
1769 5027 1826 5074 et

220 5116 467 5171 subsidia
498 5115 542 5170 si
584 5130 682 5170 nos
712 5113 982 5180 deserant,
1039 5113 1219 5184 utique
1251 5111 1445 5167 durare
1491 5127 1596 5166 non
1637 5127 1825 5182 possu-

223 5209 396 5280 mus)
425 5209 670 5281 quamvis
691 5207 926 5264 nondum
950 5207 1213 5278 receperit
1233 5221 1360 5262 cato
1392 5207 1491 5261 ista
1537 5207 1820 5262 sanitatem

223 5306 380 5360 illam
410 5305 722 5374 perfectam,
765 5302 856 5357 ubi
876 5302 1071 5357 nullam
1104 5301 1337 5372 patietur
1359 5301 1678 5370 angustiam,
1706 5300 1825 5356 nul-

220 5398 337 5453 lam
379 5397 722 5467 indigentiam
755 5413 769 5450 :
803 5396 882 5451 sic
909 5404 963 5450 et
985 5395 1161 5449 anima
1189 5403 1369 5449 nostra
1394 5409 1516 5450 cum
1541 5395 1626 5450 hic
1645 5403 1726 5450 est
1767 5395 1820 5450 in

219 5492 331 5546 ista
362 5505 545 5556 carne,
576 5490 714 5544 inter
741 5489 1060 5544 tentationes
1089 5500 1144 5544 et
1173 5489 1406 5559 pericula
1431 5490 1612 5545 saeculi
1642 5489 1818 5558 huius,

219 5583 409 5638 adhuc
428 5592 512 5638 est
531 5582 779 5648 inlirma;
807 5583 969 5637 habet
993 5583 1152 5638 etiam
1181 5582 1294 5653 ipsa
1321 5583 1511 5638 solatia
1532 5583 1700 5648 verbi,
1732 5597 1822 5638 so-

216 5677 357 5733 latia
409 5676 690 5742 orationis,
741 5675 929 5731 solatia
981 5675 1394 5745 disputationis:
1425 5677 1505 5731 sic
1552 5686 1676 5732 sunt
1720 5677 1819 5732 ista

217 5832 577 5949 κέωιῖιῶήᾶἓθ
600 5839 726 5893 Mss,
746 5829 799 5883 in
819 5830 912 5883 ista
932 5831 1059 5883 malo
1079 5831 1131 5883 in
1152 5845 1244 5897 quo
1265 5835 1336 5884 est
1363 5843 1493 5883 :nec
1504 5831 1710 5898 habent,
1731 5835 1819 5887 de-

292 5931 547 6022 smmi
561 5965 665 6007 Mss.
673 5991 690 6017 ,
709 5956 1067 6008 consolatorem.

1356 446 1754 511 ENARRA'I'IO
1782 451 1850 512 IN
1887 452 2211 515 PSALMUM
2256 459 2410 516 LXII.

3441 480 3544 538 751

1958 591 2150 647 anima:
2176 604 2390 664 nostrae,
2417 597 2686 668 quomodo
2717 600 2805 654 illa
2837 606 3014 660 carnis
3036 613 3254 664 nostrae.
3281 610 3414 666 Cum
3443 628 3539 667 au-

1958 691 2071 738 tem.
2092 689 2442 744 resurrexerit
2465 705 2592 745 caro
2633 704 2834 762 nostra,
2869 705 2929 750 ut
2959 697 3068 766 jam
3098 701 3215 756 istis
3255 718 3360 759 non
3393 705 3536 761 indi-

1955 790 2194 846 geamus,
2252 780 2467 836 habebit
2511 783 2686 839 locum
2716 786 3000 857 quemdam
3046 799 3097 845 et
3122 801 3317 850 statum
3356 796 3536 852 incor-

1956 870 2216 938 ruptionis
2245 887 2354 926 suae
2385 891 2400 928 :
2427 874 2505 929 sic
2551 883 2606 930 et
2642 877 2817 931 anima
2872 887 3054 934 nostra
3098 881 3310 938 habebit
3358 886 3536 943 cibum

1955 973 2131 1024 suum,
2151 961 2322 1030 ipsum
2353 962 2584 1019 Verbum
2617 966 2732 1033 Dei,
2755 983 2852 1038 per
2876 970 3019 1039 quod
3041 970 3178 1027 facta
3208 983 3331 1029 sunt
3356 978 3535 1033 omnia

1958 1049 2136 1122 (Joan.
2167 1070 2204 1121 ι,
2228 1056 2305 1124 5).
2328 1055 2527 1112 Tamen
2550 1062 2746 1129 gratias
2769 1062 2896 1127 Deo,
2929 1065 3017 1134 qui
3042 1065 3198 1120 modo
3224 1067 3275 1121 in
3296 1067 3395 1122 hac
3415 1084 3537 1124 ere-

1953 1157 2042 1196 mo
2070 1159 2172 1198 non
2201 1162 2297 1201 nos
2325 1147 2553 1216 deserit;
2591 1151 2704 1206 sive
2737 1153 2916 1208 dando
2943 1156 3096 1210 nobis
3119 1158 3259 1227 quod
3288 1175 3537 1216 necessa-

1952 1233 2089 1288 rium
2113 1245 2192 1290 est
2214 1238 2382 1306 carni,
2409 1240 2522 1296 sive
2547 1241 2726 1298 dando
2768 1245 2921 1300 nobis
2951 1247 3092 1316 quod
3124 1249 3317 1305 animae
3351 1267 3540 1307 neces-

1952 1327 2150 1381 sarium
2179 1339 2374 1385 estzet
2417 1334 2628 1402 quando
2677 1351 2774 1390 nos
2819 1338 3084 1408 aliquibus
3129 1345 3538 1400 necessitatibus

1950 1419 2144 1485 erudit,
2171 1422 2280 1476 vult
2309 1432 2366 1477 ut
2395 1425 2623 1495 amplius
2645 1427 2797 1483 illum
2828 1430 3145 1502 diligamus;
3178 1449 3246 1488 ne
3275 1433 3412 1490 forte
3442 1451 3536 1505 per

1950 1511 2187 1580 saginam
2215 1529 2638 1586 corrumpamur,
2690 1528 2744 1574 et
2788 1521 3164 1578 obliviscamur
3208 1542 3350 1580 eum.
3394 1526 3537 1582 Sub-
3595 1594 3597 1596 η

1951 1602 2112 1656 trahit
2140 1603 2295 1660 nobis
2319 1607 2603 1677 aliquando
2633 1626 2749 1682 quae
2777 1615 3076 1669 necessaria
3097 1625 3242 1684 sunt,
3276 1629 3331 1672 et
3357 1619 3538 1674 atterit
3597 1668 3601 1672 ,

1949 1709 2078 1760 nos;
2110 1705 2166 1750 ut
2190 1697 2421 1754 sciamus
2443 1703 2562 1771 quia
2596 1703 2755 1758 Pater
2786 1715 2839 1760 et
2880 1707 3136 1763 Dominus
3167 1718 3271 1777 est,
3319 1727 3423 1766 non
3445 1728 3537 1768 so-

1945 1785 2056 1841 lum
2083 1787 2378 1856 blandiens,
2406 1793 2500 1848 sed
2527 1804 2581 1850 et
2611 1795 2905 1867 ﬂagellatis.
2954 1801 3224 1871 Praeparat
3249 1801 3397 1859 enim
3430 1819 3533 1861 nos
3597 1783 3610 1803 Χ

1951 1879 2161 1962 cuidam
2195 1880 2492 1940 hmreditati
2521 1887 2907 1959 incorruptibili
2945 1900 2999 1946 et
3032 1909 3258 1964 magna).
3289 1893 3345 1951 Si
3371 1911 3535 1951 unam

1945 1985 2191 2042 cuppam,
2219 1984 2308 2030 aut
2329 1993 2486 2032 unam
2516 1980 2704 2034 cellam
2737 1991 2902 2049 tuam,
2943 1993 3034 2038 aut
3055 1986 3098 2039 si
3127 1986 3253 2055 quid
3279 1986 3444 2043 habes
3474 1989 3528 2043 in

1943 2062 2103 2120 domo
2125 2075 2214 2120 tua
2243 2109 2257 2133 ,
2305 2069 2506 2139 cogitas
2531 2071 2804 2128 dimittere
2841 2074 2948 2128 lilio
2975 2085 3087 2144 tuo,
3129 2086 3184 2132 et
3232 2093 3300 2133 ne
3347 2079 3538 2148 perdat

1945 2153 2095 2222 illud,
2139 2157 2320 2212 crudis
2364 2174 2508 2228 eum,
2556 2173 2610 2216 et
2654 2162 2876 2232 ﬂagellis
2919 2181 3043 2220 eum
3089 2166 3156 2221 ad
3194 2169 3533 2240 disciplinam

1944 2250 2188 2320 corrigis,
2233 2267 2302 2306 ne
2331 2253 2521 2322 perdat
2546 2254 2678 2309 nihil
2703 2265 2872 2322 tuum,
2905 2257 3047 2326 quod
3076 2266 3132 2314 et
3162 2261 3276 2329 ipse
3319 2260 3408 2316 hic
3453 2262 3535 2316 di-

1943 2341 2202 2396 missurus
2231 2352 2332 2406 est,
2358 2344 2496 2398 sicut
2515 2355 2569 2399 et
2598 2354 2651 2400 tu
2678 2363 2692 2412 ;
2724 2363 2830 2402 non
2853 2349 2930 2403 vis
2949 2356 3007 2403 ut
3029 2365 3128 2404 nos
3145 2350 3354 2407 erudiat
3375 2352 3536 2408 Pater

1943 2442 2124 2488 noster
2154 2435 2205 2488 in
2240 2433 2463 2506 ﬂagellis
2489 2438 2647 2492 etiam
2691 2440 3069 2496 necessitatum
3108 2452 3201 2497 aut
3234 2443 3535 2500 tribulatio-

1941 2543 2090 2592 num,
2124 2529 2210 2598 qui
2233 2529 2386 2586 nobis
2417 2531 2576 2586 talem
2617 2532 2983 2590 hmreditatem
3021 2534 3242 2592 daturus
3273 2545 3376 2605 est,
3407 2553 3528 2609 quae

1940 2619 2169 2674 transire
2194 2635 2298 2674 non
2330 2622 2542 2690 possit?
2568 2622 2947 2679 [hereditatem
2975 2626 3117 2680 enim
3164 2629 3319 2683 nobis
3380 2628 3530 2685 dabit

1939 2709 2172 2779 seipsum
2203 2711 2362 2779 Deus,
2393 2721 2450 2766 ut
2473 2713 2643 2782 ipsum
2671 2715 3063 2785 possideamus,
3095 2727 3150 2773 et
3173 2719 3241 2775 ab
3260 2720 3378 2791 ipso
3401 2726 3550 2790 pos-'

1938 2799 2208 2854 sideamur
2237 2801 2291 2855 in
2318 2811 2597 2857 internum.
2691 2868 2694 2870 γ

2011 2892 2097 2946 ll.
2130 2893 2274 2963 Ergo
2308 2894 2362 2947 in
2397 2905 2582 2949 sancto
2610 2910 2962 2966 appareamus
3000 2897 3144 2965 Deo,
3180 2907 3238 2954 ut
3277 2910 3532 2972 appareat

1936 2981 2127 3049 nobis;
2160 2999 2508 3054 appareamus
2540 2987 2613 3041 illi
2644 2987 2697 3042 in
2729 2997 2914 3043 sancto
2942 2989 3243 3059 desiderio,
3273 3002 3335 3048 ut
3362 3009 3528 3064 appa-

1935 3081 2051 3130 reat
2077 3074 2232 3128 nobis
2265 3075 2321 3130 in
2353 3078 2587 3145 potentia
2618 3088 2672 3132 et
2707 3079 2873 3149 gloria
2903 3079 3001 3134 Flii
3032 3080 3146 3136 Dei.
3179 3082 3355 3138 Multis
3383 3086 3528 3140 enim

1935 3179 2041 3219 non
2064 3167 2340 3235 apparuit;
2368 3167 2474 3222 sint
2502 3169 2556 3222 in
2583 3178 2788 3237 sancto,
2811 3179 2871 3225 ut
2893 3181 3147 3241 appareat
3165 3181 3220 3229 et
3244 3174 3367 3229 illis.
3392 3174 3529 3232 Nam

1936 3257 2086 3312 multi
2119 3265 2304 3328 putant
2327 3259 2474 3313 illum
2502 3261 2866 3316 tantummodo
2891 3261 3164 3318 hominem
3191 3263 3379 3332 fuisse,
3405 3267 3529 3335 quia

1934 3349 2255 3418 praedicatur
2283 3359 2440 3405 natus
2479 3366 2544 3406 ex
2584 3351 2826 3418 homine,
2857 3354 3140 3409 crucifixus
3168 3364 3222 3410 et
3249 3363 3524 3425 mortuus,

1935 3441 2237 3496 ambulasse
2267 3441 2319 3495 in
2353 3449 2514 3509 terra,
2546 3443 2892 3498 manducasse
2917 3454 2971 3499 et
3003 3445 3221 3511 bibisse,
3253 3454 3307 3502 et
3334 3454 3526 3502 caetera

1934 3533 2128 3604 egisse,
2154 3548 2270 3603 qua:
2301 3543 2426 3586 sunt
2451 3532 2714 3594 humana;
2741 3545 2797 3588 et
2822 3544 3008 3605 putant
3038 3535 3186 3589 illum
3211 3537 3370 3592 talem
3397 3537 3526 3591 fuis-

1932 3638 2011 3690 se,
2037 3624 2222 3695 quales
2251 3633 2375 3679 sunt
2399 3625 2578 3680 caeteri
2607 3623 2870 3680 homines.
2903 3625 3138 3681 Audistis
3160 3636 3337 3682 autem
3361 3629 3524 3684 modo

1931 3732 2054 3772 cum
2096 3715 2442 3788 Evangelium
2487 3716 2785 3787 legeretur,
2824 3717 3093 3788 quomodo
3131 3719 3525 3776 commendavit

1932 3809 2264 3878 majestalein
2318 3823 2469 3863 suam
2501 3825 2514 3862 :
2547 3805 2658 3880 Ego
2695 3817 2742 3862 et
2771 3805 2929 3862 Pater
2966 3825 3127 3863 unum
3159 3826 3333 3865 sumus
3393 3808 3519 3883 (Id.

1935 3918 1966 3957 x
1987 3944 2002 3970 ,
2034 3902 2160 3972 30).
2193 3902 2333 3956 Ecce
2370 3908 2566 3972 quanta
2606 3900 2892 3972 majestas,
2931 3910 2986 3957 et
3020 3910 3214 3972 quanta
3247 3902 3526 3974 aequalitas

1932 3993 2106 4049 Patris
2135 3992 2411 4048 descendit
2447 3992 2514 4048 ad
2548 4008 2762 4049 carnem
2794 4002 3012 4090 p‘opter
3041 3994 3400 4050 inﬁrmitatem
3426 4009 3525 4050 no-

1931 4089 2125 4144 stram!
2156 4087 2296 4142 Ecce
2325 4095 2579 4157 quantum
2603 4087 2780 4144 dilecti
2808 4087 3013 4155 sumus,
3040 4098 3323 4158 antequam
3355 4088 3523 4142 Deum

1932 4183 2306 4248 diligcrcmns!
2337 4181 2392 4236 Si
2419 4191 2701 4252 antequam
2729 4183 2896 4237 Deum
2923 4181 3288 4252 diligeremus,
3315 4188 3523 4236 tantum

1931 4274 1999 4328 ab
2029 4274 2118 4326 illo
2147 4273 2324 4327 dilecti
2363 4287 2582 4340 sumus,
2613 4284 2671 4327 ut
2702 4273 2960 4342 aequalem
2999 4271 3100 4325 sibi
3141 4269 3333 4326 Filium
3363 4285 3522 4325 suum
3582 4285 3588 4293 '

1932 4367 2201 4421 hominem
2235 4366 2431 4422 faceret
2459 4375 2676 4436 propter
2704 4381 2835 4430 nos;
2867 4363 2994 4435 quid
3020 4364 3174 4418 nobis
3201 4372 3378 4418 servat
3409 4363 3527 4432 jam

1930 4459 2270 4530 diligentibus
2295 4457 2392 4513 se?
2417 4459 2556 4529 Ergo
2585 4457 2735 4512 multi
2763 4455 2944 4511 nescio
2967 4455 3093 4526 quid
3123 4456 3398 4510 minimum
3427 4471 3524 4525 pu-

1932 4560 2044 4606 tant
2068 4550 2377 4620 apparuisse
2405 4550 2459 4604 in
2491 4558 2630 4605 terra
2657 4548 2852 4604 Filium
2883 4548 3008 4613 Dei;
3036 4549 3158 4617 quia
3185 4562 3290 4602 non
3314 4555 3440 4601 sunt
3468 4549 3521 4601 in

1930 4653 2149 4712 sancto,
2197 4659 2303 4700 non
2352 4645 2430 4700 eis
2475 4650 2696 4713 apparet
2743 4639 2976 4711 potentia
3020 4639 3225 4709 ipsius,
3263 4648 3318 4693 et
3355 4638 3520 4708 gloria

1931 4736 2096 4807 ipsius
2122 4755 2134 4791 :
2163 4735 2214 4791 id
2239 4744 2342 4803 est,
2364 4735 2487 4806 quia
2509 4733 2743 4789 nondum
2769 4729 3152 4787 sanctiﬁcatum
3182 4729 3379 4784 habent
3403 4745 3519 4796 cor,

1930 4831 2072 4887 unde
2102 4831 2399 4900 intelligant
2425 4827 2768 4885 eminentiam
2799 4824 3007 4878 virtutis
3039 4823 3215 4890 illius,
3241 4829 3299 4878 et
3324 4825 3521 4893 gratias

1929 4933 2088 4994 agant
2133 4923 2241 4978 Deo
2279 4921 2404 4994 quia
2449 4929 2667 4992 propter
2705 4919 2849 4988 ipsos
2883 4925 3059 4970 tantus
3097 4931 3202 4986 quo
3236 4918 3414 4978 venit,
3452 4915 3517 4970 ad

1931 5032 2088 5088 quam
2120 5016 2480 5079 nativitatem,
2511 5013 2575 5066 ad
2605 5026 2764 5082 quam
2795 5009 3128 5080 passionem;
3163 5023 3269 5064 non
3296 5018 3519 5079 possunt

1931 5112 2110 5167 videre
2134 5109 2357 5181 gloriam
2387 5109 2552 5179 ipsius
2580 5115 2634 5161 et
2658 5106 2948 5176 potentiam
2976 5105 3159 5175 ipsius.

2003 5204 2090 5258 1‘2.
2137 5201 2287 5274 [vers.
2329 5198 2408 5274 4.]
2441 5199 2692 5267 Quoniam
2731 5199 2909 5253 melior
2947 5205 3019 5252 est
3053 5193 3396 5250 misericordia
3429 5202 3519 5248 tua

1928 5315 2078 5370 super
2099 5297 2242 5352 vitas.
2267 5293 2441 5350 Multae
2470 5301 2594 5350 sunt
2615 5293 2738 5348 vitae
2764 5290 3042 5356 humanae;
3071 5288 3164 5344 sed
3191 5287 3332 5343 Deus
3355 5301 3515 5341 unam

1930 5392 2090 5446 vitam
2122 5387 2415 5460 promittit;
2446 5394 2501 5442 et
2526 5401 2631 5440 non
2660 5384 2801 5440 illam
2830 5385 2920 5438 dat
2945 5382 3097 5438 nobis
3123 5379 3271 5450 quasi
3299 5387 3520 5448 propter

1929 5483 2118 5538 merita
2145 5490 2346 5546 nostra,
2374 5478 2468 5534 sed
2497 5486 2716 5550 propter
2739 5471 3156 5530 misericordiam
3182 5484 3353 5525 suam.
3377 5468 3517 5537 Quid

1928 5575 2070 5630 enim
2100 5572 2225 5627 boni
2253 5571 2478 5642 egimus,
2507 5578 2567 5624 ut
2588 5567 2715 5624 illtid
2741 5561 3101 5622 mereremur?
3121 5569 3211 5616 aut
3231 5577 3350 5632 quae
3376 5560 3518 5616 bona

1928 5665 2064 5720 facta
2085 5672 2265 5719 nostra
2286 5668 2696 5733 praecesserunt,
2715 5668 2770 5712 ut
2793 5657 2931 5711 Deus
2951 5652 3103 5708 nobis
3123 5653 3345 5723 gratiam
3363 5663 3515 5707 suam

1927 5756 2113 5814 daret?
2151 5754 2415 5825 Numquid
2456 5753 2656 5808 invenit
2690 5747 2919 5819 justitias
2949 5759 3081 5815 quas
3116 5751 3431 5809 coronaret,
3460 5751 3517 5798 et

1926 5868 2033 5909 non
2062 5851 2251 5908 delicta
2279 5866 2397 5922 qua:
2425 5845 2688 5904 donaret?
2715 5843 2906 5912 Utique
2935 5839 3127 5894 delicta
3154 5853 3274 5908 quae
3297 5837 3517 5892 donavit

1930 5946 1976 6001 si
2007 5946 2194 6019 punire
2226 5943 2420 6009 vellet,
2453 5955 2557 5997 non
2590 5946 2734 5994 esset
2769 5937 3042 6004 injustum.
3073 5931 3210 6002 Quid
3235 5931 3376 5989 enim
3407 5939 3514 5984 tam
