4038 6506
557 462 660 516 755

1795 459 1848 511 S.
1890 457 2254 513 AUGUSTIN
2294 458 2591 517 EPISCOPI

3708 470 3807 524 7m

546 574 777 643 justum,
809 588 965 644 quam
995 584 1049 629 ut
1078 575 1327 643 puniatur
1366 575 1642 643 peccator?
1670 571 1799 629 Cum
1831 574 2030 641 iustum
2059 573 2130 631 sit
2230 589 2303 629 ne
2334 576 2424 630 tibi
2448 581 2600 646 quasi
2630 594 2818 650 magna
2848 580 3120 637 videantur
3148 599 3263 653 quae
3286 595 3515 654 possunt
3541 585 3726 645 donari
3752 597 3804 642 ct

549 675 606 719 ut
656 665 906 734 puniatur
956 672 1205 735 peccator
1228 706 1243 731 ,
1290 665 1546 733 pertinuit
1591 663 1659 719 ad
1704 662 2127 719 misericordiam
2226 667 2402 722 malis.
2422 669 2516 723 Dei
2540 670 2752 741 quidem
2772 681 2895 727 sunt
2915 682 2969 728 et
2991 674 3166 729 omnia
3187 675 3325 731 dona
3344 686 3590 743 terrena;
3611 679 3706 737 sed
3729 681 3803 737 vi-

548 756 716 825 ipsius
741 770 847 817 non
876 755 1070 826 punire
1105 764 1465 824 peccatorem,
1494 754 1588 811 sed
1622 754 1914 823 iustiﬁcam
1932 795 1948 821 ,
1979 764 2034 809 et
2058 754 2127 810 de
2228 755 2351 812 dele
2371 761 2493 827 quia
2515 776 2633 830 quae
2656 762 2815 817 donat
2842 774 2892 818 et
2914 765 3067 819 malis
3094 780 3200 820 non
3226 780 3323 835 pro
3346 782 3537 839 magno
3563 766 3801 827 habenda

546 855 829 914 peccatore
869 846 1043 902 facere
1082 846 1315 916 justum,
1342 856 1403 903 et
1440 845 1506 900 de
1546 845 1707 915 intpio
1746 845 1921 903 facere
1954 847 2121 914 pium.

2224 859 2368 907 sunt.
2385 849 2479 905 Est
2492 851 2632 907 aliud
2649 853 2786 922 quod
2805 854 2957 913 nobis
2967 856 3480 929 savatﬁogitemus
3493 868 3802 930 artemque

542 937 685 1007 Ergo
1076 936 1241 1006 ipsius
1262 937 1440 995 melior
1456 953 1606 1007 super
1628 937 1770 991 vitas.
1794 938 1935 1005 Quas
1957 936 2124 992 vitas?
2228 938 2389 995 donat
2416 950 2469 996 et
2496 942 2649 998 malis
2666 984 2680 1009 ,
2710 954 2763 999 et
2803 946 2924 1008 hinc
2956 947 3309 1020 intelligamus
3336 951 3463 1019 quid
3491 963 3669 1013 servet
3694 953 3795 1010 ho-

546 1028 688 1096 Quas
718 1028 825 1085 sibi
867 1028 1111 1085 homines
1142 1029 1433 1098 elegerunt.
1467 1028 1617 1085 Alius
1642 1028 1802 1099 elegit
1831 1028 1929 1083 sibi
1962 1027 2120 1083 vitam

542 1119 877 1189 negotiandi.
908 1120 1044 1177 alius
1080 1120 1238 1175 vitam
1266 1120 1593 1186 msticandi,
1620 1122 1751 1177 alius
1784 1122 1941 1177 vitam
1972 1119 2118 1177 fene-

540 1211 717 1277 randi,
745 1211 883 1267 alius
911 1213 1069 1271 vitam
1101 1211 1397 1278 miiitandi;
1427 1213 1564 1268 alius
1591 1213 1762 1281 illam,
1790 1213 1927 1275 alius
1953 1214 2116 1267 illam.

540 1303 779 1363 Diversae
802 1314 929 1365 sunt
957 1306 1098 1372 vita;
1124 1305 1222 1369 sed
1248 1305 1425 1359 melior
1448 1315 1522 1361 est
1544 1306 1888 1365 misericordia
1912 1316 2001 1360 tua
2028 1322 2114 1361 su-

534 1413 633 1466 per
652 1397 779 1453 vim
805 1405 1035 1451 nostras.
1060 1394 1250 1455 Helius
1268 1404 1355 1459 est
1377 1395 1519 1467 quod
1545 1396 1640 1451 das
1659 1396 1932 1463 correctis,
1958 1410 2116 1465 quam

530 1489 678 1559 mod
706 1489 1191 1559 eligunt
1222 1489 1394 1546 Unam
1425 1490 1583 1545 vitam
1610 1488 1800 1555 donas,
1826 1505 1946 1559 qua:
1975 1505 2115 1559 pra:-

528 1589 761 1647 portatur
782 1580 1033 1641 omnibus
1060 1582 1255 1645 nostris
1275 1621 1289 1646 ,
1316 1595 1680 1651 quascumque
1706 1580 1759 1636 in
1787 1580 1984 1635 mundo
2008 1579 2113 1636 eli-

524 1685 657 1738 gere
682 1671 1033 1740 potuerimus.
1062 1672 1319 1741 Quoniam
1352 1674 1528 1726 melior
1554 1681 1628 1727 est
1658 1672 1998 1727 misericordia
2024 1682 2114 1729 tua

526 1776 683 1832 super
710 1764 872 1830 nitas,
898 1764 1035 1818 labia
1070 1780 1181 1818 tneo
1214 1763 1493 1819 laudabunt
1518 1773 1585 1817 te.
1612 1762 1727 1818 Non
1757 1771 1812 1818 te
1841 1763 2113 1818 laudarent

528 1853 668 1917 labia
692 1869 831 1922 mea,
859 1855 958 1909 nisi
983 1869 1073 1911 me
1094 1855 1422 1924 praecederet
1442 1852 1808 1911 misericordia
1828 1862 1937 1908 tua.
1963 1854 2111 1908 Dono

528 1954 623 2003 tuo
652 1957 704 2002 te
731 1946 923 2015 laudo,
951 1962 1048 2017 per
1075 1946 1490 2003 misericordiam
1520 1955 1664 2000 tuam
1696 1955 1748 2000 te
1784 1946 1960 2001 laudo.
1995 1946 2106 2001 Non

522 2038 667 2095 enim
707 2052 805 2107 ego
848 2052 1058 2107 possem
1102 2037 1318 2097 laudare
1358 2038 1560 2101 Deum,
1594 2037 1692 2095 nisi
1728 2036 1859 2099 mihi
1888 2037 2107 2093 donaret

522 2129 742 2189 laudare
764 2145 824 2186 se
852 2145 1028 2200 posse.
1060 2130 1311 2197 Quoniam
1340 2130 1516 2184 melior
1546 2138 1620 2184 est
1652 2129 1992 2184 misericordia
2019 2139 2108 2191 tuo

520 2240 676 2293 super
696 2223 844 2288 sitas,
871 2224 1006 2285 labia
1033 2239 1142 2279 mea
1170 2222 1445 2283 laudabunt
1466 2232 1535 2283 te.

595 2316 683 2375 15.
712 2314 864 2389 [κη.
894 2313 975 2387 5.]
1002 2314 1094 2371 Sic
1122 2313 1412 2368 benedicam
1435 2323 1482 2367 te
1506 2317 1562 2368 in
1586 2314 1684 2367 vita
1710 2328 1840 2379 mea,
1866 2321 1912 2366 et
1935 2312 1989 2367 in
2012 2329 2106 2367 no-

522 2409 657 2465 mine
687 2419 775 2469 In
811 2406 982 2463 levabo
1014 2424 1198 2463 manus
1224 2422 1381 2467 meas.
1417 2404 1505 2463 Sic
1531 2404 1820 2461 benedicam
1847 2414 1895 2460 te
1917 2406 1973 2461 in
2000 2404 2104 2458 uita

518 2518 634 2556 mea
661 2519 680 2556 .-
700 2502 810 2572 jam
831 2502 888 2563 in
917 2500 1024 2561 vita
1053 2482 1350 2569 metqu
1376 2497 1505 2553 mihi
1532 2496 1773 2569 donasti;
1800 2511 1905 2551 non
1935 2496 1987 2550 in
2014 2495 2102 2551 illa

518 2608 679 2664 quem
706 2609 806 2665 ego
832 2595 968 2666 elegi
997 2592 1289 2655 secundum
1318 2590 1571 2647 mundum
1597 2606 1716 2655 cum
1746 2591 1954 2646 caeteris
1972 2631 1987 2657 ,
2011 2590 2100 2645 in-

522 2693 604 2740 ter
639 2686 834 2743 multas
865 2686 1025 2751 vitas,
1059 2684 1155 2743 sed
1180 2698 1342 2754 quam
1370 2682 1560 2741 dedisti
1590 2681 1720 2741 mihi
1760 2698 1855 2751 per
1888 2682 2097 2735 miseri-

519 2774 751 2829 cordiam
795 2785 937 2829 tuam
957 2815 971 2838 ,
1002 2782 1061 2829 ut
1094 2782 1147 2829 te
1188 2773 1480 2829 laudarem.
1518 2770 1608 2827 Sic
1640 2771 1929 2827 knedicam
1963 2780 2009 2824 te
2046 2771 2098 2824 in

514 2868 617 2923 vita
641 2884 772 2927 mea.
800 2867 940 2935 Quid
968 2876 1070 2931 est,
1099 2868 1213 2927 sic?
1241 2865 1309 2931 Ut
1334 2865 1710 2925 misericordiae
1740 2873 1839 2919 tute
1868 2864 2095 2919 tribuam

517 2960 679 3026 vitam
706 2974 881 3023 meam
904 2959 960 3017 in
984 2973 1089 3029 qua
1112 2968 1162 3013 te
1188 2959 1377 3025 laudo;
1402 2973 1507 3019 non
1537 2956 1744 3015 meritis
1771 2958 1923 3012 meis.
1949 2955 2019 3010 Et
2043 2958 2098 3012 in

512 3052 717 3106 nostin:
752 3060 843 3107 Μ
884 3050 1055 3106 leuabo
1088 3068 1269 3111 manus
1300 3068 1461 3107 nicas.
1494 3050 1632 3115 Leva
1662 3064 1789 3119 ergo
1827 3064 2013 3104 manus
2040 3050 2095 3106 in

511 3142 774 3197 oratione.
800 3141 1021 3201 Levavit
1044 3158 1140 3212 pro
1166 3144 1318 3201 nobis
1343 3142 1597 3201 Dominus
1618 3148 1802 3199 noster
1828 3155 2015 3199 manus
2038 3142 2091 3196 in

508 3246 708 3298 cruce,
735 3239 790 3288 et
824 3240 1059 3291 extensae
1096 3242 1222 3295 sunt
1258 3246 1447 3295 mnus
1479 3232 1597 3303 eius
1631 3245 1731 3302 pro
1765 3231 1939 3287 nobis.
1968 3231 2093 3287 ideo

510 3330 745 3381 extensa:
768 3330 896 3377 sunt
920 3337 1112 3385 mnus
1138 3322 1254 3392 ejus
1280 3322 1336 3385 in
1360 3336 1550 3389 cruce,
1585 3329 1640 3377 ut
1672 3335 1863 3379 manus
1894 3330 2092 3383 nostra:

506 3413 865 3473 extendantur
890 3412 945 3469 in
976 3414 1114 3475 bona
1136 3427 1335 3484 opera;
1362 3414 1482 3483 quia
1517 3428 1649 3468 crux
1686 3412 1852 3484 ipsius
1880 3412 2089 3469 miseri-

506 3505 748 3567 cordiam
788 3507 943 3565 nobis
978 3506 1221 3575 prmbuit.
1253 3505 1391 3562 Ecce
1427 3505 1624 3561 levavit
1663 3504 1749 3559 ille
1785 3519 2004 3566 manus,
2036 3511 2091 3567 et

502 3598 700 3656 obtulit
722 3613 821 3671 pro
836 3599 994 3655 nobis
1012 3596 1331 3655 sacriﬁcium
1352 3597 1463 3654 Deo
1478 3596 1734 3664 seipsum,
1758 3604 1813 3648 et
1834 3609 1932 3663 per
1952 3590 2089 3657 λιιιῖᾴ

503 3690 821 3749 sacriﬁcium
856 3690 1030 3747 deleta
1064 3697 1191 3749 sunt
1225 3688 1400 3751 omnia
1434 3694 1647 3757 peccata
1684 3695 1882 3740 nostra.
1917 3684 2085 3740 Leve-

506 3796 626 3838 mus
651 3789 705 3836 et
724 3795 823 3838 nos
846 3794 1038 3841 mnus
1065 3788 1273 3837 nostras
1295 3777 1363 3831 ad
1394 3778 1561 3841 Deum
1590 3776 1643 3837 in
1675 3791 1869 3846 prece;
1899 3784 1953 3831 et
1981 3791 2084 3837 non

502 3872 897 3927 muﬂmdentur
920 3884 1109 3925 manus
1135 3878 1332 3933 nostra:
1356 3868 1543 3935 levant:
1568 3866 1634 3925 ad
1662 3867 1846 3929 Deum,
1871 3866 1915 3923 si
1933 3880 2086 3920 exer-

505 3970 730 4019 ceantur
765 3962 817 4016 in
855 3960 1008 4017 bonis
1033 3959 1303 4029 operibus.
1330 3958 1469 4027 Quid
1498 3957 1639 4012 enim
1672 3954 1796 4011 facit
1823 3954 1915 4025 qui
1946 3955 2087 4015 levat

506 4054 739 4110 manus?
764 4053 916 4111 Unde
944 4028 1266 4123 pmccpﬁtm
1291 4059 1375 4113 est
1399 4059 1458 4107 ut
1483 4049 1668 4105 levatis
1696 4048 1935 4103 manibus
1963 4062 2084 4105 ore-

504 4160 627 4203 mus
650 4145 717 4205 ad
745 4144 949 4205 Deum?
974 4143 1263 4214 Apostolus
1289 4141 1428 4199 enim
1456 4141 1586 4211 dicit
1618 4157 1630 4193 :
1659 4137 1901 4193 Levante:
1934 4155 2086 4209 puras

504 4252 709 4302 mus,
738 4237 849 4297 sine
872 4236 951 4289 ira
974 4244 1023 4290 et
1052 4233 1409 4305 disceptatione
1440 4231 1484 4304 (1
1511 4230 1639 4291 Tim.
1669 4246 1727 4299 ιι,
1758 4228 1836 4305 8).
1868 4228 1938 4286 Ut
1964 4245 2085 4286 cum

505 4327 651 4387 levas
676 4342 867 4391 mam
893 4326 960 4389 ad
991 4326 1158 4385 Deum
1180 4367 1195 4392 ,
1230 4324 1441 4385 veniant
1467 4323 1557 4378 tibi
1583 4323 1634 4377 in
1665 4331 1898 4377 mentem
1924 4336 2086 4392 Opera

506 4430 614 4479 tua.
641 4422 773 4488 Quia
796 4421 939 4477 enim
969 4433 1157 4481 manus
1188 4418 1302 4479 ista:
1326 4418 1567 4475 levantur
1591 4424 1647 4471 ut
1671 4415 1921 4486 impetres
1945 4412 2086 4484 quod

507 4515 615 4579 ris.
648 4516 790 4583 ipsas
816 4527 1007 4571 manus
1033 4510 1233 4581 cogitas
1261 4511 1312 4563 in
1340 4508 1495 4573 bonis
1524 4507 1773 4577 operibus
1797 4520 2045 4561 exercere
2067 4546 2082 4572 ,

506 4620 576 4660 ne
613 4605 930 4663 erubescant
957 4603 1120 4665 levari
1158 4601 1224 4656 ad
1268 4601 1453 4656 Deum.
1486 4597 1553 4653 In
1578 4599 1777 4652 nomine
1804 4606 1887 4651 tuo
1917 4596 2085 4650 (crabo

508 4710 687 4750 manus
708 4710 867 4757 meas,
901 4694 1018 4751 lata:
1046 4708 1232 4764 preces
1260 4702 1452 4746 nostra:
1480 4699 1602 4745 sunt
1630 4690 1680 4743 in
1711 4688 1809 4744 hac
1836 4689 2081 4753 Idumam,

509 4784 560 4840 in
591 4785 691 4840 hoc
714 4784 927 4849 deserto
946 4825 959 4849 ,
989 4784 1042 4851 in
1085 4792 1223 4843 terra
1262 4782 1378 4841 sine
1415 4796 1546 4850 aqua
1567 4819 1585 4847 ,
1614 4788 1668 4834 et
1702 4779 1816 4833 sine
1852 4781 1930 4834 via
1955 4822 1967 4842 ,
1997 4778 2084 4832 ubi

509 4876 662 4931 nobis
684 4874 927 4937 Christus
955 4885 1037 4931 est
1062 4876 1144 4939 via
1177 4873 1352 4945 (Joan.
1385 4873 1492 4935 XIV,
1525 4871 1616 4941 6);
1650 4870 1743 4925 sed
1774 4886 1878 4924 non
1910 4870 1992 4923 via
2018 4868 2086 4925 de

510 4970 610 5029 hac
637 4978 799 5025 terra.
828 4967 895 5021 In
924 4970 1122 5023 nomine
1151 4976 1237 5021 tuo
1269 4965 1438 5021 levabo
1464 4980 1641 5018 manus
1666 4980 1819 5018 meas.

582 5060 668 5115 14.
711 5056 859 5132 [νει-δ.
893 5053 971 5129 6.]
1000 5057 1067 5112 Et
1105 5056 1227 5129 quid
1268 5056 1471 5129 dicam,
1508 5070 1629 5109 cum
1674 5053 1859 5108 levabo
1900 5069 2086 5109 manus

511 5166 659 5207 meas
686 5150 737 5205 in
764 5147 978 5207 nomine
1005 5147 1130 5201 tuo?
1153 5146 1275 5217 quid
1308 5145 1518 5214 petam?
1547 5143 1654 5211 liia,
1686 5143 1890 5208 fratres,
1920 5160 2087 5214 quan-

508 5242 580 5299 do
608 5241 792 5309 levatis
826 5254 1043 5305 manus,
1071 5239 1290 5307 qumrite
1318 5236 1443 5307 quid
1486 5237 1704 5306 petatis;
1738 5235 1803 5289 ab
1827 5234 2085 5304 Omnipo-

511 5345 655 5401 tente
678 5333 821 5394 enim
850 5330 1046 5401 petitis.
1079 5326 1289 5397 Aliquid
1320 5343 1564 5398 magnum
1602 5327 1794 5396 petite;
1824 5342 1927 5381 non
1954 5342 2086 5396 qua-

511 5430 578 5483 lia
625 5436 807 5497 petunt
849 5408 936 5496 qui
987 5421 1218 5487 nondum
1268 5419 1624 5474 crediderunt.
1673 5417 1871 5472 Videtis
1912 5416 2087 5488 qualia

512 5520 706 5579 dentur
742 5527 794 5572 et
832 5515 1026 5586 impiis.
1061 5512 1327 5568 Petiturus
1352 5524 1411 5565 es
1439 5524 1469 5563 a
1499 5509 1606 5562 Deo
1644 5516 1731 5563 tuo
1774 5507 2087 5578 pecuniam?

512 5610 775 5680 Numquid
804 5625 907 5664 non
928 5608 1090 5671 donat
1112 5620 1228 5660 eam
1255 5615 1305 5658 et
1333 5601 1601 5658 sceleratis
1627 5603 1713 5672 qui
1736 5603 1787 5657 in
1815 5603 1957 5657 illum
1981 5616 2086 5657 non

511 5703 771 5761 trudunt?
794 5700 932 5770 Quid
960 5715 1088 5769 ergo
1116 5710 1360 5767 magnum
1390 5695 1648 5765 petiturus
1675 5709 1733 5749 es
1760 5693 1902 5764 quod
1929 5694 2089 5750 donat

513 5804 568 5848 et
598 5793 783 5853 malis?
813 5790 917 5847 Sed
959 5805 1064 5845 non
1097 5788 1188 5844 tibi
1217 5785 1522 5861 displiceat,
1556 5784 1676 5854 quia
1704 5798 1820 5853 qua:
1848 5784 2009 5839 donat
2036 5793 2089 5839 et

514 5884 667 5937 malis
690 5892 795 5939 tam
824 5881 1011 5937 frivola
1038 5887 1179 5945 sunt,
1210 5887 1265 5933 ut
1290 5888 1343 5935 et
1371 5875 1522 5932 malis
1547 5874 1729 5930 donari
1759 5874 1915 5945 digna
1941 5876 2045 5930 sint
2068 5890 2082 5927 :

2226 1030 2326 1085 nis.
2350 1032 2482 1098 Qua:
2502 1032 2666 1088 donat
2686 1035 2837 1091 malis
2860 1036 3032 1095 videte
3057 1056 3069 1093 :
3092 1038 3253 1101 donat
3279 1041 3381 1097 illis
3402 1041 3581 1100 lucem
3606 1045 3763 1101 istam
3782 1063 3798 1109 ;

2225 1120 2400 1177 videte
2427 1123 2546 1193 quia
2583 1125 2761 1182 vident
2799 1128 2941 1182 illam
2982 1129 3106 1191 boni
3132 1140 3187 1187 et
3214 1131 3336 1187 mali
3366 1148 3382 1185 :
3418 1132 3651 1203 pluviam
3681 1151 3798 1205 qua:

2222 1211 2495 1270 descendit
2519 1233 2679 1286 super
2708 1227 2938 1287 terram;
2965 1230 3019 1277 et
3043 1221 3165 1279 hinc
3188 1235 3381 1295 quanta
3405 1224 3545 1281 bona
3573 1241 3797 1282 nascun-

2222 1309 2341 1363 tur!
2371 1308 2440 1367 Et
2460 1311 2614 1366 malis
2637 1312 2760 1367 inde
2784 1323 3081 1384 praistatur,
3110 1326 3165 1371 et
3178 1317 3363 1384 bonis,
3386 1317 3596 1375 dicente
3624 1318 3796 1373 Evan-

2217 1400 2357 1469 gelio
2387 1419 2401 1455 :
2428 1401 2533 1469 Qui
2549 1403 2705 1459 solem
2727 1422 2874 1461 suum
2895 1408 3018 1462 oniri
3036 1409 3161 1480 facit
3183 1426 3334 1480 super
3358 1408 3511 1467 bonos
3530 1419 3580 1464 et
3604 1411 3766 1466 malos
3776 1427 3796 1476 ;

2217 1500 2265 1549 cl
2304 1493 2431 1563 pluit
2467 1510 2620 1565 super
2636 1497 2798 1564 iustos
2832 1508 2878 1552 et
2907 1498 3119 1569 injustas
3149 1498 3371 1570 (Matth.
3404 1516 3455 1565 ν,
3484 1501 3552 1559 45
3570 1502 3613 1573 ).
3650 1502 3790 1557 Dona

2217 1596 2344 1654 ergo
2372 1583 2472 1643 ista
2500 1601 2618 1655 quae
2646 1598 2953 1659 nascuntur,
2982 1590 3063 1645 vel
3090 1590 3156 1645 de
3192 1592 3401 1660 pluvia,
3431 1591 3514 1647 vel
3547 1592 3614 1648 de
3644 1592 3786 1658 sole,

2215 1687 2245 1726 ει
2276 1671 2499 1728 Domino
2526 1676 2736 1745 quidem
2776 1687 2962 1733 nostro
3002 1688 3184 1749 petere
3217 1680 3504 1747 debemus,
3536 1696 3658 1734 cum
3688 1680 3791 1735 sint

2218 1765 2542 1831 necessaria;
2572 1767 2661 1821 sed
2695 1784 2799 1822 non
2831 1769 2925 1824 ista
2955 1771 3086 1837 sola,
3119 1771 3239 1841 quia
3270 1772 3364 1826 ista
3396 1772 3589 1826 dantur
3611 1782 3663 1831 et
3692 1771 3786 1827 bo-

2213 1853 2296 1909 nis
2322 1863 2373 1907 et
2404 1855 2576 1909 malis.
2610 1857 2743 1924 Quid
2775 1873 2899 1928 ergo
2933 1859 3187 1915 debemus
3224 1870 3438 1932 petere,
3471 1861 3685 1931 quando
3710 1861 3785 1917 le-

2212 1958 2396 1998 vamus
2424 1948 2646 2001 manus?
2675 1948 2805 2016 Quia
2835 1951 3101 2019 quomodo
3130 1952 3299 2021 potuit
3327 1951 3459 2006 dixit
3483 1952 3613 2007 illud
3643 1950 3787 2007 Psal‘

2211 2048 2349 2089 mus.
2377 2035 2511 2103 Quid
2538 2047 2618 2092 est
2643 2038 2782 2107 quod
2809 2039 2952 2108 dixi,
2983 2041 3245 2111 quomodo
3274 2043 3485 2111 potuit?
3509 2042 3785 2111 Quomodo

2209 2129 2377 2196 potuit
2419 2144 2480 2183 os
2523 2130 2812 2187 humanum
2849 2134 3065 2190 auribus
3106 2134 3369 2190 humanis.
3406 2135 3537 2204 Quia
3574 2152 3669 2206 per
3692 2153 3783 2192 ora

2210 2219 2436 2279 humana
2465 2221 2561 2275 ista
2593 2223 2727 2278 dicta
2756 2235 2910 2289 sunt,
2938 2235 2992 2280 et
3018 2240 3111 2294 per
3133 2225 3385 2301 quasdam
3414 2228 3785 2285 similitudines

2206 2309 2344 2365 dicta
2384 2322 2542 2377 sunt,
2569 2316 2835 2385 quomodo
2862 2331 3053 2385 capere
3085 2327 3297 2386 possent
3328 2334 3515 2374 omnes
3554 2320 3745 2375 inﬁrmi
3766 2363 3779 2386 ,

2205 2417 2390 2458 omnes
2420 2404 2648 2475 parvuli.
2678 2405 2813 2476 Quid
2846 2407 3015 2464 dixit?
3044 2410 3168 2485 quid
3196 2410 3419 2481 petivit?
3446 2408 3512 2465 In
3546 2413 3778 2482 nomine,

2205 2491 2392 2563 inquit,
2417 2505 2501 2550 tuo
2525 2496 2697 2551 leuabo
2726 2515 2904 2553 manus
2930 2516 3083 2554 meas.
3106 2500 3245 2572 Quid
3271 2490 3615 2575 accepturus?
3637 2500 3782 2559 Tan-

2203 2601 2352 2657 quam
2389 2587 2539 2657 adipe
2561 2596 2611 2642 et
2650 2588 2949 2659 pinguedine
2976 2595 3228 2660 repleatur
3254 2592 3423 2647 anima
3450 2610 3575 2647 mea.
3609 2592 3778 2649 Puta-

2205 2678 2270 2733 tis
2307 2680 2534 2750 aliquam
2572 2682 2942 2754 pinguedinem
2979 2685 3153 2739 carnis
3188 2676 3517 2749 desiderasse
3545 2687 3776 2742 animam

2203 2769 2597 2835 istaeratres
2625 2774 2768 2830 mei?
2795 2774 2908 2829 Non
2939 2777 3081 2831 enim
3108 2776 3208 2831 hoc
3237 2792 3332 2846 pro
3356 2792 3544 2849 magno
3567 2777 3779 2834 deside~

2199 2863 2353 2927 ravit,
2388 2873 2442 2919 ut
2468 2866 2687 2936 pingues
2715 2867 2926 2932 arietes,
2961 2878 3014 2923 ut
3045 2870 3263 2939 pingues
3287 2870 3434 2941 porci
3469 2870 3545 2927 illi
3574 2881 3774 2927 macta-

2198 2967 2412 3020 rentur;
2436 2965 2525 3009 aut
2546 2958 2749 3013 veniret
2769 2958 2834 3013 ad
2855 2958 3086 3029 aliquam
3108 2961 3375 3035 popinam,
3401 2959 3488 3016 ubi
3514 2961 3776 3019 inveniret

2197 3043 2415 3100 obsonia
2448 3046 2657 3116 pinguia
2678 3087 2692 3110 ,
2727 3046 2865 3103 unde
2898 3057 3239 3103 saturaretur.
3271 3048 3326 3104 Si
3357 3046 3457 3105 hoc
3484 3049 3775 3107 credideri-

2194 3150 2315 3195 mus
2334 3174 2346 3198 ,
2377 3135 2517 3204 digni
2559 3152 2742 3191 sumus
2764 3137 2780 3168 ¹
2811 3138 2897 3207 qui
2938 3139 3038 3193 ista
3074 3137 3368 3195 audiamus.
3398 3139 3540 3210 Ergo
3573 3140 3771 3211 aliquid

2194 3225 2466 3295 spiritnale
2504 3226 2758 3284 debemus
2796 3228 3107 3301 intelligere.
3140 3229 3306 3285 Habet
3333 3229 3614 3301 quamdam
3648 3231 3768 3302 pin-

2191 3314 2470 3386 guedinem
2494 3318 2669 3372 anima
2692 3327 2889 3374 nostra.
2914 3320 3006 3375 Est
3023 3321 3262 3390 qutedam
3288 3325 3535 3377 saturitas
3559 3323 3770 3393 pinguis

2192 3406 2484 3477 sapientiae.
2523 3408 2792 3479 Sapientia
2835 3410 2974 3467 enim
3019 3410 3116 3466 ista
3162 3413 3353 3467 animle
3390 3427 3509 3483 quae
3545 3423 3765 3479 carent,

2192 3508 2556 3568 marcescunt;
2586 3510 2639 3557 et
2667 3501 2883 3556 omnino
2917 3502 2989 3556 ita
3024 3502 3188 3557 exiles
3216 3501 3380 3568 ﬁunt,
3411 3511 3471 3557 ut
3504 3504 3555 3558 in
3589 3504 3768 3557 omni-

2191 3590 2289 3643 bus
2318 3588 2470 3646 bonis
2496 3591 2744 3661 operibus
2768 3593 2874 3648 cito
2898 3591 3160 3647 deﬁciant.
3187 3594 3362 3663 Quare
3386 3594 3492 3650 cito
3517 3594 3769 3651 deﬁciunt

2191 3680 2243 3735 in
2273 3682 2518 3736 omnibus
2542 3676 2695 3737 bonis
2722 3682 3012 3752 operibus?
3034 3672 3165 3754 Quia
3196 3701 3298 3739 non
3327 3682 3525 3741 habent
3551 3687 3769 3758 pingue-

2189 3770 2367 3827 dinem
2399 3773 2686 3828 saturitatis
2722 3787 2851 3828 suae.
2892 3774 3026 3829 Audi
3067 3774 3375 3845 Apostolum
3406 3776 3667 3833 dicentem
3696 3778 3769 3832 de

2191 3864 2367 3945 pingui
2406 3866 2579 3920 anima
2600 3907 2614 3933 ,
2655 3865 3045 3941 praecipientem
3074 3876 3128 3921 ut
3153 3868 3372 3936 quisque
3401 3864 3539 3923 bene
3566 3882 3767 3938 opere-

2191 3964 2291 4009 tur.
2325 3956 2457 4023 Quid
2494 3955 2602 4011 ait?
2638 3954 2868 4019 Hilarem
2906 3959 3129 4012 datOrem
3167 3957 3328 4028 diligit
3365 3954 3498 4013 Deus
3532 3959 3610 4029 (ll
3644 3960 3767 4014 Cor.

2188 4064 2264 4119 ιι,
2298 4049 2371 4122 7).
2398 4047 2615 4120 Pinguis
2641 4051 2814 4105 anima
2854 4050 2994 4105 unde
3020 4057 3163 4105 esset
3193 4052 3397 4122 pinguis
3416 4092 3429 4116 ,
3460 4052 3562 4107 nisi
3590 4067 3623 4107 a
3655 4053 3768 4110 Do-

2190 4143 2332 4207 mino
2360 4141 2726 4199 saturaretur?
2747 4141 2816 4197 Et
2838 4154 3010 4198 tamen
3036 4140 3421 4214 quantumlibet
3444 4143 3530 4200 hic
3555 4145 3623 4200 sit
3647 4146 3772 4215 pin-

2188 4233 2333 4304 guis,
2366 4233 2491 4304 quid
2518 4234 2620 4288 erit
2647 4234 2700 4287 in
2726 4232 2817 4288 illo
2848 4231 3022 4288 futuro
3060 4231 3287 4298 smcnlo,
3317 4249 3420 4304 quo
3458 4248 3557 4289 nos
3587 4246 3771 4304 pascet

2192 4322 2360 4377 Deus?
2382 4322 2593 4379 Interim
2616 4325 2668 4379 in
2688 4322 2788 4379 hac
2808 4323 3250 4396 peregrinatione,
3273 4324 3397 4395 quid
3419 4326 3618 4380 erimus
3638 4335 3772 4380 tunc

2189 4430 2285 4470 nec
2317 4414 2418 4469 dici
2458 4425 2646 4485 potest.
2684 4414 2749 4471 Et
2783 4412 3004 4471 fortasse
3044 4416 3210 4487 ipsam
3248 4417 3575 4472 saturitatem
3606 4425 3770 4487 opta-

2189 4523 2305 4562 mus
2333 4509 2436 4574 hic,
2468 4508 2676 4579 quando
2702 4508 2938 4564 levamus
2965 4523 3152 4563 manus
3176 4516 3404 4576 nostras,
3429 4508 3519 4562 ubi
3546 4510 3776 4579 pingue-

2187 4598 2310 4656 dine
2335 4600 2410 4655 sic
2438 4600 2811 4666 saturabimur,
2842 4609 2897 4654 ut
2922 4600 3136 4653 omnino
3160 4598 3334 4653 omnis
3358 4597 3643 4668 indigentia
3666 4615 3776 4652 no-

2187 4702 2293 4746 stra
2322 4695 2563 4757 intereat,
2592 4701 2646 4746 et
2669 4690 2795 4746 nihil
2817 4690 3208 4745 desideremus:
3232 4691 3352 4758 quia
3379 4698 3543 4743 totum
3568 4701 3778 4757 praesto

2189 4784 2341 4839 nobis
2368 4788 2467 4839 erit
2492 4783 2741 4854 quidquid
2768 4782 2855 4836 bic
2879 4780 3262 4848 desideramus,
3287 4781 3537 4851 quidquid
3556 4778 3650 4837 hic
3670 4796 3771 4849 prt:

2190 4894 2380 4948 magno
2409 4892 2664 4931 amamus.
2692 4876 2807 4931 Jatn
2837 4884 3012 4945 patres
3041 4876 3204 4929 nostri
3228 4874 3419 4929 mortui
3446 4884 3600 4939 sunt;
3623 4873 3779 4929 Deus

2189 4980 2362 5025 autem
2385 4969 2548 5023 vivit:
2574 4984 2675 5023 non
2698 4967 2783 5021 hic
2806 4967 3074 5037 potuimus
3093 4980 3303 5035 semper
3327 4964 3523 5020 habere
3550 4975 3775 5034 patres;

2191 5063 2259 5117 ibi
2304 5069 2480 5115 autem
2522 5073 2728 5128 semper
2762 5057 3075 5113 habebimus
3112 5056 3288 5113 vivum
3322 5070 3483 5110 unum
3516 5054 3737 5109 Patrem
3760 5095 3780 5122 ,

2191 5148 2445 5208 habentes
2470 5152 2688 5221 patriam
2714 5160 2951 5205 nostram
2977 5168 2990 5204 :
3014 5163 3359 5220 quaecumque
3384 5156 3594 5203 terrena
3619 5156 3715 5202 est
3731 5153 3780 5212 ',

2190 5260 2401 5315 semper
2430 5244 2502 5299 ibi
2531 5258 2647 5299 esse
2674 5260 2778 5299 non
2811 5246 3127 5314 poSsumus;
3155 5251 3209 5298 et
3242 5256 3463 5297 necesse
3484 5249 3569 5296 est
3596 5251 3654 5294 ut
3684 5242 3787 5295 alii

2192 5349 2495 5404 nascantur,
2524 5348 2574 5394 et
2604 5334 2668 5393 ad
2692 5336 2796 5393 hoc
2823 5345 3109 5391 nascantur
3131 5335 3221 5389 lilii
3248 5336 3442 5390 civium
3471 5334 3692 5388 illorum
3722 5345 3789 5387 ut

2191 5429 2471 5487 excludant
2510 5427 2630 5484 inde
2668 5436 2910 5498 parentes
2940 5439 3083 5481 suos.
3116 5425 3196 5479 Ad
3230 5424 3335 5479 hoc
3359 5424 3503 5478 enim
3534 5425 3790 5476 nascitur
3862 5442 3877 5461 ν

2195 5538 2343 5593 puer,
2375 5531 2432 5577 ut
2458 5521 2597 5575 dicat
2621 5518 2803 5589 majori
2837 5536 2849 5572 :
2876 5516 3013 5586 Quid
3050 5516 3140 5571 hic
3168 5515 3318 5586 agis?
3344 5513 3575 5569 Necesse
3602 5522 3699 5566 est
3730 5525 3793 5568 ut

2193 5616 2280 5686 qui
2311 5612 2615 5676 succedunt,
2644 5621 2698 5666 et
2722 5611 2809 5681 qui
2836 5618 3141 5671 nascuntur,
3168 5605 3455 5662 excludant
3476 5618 3573 5659 eos
3594 5606 3698 5673 qui
3728 5623 3794 5658 se

2193 5713 2597 5776 prascesserunt.
2623 5703 2696 5759 lbi
2723 5716 2908 5758 omnes
2932 5701 3129 5771 pariter
3150 5698 3425 5763 vivemus;
3448 5710 3555 5753 non
3578 5697 3652 5751 ibi
3677 5700 3794 5757 en‘l

2259 5822 2275 5852 ι
2314 5819 2499 5883 Aliquot
2520 5825 2646 5877 Mss,
2664 5813 2849 5883 indigni
2866 5826 3046 5867 simius.

2259 5883 2279 5912 ⁸
2399 5874 2509 5928 itas.
2530 5884 2583 5927 At
2603 5874 2696 5937 tua,
2722 5874 2923 5928 terrente
2945 5881 3069 5925 sunt.
3094 5879 3223 5935 tom,
3241 5878 3433 5923 (errato
3454 5874 3579 5922 stout.
