4038 6476
273 376 377 434 757

202 558 214 569 ⁸
277 503 556 548 utceessor
575 485 696 558 quia
720 485 897 541 nullus
915 482 1190 539 decessor.
1207 482 1395 550 Qualis
1421 483 1502 536 illa
1531 482 1734 553 patria?
1755 482 1862 538 Sed

271 582 485 638 divitias
513 580 599 633 hic
621 577 806 633 amas?
833 574 951 646 ipse
977 575 1118 631 Deus
1143 575 1234 629 tibi
1259 575 1364 628 erit
1387 573 1583 628 divitia:
1609 581 1728 627 tum.
1757 573 1864 630 Sed

267 690 421 732 unus
453 674 655 730 Metu
682 671 924 728 bonum?
951 669 1088 738 Quid
1116 669 1422 740 prteclarius
1449 668 1539 723 illa
1571 668 1866 738 sapientia?

269 765 400 838 quid
425 762 696 820 lucidius?
715 759 990 832 Quidquid
1021 759 1108 814 hic
1136 767 1312 830 potest
1339 759 1536 824 amari,
1569 771 1664 828 pro
1687 757 1863 812 omni-

273 859 372 915 bus
404 857 498 913 tibi
529 855 633 910 erit
657 853 750 926 qui
781 851 910 909 fecit
949 853 1145 907 omnia.
1190 849 1454 922 Tanquam
1490 850 1642 919 adipe
1667 857 1714 902 et
1746 849 1861 920 pin-

269 951 487 1025 guedine
511 948 769 1020 repleatur
789 947 960 1000 anima
981 959 1127 1010 mea;
1153 953 1198 998 et
1223 943 1357 997 labia
1379 939 1728 996 exsultationis
1750 941 1862 994 lau-

269 1044 465 1099 dabunt
503 1055 685 1095 natm
729 1050 894 1095 tuum.
935 1037 991 1092 In
1035 1036 1134 1090 hac
1165 1027 1390 1101 'eremo,
1429 1035 1480 1087 in
1521 1032 1734 1087 nomine
1770 1039 1864 1085 tuo

269 1134 460 1190 levabo
493 1146 688 1187 manus
727 1144 876 1185 meas
909 1147 922 1184 :
951 1127 1222 1198 impleatur
1261 1126 1432 1179 annua
1473 1139 1584 1177 mea
1625 1132 1864 1192 tanquam

267 1228 424 1298 adipe
443 1236 492 1280 et
518 1224 851 1297 pinguedine;
873 1231 919 1276 et
940 1220 1074 1275 labia
1103 1218 1450 1274 exsultationis
1472 1215 1748 1270 laudubtm‘t
1773 1229 1866 1268 no-

267 1329 568 1373 nne-usust.
603 1313 758 1372 Modo
785 1315 926 1372 enim
955 1313 1142 1379 oratio,
1175 1312 1427 1384 quamdiu
1455 1311 1606 1376 sitis;
1635 1321 1756 1365 cum
1786 1309 1861 1365 si-

269 1411 336 1465 tis
367 1409 662 1473 transierit,
689 1407 882 1464 transit
909 1406 1102 1474 oratio,
1126 1413 1180 1460 et
1207 1404 1445 1459 succedit
1477 1401 1707 1458 laudatio
1737 1421 1753 1457 :
1786 1400 1855 1456 Et

270 1503 405 1558 labia
429 1502 779 1557 “Rationis
802 1500 1081 1555 laudabunt
1109 1511 1289 1552 nomen
1318 1506 1478 1550 tuum.

339 1595 429 1652 15.
459 1592 607 1668 [κη.
639 1595 688 1658 7,
720 1591 800 1666 8.]
836 1592 898 1648 Si
933 1599 1236 1646 memoratus
1274 1605 1385 1646 sum
1426 1589 1499 1642 tui
1535 1601 1688 1660 super
1726 1595 1860 1642 stra-

269 1699 376 1743 tum
416 1701 581 1742 meum
603 1729 616 1752 ,
657 1689 710 1740 in
741 1684 980 1740 diluculis
1007 1684 1284 1738 meditabar
1305 1683 1322 1713 ⁸
1345 1683 1399 1735 in
1427 1691 1510 1745 te;
1547 1680 1666 1750 quia
1699 1679 1862 1749 factus

265 1798 320 1837 es
345 1781 556 1851 (νόμον
585 1793 745 1832 nam.
773 1776 1012 1832 Stratum
1053 1789 1205 1830 suum
1245 1774 1476 1844 quietem
1521 1785 1669 1824 suam
1710 1769 1858 1824 dicit.

265 1867 493 1938 Quando
529 1867 721 1937 aliquis
754 1867 967 1937 quietus
996 1875 1112 1928 est,
1147 1878 1353 1919 memor
1381 1863 1452 1916 sit
1483 1861 1616 1926 Dei;
1650 1859 1861 1931 quando

267 1961 459 2032 aliquis
496 1961 708 2030 φιὶειιιδ
747 1968 864 2024 est,
905 1959 1017 2012 norl
1057 1971 1154 2028 per
1192 1957 1422 2028 quietem
1461 1954 1779 2008 dissolvatur
1807 1961 1860 2008 et

265 2051 612 2107 obliviscatur
639 2051 844 2118 Deum;
873 2051 918 2106 si
949 2064 1156 2104 memor
1185 2057 1264 2102 est
1295 2049 1384 2103 Dei
1411 2049 1622 2119 quando
1651 2047 1860 2118 quietus

265 2152 386 2208 est,
419 2142 472 2197 in
508 2141 803 2198 adﬁnibus
842 2142 953 2196 suis
991 2142 1043 2196 in
1089 2141 1254 2194 Deum
1297 2139 1601 2194 meditatur.
1645 2137 1858 2193 Dilucu-

267 2235 376 2290 tum
411 2235 556 2292 enim
593 2236 726 2290 dixit
759 2236 1029 2302 actiones,
1063 2235 1182 2304 quia
1221 2233 1396 2288 omnis
1435 2232 1595 2287 homo
1627 2232 1859 2288 diluculo

268 2327 456 2398 incipit
491 2327 693 2397 aliquid
731 2340 909 2398 agere.
937 2325 1079 2395 Quid
1113 2339 1241 2396 ergo
1269 2321 1440 2379 dixit?
1469 2321 1529 2379 Si
1566 2337 1755 2377 memor
1783 2322 1861 2393 [ui

269 2420 341 2473 tui
377 2419 432 2472 in
471 2427 633 2471 strato
675 2433 785 2472 meo
805 2459 818 2483 ,
850 2427 903 2472 st
937 2418 995 2470 in
1034 2415 1273 2470 diluentis
1311 2413 1587 2468 meditabar
1618 2413 1672 2467 in
1707 2421 1771 2466 te.
1803 2411 1858 2468 Si

266 2526 395 2582 ergo
421 2525 532 2565 non
571 2509 645 2564 fui
681 2521 891 2565 memor
927 2511 980 2563 in
1023 2518 1190 2564 strato
1227 2521 1352 2562 meo
1377 2549 1391 2573 ,
1436 2515 1488 2561 et
1531 2507 1580 2559 in
1623 2504 1859 2559 diluculo

267 2617 373 2657 non
401 2601 704 2656 meditabar
733 2601 786 2654 in
817 2610 886 2655 te.
911 2599 1014 2667 Qui
1042 2598 1254 2670 quando
1281 2598 1481 2652 otiosus
1509 2606 1591 2650 est
1629 2611 1730 2650 non
1768 2609 1854 2648 eoo

265 2694 396 2764 gitat
423 2692 617 2757 Deum,
643 2690 697 2744 in
721 2690 1020 2744 actionibus
1045 2689 1158 2744 suis
1182 2688 1418 2758 uigilare
1438 2693 1618 2757 potest
1643 2685 1808 2738 Deum
1834 2685 1856 2736 ?

269 2784 367 2854 Qui
387 2793 570 2840 autem
595 2796 804 2838 meum
821 2779 937 2852 ejus
957 2790 1039 2836 est
1062 2779 1275 2851 quando
1293 2779 1506 2849 quietus
1531 2785 1632 2844 est,
1663 2777 1711 2830 in
1743 2778 1858 2846 ipso

269 2876 561 2932 meth
583 2885 708 2929 cum
735 2875 863 2944 agit,
895 2889 963 2928 ne
987 2873 1042 2926 in
1071 2873 1280 2927 actiune
1305 2869 1541 2926 deﬁciat.
1577 2869 1705 2925 Ideo
1728 2867 1855 2940 quid

269 2967 500 3038 adjecit?
525 2965 595 3020 Et
620 2967 670 3020 in
691 2966 934 3020 diluentis
959 2965 1239 3020 meditabar
1261 2965 1315 3018 in
1345 2971 1425 3027 te;
1461 2964 1581 3036 quia
1610 2965 1777 3035 factus
1805 2977 1857 3016 es

269 3059 475 3131 sdjtrtor
497 3075 659 3115 meus.
693 3058 902 3113 Etenim
945 3057 1048 3110 nisi
1077 3057 1220 3111 Deus
1247 3053 1461 3124 adjuvet
1509 3055 1646 3108 bona
1687 3066 1854 3123 opera

271 3159 476 3216 nostra,
503 3149 713 3222 impleri
745 3165 773 3201 a
801 3145 959 3204 nobis
984 3161 1088 3202 non
1121 3153 1364 3218 possunt.
1395 3146 1464 3200 Et
1491 3145 1651 3215 digna
1685 3143 1850 3200 debe-

273 3259 388 3300 mus
417 3243 668 3315 opa-ari;
691 3242 746 3297 id
770 3251 851 3297 est
875 3250 1125 3312 tanquam
1149 3243 1203 3294 in
1232 3240 1373 3306 luce,
1399 3237 1619 3309 quando
1641 3235 1857 3292 Christo

271 3335 676 3391 demonstran»
706 3348 1012 3404 oper-amur.
1033 3332 1365 3401 Quicumque
1403 3340 1656 3400 operatur
1681 3328 1816 3382 mala
1837 3368 1854 3394 ,

271 3425 320 3482 in
349 3435 508 3482 nocte
525 3433 799 3496 armatur,
827 3435 932 3479 nos
963 3424 1016 3478 in
1041 3422 1294 3485 diluculo,
1325 3421 1580 3490 Apostolo
1600 3419 1813 3474 dicente
1839 3432 1852 3470 :

273 3522 370 3588 Qui
389 3520 726 3585 inebriatur,
749 3527 893 3572 nocte
911 3516 1259 3580 inebriantttr;
1283 3523 1328 3569 et
1348 3515 1432 3584 qui
1455 3513 1737 3578 dormiunt,
1762 3527 1854 3564 no.

271 3625 344 3671 ste
369 3611 629 3670 dormiunt
651 3627 670 3668 :
695 3627 786 3666 nos
813 3613 901 3682 qui
923 3610 1024 3664 diei
1049 3625 1219 3663 sumus
1236 3650 1248 3672 ,
1285 3606 1438 3662 sobrii
1462 3605 1633 3660 simtu.
1663 3603 1856 3659 Horta-

271 3717 356 3763 tur
403 3719 506 3761 nos
559 3713 616 3758 ut
665 3702 959 3760 secundum
1007 3701 1150 3756 diem
1200 3697 1531 3754 ambulemus
1587 3696 1850 3750 honeste:

271 3800 415 3856 Sicut
441 3799 498 3854 is
521 3798 623 3864 die,
657 3795 854 3867 inquit,
889 3795 1091 3849 honeste
1129 3790 1442 3846 ambulemus
1483 3790 1503 3858 (
1531 3787 1679 3843 Rom.
1719 3799 1812 3840 xm
1836 3827 1853 3852 ,

273 3892 385 3963 13).
417 3889 486 3946 Et
513 3891 742 3945 iterum:
785 3887 918 3951 Vos,
959 3885 1165 3963 tuquit,
1208 3883 1303 3953 ﬁlii
1341 3882 1472 3936 lacis
1501 3879 1652 3942 estis.
1677 3889 1726 3932 et
1763 3877 1856 3946 ﬁlii

273 3959 404 4047 diei;
431 3995 534 4035 ιιωι
562 3993 736 4034 sumus
773 3978 932 4033 noctis
959 3959 1117 4044 neque
1157 3973 1474 4030 tenebrarum
1509 3971 1553 4044 (1
1583 3969 1764 4026 Thess.
1797 3983 1852 4034 v,

272 4077 426 4147 5-8).
451 4074 559 4142 Qui
584 4082 711 4128 sunt
739 4069 832 4126 lilii
861 4071 1065 4134 noctis,
1105 4075 1165 4123 et
1213 4067 1303 4121 ﬁlii
1347 4059 1730 4122 tenebrarum?
1751 4062 1854 4130 Qui

273 4170 450 4227 omnia
481 4168 614 4222 mala
649 4173 956 4237 cperantur.
985 4162 1161 4232 Usque
1190 4160 1326 4216 adeo
1353 4159 1445 4214 [illi
1483 4157 1656 4212 noctis
1695 4165 1850 4218 sunt,

274 4275 330 4319 ut
355 4263 581 4318 timeant
599 4260 762 4316 videri
781 4273 902 4329 quae
927 4263 1217 4328 operantur
1239 4271 1252 4308 :
1275 4262 1331 4309 et
1353 4268 1470 4323 qua:
1493 4251 1701 4321 publice
1721 4265 1856 4320 ope-

276 4364 462 4410 rantur
488 4352 646 4418 mala,
678 4350 796 4408 idm
815 4349 1032 4422 publica
1051 4354 1364 4417 operantur,
1395 4344 1518 4416 quia
1565 4342 1715 4397 multi
1765 4341 1853 4396 illa

277 4454 603 4519 operantur;
631 4460 749 4515 quae
776 4443 926 4514 pauci
959 4449 1269 4510 operantur,
1295 4437 1346 4491 in
1383 4434 1697 4490 abscondito
1725 4449 1854 4505 ope-

278 4549 485 4596 rantur.
513 4535 612 4605 Qui
637 4542 810 4590 autcm
843 4533 966 4588 talia
995 4529 1202 4602 publice
1247 4535 1554 4598 operantur,
1590 4533 1712 4578 sunt
1737 4523 1857 4594 qui-

280 4634 398 4688 dem
426 4632 479 4686 in
507 4632 624 4686 luce
653 4621 782 4684 solis
802 4667 816 4686 .
849 4626 942 4684 sed
968 4626 1021 4680 in
1051 4622 1289 4680 tenebris
1313 4619 1514 4676 cordis.
1539 4616 1705 4672 Nemo
1731 4631 1859 4686 ergo

281 4730 332 4784 in
355 4725 591 4782 diluculo
615 4733 885 4793 operatur,
910 4719 1010 4774 nisi
1034 4718 1121 4788 qui
1149 4718 1201 4770 in
1227 4714 1439 4770 Christo
1463 4721 1730 4782 operatur.
1752 4708 1858 4764 Sed

280 4821 365 4892 qui
395 4819 600 4876 otiosus
625 4831 830 4872 memor
859 4821 941 4868 est
967 4809 1160 4865 Christi
1187 4850 1202 4872 ,
1247 4807 1297 4861 in
1339 4806 1454 4874 ipso
1482 4803 1765 4858 meditatur
1808 4802 1857 4854 in

281 4889 526 4966 omnibus
553 4905 852 4962 actionibus
895 4903 1037 4966 suis;
1083 4906 1139 4954 et
1179 4905 1260 4952 est
1291 4896 1363 4950 illi
1390 4892 1600 4963 adjutor
1641 4891 1690 4946 in
1719 4889 1861 4945 bono

283 5018 462 5074 opere,
491 5014 560 5055 ne
581 5014 676 5070 per
697 4995 1058 5052 inﬁrmitatem
1088 5007 1234 5047 suam
1261 4985 1493 5043 deficiat.
1518 4981 1579 5041 Si
1605 5001 1856 5038 memora-

286 5105 359 5148 tus
383 5109 497 5148 sum
521 5090 597 5144 tui
617 5105 768 5160 super
792 5096 1002 5142 stratum
1027 5099 1210 5147 meum,
1239 5081 1291 5133 in
1319 5078 1560 5133 diluculis
1582 5074 1862 5130 meditabar

287 5187 333 5239 in
364 5196 442 5252 te;
470 5185 588 5255 quia
618 5183 784 5254 factus
811 5197 861 5234 es
888 5179 1094 5249 adjutor
1120 5191 1279 5228 meus.

355 5277 442 5332 16.
484 5273 550 5330 Et
591 5276 644 5328 in
686 5275 962 5327 velamento
1000 5283 1278 5340 pennarum
1317 5274 1522 5318 tuarum
1567 5262 1846 5317 multabo.

291 5365 556 5424 llilarcsco
588 5367 638 5420 in
669 5364 826 5419 bonis
865 5361 1137 5433 operibus,
1164 5357 1286 5429 quia
1313 5372 1473 5428 super
1501 5371 1585 5411 me
1611 5365 1692 5410 est
1719 5355 1862 5409 vela-

291 5475 405 5514 tnen
450 5471 742 5530 pennarum
789 5464 1017 5510 tuarum.
1069 5450 1122 5507 Si
1178 5465 1264 5505 me
1305 5463 1410 5504 non
1459 5457 1703 5520 protegas
1741 5446 1862 5517 quia

291 5552 460 5623 pullus
501 5565 640 5614 sum,
679 5547 872 5604 milvus
911 5560 996 5601 me
1038 5541 1226 5613 rapiet.
1268 5541 1404 5596 Dicit
1447 5541 1588 5595 enim
1633 5537 1860 5610 quodam

293 5644 404 5700 loco
445 5643 560 5716 ipse
601 5641 855 5696 Dominus
905 5645 1086 5692 noster
1123 5635 1190 5690 ad
1223 5631 1536 5698 Jerusalem,
1577 5631 1864 5704 quamdam

291 5733 552 5792 civitatem
578 5731 742 5800 illam,
777 5726 862 5785 ubi
883 5725 1167 5783 crucifixus
1189 5733 1272 5782 est
1296 5743 1310 5780 :
1336 5720 1642 5791 Jerusalem,
1670 5721 1859 5792 inquit,

353 5849 372 5883 ⁸
403 5846 591 5914 Aliquot
613 5853 737 5908 Mss,
758 5839 1040 5895 meditabor.

1345 365 1741 424 ENAanArto
1774 365 1842 421 ιιι
1881 323 2203 424 usumin
2243 367 2400 424 an.

3454 379 3554 438 758

1970 481 2276 546 Jerusalem,
2321 486 2510 551 quoties
2565 484 2698 537 volui
2745 485 2876 552 ﬁlios
2914 496 3020 540 tuos
3060 505 3382 560 congregare,
3435 503 3549 547 tan-

1971 588 2118 642 quam
2140 571 2330 644 gallina
2353 572 2518 644 pullos
2549 589 2685 636 suos.
2709 584 2756 628 et
2782 576 2984 631 noluisti
3009 577 3218 649 (Matth.
3245 597 3400 650 xxnt,
3423 581 3548 656 37)!

1971 662 2178 718 Parvuli
2209 677 2393 717 sumus
2423 681 2433 715 :
2464 678 2592 733 ergo
2621 672 2864 736 protegat
2907 682 3004 722 nos
3033 669 3170 724 Deus
3201 671 3298 726 sub
3329 672 3548 728 umbra-

1969 754 2090 809 culo
2118 755 2318 809 alarum
2360 769 2600 810 suarum.
2641 755 2778 825 Quid
2807 771 2926 812 cum
2962 761 3190 831 majores
3225 764 3350 820 facti
3381 763 3552 822 lueri-

1969 847 2122 902 mus?
2139 847 2344 902 Bonum
2367 858 2450 904 est
2477 849 2630 904 nobis
2656 857 2712 904 ut
2734 857 2789 906 ει
2817 859 2940 906 ιιιιιε
2970 859 3210 924 protegat
3233 873 3351 925 nos,
3377 869 3432 914 ut
3450 859 3552 917 sub

1965 937 2062 992 illo
2086 939 2288 1008 majore
2320 953 2532 1010 semper
2562 953 2659 997 nos
2681 941 2808 1012 pulli
2836 944 3022 999 simus.
3052 945 3273 1018 Semper
3297 952 3438 1006 enim
3457 949 3552 1009 ille

1969 1029 2141 1101 major
2165 1039 2268 1097 est,
2295 1041 2786 1104 quantumcumque
2815 1033 3158 1092 creverimus.
3191 1037 3355 1095 Nemo
3384 1041 3548 1110 dicat,

1963 1119 2217 1192 Protegat
2247 1139 2354 1190 me,
2385 1137 2504 1178 cum
2525 1126 2780 1195 parvulus
2806 1143 2921 1182 sum
2955 1145 2968 1177 τ
3001 1129 3153 1199 quasi
3178 1129 3465 1202 aliquando
3485 1134 3552 1189 ad

1967 1220 2168 1268 tantam
2199 1213 2613 1286 magnitudinem
2639 1218 2812 1287 possit
2833 1221 3133 1289 pervenire,
3163 1237 3281 1292 qua:
3307 1223 3404 1278 sibi
3435 1224 3550 1279 sul-

1969 1305 2128 1362 liciat.
2160 1305 2286 1363 Sine
2318 1310 2646 1380 protectione
2675 1310 2768 1364 Dei
2820 1309 2949 1366 nihil
2979 1327 3058 1367 es.
3103 1313 3326 1384 Semper
3362 1315 3430 1371 ab
3459 1316 3553 1372 illo

1967 1403 2169 1472 protegi
2203 1403 2422 1458 velimus
2455 1421 2468 1457 :
2498 1411 2626 1459 tunc
2652 1419 2864 1475 semper
2891 1405 2943 1460 in
2973 1405 3062 1460 illo
3100 1409 3274 1478 magni
3305 1424 3425 1466 esse
3454 1424 3544 1482 po-

1967 1493 2209 1560 terimus,
2233 1495 2277 1549 si
2307 1509 2519 1566 semper
2545 1496 2643 1551 sub
2672 1497 2762 1552 illo
2789 1498 2990 1568 parvuli
3017 1498 3203 1554 simus.
3237 1497 3302 1554 Et
3327 1500 3381 1555 in
3410 1503 3550 1556 vela-
3596 1569 3598 1572 ν

1966 1593 2132 1640 mento
2158 1603 2435 1656 pennarum
2467 1598 2668 1642 tuarum
2692 1587 2972 1644 multabo.
3592 1575 3599 1620 ⁵

2038 1677 2123 1732 l7.
2167 1676 2313 1751 [vers
2359 1677 2437 1751 9.]
2480 1679 2803 1751 Agglutinata
2841 1689 2911 1734 est
2955 1681 3126 1734 anima
3162 1697 3271 1736 mea
3313 1691 3428 1753 post
3466 1691 3532 1738 te.
3593 1661 3600 1689 ⁸

1965 1767 2152 1823 Videte
2177 1769 2519 1836 desirantem,
2550 1771 2720 1826 videte
2762 1771 3050 1839 sitientem,
3082 1771 3258 1828 videte
3285 1770 3552 1843 quomodo

1967 1861 2132 1916 ᾔτει-ει
2171 1861 2296 1915 Deo.
2325 1859 2583 1916 Nascatur
2626 1864 2679 1918 in
2719 1863 2871 1918 vobis
2915 1864 3014 1918 iste
3061 1863 3304 1920 allectus.
3347 1864 3400 1920 Si
3437 1865 3549 1936 jam

1962 1952 2244 2021 germinat,
2275 1954 2628 2023 complnatur,
2677 1963 2731 2009 et
2766 1964 2973 2010 crescat
3003 1973 3015 2008 :
3049 1957 3325 2026 perveniat
3351 1958 3416 2012 ad
3449 1961 3551 2015 tale

1963 2043 2125 2097 mbur
2151 2054 2208 2097 ut
2235 2053 2287 2099 et
2315 2057 2412 2100 vos
2443 2045 2628 2100 dicatis
2663 2061 2727 2101 ex
2761 2055 2871 2102 toto
2895 2047 3076 2112 corde,
3121 2048 3448 2120 Agglutinata
3480 2061 3552 2105 est

1963 2137 2134 2190 anima
2159 2153 2268 2191 mea
2299 2149 2409 2207 post
2441 2145 2505 2192 te.
2537 2137 2632 2194 Ubi
2661 2148 2742 2194 est
2768 2140 2941 2210 ipsum
2972 2140 3190 2211 gluten?
3213 2138 3394 2212 lpSum
3430 2144 3550 2215 glu-

1965 2235 2051 2283 ten
2084 2229 2314 2284 charitas
2341 2240 2442 2287 est.
2471 2231 2796 2287 Cbaritatem
2825 2233 2981 2298 habe,
3013 2249 3117 2304 quo
3146 2233 3344 2305 glutine
3371 2236 3554 2307 agglu-

1963 2327 2161 2378 tinetur
2182 2325 2356 2378 anima
2383 2333 2470 2378 tua
2503 2335 2622 2394 post
2642 2325 2832 2379 Deum.
2859 2324 2972 2380 Non
3001 2340 3122 2380 cum
3147 2323 3280 2394 Deo,
3309 2326 3405 2381 sed
3431 2336 3554 2398 post

1965 2415 2167 2480 Deum;
2209 2425 2269 2472 ut
2298 2417 2386 2472 ille
2416 2417 2703 2487 prwcedat,
2729 2427 2792 2473 tu
2837 2418 3097 2489 sequaris.
3144 2417 3246 2486 Qui
3275 2420 3417 2475 enim
3455 2436 3550 2476 vo-

1961 2507 2120 2562 luerit
2145 2507 2310 2562 Deum
2361 2508 2698 2568 antecedere.
2749 2510 2974 2564 Consilio
3003 2525 3101 2564 suo
3130 2509 3241 2564 vult
3265 2511 3466 2576 vivere,
3498 2520 3554 2567 ει

1963 2618 2069 2655 non
2101 2603 2211 2656 vult
2239 2603 2387 2670 sequi
2409 2613 2683 2673 praecepta,
2700 2603 2814 2657 Dei.
2843 2601 3132 2672 Propterea
3163 2612 3217 2658 et
3239 2599 3434 2659 Petrus
3461 2619 3549 2660 re-

1961 2695 2148 2764 pulsus
2175 2703 2274 2756 est,
2308 2694 2519 2764 quando
2542 2695 2706 2749 voluit
2731 2696 3012 2750 consilium
3038 2695 3166 2750 dare
3190 2695 3404 2751 Christo
3430 2711 3551 2766 pas-

1963 2797 2091 2840 suro
2117 2801 2213 2856 pro
2243 2783 2410 2839 nobis.
2447 2785 2630 2839 Adhuc
2673 2786 2814 2840 enim
2847 2785 3088 2840 inﬁrmus
3112 2795 3227 2841 erat
3253 2787 3465 2852 Petrus,
3496 2797 3551 2842 et

1963 2887 2157 2947 quanta
2213 2877 2413 2931 utilitas
2464 2885 2609 2932 esset
2658 2878 2868 2945 generis
2921 2877 3136 2932 humani
3181 2878 3232 2932 in
3289 2879 3548 2948 sanguine

1961 2967 2160 3022 Christi
2177 2981 2283 3021 non
2303 2978 2520 3022 noverat
2548 2987 2559 3020 :
2587 2967 2842 3022 Dominus
2870 2977 3044 3022 autem
3069 2970 3154 3040 qui
3182 2965 3401 3025 Venerat
3427 2969 3549 3024 red-

1962 3059 2129 3114 imere
2171 3074 2268 3113 nos
2295 3101 2310 3125 ,
2363 3069 2419 3114 et
2463 3058 2590 3114 dare
2635 3059 2860 3129 pretium
2901 3070 2997 3130 pro
3039 3059 3192 3115 nobis
3236 3060 3546 3132 Sanguinem

1963 3166 2139 3220 suum,
2171 3153 2333 3223 cmpit
2355 3151 2641 3220 praedicare
2663 3153 2968 3224 passionem
2997 3167 3167 3207 suam.
3191 3149 3416 3223 Expavit
3437 3153 3545 3210 Pc-

1964 3254 2077 3300 trus
2117 3246 2264 3315 quasi
2310 3244 2623 3299 moriturum
2661 3243 2969 3312 Dominum,
3015 3259 3174 3316 quem
3208 3245 3420 3301 volebat
3460 3245 3548 3302 hic

1962 3352 2174 3408 semper
2205 3339 2384 3392 vivere
2423 3339 2691 3407 quomodo
2719 3339 2866 3394 illum
2892 3335 3127 3405 videbat,
3159 3339 3280 3409 quia
3316 3339 3548 3394 carnali-

1961 3431 2060 3486 bus
2085 3430 2256 3486 oculis
2285 3431 2514 3495 deditus,
2549 3432 2745 3486 carnali
2773 3430 2961 3488 affectu
2987 3433 3127 3488 circa
3161 3431 3442 3488 Dominum
3466 3443 3544 3490 te-

1961 3525 2218 3588 nebatur;
2252 3531 2306 3578 et
2328 3525 2402 3578 ait
2435 3522 2511 3577 illi
2537 3541 2548 3578 :
2575 3523 2713 3577 Absit
2741 3539 2774 3578 a
2799 3534 2864 3590 te,
2893 3521 3144 3590 Domine;
3171 3523 3419 3594 propitius
3445 3533 3548 3579 esto

1963 3611 2069 3671 tibi.
2097 3615 2167 3670 Et
2211 3615 2507 3670 Dominus:
2547 3613 2674 3668 Redi
2715 3626 2825 3685 post
2871 3631 2966 3678 me,
2995 3623 3234 3679 satanas;
3279 3631 3378 3670 non
3417 3616 3549 3669 enim

1961 3712 2098 3780 sapis
2114 3727 2228 3782 qua:
2255 3710 2348 3764 Dei
2374 3721 2508 3773 sunt,
2533 3711 2621 3764 sed
2639 3727 2752 3782 qua:
2771 3719 2884 3764 sunt
2911 3709 3169 3764 hominum
3192 3707 3406 3783 (Matth.
3433 3724 3546 3778 XVI,

1961 3799 2050 3866 2‘2,
2081 3801 2195 3872 25).
2229 3800 2424 3870 Quare,
2465 3817 2578 3871 qua:
2598 3810 2715 3854 sunt
2738 3799 3043 3854 hominum?
3068 3799 3206 3868 Quia
3231 3799 3551 3857 antecedere

1963 3908 2049 3946 me
2075 3893 2174 3959 vis,
2203 3893 2310 3946 redi
2336 3902 2445 3963 post
2474 3908 2568 3957 me,
2595 3902 2649 3946 ut
2677 3891 2916 3960 sequaris
2942 3901 3033 3946 me
3065 3907 3080 3944 :
3107 3898 3167 3944 ut
3186 3890 3295 3960 jam
3322 3897 3551 3962 sequens

1962 3981 2233 4038 Christum
2260 3981 2482 4048 diceret,
2529 3983 2856 4054 Agglutinata
2896 3990 2968 4036 est
2996 3981 3169 4036 anima
3195 3995 3306 4036 mea
3333 3991 3446 4054 post
3484 3992 3548 4036 te.

1962 4073 2150 4128 Merito
2175 4074 2411 4128 anneCIit
2435 4091 2449 4126 :
2485 4073 2568 4126 Mc
2614 4072 2830 4143 suscepit
2855 4072 3060 4127 dextera
3085 4083 3194 4130 tua.
3224 4071 3554 4146 Aggtattmtta

1963 4175 2037 4219 est
2059 4174 2173 4234 pou
2201 4175 2249 4218 te
2291 4165 2460 4218 animo
2499 4175 2608 4217 inea
2631 4183 2644 4222 :
2670 4178 2753 4217 me
2780 4165 3001 4234 suscepit
3032 4163 3237 4218 dextera
3269 4173 3379 4215 tua.
3407 4159 3553 4218 Dixit

1964 4257 2065 4311 hoc
2089 4255 2333 4311 Christus
2369 4255 2424 4310 in
2476 4255 2628 4309 nobis
2659 4273 2671 4307 :
2704 4255 2754 4308 id
2798 4265 2898 4316 est.
2931 4256 2984 4308 in
3011 4253 3229 4310 homine
3267 4267 3425 4324 quem
3454 4269 3549 4325 ge-

1965 4349 2137 4404 stabat
2156 4359 2256 4418 pro
2279 4347 2458 4412 nobis,
2481 4361 2635 4416 quem
2665 4345 2922 4401 offerebat
2949 4359 3046 4415 pro
3069 4341 3244 4408 nobis,
3268 4341 3404 4398 dixit
3420 4341 3547 4400 hoc.

1965 4443 2102 4498 Dicit
2128 4441 2229 4496 hoc
2252 4446 2306 4496 et
2331 4439 2570 4495 Ecclesia
2610 4439 2666 4492 in
2705 4437 2940 4504 Christo,
2969 4435 3098 4492 dicit
3127 4438 3180 4490 in
3207 4436 3381 4505 capite
3414 4445 3547 4503 suo;

1964 4533 2085 4604 quia
2109 4540 2167 4586 et
2208 4532 2321 4602 ipsa
2348 4545 2504 4600 passa
2547 4533 2628 4584 est
2669 4525 2757 4582 hic
2789 4525 3188 4598 persecutiones
3216 4533 3452 4597 magnas,
3495 4534 3552 4582 et

1965 4625 2272 4696 singillatim
2305 4621 2463 4678 etiam
2505 4622 2664 4677 modo
2699 4620 2913 4692 patitur.
2941 4619 3072 4688 Quis
3106 4615 3247 4672 enim
3275 4617 3551 4688 pertinens

1965 4719 2029 4774 ad
2065 4718 2360 4780 Christum,
2419 4731 2526 4770 non
2575 4715 2731 4768 variis
2777 4711 3156 4766 tentationibus
3201 4711 3451 4781 agitatur,
3497 4713 3551 4763 et

1967 4808 2203 4880 quotidie
2228 4808 2336 4878 agit
2351 4819 2472 4861 cum
2503 4806 2597 4859 illo
2631 4805 2870 4859 diabolus
2897 4809 2955 4855 et
2980 4799 3153 4872 angeli
3179 4803 3317 4871 ejus,
3343 4811 3401 4857 ut
3423 4795 3547 4871 per-

1965 4911 2205 4958 vertatur
2249 4900 2482 4972 qualibet
2529 4897 2837 4968 cupiditate,
2893 4894 3128 4965 qualibet
3187 4893 3546 4966 suggestione,

1968 5005 2059 5052 aut
2082 4994 2434 5066 promissione
2463 4991 2614 5054 lucri,
2631 4990 2714 5044 vel
2735 4996 2945 5043 terrore
2975 4985 3176 5054 damni,
3204 4987 3287 5042 vel
3313 4986 3548 5056 promis-

1967 5089 2119 5144 sione
2145 5087 2287 5151 vitae,
2319 5084 2400 5137 vel
2447 5091 2652 5136 terrore
2695 5081 2907 5143 mortis,
2953 5088 3044 5133 aut
3069 5077 3292 5147 alicujus
3315 5077 3551 5148 potentis

1969 5177 2279 5240 inimicitiis,
2313 5183 2402 5230 aut
2444 5172 2668 5242 alicujus
2705 5173 2936 5242 potentis
2983 5169 3263 5225 amicitiis?
3285 5161 3549 5222 Omnibus

1969 5271 2140 5325 modis
2164 5269 2324 5323 instat
2353 5265 2616 5328 diabolus,
2649 5263 3093 5332 quemadmodum
3123 5259 3372 5329 dejiciat;
3413 5259 3548 5314 etin

1969 5358 2429 5432 persecutionihus
2449 5356 2695 5420 vivimus,
2717 5364 2769 5410 et
2787 5354 3044 5408 habemus
3057 5358 3344 5420 perpetuos
3363 5348 3546 5402 inimi.

1969 5469 2080 5518 eos,
2108 5451 2374 5506 diabolum
2415 5459 2467 5504 et
2514 5448 2730 5519 angelos
2776 5446 2892 5516 ejus
2922 5463 2935 5500 :
2963 5441 3056 5499 sed
3102 5455 3207 5495 non
3245 5439 3547 5495 tinieamus.

1969 5545 2055 5601 Sic
2081 5554 2204 5598 sunt
2231 5541 2474 5598 diabolus
2505 5549 2556 5595 et
2585 5537 2756 5610 angeli
2783 5538 2916 5606 ejus,
2945 5535 3094 5605 quasi
3141 5531 3284 5586 milvi
3313 5541 3328 5586 ξ
3357 5531 3457 5587 sub
3481 5529 3549 5586 ll-

1971 5637 2072 5690 lius
2095 5635 2303 5704 gallinre
2327 5631 2426 5688 alis
2446 5643 2650 5695 sumus,
2681 5641 2734 5685 et
2759 5640 2864 5684 non
2889 5635 2986 5682 nos
3008 5633 3180 5696 potest
3205 5623 3549 5694 contingere;
3588 5637 3601 5654 '

1969 5730 2158 5800 gallina
2184 5727 2325 5782 enim
2353 5741 2471 5796 quae
2500 5741 2594 5780 nos
2632 5723 2880 5794 protegit,
2923 5717 3078 5774 fortis
3102 5723 3199 5772 est.
3229 5713 3440 5771 inﬁrma
3463 5719 3552 5770 est

1973 5830 2188 5894 propter
2214 5835 2346 5884 nos;
2379 5819 2472 5873 sed
2509 5817 2658 5871 fortis
2684 5824 2766 5869 est
2793 5817 2845 5868 in
2881 5827 2940 5866 se
2968 5811 3219 5866 Dominus
3245 5814 3433 5864 noster
3456 5803 3553 5864 Je-
