4038 6462
517 295 621 356 759

513 428 605 467 sus
629 411 890 482 Christus,
941 414 1054 487 ipsa
1098 417 1357 488 sapientia
1398 422 1512 479 Dei.
1547 421 1690 496 Ergo
1719 424 1848 482 dicit
1895 427 1998 484 hoc
2042 440 2097 486 et

511 504 750 562 Ecclesia
775 524 788 561 :
820 508 1148 580 Agglutinata
1169 521 1243 566 est
1272 515 1441 570 anima
1478 532 1590 570 mea
1625 527 1737 589 post
1765 526 1846 585 te;
1872 537 1952 576 me
1979 539 2094 578 sus-

511 599 642 670 cepit
668 599 875 654 dextera
893 609 1000 656 tua.

581 691 669 747 18.
713 691 861 765 [vers.
897 693 1009 766 10.]
1048 694 1161 766 Ipsi
1197 713 1312 752 vero
1338 699 1391 752 in
1431 715 1616 754 vanum
1640 703 1945 772 quaesierunt
1983 707 2095 761 ani-

508 801 645 840 mam
677 803 858 840 meam.
889 786 1026 854 Quid
1067 788 1192 843 mihi
1235 789 1473 846 fecerunt
1514 793 1601 862 qui
1632 795 1953 863 quzrsierunt
1979 798 2093 852 ani-

506 893 648 933 mam
697 895 870 934 meam
922 880 1186 950 perdere?
1241 883 1451 938 Utinam
1505 896 1809 952 quiererent
1859 890 2090 946 animam

505 986 703 1039 meam,
746 980 804 1026 ut
842 972 1123 1029 crederent
1171 977 1418 1030 mecum!
1460 975 1563 1032 Sed
1606 979 1930 1047 quaesierunt
1971 982 2090 1037 ani-

502 1077 646 1116 mam
673 1078 845 1117 meam
868 1073 924 1117 ut
951 1064 1229 1135 perderent
1255 1081 1364 1120 me.
1387 1065 1523 1134 Quid
1551 1066 1778 1123 facturi?
1806 1070 1918 1125 Non
1946 1074 2089 1129 enim

503 1157 708 1227 rapturi
735 1165 887 1212 erant
913 1158 1114 1228 gluten,
1145 1174 1251 1227 quo
1271 1158 1494 1214 adhaesit
1514 1161 1689 1216 anima
1719 1179 1834 1218 mea
1867 1175 1987 1235 post
2013 1176 2084 1223 te.

512 1250 638 1318 Quis
657 1253 788 1305 enint
815 1269 906 1306 nos
935 1250 1185 1321 separabit
1213 1269 1244 1306 a
1272 1253 1518 1308 cliaritate
1545 1253 1732 1309 Christi
1753 1256 1778 1310 ?
1804 1257 2082 1326 tribulatio,

505 1359 574 1396 an
614 1344 865 1415 angustia,
898 1359 963 1396 an
1000 1345 1294 1413 persecutio,
1337 1360 1404 1398 an
1430 1345 1606 1416 fames,
1653 1364 1720 1401 an
1760 1348 1986 1416 nuditas,
2018 1368 2085 1405 an

498 1434 702 1506 gladius
725 1434 898 1506 (Rom.
924 1451 1013 1499 vn,
1047 1435 1174 1504 55)?
1201 1434 1423 1491 Dextera
1449 1447 1534 1490 tua
1555 1440 1774 1509 suscepit
1811 1458 1908 1496 me.
1942 1442 2083 1514 Ergo

495 1537 712 1596 propter
736 1528 862 1582 illud
889 1529 1070 1599 gluten
1100 1537 1153 1583 et
1190 1538 1407 1598 propter
1433 1532 1854 1600 potentissimum
1892 1534 2082 1590 dexte-

494 1632 608 1672 ram
647 1627 811 1684 tuam,
836 1620 887 1673 in
916 1637 1098 1674 vanum
1119 1621 1422 1690 quwsierunt
1450 1623 1671 1677 animant
1696 1641 1878 1678 nteant.
1911 1627 2080 1694 Quot-

495 1719 626 1781 quot
654 1714 921 1781 persecuti
943 1723 1084 1778 sunt,
1117 1715 1198 1768 vel
1230 1717 1475 1786 persequi
1511 1718 1728 1788 cupiunt
1757 1718 2076 1788 Ecclesiam,

493 1811 670 1872 potest
699 1803 765 1858 de
788 1803 872 1858 his
904 1805 1004 1861 hoc
1044 1805 1266 1876 intelligi
1303 1825 1316 1862 :
1347 1808 1578 1863 maxime
1605 1808 1706 1864 hoc
1733 1817 1908 1866 tamen
1936 1813 2079 1866 acci-

491 1894 699 1963 piamus
744 1893 810 1949 de
847 1895 1064 1958 Judacis,
1107 1897 1195 1966 qui
1236 1897 1564 1966 quaesierunt
1609 1899 1840 1954 animam
1878 1899 2077 1957 Christi

491 1985 737 2056 perdere,
771 1995 824 2041 et
851 1987 902 2040 in
948 1987 1064 2058 ipso
1093 1989 1268 2058 capite
1295 1999 1478 2044 nostro
1504 1991 1644 2059 quod
1673 1992 2073 2059 crucilixcrunt,

493 2085 547 2133 et
571 2078 623 2131 iu
652 2078 925 2148 discipulis
944 2078 1058 2148 ejus
1085 2094 1220 2149 quos
1247 2089 1429 2149 postea
1461 2083 1724 2150 persecuti
1751 2090 1894 2138 sunt.
1923 2084 2073 2150 Quie-

489 2169 680 2222 sierunt
715 2169 936 2223 animam
980 2187 1161 2223 meam.
1207 2170 1232 2223 1
1243 2171 1496 2226 ntroibunt
1531 2174 1584 2226 in
1619 2174 1865 2247 inferiora
1907 2185 2072 2232 teme.

488 2261 712 2318 Terram
732 2263 958 2332 perdere
979 2264 1284 2331 noluerunt,
1310 2273 1366 2318 ut
1380 2266 1751 2337 cruciﬁgerent
1770 2269 2036 2324 Christum
2057 2288 2071 2325 :

487 2355 542 2410 in
573 2354 822 2410 inferiora
854 2366 1008 2412 terra:
1048 2357 1241 2411 ierunt.
1272 2355 1401 2423 Quae
1447 2367 1570 2412 sunt
1599 2360 1843 2428 inferiora
1883 2363 2074 2417 terrai?

487 2448 739 2504 Terrena:
767 2449 1102 2519 cupiditates.
1149 2449 1336 2505 Melius
1363 2459 1444 2505 est
1479 2466 1641 2507 carne
1682 2452 1957 2508 ambulare
1984 2470 2075 2510 su-

486 2557 584 2611 per
613 2551 832 2607 terram,
863 2557 1019 2611 quam
1065 2542 1354 2612 cupiditate
1384 2542 1462 2598 ire
1503 2545 1602 2598 sub
1641 2556 1855 2600 terram.
1885 2546 2072 2605 Omnis

484 2633 626 2688 enim
675 2633 767 2703 qui
813 2641 997 2689 contra
1034 2634 1258 2688 salutem
1303 2649 1453 2689 suam
1501 2636 1645 2704 cupit
1686 2645 1919 2704 terrena,
1972 2639 2071 2695 sub

483 2734 628 2781 terra
658 2735 772 2781 est:
804 2727 925 2796 quia
955 2736 1152 2781 terram
1201 2727 1301 2781 sibi
1341 2727 1648 2797 praeposuit,
1686 2737 1881 2784 terram
1910 2746 2070 2800 super

483 2835 541 2874 se
569 2820 766 2890 posuit,
790 2829 843 2874 et
872 2834 930 2874 se
956 2819 1139 2876 subter
1163 2819 1307 2875 fecit.
1337 2821 1412 2874 llli
1441 2836 1568 2892 ergo
1591 2821 1843 2877 timentes
1870 2831 2065 2879 terram

483 2913 728 2982 perdere,
757 2913 880 2983 quid
905 2913 1152 2969 dixerunt
1176 2914 1244 2968 de
1270 2914 1493 2968 Domino
1519 2914 1647 2969 Jesu
1679 2917 1912 2985 Christo,
1939 2933 2060 2973 cum

480 3006 725 3062 viderent
753 3007 946 3061 multas
977 3009 1159 3062 turbas
1190 3008 1266 3062 ire
1305 3017 1426 3077 post
1453 3008 1620 3073 illum,
1650 3011 1770 3079 quia
1799 3011 2064 3068 mirabilia

477 3096 746 3151 faciebat?
771 3097 831 3152 Si
857 3098 1003 3152 illum
1032 3098 1366 3153 dimiserimus
1397 3100 1579 3167 vivum,
1603 3101 1798 3155 venient
1817 3101 2058 3170 Romani,

480 3197 529 3241 et
555 3189 730 3242 tollent
757 3190 898 3242 nobis
925 3197 969 3242 et
1001 3189 1188 3255 locum,
1217 3198 1262 3244 et
1288 3200 1481 3262 gentem
1508 3191 1686 3259 (Joan.
1711 3209 1790 3258 ιι,
1823 3194 1939 3265 48).
1980 3196 2061 3250 Ti-

477 3288 728 3334 muerunt
753 3279 981 3350 perdere
1013 3289 1228 3347 terram,
1273 3290 1326 3336 et
1364 3283 1538 3338 ierunt
1566 3284 1665 3338 sub
1695 3293 1893 3340 terram
1929 3304 1940 3340 :
1971 3301 2062 3342 ac-

476 3370 606 3424 cidit
653 3371 731 3426 eis
773 3382 824 3426 ct
865 3373 1004 3442 quod
1065 3375 1376 3429 timuerunt.
1429 3375 1560 3429 Nam
1613 3375 1735 3432 ideo
1778 3379 2060 3436 voluerunt

475 3460 739 3518 Christum
767 3465 1033 3532 occidere,
1057 3481 1124 3520 ne
1152 3475 1346 3522 terram
1377 3467 1689 3537 perderent;
1719 3480 1774 3525 et
1799 3471 1920 3528 ideo
1947 3481 2058 3528 ter-

472 3571 585 3611 ram
614 3557 978 3625 perdiderunt,
1027 3559 1146 3629 quia
1186 3559 1453 3614 Christum
1497 3562 1823 3618 occiderunt.
1865 3563 2056 3621 Occiso

472 3647 613 3700 enim
643 3639 876 3714 Ch'risto,
913 3650 1034 3718 quia
1064 3650 1268 3705 dixerat
1299 3651 1400 3704 illis
1442 3651 1556 3719 ipse
1586 3651 1863 3721 Dominus,
1896 3656 2054 3726 Aufe-

469 3749 607 3794 retur
643 3757 675 3794 a
701 3742 836 3796 vobis
876 3759 1104 3812 regnum,
1156 3752 1199 3796 et
1230 3743 1458 3796 tradetur
1499 3745 1635 3813 genti
1674 3746 1876 3814 facienti
1892 3750 2051 3818 justi—

471 3830 593 3884 tiam
623 3830 836 3900 (Matth.
871 3848 986 3897 χχι,
1016 3832 1132 3903 45),
1166 3843 1360 3888 secutae
1390 3843 1510 3888 suut
1538 3834 1657 3889 illos
1681 3851 1882 3906 magna:
1906 3840 2050 3895 cala-

468 3924 680 3977 mitates
733 3925 1184 3997 persecutionum.
1239 3926 1493 3982 Vicerunt
1540 3929 1658 3984 illos
1701 3932 2050 4002 imperatores

467 4014 717 4080 Romani,
743 4023 798 4071 et
834 4031 986 4086 reges
1011 4018 1246 4086 gentium
1273 4035 1285 4070 :
1311 4019 1512 4074 exclusi
1549 4031 1670 4076 sunt
1698 4023 1766 4079 de
1795 4024 1911 4095 ipso
1932 4027 2048 4082 loco

465 4109 555 4163 ubi
585 4111 960 4166 crucifixeruut
979 4111 1281 4180 Christum;
1312 4123 1367 4170 et
1392 4116 1551 4171 modo
1572 4118 1718 4174 locus
1746 4121 1834 4176 ille
1858 4123 2047 4191 plenus

465 4212 548 4259 est
578 4201 942 4257 laudatoribus
968 4203 1293 4272 christianis,
1332 4207 1535 4262 nullum
1564 4209 1806 4266 Judaeum
1849 4215 2042 4282 habet;

464 4296 636 4350 caruit
681 4295 909 4350 inimicis
958 4294 1191 4362 Christi,
1243 4298 1491 4369 impletus
1543 4311 1624 4356 est
1676 4303 2044 4364 laudatoribus

463 4385 678 4444 Christi.
723 4389 859 4444 Ecce
911 4389 1258 4458 perdiderunt
1309 4405 1338 4444 a
1377 4393 1630 4449 Romanis
1665 4396 1863 4465 locum,
1916 4402 2041 4471 quia

461 4480 733 4535 Christum
753 4479 1080 4544 occiderunt,
1111 4481 1201 4549 qui
1229 4490 1506 4552 propterea
1529 4485 1838 4543 occiderunt
1864 4505 1933 4545 ne
1962 4491 2042 4546 lo-

460 4583 580 4623 cum
621 4585 651 4622 a
693 4571 944 4625 Romanis
989 4571 1291 4641 perderent.
1323 4572 1485 4644 Ergo,
1531 4575 1806 4634 introibant
1843 4580 1898 4636 in
1935 4582 2040 4638 ima

459 4670 626 4717 terra.

531 4753 617 4810 l9.
651 4753 808 4825 (vers.
844 4755 955 4829 1L]
996 4755 1283 4812 Tradenlur
1323 4759 1378 4813 in
1413 4775 1593 4816 manus
1620 4761 1799 4834 gladii.
1830 4765 2035 4826 Revera

456 4847 536 4901 sic
566 4846 670 4899 illis
695 4846 971 4901 visibiliter
1007 4851 1227 4920 contigit
1253 4866 1268 4916 ;
1319 4853 1602 4923 expugnati
1633 4865 1754 4909 sunt
1786 4857 2038 4914 irruenti-

455 4941 554 4995 bus
575 4938 836 4993 hostibus.
862 4936 1042 4992 Partes
1065 4941 1290 5010 vulpium
1312 4952 1472 4997 erunt.
1507 4943 1703 5014 Vulpes
1727 4946 1854 5002 dicit
1881 4964 2032 5020 reges

455 5033 654 5099 steculi,
684 5029 775 5101 qui
803 5039 927 5084 tunc
949 5030 1392 5103 fueruntquando
1418 5035 1681 5092 debellata
1711 5047 1794 5093 est
1821 5037 2028 5097 Judaea.

453 5126 665 5191 Audite,
705 5131 763 5178 ut
807 5122 1065 5178 noveritis
1103 5132 1157 5178 et
1202 5125 1507 5198 intelligatis
1553 5129 1672 5198 quia
1715 5130 1859 5200 ipsos
1903 5132 2032 5189 dicit

451 5221 653 5289 vulpes.
685 5215 948 5272 Herodem
1003 5230 1181 5286 regem
1227 5217 1341 5286 ipse
1394 5221 1650 5276 Dominus
1675 5223 1890 5292 vulpem
1935 5239 2030 5295 ap-

448 5312 662 5380 pellavit
687 5328 700 5364 :
731 5304 825 5373 Ite,
855 5309 1043 5378 inquit,
1067 5317 1114 5362 et
1143 5309 1290 5362 dicite
1309 5311 1446 5380 vulpi
1469 5313 1544 5366 illi
1575 5313 1728 5381 (Luc.
1760 5332 1871 5381 xm,
1902 5318 2021 5387 52).

451 5399 654 5465 Videte,
704 5409 759 5456 et
798 5400 1072 5466 attendite,
1127 5397 1313 5453 fratres
1357 5401 1795 5461 meizCliristum
1844 5423 2023 5478 regem

449 5493 642 5548 habere
685 5493 987 5558 noluerunt,
1033 5499 1087 5546 et
1131 5499 1308 5561 partes
1346 5493 1586 5562 vulpium
1659 5495 1783 5552 facti
1839 5495 2019 5557 suut‘.

444 5583 666 5651 Quando
691 5584 830 5638 enim
853 5583 1052 5638 Pilatus
1079 5598 1295 5655 praeses,
1325 5585 1378 5638 in
1407 5584 1589 5640 Judma
1616 5587 1842 5659 legatus,
1875 5595 2020 5649 occi-

373 5654 376 5658 ‘
443 5675 519 5729 (ιιι
536 5673 804 5729 Christum
829 5690 892 5730 ex
908 5654 1125 5731 vocibus
1141 5675 1463 5745 Judaaorum,
1487 5678 1616 5736 dixit
1638 5680 1766 5752 ipsis
1783 5682 2014 5741 Judmis:

505 5831 521 5861 ί
559 5837 654 5880 tloc
674 5831 777 5880 loco
791 5845 962 5883 omnes
982 5839 1110 5889 MSS.)
1131 5837 1282 5888 secuti
1300 5841 1429 5889 stmt.

1748 309 1805 367 S.
1845 311 2212 374 AUGUSTINI
2249 317 2548 379 EPlSCOPl

3686 357 3791 414 780

2208 433 2398 506 Regem
2443 447 2657 496 vestrum
2697 445 2989 519 crucifigam
3010 451 3037 505 7
3075 451 3208 520 Quia
3245 455 3519 519 dicebatur
3558 481 3654 523 rex
3681 470 3784 527 Ju-

2201 526 2458 600 dzeorum,
2489 543 2544 588 et
2580 551 2740 593 verus
2765 555 2861 597 rex
2888 541 3022 612 ipse.
3070 546 3137 602 Et
3161 548 3238 604 illi
3279 555 3600 624 repellentes
3624 561 3783 620 Chri-

2200 630 2360 689 stum,
2391 624 2637 683 dixerunt
2668 647 2680 684 :
2720 630 2832 688 Nos
2871 651 2971 690 non
3010 637 3247 696 habemus
3283 662 3451 717 regem
3474 651 3576 706 nisi
3604 653 3780 711 Casu-

2197 728 2303 766 rem
2342 714 2519 784 (Joan.
2551 734 2672 787 XIX,
2704 722 2814 788 l5).
2861 725 3185 796 Rejecerunt
3217 714 3447 806 agnum;
3494 741 3778 816 elegerunt

2197 803 2409 873 vulpem
2436 823 2450 872 ;
2479 811 2670 866 merito
2697 825 2873 882 partes
2903 819 3134 889 vulpium
3167 803 3284 879 facti
3313 803 3457 885 sunt.

2267 895 2356 950 20.
2399 896 2546 970 [vers.
2597 901 2709 977 13.]
2777 907 2888 962 Rea:
2942 925 3056 966 vero
3083 929 3102 968 :
3129 913 3250 971 ideo
3295 919 3366 974 ita
3411 925 3643 991 positum
3691 944 3779 988 est

2197 986 2318 1056 quia
2369 989 2444 1044 illi
2471 992 2682 1063 vulpem
2725 997 3021 1068 elegerunt,
3073 1020 3250 1076 regem
3292 986 3424 1068 vero
3465 986 3775 1079 noluerunt.

2194 1074 2310 1132 Rea;
2330 1095 2447 1134 vero
2474 1097 2493 1136 :
2524 1083 2574 1138 id
2605 1096 2688 1140 est
2715 1103 2874 1144 verus
2895 1107 3014 1159 rex,
3039 1096 3122 1150 cui
3148 1098 3328 1156 titulus
3359 1104 3645 1177 inscriptus
3664 1125 3773 1182 est,

2193 1170 2406 1238 quando
2432 1187 2620 1242 passus
2648 1187 2751 1233 est.
2798 1180 2928 1236 Nam
2969 1184 3171 1243 Pilatus
3209 1192 3348 1250 hunc
3376 1170 3584 1257 titulum
3613 1170 3778 1274 super

2192 1269 2350 1327 caput
2375 1262 2490 1333 ejus
2511 1265 2821 1339 inscriptum
2857 1279 3050 1344 posuit,
3086 1279 3197 1335 Rea:
3215 1281 3532 1358 Judteorum,
3561 1262 3776 1355 hebr'ma

2191 1349 2389 1422 lingua,
2418 1370 2612 1425 graeca,
2637 1369 2690 1414 et
2721 1361 2884 1420 latina
2915 1383 2928 1419 :
2960 1379 3013 1423 ut
3037 1385 3222 1430 omnes
3250 1379 3342 1446 qui
3375 1385 3662 1441 transirent
3691 1389 3774 1444 le-

2188 1456 2376 1512 gerent
2401 1449 2620 1518 gloriam
2654 1457 2816 1526 regis,
2841 1469 2894 1514 et
2921 1460 3264 1532 ignominiam
3295 1471 3527 1540 ipsorum
3553 1478 3775 1537 Iudaeo-

2186 1549 2326 1603 rum,
2354 1541 2444 1609 qui
2471 1543 2772 1613 rejicientes
2793 1565 2981 1608 verum
3024 1571 3226 1627 regem,
3257 1562 3533 1634 elegerunt
3558 1572 3770 1642 vulpem

2186 1627 2470 1686 Caesarem.
2519 1634 2633 1691 Rea:
2677 1655 2792 1694 vero
2827 1644 3078 1702 lwtabitur
3115 1650 3168 1704 in
3198 1651 3326 1708 Deo.
3377 1658 3454 1713 llli
3486 1660 3604 1717 facti
3645 1627 3772 1722 sunt

2185 1731 2366 1786 partes
2387 1724 2618 1794 vulpium
2647 1746 2661 1782 :
2691 1729 2805 1787 Rea:
2833 1750 2947 1790 vero
2974 1737 3223 1796 laetabitur
3241 1744 3296 1798 in
3323 1746 3450 1803 Deo.
3475 1751 3640 1818 Quem
3667 1757 3772 1814 sibi

2184 1813 2284 1867 visi
2334 1827 2459 1872 sunt
2499 1823 2651 1890 quasi
2707 1841 2988 1896 superasse
3036 1847 3157 1888 cum
3199 1839 3592 1911 cruciﬁgerent,
3644 1857 3770 1904 tunc

2183 1905 2468 1963 crucifixus
2507 1911 2640 1968 ludit
2667 1918 2895 1984 pretium
2937 1936 3043 1992 quo
3078 1926 3207 1980 emit
3251 1905 3434 1986 orbem
3481 1944 3765 1994 terrarum.

2183 1997 2298 2053 Rea:
2322 2017 2436 2056 vero
2460 2002 2716 2062 laetabitur
2743 2011 2796 2064 in
2824 2011 2932 2067 Deo
2954 2031 2974 2070 :
3005 2017 3294 2076 laudabitur
3318 2027 3480 2081 omnis
3507 2031 3595 2100 qui
3618 2033 3770 2102 jurat

2181 2089 2234 2143 in
2271 2092 2402 2161 ipso.
2450 2094 2646 2163 Quare,
2677 2101 2968 2160 laudabitur
3018 2112 3180 2164 omnis
3215 2114 3315 2184 'qui
3341 2117 3484 2188 jurat
3519 2089 3578 2174 in
3615 2089 3769 2194 ipso?

2181 2182 2315 2249 Quia
2356 2186 2454 2241 sibi
2477 2189 2636 2259 elegit
2665 2192 2957 2264 Christum,
2991 2215 3097 2256 non
3121 2182 3367 2274 vulpem;
3398 2211 3520 2279 quia
3550 2182 3766 2283 quando

2179 2274 2255 2328 illi
2277 2275 2442 2333 Judaei
2473 2281 2879 2353 insultaverunt,
2915 2299 3040 2348 tunc
3065 2295 3214 2352 dedit
3242 2298 3332 2354 ille
3357 2274 3497 2359 unde
3526 2274 3764 2364 redime-

2177 2383 2379 2424 remur.
2408 2373 2488 2428 Ad
2520 2375 2695 2445 ipsum
2741 2397 2870 2453 ergo
2899 2389 3229 2454 pertinemus
3259 2393 3350 2462 qui
3388 2411 3484 2452 nos
3511 2399 3753 2467 redemit,

2176 2460 2264 2528 qui
2298 2475 2394 2530 pro
2421 2464 2575 2520 nobis
2615 2471 2870 2527 mundum
2899 2475 3042 2542 vicit,
3080 2494 3183 2534 non
3215 2497 3418 2539 armato
3445 2488 3626 2554 milite,
3655 2491 3758 2548 sed

2176 2547 2328 2604 irrisa
2368 2567 2548 2608 cruce.
2596 2557 2709 2613 Rea:
2756 2578 2871 2616 vero
2917 2565 3169 2622 laztabitur
3209 2571 3261 2625 in
3304 2573 3760 2636 Deo:laudabitur

2175 2644 2338 2698 omnis
2363 2647 2452 2714 qui
2467 2648 2614 2716 jurat
2638 2652 2690 2706 in
2711 2654 2844 2722 ipso.
2869 2656 2998 2722 Quis
3021 2659 3165 2727 jurat
3195 2663 3246 2717 in
3276 2666 3380 2720 eo?
3407 2668 3506 2737 Qui
3535 2672 3759 2740 pollice-

2173 2738 2260 2786 tur
2295 2734 2343 2788 ei
2382 2735 2543 2791 vitam
2583 2753 2756 2808 suam,
2802 2748 2892 2814 qui
2930 2758 3086 2803 vovet
3134 2750 3209 2805 illi
3241 2763 3293 2808 et
3335 2734 3549 2827 reddit;
3574 2764 3662 2831 qui
3695 2764 3758 2820 lit

2172 2823 2534 2882 Christianus:
2571 2831 2670 2887 hoc
2707 2843 2788 2889 est
2827 2839 2967 2906 quod
2997 2841 3090 2905 ait,
3124 2842 3440 2903 Laudabitur
3475 2823 3637 2909 omnis
3664 2858 3758 2926 qui

2161 2915 2307 2984 jurat
2345 2919 2396 2972 in
2425 2921 2554 2991 ipso.
2586 2924 2839 2990 Quoniam
2876 2934 3158 3003 Oppilatum
3203 2949 3276 2993 est
3317 2959 3373 2996 os
3440 2915 3758 3017 loquentium

2168 3005 2360 3077 iniqua.
2383 3010 2591 3078 Quanta
2619 3017 2795 3088 iniqua
2813 3020 2973 3078 locuti
3007 3037 3131 3083 sunt
3151 3027 3358 3088 Judtei?
3381 3005 3584 3102 Quanta
3612 3042 3753 3098 mala

2167 3099 2439 3170 dixerunt,
2473 3121 2578 3160 non
2618 3110 2790 3166 solum
2820 3113 3012 3184 Judaei,
3062 3120 3157 3175 sed
3193 3131 3248 3177 et
3284 3099 3472 3182 omnes
3501 3133 3589 3200 qui
3621 3148 3750 3202 pro-

2166 3201 2286 3262 pter
2312 3194 2448 3250 idola
2479 3196 2812 3259 Christianos
2838 3211 3106 3276 persecuti
3129 3216 3290 3269 sunt?
3314 3194 3540 3285 Quando
3561 3194 3753 3280 saevie-

2165 3281 2296 3339 bant
2343 3286 2394 3340 in
2449 3288 2803 3362 Christianos,
2853 3301 3109 3367 putabant
3152 3306 3293 3374 quod
3335 3281 3552 3378 possent
3591 3314 3748 3374 ﬁnire

2163 3375 2526 3437 Christianos:
2547 3399 2666 3440 cum
2695 3389 2948 3457 putabant
2971 3395 3112 3463 quod
3139 3375 3358 3467 possent
3385 3402 3560 3471 finire,
3585 3405 3742 3463 Chri-

2161 3469 2320 3524 stiani
2349 3485 2648 3542 creverunt,
2685 3488 2740 3535 et
2768 3481 2866 3550 ipsi
2903 3481 3039 3539 ﬁniti
3079 3499 3226 3544 sunt.
3255 3469 3555 3562 Oppilatum
3578 3509 3652 3553 est
3685 3518 3745 3557 os

2161 3559 2471 3630 loquentium
2509 3567 2704 3640 iniqua.
2753 3571 2924 3629 Nemo
2966 3577 3129 3633 audet
3163 3559 3563 3654 ntodo‘publice
3596 3590 3742 3661 loqui

2159 3664 2344 3709 contra
2401 3656 2712 3721 Christum:
2764 3665 2874 3734 jam
2931 3683 3118 3728 omnes
3178 3675 3363 3730 timent
3404 3656 3738 3739 ‘Christum:

2160 3744 2413 3810 Quoniam
2438 3753 2719 3820 Oppilatum
2745 3767 2818 3810 est
2844 3774 2900 3813 os
2931 3757 3237 3832 loquentium
3290 3767 3482 3838 iniqua.
3516 3771 3740 3840 Quando

2157 3839 2210 3893 in
2253 3840 2560 3901 inﬁrmitate
2613 3849 2795 3918 Agnus
2843 3862 2978 3921 erat,
3033 3856 3192 3912 etiam
3240 3861 3425 3931 vulpes
3471 3865 3741 3924 audebant

2155 3941 2337 3987 contra
2361 3936 2591 4006 Agnum.
2623 3940 2761 3996 Vicit
2789 3942 2899 3998 Leo
2926 3944 2992 4000 de
3023 3947 3164 4002 tribu
3191 3948 3322 4006 Juda
3361 3953 3544 4024 (Apoc.
3571 3973 3627 4024 v,
3656 3960 3736 4028 5),

2152 4033 2206 4077 et
2249 4025 2508 4083 siluerunt
2548 4031 2777 4102 vulpes:
2809 4035 3060 4100 Quoniam
3103 4042 3383 4111 appilatum
3419 4055 3492 4100 est
3522 4064 3607 4103 eos
3654 4025 3732 4105 lo;

2149 4117 2407 4190 quentium
2437 4119 2627 4190 iniqua.

2841 4259 3728 4289 __._________

2584 4337 2665 4396 IN
2712 4333 3092 4400 PSALMUM
3119 4340 3324 4405 LXIII

2742 4483 3163 4544 ENARRATIO.

2613 4688 2617 4692 ν
2670 4631 2840 4674 εειιιιο
2864 4636 2932 4675 ιω
2957 4631 3186 4676 νιειιιειι.

2215 4727 2267 4782 1.
2313 4726 2599 4800 Passionis
2633 4741 2939 4788 sanctorum
3008 4740 3304 4807 martyrum
3365 4733 3507 4791 diem
3570 4737 3731 4798 hodie

2141 4816 2333 4874 festum
2362 4819 2638 4889 habentes,
2668 4821 2720 4876 in
2748 4838 2930 4878 eorum
2960 4827 3333 4886 recordatione
3358 4827 3688 4901 gaudeamus
3710 4877 3724 4901 ,

2140 4912 2436 4967 recolentes
2464 4913 2587 4983 quid
2621 4914 2974 4984 patiebantur,
3005 4928 3058 4974 et
3097 4920 3458 4992 intelligentes
3486 4925 3614 4994 quid
3643 4927 3726 4981 in-

2138 5003 2438 5060 tuebantur.
2471 5005 2747 5076 Nunquam
2776 5009 2916 5064 enim
2963 5017 3138 5067 tantas
3166 5014 3537 5072 trlbulationes
3565 5033 3727 5074 carne

2139 5095 2456 5163 tolerarent,
2495 5097 2596 5151 nisi
2614 5113 2858 5170 magnam
2884 5102 3120 5173 quietem
3145 5118 3327 5162 mente
3354 5111 3720 5180 conciperent.

2136 5186 2288 5242 Hunc
2313 5187 2487 5258 itaque
2515 5189 2776 5259 psalmum
2796 5208 2891 5261 pro
2914 5193 3025 5264 ipsa
3056 5197 3395 5256 solemnitate
3419 5217 3720 5260 curramus.

2138 5280 2400 5336 Hesterno
2429 5283 2569 5337 enim
2610 5283 2696 5338 die
2746 5286 2911 5340 multa
2955 5289 3161 5345 audivit
3204 5291 3444 5349 Charitas
3491 5296 3719 5366 Vestra,

2132 5387 2234 5427 nec
2283 5371 2440 5427 hodie
2492 5382 2666 5429 tamen
2715 5375 2840 5432 huic
2893 5377 3162 5436 festivitati
3209 5398 3401 5454 negare
3448 5389 3721 5457 potuimus

2131 5475 2366 5522 nostram
2393 5470 2723 5526 servitutem.
2754 5472 2936 5543 Itaque
2962 5477 3213 5545 quoniam
3245 5480 3474 5536 maxime
3502 5482 3715 5539 Domini

2131 5561 2308 5632 passio
2348 5564 2751 5621 commendatur
2781 5566 2834 5622 in
2865 5566 2966 5624 hoc
2994 5571 3240 5639 psalmo,
3285 5589 3382 5630 nec
3426 5583 3721 5645 potuerunt

2130 5669 2247 5708 esse
2277 5653 2439 5708 fortes
2467 5666 2747 5728 martyres,
2779 5659 2880 5714 nisi
2907 5660 3240 5717 intuerentur
3254 5679 3372 5718 eum
3395 5667 3484 5734 qui
3509 5668 3717 5736 primus

2128 5759 2317 5814 passus
2360 5755 2468 5811 est;
2517 5762 2616 5801 nec
2647 5749 2766 5804 talia
2807 5751 3131 5807 sustinerent
3154 5754 3206 5807 in
3233 5756 3506 5824 passione,
3534 5761 3714 5830 qualia

2029 5859 2034 5864 ο
2129 5837 2239 5904 ille,
2271 5837 2371 5892 nisi
2399 5839 2522 5895 talia
2549 5852 2826 5910 sperarent
2853 5843 2908 5899 in
2935 5847 3330 5905 resurrectione
3349 5893 3363 5919 ,
3389 5852 3565 5922 qualia
3596 5855 3712 5926 ipsc
