  <div class='ocr_page' id='page_1' title='image "/cluster/home/n/w/nwhite01/storage/ocr_20150623/36/hvd.32044015471469/386.png"; bbox 0 0 4038 6474; ppageno 0'>
   <div class='ocr_carea' id='block_1_1' title="bbox 227 385 2371 482">
    <p class='ocr_par' dir='ltr' id='par_1_1' title="bbox 227 385 2371 482">
     <span class='ocr_line' id='line_1_1' title="bbox 227 385 2371 482; baseline -0.001 0"><span class='ocrx_word' id='word_1_1' title='bbox 227 385 313 482; x_wconf 73' lang='lat' dir='ltr'><strong>un</strong></span> <span class='ocrx_word' id='word_1_2' title='bbox 1314 417 1710 478; x_wconf 80' lang='lat' dir='ltr'><strong>ENARRATIO</strong></span> <span class='ocrx_word' id='word_1_3' title='bbox 1749 416 1812 471; x_wconf 86' lang='lat' dir='ltr'><strong>IN</strong></span> <span class='ocrx_word' id='word_1_4' title='bbox 1854 415 2177 480; x_wconf 74' lang='lat' dir='ltr'><strong>PSALMUM</strong></span> <span class='ocrx_word' id='word_1_5' title='bbox 2215 422 2371 479; x_wconf 85' lang='lat' dir='ltr'><strong>LXlll</strong></span> 
     </span>
    </p>
   </div>
   <div class='ocr_carea' id='block_1_2' title="bbox 228 531 1805 596">
    <p class='ocr_par' dir='ltr' id='par_1_2' title="bbox 228 531 1805 596">
     <span class='ocr_line' id='line_1_2' title="bbox 228 531 1805 596; baseline -0.008 1"><span class='ocrx_word' id='word_1_6' title='bbox 228 541 290 596; x_wconf 91' lang='lat' dir='ltr'><strong>de</strong></span> <span class='ocrx_word' id='word_1_7' title='bbox 333 555 394 596; x_wconf 91' lang='lat' dir='ltr'><strong>se</strong></span> <span class='ocrx_word' id='word_1_8' title='bbox 431 535 815 594; x_wconf 88' lang='lat' dir='ltr'><strong>demonstravit</strong></span> <span class='ocrx_word' id='word_1_9' title='bbox 867 551 880 588; x_wconf 88' lang='lat'><strong>:</strong></span> <span class='ocrx_word' id='word_1_10' title='bbox 935 533 1084 589; x_wconf 92' lang='lat' dir='ltr'><strong>novit</strong></span> <span class='ocrx_word' id='word_1_11' title='bbox 1124 540 1299 588; x_wconf 92' lang='lat' dir='ltr'><strong>autem</strong></span> <span class='ocrx_word' id='word_1_12' title='bbox 1325 531 1588 588; x_wconf 90' lang='lat' dir='ltr'><strong>Sanctitas</strong></span> <span class='ocrx_word' id='word_1_13' title='bbox 1617 531 1805 588; x_wconf 80' lang='lat' dir='ltr'><strong>Vestra</strong></span> 
     </span>
    </p>
   </div>
   <div class='ocr_carea' id='block_1_3' title="bbox 231 622 1808 702">
    <p class='ocr_par' dir='ltr' id='par_1_3' title="bbox 231 622 1808 702">
     <span class='ocr_line' id='line_1_3' title="bbox 231 622 1808 702; baseline -0.006 -14"><span class='ocrx_word' id='word_1_14' title='bbox 231 640 379 702; x_wconf 81' lang='lat' dir='ltr'><strong>caput</strong></span> <span class='ocrx_word' id='word_1_15' title='bbox 425 640 666 686; x_wconf 91' lang='lat' dir='ltr'><strong>nostrum</strong></span> <span class='ocrx_word' id='word_1_16' title='bbox 704 642 822 683; x_wconf 87' lang='lat' dir='ltr'><strong>esse</strong></span> <span class='ocrx_word' id='word_1_17' title='bbox 866 625 1147 681; x_wconf 91' lang='lat' dir='ltr'><strong>Dominum</strong></span> <span class='ocrx_word' id='word_1_18' title='bbox 1182 632 1420 680; x_wconf 90' lang='lat' dir='ltr'><strong>nostrum</strong></span> <span class='ocrx_word' id='word_1_19' title='bbox 1446 623 1626 678; x_wconf 75' lang='lat' dir='ltr'><strong>Iesum</strong></span> <span class='ocrx_word' id='word_1_20' title='bbox 1653 622 1808 678; x_wconf 88' lang='lat' dir='ltr'><strong>Chri-</strong></span> 
     </span>
    </p>
   </div>
   <div class='ocr_carea' id='block_1_4' title="bbox 230 715 1808 790">
    <p class='ocr_par' dir='ltr' id='par_1_4' title="bbox 230 715 1808 790">
     <span class='ocr_line' id='line_1_4' title="bbox 230 715 1808 790; baseline -0.007 -10"><span class='ocrx_word' id='word_1_21' title='bbox 230 736 360 781; x_wconf 74' lang='lat' dir='ltr'><strong>stum</strong></span> <span class='ocrx_word' id='word_1_22' title='bbox 384 764 399 789; x_wconf 93' lang='lat'><strong>,</strong></span> <span class='ocrx_word' id='word_1_23' title='bbox 445 736 738 790; x_wconf 90' lang='lat' dir='ltr'><strong>omnesque</strong></span> <span class='ocrx_word' id='word_1_24' title='bbox 781 719 854 773; x_wconf 86' lang='lat' dir='ltr'><strong>illi</strong></span> <span class='ocrx_word' id='word_1_25' title='bbox 899 718 1227 773; x_wconf 66' lang='lat' dir='ltr'><strong>cohaerentes</strong></span> <span class='ocrx_word' id='word_1_26' title='bbox 1257 715 1495 769; x_wconf 88' lang='lat' dir='ltr'><strong>membra</strong></span> <span class='ocrx_word' id='word_1_27' title='bbox 1525 729 1643 769; x_wconf 86' lang='lat' dir='ltr'><strong>esse</strong></span> <span class='ocrx_word' id='word_1_28' title='bbox 1667 715 1808 769; x_wconf 89' lang='lat' dir='ltr'><strong>illius</strong></span> 
     </span>
    </p>
   </div>
   <div class='ocr_carea' id='block_1_5' title="bbox 231 807 1800 888">
    <p class='ocr_par' dir='ltr' id='par_1_5' title="bbox 231 807 1800 888">
     <span class='ocr_line' id='line_1_5' title="bbox 231 807 1800 888; baseline -0.009 -14"><span class='ocrx_word' id='word_1_29' title='bbox 231 818 442 888; x_wconf 75' lang='lat' dir='ltr'><strong>capitis;</strong></span> <span class='ocrx_word' id='word_1_30' title='bbox 473 815 694 886; x_wconf 87' lang='lat' dir='ltr'><strong>ejusque</strong></span> <span class='ocrx_word' id='word_1_31' title='bbox 720 827 902 867; x_wconf 87' lang='lat' dir='ltr'><strong>vocem</strong></span> <span class='ocrx_word' id='word_1_32' title='bbox 928 811 1036 881; x_wconf 90' lang='lat' dir='ltr'><strong>jam</strong></span> <span class='ocrx_word' id='word_1_33' title='bbox 1069 809 1271 864; x_wconf 86' lang='lat' dir='ltr'><strong>habetis</strong></span> <span class='ocrx_word' id='word_1_34' title='bbox 1293 807 1648 875; x_wconf 83' lang='lat' dir='ltr'><strong>notissimam,</strong></span> <span class='ocrx_word' id='word_1_35' title='bbox 1674 823 1800 878; x_wconf 88' lang='lat' dir='ltr'><strong>quo-</strong></span> 
     </span>
    </p>
   </div>
   <div class='ocr_carea' id='block_1_6' title="bbox 227 899 1802 975">
    <p class='ocr_par' dir='ltr' id='par_1_6' title="bbox 227 899 1802 975">
     <span class='ocr_line' id='line_1_6' title="bbox 227 899 1802 975; baseline -0.008 -9"><span class='ocrx_word' id='word_1_36' title='bbox 227 914 362 966; x_wconf 88' lang='lat' dir='ltr'><strong>niam</strong></span> <span class='ocrx_word' id='word_1_37' title='bbox 391 924 496 964; x_wconf 91' lang='lat' dir='ltr'><strong>non</strong></span> <span class='ocrx_word' id='word_1_38' title='bbox 521 924 586 963; x_wconf 85' lang='lat' dir='ltr'><strong>ex</strong></span> <span class='ocrx_word' id='word_1_39' title='bbox 613 908 727 962; x_wconf 88' lang='lat' dir='ltr'><strong>solo</strong></span> <span class='ocrx_word' id='word_1_40' title='bbox 755 905 946 975; x_wconf 86' lang='lat' dir='ltr'><strong>capite,</strong></span> <span class='ocrx_word' id='word_1_41' title='bbox 977 902 1068 959; x_wconf 91' lang='lat' dir='ltr'><strong>sed</strong></span> <span class='ocrx_word' id='word_1_42' title='bbox 1099 903 1260 957; x_wconf 87' lang='lat' dir='ltr'><strong>etiam</strong></span> <span class='ocrx_word' id='word_1_43' title='bbox 1288 916 1355 956; x_wconf 84' lang='lat' dir='ltr'><strong>ex</strong></span> <span class='ocrx_word' id='word_1_44' title='bbox 1379 915 1604 970; x_wconf 89' lang='lat' dir='ltr'><strong>corpore</strong></span> <span class='ocrx_word' id='word_1_45' title='bbox 1629 899 1802 970; x_wconf 92' lang='lat' dir='ltr'><strong>loqui-</strong></span> 
     </span>
    </p>
   </div>
   <div class='ocr_carea' id='block_1_7' title="bbox 227 992 1803 1071">
    <p class='ocr_par' dir='ltr' id='par_1_7' title="bbox 227 992 1803 1071">
     <span class='ocr_line' id='line_1_7' title="bbox 227 992 1803 1071; baseline -0.008 -11"><span class='ocrx_word' id='word_1_46' title='bbox 227 1014 339 1067; x_wconf 88' lang='lat' dir='ltr'><strong>tur;</strong></span> <span class='ocrx_word' id='word_1_47' title='bbox 365 1015 635 1071; x_wconf 87' lang='lat' dir='ltr'><strong>vocesque</strong></span> <span class='ocrx_word' id='word_1_48' title='bbox 653 999 770 1070; x_wconf 89' lang='lat' dir='ltr'><strong>ejus</strong></span> <span class='ocrx_word' id='word_1_49' title='bbox 785 1014 889 1052; x_wconf 94' lang='lat' dir='ltr'><strong>non</strong></span> <span class='ocrx_word' id='word_1_50' title='bbox 910 1005 1113 1051; x_wconf 90' lang='lat' dir='ltr'><strong>tantum</strong></span> <span class='ocrx_word' id='word_1_51' title='bbox 1132 996 1302 1065; x_wconf 90' lang='lat' dir='ltr'><strong>ipsum</strong></span> <span class='ocrx_word' id='word_1_52' title='bbox 1323 993 1601 1048; x_wconf 91' lang='lat' dir='ltr'><strong>Dominum</strong></span> <span class='ocrx_word' id='word_1_53' title='bbox 1623 992 1803 1047; x_wconf 83' lang='lat' dir='ltr'><strong>Jesnm</strong></span> 
     </span>
    </p>
   </div>
   <div class='ocr_carea' id='block_1_8' title="bbox 223 1084 1807 1163">
    <p class='ocr_par' dir='ltr' id='par_1_8' title="bbox 223 1084 1807 1163">
     <span class='ocr_line' id='line_1_8' title="bbox 223 1084 1807 1163; baseline -0.006 -14"><span class='ocrx_word' id='word_1_54' title='bbox 223 1095 514 1160; x_wconf 86' lang='lat' dir='ltr'><strong>Christum,</strong></span> <span class='ocrx_word' id='word_1_55' title='bbox 545 1094 633 1163; x_wconf 93' lang='lat' dir='ltr'><strong>qui</strong></span> <span class='ocrx_word' id='word_1_56' title='bbox 661 1091 768 1161; x_wconf 88' lang='lat' dir='ltr'><strong>jam</strong></span> <span class='ocrx_word' id='word_1_57' title='bbox 795 1088 1033 1144; x_wconf 85' lang='lat' dir='ltr'><strong>ascendit</strong></span> <span class='ocrx_word' id='word_1_58' title='bbox 1062 1087 1112 1141; x_wconf 89' lang='lat' dir='ltr'><strong>in</strong></span> <span class='ocrx_word' id='word_1_59' title='bbox 1138 1087 1331 1142; x_wconf 73' lang='lat' dir='ltr'><strong>etelum</strong></span> <span class='ocrx_word' id='word_1_60' title='bbox 1353 1126 1368 1152; x_wconf 94' lang='lat'><strong>,</strong></span> <span class='ocrx_word' id='word_1_61' title='bbox 1399 1085 1484 1140; x_wconf 87' lang='lat' dir='ltr'><strong>vel</strong></span> <span class='ocrx_word' id='word_1_62' title='bbox 1510 1084 1807 1155; x_wconf 88' lang='lat' dir='ltr'><strong>signiﬁcant</strong></span> 
     </span>
    </p>
   </div>
   <div class='ocr_carea' id='block_1_9' title="bbox 224 1178 1806 1256">
    <p class='ocr_par' dir='ltr' id='par_1_9' title="bbox 224 1178 1806 1256">
     <span class='ocr_line' id='line_1_9' title="bbox 224 1178 1806 1256; baseline -0.004 -18"><span class='ocrx_word' id='word_1_63' title='bbox 224 1187 303 1241; x_wconf 85' lang='lat' dir='ltr'><strong>vel</strong></span> <span class='ocrx_word' id='word_1_64' title='bbox 331 1185 647 1256; x_wconf 84' lang='lat' dir='ltr'><strong>praedicant,</strong></span> <span class='ocrx_word' id='word_1_65' title='bbox 673 1181 765 1236; x_wconf 92' lang='lat' dir='ltr'><strong>sed</strong></span> <span class='ocrx_word' id='word_1_66' title='bbox 785 1181 944 1236; x_wconf 91' lang='lat' dir='ltr'><strong>etiam</strong></span> <span class='ocrx_word' id='word_1_67' title='bbox 969 1179 1084 1249; x_wconf 88' lang='lat' dir='ltr'><strong>ejus</strong></span> <span class='ocrx_word' id='word_1_68' title='bbox 1105 1179 1340 1234; x_wconf 86' lang='lat' dir='ltr'><strong>membra</strong></span> <span class='ocrx_word' id='word_1_69' title='bbox 1357 1186 1514 1247; x_wconf 89' lang='lat' dir='ltr'><strong>caput</strong></span> <span class='ocrx_word' id='word_1_70' title='bbox 1534 1178 1806 1247; x_wconf 89' lang='lat' dir='ltr'><strong>proprium</strong></span> 
     </span>
    </p>
   </div>
   <div class='ocr_carea' id='block_1_10' title="bbox 223 1269 1804 1344">
    <p class='ocr_par' dir='ltr' id='par_1_10' title="bbox 223 1269 1804 1344">
     <span class='ocr_line' id='line_1_10' title="bbox 223 1269 1804 1344; baseline -0.008 -12"><span class='ocrx_word' id='word_1_71' title='bbox 223 1287 468 1333; x_wconf 81' lang='lat' dir='ltr'><strong>secutura</strong></span> <span class='ocrx_word' id='word_1_72' title='bbox 499 1295 512 1330; x_wconf 87' lang='lat'>:</span> <span class='ocrx_word' id='word_1_73' title='bbox 544 1289 891 1344; x_wconf 78' lang='lat' dir='ltr'><strong>agnoscamus</strong></span> <span class='ocrx_word' id='word_1_74' title='bbox 933 1273 1017 1326; x_wconf 90' lang='lat' dir='ltr'><strong>hic</strong></span> <span class='ocrx_word' id='word_1_75' title='bbox 1060 1286 1164 1326; x_wconf 92' lang='lat' dir='ltr'><strong>non</strong></span> <span class='ocrx_word' id='word_1_76' title='bbox 1204 1270 1376 1324; x_wconf 90' lang='lat' dir='ltr'><strong>solum</strong></span> <span class='ocrx_word' id='word_1_77' title='bbox 1411 1269 1549 1323; x_wconf 92' lang='lat' dir='ltr'><strong>illius</strong></span> <span class='ocrx_word' id='word_1_78' title='bbox 1581 1283 1762 1322; x_wconf 90' lang='lat' dir='ltr'><strong>vocem</strong></span> <span class='ocrx_word' id='word_1_79' title='bbox 1788 1309 1804 1334; x_wconf 91' lang='lat'><strong>,</strong></span> 
     </span>
    </p>
   </div>
   <div class='ocr_carea' id='block_1_11' title="bbox 223 1360 1806 1434">
    <p class='ocr_par' dir='ltr' id='par_1_11' title="bbox 223 1360 1806 1434">
     <span class='ocr_line' id='line_1_11' title="bbox 223 1360 1806 1434; baseline -0.006 -11"><span class='ocrx_word' id='word_1_80' title='bbox 223 1368 311 1423; x_wconf 86' lang='lat' dir='ltr'><strong>sed</strong></span> <span class='ocrx_word' id='word_1_81' title='bbox 345 1378 402 1423; x_wconf 91' lang='lat' dir='ltr'><strong>et</strong></span> <span class='ocrx_word' id='word_1_82' title='bbox 443 1377 700 1420; x_wconf 89' lang='lat' dir='ltr'><strong>nostram.</strong></span> <span class='ocrx_word' id='word_1_83' title='bbox 735 1366 801 1420; x_wconf 90' lang='lat' dir='ltr'><strong>Et</strong></span> <span class='ocrx_word' id='word_1_84' title='bbox 842 1379 999 1419; x_wconf 90' lang='lat' dir='ltr'><strong>nemo</strong></span> <span class='ocrx_word' id='word_1_85' title='bbox 1032 1363 1172 1418; x_wconf 83' lang='lat' dir='ltr'><strong>dicat</strong></span> <span class='ocrx_word' id='word_1_86' title='bbox 1198 1361 1338 1434; x_wconf 90' lang='lat' dir='ltr'><strong>quod</strong></span> <span class='ocrx_word' id='word_1_87' title='bbox 1366 1361 1524 1416; x_wconf 88' lang='lat' dir='ltr'><strong>hodie</strong></span> <span class='ocrx_word' id='word_1_88' title='bbox 1553 1362 1604 1415; x_wconf 94' lang='lat' dir='ltr'><strong>in</strong></span> <span class='ocrx_word' id='word_1_89' title='bbox 1639 1360 1806 1415; x_wconf 85' lang='lat' dir='ltr'><strong>tribu-</strong></span> 
     </span>
    </p>
   </div>
   <div class='ocr_carea' id='block_1_12' title="bbox 199 1451 1808 1545">
    <p class='ocr_par' dir='ltr' id='par_1_12' title="bbox 199 1451 1808 1545">
     <span class='ocr_line' id='line_1_12' title="bbox 199 1451 1808 1545; baseline -0.004 -33"><span class='ocrx_word' id='word_1_90' title='bbox 199 1460 421 1545; x_wconf 62' lang='lat' dir='ltr'><strong>;latione</strong></span> <span class='ocrx_word' id='word_1_91' title='bbox 451 1459 752 1528; x_wconf 75' lang='lat' dir='ltr'><strong>paSsinnum</strong></span> <span class='ocrx_word' id='word_1_92' title='bbox 783 1472 888 1511; x_wconf 93' lang='lat' dir='ltr'><strong>non</strong></span> <span class='ocrx_word' id='word_1_93' title='bbox 915 1471 1116 1511; x_wconf 89' lang='lat' dir='ltr'><strong>sumus.</strong></span> <span class='ocrx_word' id='word_1_94' title='bbox 1143 1454 1364 1524; x_wconf 89' lang='lat' dir='ltr'><strong>Semper</strong></span> <span class='ocrx_word' id='word_1_95' title='bbox 1387 1455 1558 1509; x_wconf 72' lang='lat' dir='ltr'><strong>‘enim</strong></span> <span class='ocrx_word' id='word_1_96' title='bbox 1587 1451 1808 1506; x_wconf 89' lang='lat' dir='ltr'><strong>audistis</strong></span> 
     </span>
    </p>
   </div>
   <div class='ocr_carea' id='block_1_13' title="bbox 198 1543 1806 1621">
    <p class='ocr_par' dir='ltr' id='par_1_13' title="bbox 198 1543 1806 1621">
     <span class='ocr_line' id='line_1_13' title="bbox 198 1543 1806 1621; baseline -0.002 -19"><span class='ocrx_word' id='word_1_97' title='bbox 198 1543 203 1602; x_wconf 61' lang='grc' dir='ltr'><em>ἑ</em></span> <span class='ocrx_word' id='word_1_98' title='bbox 224 1553 340 1611; x_wconf 88' lang='lat' dir='ltr'><strong>hoc,</strong></span> <span class='ocrx_word' id='word_1_99' title='bbox 373 1552 498 1621; x_wconf 89' lang='lat' dir='ltr'><strong>quia</strong></span> <span class='ocrx_word' id='word_1_100' title='bbox 529 1549 632 1604; x_wconf 89' lang='lat' dir='ltr'><strong>illis</strong></span> <span class='ocrx_word' id='word_1_101' title='bbox 661 1548 987 1618; x_wconf 83' lang='lat' dir='ltr'><strong>temporibus</strong></span> <span class='ocrx_word' id='word_1_102' title='bbox 1032 1547 1265 1602; x_wconf 87' lang='lat' dir='ltr'><strong>Ecclesia</strong></span> <span class='ocrx_word' id='word_1_103' title='bbox 1311 1545 1460 1616; x_wconf 90' lang='lat' dir='ltr'><strong>quasi</strong></span> <span class='ocrx_word' id='word_1_104' title='bbox 1506 1554 1611 1598; x_wconf 88' lang='lat' dir='ltr'><strong>tota</strong></span> <span class='ocrx_word' id='word_1_105' title='bbox 1647 1543 1806 1598; x_wconf 90' lang='lat' dir='ltr'><strong>simul</strong></span> 
     </span>
    </p>
   </div>
   <div class='ocr_carea' id='block_1_14' title="bbox 194 1623 1803 1714">
    <p class='ocr_par' dir='ltr' id='par_1_14' title="bbox 194 1623 1803 1714">
     <span class='ocr_line' id='line_1_14' title="bbox 194 1623 1803 1714; baseline -0.006 -15"><span class='ocrx_word' id='word_1_106' title='bbox 194 1623 198 1633; x_wconf 32' lang='lat' dir='ltr'><strong>I</strong></span> <span class='ocrx_word' id='word_1_107' title='bbox 224 1645 615 1714; x_wconf 75' lang='lat' dir='ltr'><strong>impellebatur,</strong></span> <span class='ocrx_word' id='word_1_108' title='bbox 645 1659 783 1698; x_wconf 89' lang='lat' dir='ltr'><strong>nunc</strong></span> <span class='ocrx_word' id='word_1_109' title='bbox 801 1652 977 1697; x_wconf 91' lang='lat' dir='ltr'><strong>autem</strong></span> <span class='ocrx_word' id='word_1_110' title='bbox 1005 1657 1099 1712; x_wconf 90' lang='lat' dir='ltr'><strong>per</strong></span> <span class='ocrx_word' id='word_1_111' title='bbox 1125 1641 1359 1711; x_wconf 86' lang='lat' dir='ltr'><strong>singulos</strong></span> <span class='ocrx_word' id='word_1_112' title='bbox 1391 1647 1640 1694; x_wconf 88' lang='lat' dir='ltr'><strong>tentatur.</strong></span> <span class='ocrx_word' id='word_1_113' title='bbox 1671 1636 1803 1691; x_wconf 86' lang='lat' dir='ltr'><strong>Alli-</strong></span> 
     </span>
    </p>
   </div>
   <div class='ocr_carea' id='block_1_15' title="bbox 222 1731 1803 1806">
    <p class='ocr_par' dir='ltr' id='par_1_15' title="bbox 222 1731 1803 1806">
     <span class='ocr_line' id='line_1_15' title="bbox 222 1731 1803 1806; baseline -0.004 -17"><span class='ocrx_word' id='word_1_114' title='bbox 222 1747 372 1806; x_wconf 89' lang='lat' dir='ltr'><strong>gatus</strong></span> <span class='ocrx_word' id='word_1_115' title='bbox 397 1746 478 1790; x_wconf 89' lang='lat' dir='ltr'><strong>est</strong></span> <span class='ocrx_word' id='word_1_116' title='bbox 509 1735 721 1806; x_wconf 89' lang='lat' dir='ltr'><strong>quidem</strong></span> <span class='ocrx_word' id='word_1_117' title='bbox 753 1734 1012 1800; x_wconf 88' lang='lat' dir='ltr'><strong>diabolus,</strong></span> <span class='ocrx_word' id='word_1_118' title='bbox 1043 1748 1108 1788; x_wconf 93' lang='lat' dir='ltr'><strong>ne</strong></span> <span class='ocrx_word' id='word_1_119' title='bbox 1138 1731 1295 1787; x_wconf 82' lang='lat' dir='ltr'><strong>faciat</strong></span> <span class='ocrx_word' id='word_1_120' title='bbox 1324 1740 1579 1802; x_wconf 86' lang='lat' dir='ltr'><strong>quantum</strong></span> <span class='ocrx_word' id='word_1_121' title='bbox 1611 1736 1803 1798; x_wconf 87' lang='lat' dir='ltr'><strong>potest,</strong></span> 
     </span>
    </p>
   </div>
   <div class='ocr_carea' id='block_1_16' title="bbox 224 1823 1805 1898">
    <p class='ocr_par' dir='ltr' id='par_1_16' title="bbox 224 1823 1805 1898">
     <span class='ocr_line' id='line_1_16' title="bbox 224 1823 1805 1898; baseline -0.005 -14"><span class='ocrx_word' id='word_1_122' title='bbox 224 1848 287 1884; x_wconf 90' lang='lat' dir='ltr'><strong>ne</strong></span> <span class='ocrx_word' id='word_1_123' title='bbox 320 1830 479 1884; x_wconf 75' lang='lat' dir='ltr'><strong>faciat</strong></span> <span class='ocrx_word' id='word_1_124' title='bbox 508 1837 758 1898; x_wconf 79' lang='lat' dir='ltr'><strong>quantum</strong></span> <span class='ocrx_word' id='word_1_125' title='bbox 795 1828 939 1893; x_wconf 83' lang='lat' dir='ltr'><strong>vult;</strong></span> <span class='ocrx_word' id='word_1_126' title='bbox 981 1835 1157 1882; x_wconf 88' lang='lat' dir='ltr'><strong>tamen</strong></span> <span class='ocrx_word' id='word_1_127' title='bbox 1200 1835 1399 1880; x_wconf 85' lang='lat' dir='ltr'><strong>tantum</strong></span> <span class='ocrx_word' id='word_1_128' title='bbox 1431 1832 1637 1879; x_wconf 86' lang='lat' dir='ltr'><strong>tentare</strong></span> <span class='ocrx_word' id='word_1_129' title='bbox 1672 1823 1805 1878; x_wconf 86' lang='lat' dir='ltr'><strong>sini-</strong></span> 
     </span>
    </p>
   </div>
   <div class='ocr_carea' id='block_1_17' title="bbox 226 1918 1807 1994">
    <p class='ocr_par' dir='ltr' id='par_1_17' title="bbox 226 1918 1807 1994">
     <span class='ocr_line' id='line_1_17' title="bbox 226 1918 1807 1994; baseline -0.002 -17"><span class='ocrx_word' id='word_1_130' title='bbox 226 1935 330 1987; x_wconf 88' lang='lat' dir='ltr'><strong>tur,</strong></span> <span class='ocrx_word' id='word_1_131' title='bbox 345 1933 602 1994; x_wconf 79' lang='lat' dir='ltr'><strong>quantum</strong></span> <span class='ocrx_word' id='word_1_132' title='bbox 618 1922 831 1993; x_wconf 86' lang='lat' dir='ltr'><strong>expedit</strong></span> <span class='ocrx_word' id='word_1_133' title='bbox 851 1920 1265 1992; x_wconf 86' lang='lat' dir='ltr'><strong>proﬁcientibus.</strong></span> <span class='ocrx_word' id='word_1_134' title='bbox 1286 1919 1401 1975; x_wconf 87' lang='lat' dir='ltr'><strong>Non</strong></span> <span class='ocrx_word' id='word_1_135' title='bbox 1421 1919 1572 1974; x_wconf 89' lang='lat' dir='ltr'><strong>nobis</strong></span> <span class='ocrx_word' id='word_1_136' title='bbox 1594 1918 1807 1988; x_wconf 82' lang='lat' dir='ltr'><strong>expedit</strong></span> 
     </span>
    </p>
   </div>
   <div class='ocr_carea' id='block_1_18' title="bbox 223 2011 1805 2082">
    <p class='ocr_par' dir='ltr' id='par_1_18' title="bbox 223 2011 1805 2082">
     <span class='ocr_line' id='line_1_18' title="bbox 223 2011 1805 2082; baseline -0.003 -14"><span class='ocrx_word' id='word_1_137' title='bbox 223 2029 341 2069; x_wconf 88' lang='lat' dir='ltr'><strong>esse</strong></span> <span class='ocrx_word' id='word_1_138' title='bbox 379 2019 497 2070; x_wconf 88' lang='lat' dir='ltr'><strong>sine</strong></span> <span class='ocrx_word' id='word_1_139' title='bbox 531 2014 906 2070; x_wconf 89' lang='lat' dir='ltr'><strong>tentationibus</strong></span> <span class='ocrx_word' id='word_1_140' title='bbox 939 2030 953 2067; x_wconf 89' lang='lat'><strong>:</strong></span> <span class='ocrx_word' id='word_1_141' title='bbox 985 2027 1083 2067; x_wconf 92' lang='lat' dir='ltr'><strong>nec</strong></span> <span class='ocrx_word' id='word_1_142' title='bbox 1110 2026 1359 2082; x_wconf 80' lang='lat' dir='ltr'><strong>rogemus</strong></span> <span class='ocrx_word' id='word_1_143' title='bbox 1400 2011 1563 2064; x_wconf 92' lang='lat' dir='ltr'><strong>Deum</strong></span> <span class='ocrx_word' id='word_1_144' title='bbox 1607 2019 1664 2064; x_wconf 93' lang='lat' dir='ltr'><strong>ut</strong></span> <span class='ocrx_word' id='word_1_145' title='bbox 1701 2023 1805 2064; x_wconf 80' lang='lat' dir='ltr'><strong>non</strong></span> 
     </span>
    </p>
   </div>
   <div class='ocr_carea' id='block_1_19' title="bbox 222 2102 1655 2173">
    <p class='ocr_par' dir='ltr' id='par_1_19' title="bbox 222 2102 1655 2173">
     <span class='ocr_line' id='line_1_19' title="bbox 222 2102 1655 2173; baseline -0.005 -11"><span class='ocrx_word' id='word_1_146' title='bbox 222 2118 512 2173; x_wconf 87' lang='lat' dir='ltr'><strong>tentemur,</strong></span> <span class='ocrx_word' id='word_1_147' title='bbox 541 2108 632 2162; x_wconf 92' lang='lat' dir='ltr'><strong>sed</strong></span> <span class='ocrx_word' id='word_1_148' title='bbox 660 2116 718 2162; x_wconf 91' lang='lat' dir='ltr'><strong>ut</strong></span> <span class='ocrx_word' id='word_1_149' title='bbox 744 2121 847 2161; x_wconf 93' lang='lat' dir='ltr'><strong>non</strong></span> <span class='ocrx_word' id='word_1_150' title='bbox 870 2105 1181 2160; x_wconf 89' lang='lat' dir='ltr'><strong>inducamur</strong></span> <span class='ocrx_word' id='word_1_151' title='bbox 1209 2104 1262 2158; x_wconf 90' lang='lat' dir='ltr'><strong>in</strong></span> <span class='ocrx_word' id='word_1_152' title='bbox 1290 2102 1655 2158; x_wconf 88' lang='lat' dir='ltr'><strong>tentationem.</strong></span> 
     </span>
    </p>
   </div>
   <div class='ocr_carea' id='block_1_20' title="bbox 290 2191 1798 2272">
    <p class='ocr_par' dir='ltr' id='par_1_20' title="bbox 290 2191 1798 2272">
     <span class='ocr_line' id='line_1_20' title="bbox 290 2191 1798 2272; baseline -0.004 -21"><span class='ocrx_word' id='word_1_153' title='bbox 290 2200 344 2252; x_wconf 75' lang='grc'><strong>2.</strong></span> <span class='ocrx_word' id='word_1_154' title='bbox 379 2197 530 2272; x_wconf 73' lang='grc' dir='ltr'><strong>[υετε.</strong></span> <span class='ocrx_word' id='word_1_155' title='bbox 559 2197 639 2272; x_wconf 73' lang='grc'><strong>2.]</strong></span> <span class='ocrx_word' id='word_1_156' title='bbox 668 2199 911 2253; x_wconf 87' lang='lat' dir='ltr'><strong>Dicamus</strong></span> <span class='ocrx_word' id='word_1_157' title='bbox 939 2212 1065 2266; x_wconf 88' lang='lat' dir='ltr'><strong>ergo</strong></span> <span class='ocrx_word' id='word_1_158' title='bbox 1089 2204 1143 2251; x_wconf 90' lang='lat' dir='ltr'><strong>et</strong></span> <span class='ocrx_word' id='word_1_159' title='bbox 1169 2210 1266 2250; x_wconf 93' lang='lat' dir='ltr'><strong>nos</strong></span> <span class='ocrx_word' id='word_1_160' title='bbox 1297 2213 1310 2249; x_wconf 91' lang='lat'><strong>:</strong></span> <span class='ocrx_word' id='word_1_161' title='bbox 1345 2193 1548 2247; x_wconf 72' lang='lat' dir='ltr'><strong>Exaudi</strong></span> <span class='ocrx_word' id='word_1_162' title='bbox 1572 2232 1587 2257; x_wconf 93' lang='lat'><strong>,</strong></span> <span class='ocrx_word' id='word_1_163' title='bbox 1618 2191 1758 2246; x_wconf 86' lang='lat' dir='ltr'><strong>Deus</strong></span> <span class='ocrx_word' id='word_1_164' title='bbox 1784 2234 1798 2259; x_wconf 93' lang='lat'><strong>,</strong></span> 
     </span>
    </p>
   </div>
   <div class='ocr_carea' id='block_1_21' title="bbox 222 2284 1808 2352">
    <p class='ocr_par' dir='ltr' id='par_1_21' title="bbox 222 2284 1808 2352">
     <span class='ocr_line' id='line_1_21' title="bbox 222 2284 1808 2352; baseline -0.005 -9"><span class='ocrx_word' id='word_1_165' title='bbox 222 2290 502 2344; x_wconf 86' lang='lat' dir='ltr'><strong>orationem</strong></span> <span class='ocrx_word' id='word_1_166' title='bbox 527 2306 708 2352; x_wconf 87' lang='lat' dir='ltr'><strong>meam,</strong></span> <span class='ocrx_word' id='word_1_167' title='bbox 741 2288 862 2341; x_wconf 88' lang='lat' dir='ltr'><strong>dum</strong></span> <span class='ocrx_word' id='word_1_168' title='bbox 883 2287 1093 2341; x_wconf 89' lang='lat' dir='ltr'><strong>tribulor</strong></span> <span class='ocrx_word' id='word_1_169' title='bbox 1113 2288 1132 2317; x_wconf 86' lang='grc'>²</span> <span class='ocrx_word' id='word_1_170' title='bbox 1165 2303 1178 2338; x_wconf 90' lang='lat'><strong>:</strong></span> <span class='ocrx_word' id='word_1_171' title='bbox 1209 2302 1240 2338; x_wconf 93' lang='lat' dir='ltr'><strong>a</strong></span> <span class='ocrx_word' id='word_1_172' title='bbox 1266 2286 1445 2338; x_wconf 80' lang='lat' dir='ltr'><strong>timore</strong></span> <span class='ocrx_word' id='word_1_173' title='bbox 1471 2284 1666 2337; x_wconf 81' lang='lat' dir='ltr'><strong>inimici</strong></span> <span class='ocrx_word' id='word_1_174' title='bbox 1692 2298 1808 2336; x_wconf 86' lang='lat' dir='ltr'><strong>erue</strong></span> 
     </span>
    </p>
   </div>
   <div class='ocr_carea' id='block_1_22' title="bbox 221 2372 1807 2446">
    <p class='ocr_par' dir='ltr' id='par_1_22' title="bbox 221 2372 1807 2446">
     <span class='ocr_line' id='line_1_22' title="bbox 221 2372 1807 2446; baseline -0.005 -10"><span class='ocrx_word' id='word_1_175' title='bbox 221 2385 445 2437; x_wconf 88' lang='lat' dir='ltr'><strong>animam</strong></span> <span class='ocrx_word' id='word_1_176' title='bbox 486 2398 666 2435; x_wconf 82' lang='lat' dir='ltr'><strong>meam.</strong></span> <span class='ocrx_word' id='word_1_177' title='bbox 708 2380 1003 2436; x_wconf 65' lang='lat' dir='ltr'><strong>Saevierunt</strong></span> <span class='ocrx_word' id='word_1_178' title='bbox 1034 2377 1231 2432; x_wconf 84' lang='lat' dir='ltr'><strong>inimici</strong></span> <span class='ocrx_word' id='word_1_179' title='bbox 1274 2377 1325 2430; x_wconf 93' lang='lat' dir='ltr'><strong>in</strong></span> <span class='ocrx_word' id='word_1_180' title='bbox 1356 2386 1648 2446; x_wconf 86' lang='lat' dir='ltr'><strong>martyres;</strong></span> <span class='ocrx_word' id='word_1_181' title='bbox 1681 2372 1807 2443; x_wconf 92' lang='lat' dir='ltr'><strong>quid</strong></span> 
     </span>
    </p>
   </div>
   <div class='ocr_carea' id='block_1_23' title="bbox 222 2470 1800 2546">
    <p class='ocr_par' dir='ltr' id='par_1_23' title="bbox 222 2470 1800 2546">
     <span class='ocr_line' id='line_1_23' title="bbox 222 2470 1800 2546; baseline -0.004 -17"><span class='ocrx_word' id='word_1_182' title='bbox 222 2477 407 2531; x_wconf 84' lang='lat' dir='ltr'><strong>orabat</strong></span> <span class='ocrx_word' id='word_1_183' title='bbox 435 2476 534 2530; x_wconf 89' lang='lat' dir='ltr'><strong>ista</strong></span> <span class='ocrx_word' id='word_1_184' title='bbox 564 2491 665 2530; x_wconf 82' lang='lat' dir='ltr'><strong>vox</strong></span> <span class='ocrx_word' id='word_1_185' title='bbox 693 2474 932 2546; x_wconf 90' lang='lat' dir='ltr'><strong>corporis</strong></span> <span class='ocrx_word' id='word_1_186' title='bbox 959 2472 1187 2528; x_wconf 86' lang='lat' dir='ltr'><strong>Christi?</strong></span> <span class='ocrx_word' id='word_1_187' title='bbox 1211 2471 1324 2526; x_wconf 84' lang='lat' dir='ltr'><strong>Hoc</strong></span> <span class='ocrx_word' id='word_1_188' title='bbox 1345 2470 1549 2536; x_wconf 90' lang='lat' dir='ltr'><strong>orabat,</strong></span> <span class='ocrx_word' id='word_1_189' title='bbox 1575 2477 1633 2522; x_wconf 92' lang='lat' dir='ltr'><strong>ut</strong></span> <span class='ocrx_word' id='word_1_190' title='bbox 1653 2482 1800 2522; x_wconf 82' lang='lat' dir='ltr'><strong>erue-</strong></span> 
     </span>
    </p>
   </div>
   <div class='ocr_carea' id='block_1_24' title="bbox 221 2560 1804 2635">
    <p class='ocr_par' dir='ltr' id='par_1_24' title="bbox 221 2560 1804 2635">
     <span class='ocr_line' id='line_1_24' title="bbox 221 2560 1804 2635; baseline -0.007 -10"><span class='ocrx_word' id='word_1_191' title='bbox 221 2580 406 2626; x_wconf 90' lang='lat' dir='ltr'><strong>rentur</strong></span> <span class='ocrx_word' id='word_1_192' title='bbox 431 2571 500 2625; x_wconf 89' lang='lat' dir='ltr'><strong>ab</strong></span> <span class='ocrx_word' id='word_1_193' title='bbox 528 2569 780 2634; x_wconf 91' lang='lat' dir='ltr'><strong>inimicis,</strong></span> <span class='ocrx_word' id='word_1_194' title='bbox 833 2577 888 2622; x_wconf 89' lang='lat' dir='ltr'><strong>et</strong></span> <span class='ocrx_word' id='word_1_195' title='bbox 923 2582 1029 2621; x_wconf 90' lang='lat' dir='ltr'><strong>non</strong></span> <span class='ocrx_word' id='word_1_196' title='bbox 1057 2579 1150 2620; x_wconf 92' lang='lat' dir='ltr'><strong>eos</strong></span> <span class='ocrx_word' id='word_1_197' title='bbox 1177 2573 1394 2635; x_wconf 89' lang='lat' dir='ltr'><strong>possent</strong></span> <span class='ocrx_word' id='word_1_198' title='bbox 1425 2561 1670 2617; x_wconf 87' lang='lat' dir='ltr'><strong>occidere</strong></span> <span class='ocrx_word' id='word_1_199' title='bbox 1699 2560 1804 2615; x_wconf 93' lang='lat' dir='ltr'><strong>ini-</strong></span> 
     </span>
    </p>
   </div>
   <div class='ocr_carea' id='block_1_25' title="bbox 221 2655 1808 2731">
    <p class='ocr_par' dir='ltr' id='par_1_25' title="bbox 221 2655 1808 2731">
     <span class='ocr_line' id='line_1_25' title="bbox 221 2655 1808 2731; baseline -0.004 -15"><span class='ocrx_word' id='word_1_200' title='bbox 221 2663 364 2716; x_wconf 87' lang='lat' dir='ltr'><strong>mici.</strong></span> <span class='ocrx_word' id='word_1_201' title='bbox 408 2663 546 2731; x_wconf 85' lang='lat' dir='ltr'><strong>Ergo</strong></span> <span class='ocrx_word' id='word_1_202' title='bbox 573 2660 804 2715; x_wconf 79' lang='lat' dir='ltr'><strong>exauditi</strong></span> <span class='ocrx_word' id='word_1_203' title='bbox 837 2675 940 2714; x_wconf 92' lang='lat' dir='ltr'><strong>non</strong></span> <span class='ocrx_word' id='word_1_204' title='bbox 970 2669 1132 2723; x_wconf 91' lang='lat' dir='ltr'><strong>sunt,</strong></span> <span class='ocrx_word' id='word_1_205' title='bbox 1173 2657 1294 2727; x_wconf 88' lang='lat' dir='ltr'><strong>quia</strong></span> <span class='ocrx_word' id='word_1_206' title='bbox 1343 2655 1504 2710; x_wconf 88' lang='lat' dir='ltr'><strong>occisi</strong></span> <span class='ocrx_word' id='word_1_207' title='bbox 1549 2663 1706 2719; x_wconf 90' lang='lat' dir='ltr'><strong>sunt;</strong></span> <span class='ocrx_word' id='word_1_208' title='bbox 1753 2661 1808 2709; x_wconf 84' lang='lat' dir='ltr'><strong>et</strong></span> 
     </span>
    </p>
   </div>
   <div class='ocr_carea' id='block_1_26' title="bbox 220 2751 1806 2817">
    <p class='ocr_par' dir='ltr' id='par_1_26' title="bbox 220 2751 1806 2817">
     <span class='ocr_line' id='line_1_26' title="bbox 220 2751 1806 2817; baseline -0.006 -8"><span class='ocrx_word' id='word_1_209' title='bbox 220 2754 453 2809; x_wconf 88' lang='lat' dir='ltr'><strong>deseruit</strong></span> <span class='ocrx_word' id='word_1_210' title='bbox 484 2753 624 2808; x_wconf 91' lang='lat' dir='ltr'><strong>Deus</strong></span> <span class='ocrx_word' id='word_1_211' title='bbox 648 2751 905 2806; x_wconf 90' lang='lat' dir='ltr'><strong>contritos</strong></span> <span class='ocrx_word' id='word_1_212' title='bbox 931 2751 1094 2806; x_wconf 91' lang='lat' dir='ltr'><strong>corde</strong></span> <span class='ocrx_word' id='word_1_213' title='bbox 1121 2763 1305 2804; x_wconf 90' lang='lat' dir='ltr'><strong>servos</strong></span> <span class='ocrx_word' id='word_1_214' title='bbox 1333 2764 1478 2815; x_wconf 87' lang='lat' dir='ltr'><strong>suos,</strong></span> <span class='ocrx_word' id='word_1_215' title='bbox 1507 2756 1562 2802; x_wconf 87' lang='lat' dir='ltr'><strong>et</strong></span> <span class='ocrx_word' id='word_1_216' title='bbox 1587 2761 1806 2817; x_wconf 88' lang='lat' dir='ltr'><strong>speran-</strong></span> 
     </span>
    </p>
   </div>
   <div class='ocr_carea' id='block_1_27' title="bbox 218 2837 1807 2914">
    <p class='ocr_par' dir='ltr' id='par_1_27' title="bbox 218 2837 1807 2914">
     <span class='ocr_line' id='line_1_27' title="bbox 218 2837 1807 2914; baseline -0.005 -14"><span class='ocrx_word' id='word_1_217' title='bbox 218 2855 297 2900; x_wconf 84' lang='lat' dir='ltr'><strong>tes</strong></span> <span class='ocrx_word' id='word_1_218' title='bbox 333 2846 386 2901; x_wconf 92' lang='lat' dir='ltr'><strong>in</strong></span> <span class='ocrx_word' id='word_1_219' title='bbox 429 2861 490 2901; x_wconf 88' lang='lat' dir='ltr'><strong>se</strong></span> <span class='ocrx_word' id='word_1_220' title='bbox 527 2845 803 2914; x_wconf 86' lang='lat' dir='ltr'><strong>despexit?</strong></span> <span class='ocrx_word' id='word_1_221' title='bbox 827 2844 998 2899; x_wconf 84' lang='lat' dir='ltr'><strong>Absit.</strong></span> <span class='ocrx_word' id='word_1_222' title='bbox 1034 2842 1158 2908; x_wconf 82' lang='lat' dir='ltr'><strong>Quis</strong></span> <span class='ocrx_word' id='word_1_223' title='bbox 1183 2844 1316 2897; x_wconf 90' lang='lat' dir='ltr'><strong>enim</strong></span> <span class='ocrx_word' id='word_1_224' title='bbox 1345 2837 1807 2894; x_wconf 78' lang='lat' dir='ltr'><strong>invocavitDomi-</strong></span> 
     </span>
    </p>
   </div>
   <div class='ocr_carea' id='block_1_28' title="bbox 220 2933 1804 3005">
    <p class='ocr_par' dir='ltr' id='par_1_28' title="bbox 220 2933 1804 3005">
     <span class='ocr_line' id='line_1_28' title="bbox 220 2933 1804 3005; baseline -0.004 -14"><span class='ocrx_word' id='word_1_225' title='bbox 220 2955 356 3004; x_wconf 87' lang='lat' dir='ltr'><strong>num,</strong></span> <span class='ocrx_word' id='word_1_226' title='bbox 382 2948 428 2992; x_wconf 89' lang='lat' dir='ltr'><strong>et</strong></span> <span class='ocrx_word' id='word_1_227' title='bbox 451 2938 718 2992; x_wconf 87' lang='lat' dir='ltr'><strong>derelictus</strong></span> <span class='ocrx_word' id='word_1_228' title='bbox 745 2938 855 2991; x_wconf 83' lang='lat' dir='ltr'><strong>est?</strong></span> <span class='ocrx_word' id='word_1_229' title='bbox 879 2937 990 3005; x_wconf 91' lang='lat' dir='ltr'><strong>quis</strong></span> <span class='ocrx_word' id='word_1_230' title='bbox 1019 2938 1237 3004; x_wconf 82' lang='lat' dir='ltr'><strong>speravit</strong></span> <span class='ocrx_word' id='word_1_231' title='bbox 1263 2936 1316 2987; x_wconf 90' lang='lat' dir='ltr'><strong>in</strong></span> <span class='ocrx_word' id='word_1_232' title='bbox 1339 2950 1473 2999; x_wconf 91' lang='lat' dir='ltr'><strong>eum,</strong></span> <span class='ocrx_word' id='word_1_233' title='bbox 1507 2941 1552 2987; x_wconf 91' lang='lat' dir='ltr'><strong>et</strong></span> <span class='ocrx_word' id='word_1_234' title='bbox 1581 2933 1804 2986; x_wconf 87' lang='lat' dir='ltr'><strong>desertus</strong></span> 
     </span>
    </p>
   </div>
   <div class='ocr_carea' id='block_1_29' title="bbox 217 3023 1804 3100">
    <p class='ocr_par' dir='ltr' id='par_1_29' title="bbox 217 3023 1804 3100">
     <span class='ocr_line' id='line_1_29' title="bbox 217 3023 1804 3100; baseline -0.003 -17"><span class='ocrx_word' id='word_1_235' title='bbox 217 3038 285 3083; x_wconf 85' lang='lat' dir='ltr'><strong>est</strong></span> <span class='ocrx_word' id='word_1_236' title='bbox 309 3028 372 3082; x_wconf 87' lang='lat' dir='ltr'><strong>ab</strong></span> <span class='ocrx_word' id='word_1_237' title='bbox 400 3044 458 3081; x_wconf 90' lang='lat' dir='ltr'><strong>eo</strong></span> <span class='ocrx_word' id='word_1_238' title='bbox 493 3026 680 3098; x_wconf 85' lang='lat' dir='ltr'><strong>(Eccli.</strong></span> <span class='ocrx_word' id='word_1_239' title='bbox 713 3043 771 3094; x_wconf 91' lang='grc' dir='ltr'>ιι,</span> <span class='ocrx_word' id='word_1_240' title='bbox 803 3027 890 3090; x_wconf 71' lang='grc' dir='ltr'><strong>Ἠ,</strong></span> <span class='ocrx_word' id='word_1_241' title='bbox 926 3025 1062 3095; x_wconf 74' lang='lat' dir='ltr'><strong>l2)?</strong></span> <span class='ocrx_word' id='word_1_242' title='bbox 1091 3023 1532 3100; x_wconf 10' lang='lat' dir='ltr'><strong>Exaudiebantur’</strong></span> <span class='ocrx_word' id='word_1_243' title='bbox 1554 3038 1680 3092; x_wconf 90' lang='lat' dir='ltr'><strong>ergo</strong></span> <span class='ocrx_word' id='word_1_244' title='bbox 1702 3061 1719 3088; x_wconf 92' lang='lat'><strong>,</strong></span> <span class='ocrx_word' id='word_1_245' title='bbox 1749 3031 1804 3078; x_wconf 92' lang='lat' dir='ltr'><strong>et</strong></span> 
     </span>
    </p>
   </div>
   <div class='ocr_carea' id='block_1_30' title="bbox 218 3114 1804 3183">
    <p class='ocr_par' dir='ltr' id='par_1_30' title="bbox 218 3114 1804 3183">
     <span class='ocr_line' id='line_1_30' title="bbox 218 3114 1804 3183; baseline -0.003 -9"><span class='ocrx_word' id='word_1_246' title='bbox 218 3120 632 3183; x_wconf 90' lang='lat' dir='ltr'><strong>occidebantur;</strong></span> <span class='ocrx_word' id='word_1_247' title='bbox 663 3129 718 3174; x_wconf 92' lang='lat' dir='ltr'><strong>et</strong></span> <span class='ocrx_word' id='word_1_248' title='bbox 743 3128 918 3172; x_wconf 88' lang='lat' dir='ltr'><strong>tamen</strong></span> <span class='ocrx_word' id='word_1_249' title='bbox 960 3117 1028 3171; x_wconf 87' lang='lat' dir='ltr'><strong>ab</strong></span> <span class='ocrx_word' id='word_1_250' title='bbox 1069 3116 1296 3172; x_wconf 90' lang='lat' dir='ltr'><strong>inimicis</strong></span> <span class='ocrx_word' id='word_1_251' title='bbox 1324 3116 1666 3170; x_wconf 79' lang='lat' dir='ltr'><strong>eruebantur.</strong></span> <span class='ocrx_word' id='word_1_252' title='bbox 1699 3114 1804 3170; x_wconf 84' lang='lat' dir='ltr'><strong>Alii</strong></span> 
     </span>
    </p>
   </div>
   <div class='ocr_carea' id='block_1_31' title="bbox 219 3207 1804 3278">
    <p class='ocr_par' dir='ltr' id='par_1_31' title="bbox 219 3207 1804 3278">
     <span class='ocr_line' id='line_1_31' title="bbox 219 3207 1804 3278; baseline -0.002 -12"><span class='ocrx_word' id='word_1_253' title='bbox 219 3213 468 3267; x_wconf 89' lang='lat' dir='ltr'><strong>timentes</strong></span> <span class='ocrx_word' id='word_1_254' title='bbox 494 3211 918 3277; x_wconf 89' lang='lat' dir='ltr'><strong>consentiebant,</strong></span> <span class='ocrx_word' id='word_1_255' title='bbox 947 3220 1000 3265; x_wconf 93' lang='lat' dir='ltr'><strong>et</strong></span> <span class='ocrx_word' id='word_1_256' title='bbox 1026 3209 1300 3275; x_wconf 83' lang='lat' dir='ltr'><strong>vivebant;</strong></span> <span class='ocrx_word' id='word_1_257' title='bbox 1331 3218 1385 3263; x_wconf 94' lang='lat' dir='ltr'><strong>et</strong></span> <span class='ocrx_word' id='word_1_258' title='bbox 1411 3219 1586 3264; x_wconf 86' lang='lat' dir='ltr'><strong>tamen</strong></span> <span class='ocrx_word' id='word_1_259' title='bbox 1608 3207 1709 3278; x_wconf 88' lang='lat' dir='ltr'><strong>ipsi</strong></span> <span class='ocrx_word' id='word_1_260' title='bbox 1735 3208 1804 3263; x_wconf 91' lang='lat' dir='ltr'><strong>ab</strong></span> 
     </span>
    </p>
   </div>
   <div class='ocr_carea' id='block_1_32' title="bbox 219 3302 1802 3368">
    <p class='ocr_par' dir='ltr' id='par_1_32' title="bbox 219 3302 1802 3368">
     <span class='ocr_line' id='line_1_32' title="bbox 219 3302 1802 3368; baseline -0.001 -9"><span class='ocrx_word' id='word_1_261' title='bbox 219 3305 444 3360; x_wconf 90' lang='lat' dir='ltr'><strong>inimicis</strong></span> <span class='ocrx_word' id='word_1_262' title='bbox 483 3303 924 3359; x_wconf 89' lang='lat' dir='ltr'><strong>absorbebantur.</strong></span> <span class='ocrx_word' id='word_1_263' title='bbox 962 3302 1135 3358; x_wconf 89' lang='lat' dir='ltr'><strong>Occisi</strong></span> <span class='ocrx_word' id='word_1_264' title='bbox 1169 3302 1513 3368; x_wconf 87' lang='lat' dir='ltr'><strong>eruebantur,</strong></span> <span class='ocrx_word' id='word_1_265' title='bbox 1558 3303 1802 3357; x_wconf 85' lang='lat' dir='ltr'><strong>viventes</strong></span> 
     </span>
    </p>
   </div>
   <div class='ocr_carea' id='block_1_33' title="bbox 217 3395 1801 3464">
    <p class='ocr_par' dir='ltr' id='par_1_33' title="bbox 217 3395 1801 3464">
     <span class='ocr_line' id='line_1_33' title="bbox 217 3395 1801 3464; baseline -0.001 -12"><span class='ocrx_word' id='word_1_266' title='bbox 217 3398 654 3454; x_wconf 85' lang='lat' dir='ltr'><strong>absorbebantur.</strong></span> <span class='ocrx_word' id='word_1_267' title='bbox 687 3397 816 3452; x_wconf 93' lang='lat' dir='ltr'><strong>lnde</strong></span> <span class='ocrx_word' id='word_1_268' title='bbox 859 3405 944 3452; x_wconf 92' lang='lat' dir='ltr'><strong>est</strong></span> <span class='ocrx_word' id='word_1_269' title='bbox 993 3405 1049 3451; x_wconf 93' lang='lat' dir='ltr'><strong>et</strong></span> <span class='ocrx_word' id='word_1_270' title='bbox 1094 3395 1186 3450; x_wconf 89' lang='lat' dir='ltr'><strong>illa</strong></span> <span class='ocrx_word' id='word_1_271' title='bbox 1228 3409 1328 3449; x_wconf 78' lang='lat' dir='ltr'><strong>vos</strong></span> <span class='ocrx_word' id='word_1_272' title='bbox 1377 3395 1746 3464; x_wconf 79' lang='lat' dir='ltr'><strong>gratulationis</strong></span> <span class='ocrx_word' id='word_1_273' title='bbox 1785 3412 1801 3450; x_wconf 88' lang='lat'><strong>:</strong></span> 
     </span>
    </p>
   </div>
   <div class='ocr_carea' id='block_1_34' title="bbox 218 3485 1802 3557">
    <p class='ocr_par' dir='ltr' id='par_1_34' title="bbox 218 3485 1802 3557">
     <span class='ocr_line' id='line_1_34' title="bbox 218 3485 1802 3557; baseline -0.001 -14"><span class='ocrx_word' id='word_1_274' title='bbox 218 3489 452 3544; x_wconf 77' lang='lat' dir='ltr'><strong>Forsitan</strong></span> <span class='ocrx_word' id='word_1_275' title='bbox 479 3491 614 3545; x_wconf 79' lang='lat' dir='ltr'><strong>uiuos</strong></span> <span class='ocrx_word' id='word_1_276' title='bbox 632 3489 997 3544; x_wconf 84' lang='lat' dir='ltr'><strong>absorbuissent</strong></span> <span class='ocrx_word' id='word_1_277' title='bbox 1025 3504 1116 3543; x_wconf 88' lang='lat' dir='ltr'><strong>nos</strong></span> <span class='ocrx_word' id='word_1_278' title='bbox 1145 3486 1313 3557; x_wconf 89' lang='lat' dir='ltr'><strong>(Psal.</strong></span> <span class='ocrx_word' id='word_1_279' title='bbox 1333 3501 1512 3548; x_wconf 81' lang='lat' dir='ltr'><strong>cxxut,</strong></span> <span class='ocrx_word' id='word_1_280' title='bbox 1543 3485 1619 3556; x_wconf 80' lang='grc'><strong>5).</strong></span> <span class='ocrx_word' id='word_1_281' title='bbox 1652 3485 1802 3541; x_wconf 85' lang='lat' dir='ltr'><strong>Mulli</strong></span> 
     </span>
    </p>
   </div>
   <div class='ocr_carea' id='block_1_35' title="bbox 217 3577 1800 3652">
    <p class='ocr_par' dir='ltr' id='par_1_35' title="bbox 217 3577 1800 3652">
     <span class='ocr_line' id='line_1_35' title="bbox 217 3577 1800 3652; baseline -0.003 -16"><span class='ocrx_word' id='word_1_282' title='bbox 217 3582 472 3652; x_wconf 81' lang='lat' dir='ltr'><strong>absorpti,</strong></span> <span class='ocrx_word' id='word_1_283' title='bbox 504 3590 559 3638; x_wconf 92' lang='lat' dir='ltr'><strong>et</strong></span> <span class='ocrx_word' id='word_1_284' title='bbox 584 3581 687 3636; x_wconf 89' lang='lat' dir='ltr'><strong>vivi</strong></span> <span class='ocrx_word' id='word_1_285' title='bbox 719 3581 984 3649; x_wconf 86' lang='lat' dir='ltr'><strong>absorpti;</strong></span> <span class='ocrx_word' id='word_1_286' title='bbox 1016 3580 1166 3634; x_wconf 89' lang='lat' dir='ltr'><strong>multi</strong></span> <span class='ocrx_word' id='word_1_287' title='bbox 1194 3579 1387 3632; x_wconf 90' lang='lat' dir='ltr'><strong>mortui</strong></span> <span class='ocrx_word' id='word_1_288' title='bbox 1417 3578 1671 3647; x_wconf 87' lang='lat' dir='ltr'><strong>absorpti.</strong></span> <span class='ocrx_word' id='word_1_289' title='bbox 1699 3577 1800 3646; x_wconf 88' lang='lat' dir='ltr'><strong>Qui</strong></span> 
     </span>
    </p>
   </div>
   <div class='ocr_carea' id='block_1_36' title="bbox 219 3668 1800 3744">
    <p class='ocr_par' dir='ltr' id='par_1_36' title="bbox 219 3668 1800 3744">
     <span class='ocr_line' id='line_1_36' title="bbox 219 3668 1800 3744; baseline -0.003 -16"><span class='ocrx_word' id='word_1_290' title='bbox 219 3682 533 3744; x_wconf 86' lang='lat' dir='ltr'><strong>putaverunt</strong></span> <span class='ocrx_word' id='word_1_291' title='bbox 562 3675 773 3728; x_wconf 87' lang='lat' dir='ltr'><strong>inanem</strong></span> <span class='ocrx_word' id='word_1_292' title='bbox 805 3686 924 3727; x_wconf 91' lang='lat' dir='ltr'><strong>esse</strong></span> <span class='ocrx_word' id='word_1_293' title='bbox 963 3671 1122 3725; x_wconf 90' lang='lat' dir='ltr'><strong>ﬁdem</strong></span> <span class='ocrx_word' id='word_1_294' title='bbox 1158 3669 1501 3724; x_wconf 90' lang='lat' dir='ltr'><strong>christianam</strong></span> <span class='ocrx_word' id='word_1_295' title='bbox 1533 3710 1548 3736; x_wconf 94' lang='lat'><strong>,</strong></span> <span class='ocrx_word' id='word_1_296' title='bbox 1605 3668 1800 3724; x_wconf 88' lang='lat' dir='ltr'><strong>mortui</strong></span> 
     </span>
    </p>
   </div>
   <div class='ocr_carea' id='block_1_37' title="bbox 217 3761 1803 3835">
    <p class='ocr_par' dir='ltr' id='par_1_37' title="bbox 217 3761 1803 3835">
     <span class='ocr_line' id='line_1_37' title="bbox 217 3761 1803 3835; baseline -0.003 -17"><span class='ocrx_word' id='word_1_297' title='bbox 217 3765 449 3835; x_wconf 80' lang='lat' dir='ltr'><strong>absorpti</strong></span> <span class='ocrx_word' id='word_1_298' title='bbox 472 3773 626 3819; x_wconf 90' lang='lat' dir='ltr'><strong>sunt:</strong></span> <span class='ocrx_word' id='word_1_299' title='bbox 644 3765 732 3834; x_wconf 88' lang='lat' dir='ltr'><strong>qui</strong></span> <span class='ocrx_word' id='word_1_300' title='bbox 754 3771 930 3818; x_wconf 89' lang='lat' dir='ltr'><strong>autem</strong></span> <span class='ocrx_word' id='word_1_301' title='bbox 960 3761 1189 3817; x_wconf 89' lang='lat' dir='ltr'><strong>scientes</strong></span> <span class='ocrx_word' id='word_1_302' title='bbox 1209 3761 1485 3814; x_wconf 87' lang='lat' dir='ltr'><strong>veritatem</strong></span> <span class='ocrx_word' id='word_1_303' title='bbox 1513 3774 1634 3815; x_wconf 87' lang='lat' dir='ltr'><strong>esse</strong></span> <span class='ocrx_word' id='word_1_304' title='bbox 1663 3774 1803 3829; x_wconf 73' lang='lat' dir='ltr'><strong>prm-</strong></span> 
     </span>
    </p>
   </div>
   <div class='ocr_carea' id='block_1_38' title="bbox 217 3851 1798 3927">
    <p class='ocr_par' dir='ltr' id='par_1_38' title="bbox 217 3851 1798 3927">
     <span class='ocr_line' id='line_1_38' title="bbox 217 3851 1798 3927; baseline -0.004 -15"><span class='ocrx_word' id='word_1_305' title='bbox 217 3857 532 3913; x_wconf 89' lang='lat' dir='ltr'><strong>dicationem</strong></span> <span class='ocrx_word' id='word_1_306' title='bbox 548 3853 1124 3927; x_wconf 82' lang='lat' dir='ltr'><strong>Evangelii,Christum</strong></span> <span class='ocrx_word' id='word_1_307' title='bbox 1151 3867 1270 3908; x_wconf 90' lang='lat' dir='ltr'><strong>esse</strong></span> <span class='ocrx_word' id='word_1_308' title='bbox 1300 3851 1489 3906; x_wconf 89' lang='lat' dir='ltr'><strong>Filium</strong></span> <span class='ocrx_word' id='word_1_309' title='bbox 1507 3851 1599 3906; x_wconf 91' lang='lat' dir='ltr'><strong>Dei</strong></span> <span class='ocrx_word' id='word_1_310' title='bbox 1620 3852 1798 3907; x_wconf 86' lang='lat' dir='ltr'><strong>scien-</strong></span> 
     </span>
    </p>
   </div>
   <div class='ocr_carea' id='block_1_39' title="bbox 218 3946 1800 4017">
    <p class='ocr_par' dir='ltr' id='par_1_39' title="bbox 218 3946 1800 4017">
     <span class='ocr_line' id='line_1_39' title="bbox 218 3946 1800 4017; baseline -0.002 -13"><span class='ocrx_word' id='word_1_311' title='bbox 218 3962 309 4017; x_wconf 92' lang='lat' dir='ltr'><strong>tes,</strong></span> <span class='ocrx_word' id='word_1_312' title='bbox 335 3949 516 4006; x_wconf 90' lang='lat' dir='ltr'><strong>ethoc</strong></span> <span class='ocrx_word' id='word_1_313' title='bbox 540 3949 842 4012; x_wconf 87' lang='lat' dir='ltr'><strong>credentes,</strong></span> <span class='ocrx_word' id='word_1_314' title='bbox 861 3946 1037 4001; x_wconf 91' lang='lat' dir='ltr'><strong>ethoc</strong></span> <span class='ocrx_word' id='word_1_315' title='bbox 1063 3947 1203 4000; x_wconf 90' lang='lat' dir='ltr'><strong>intus</strong></span> <span class='ocrx_word' id='word_1_316' title='bbox 1233 3953 1494 4010; x_wconf 86' lang='lat' dir='ltr'><strong>tenentes,</strong></span> <span class='ocrx_word' id='word_1_317' title='bbox 1523 3954 1800 4001; x_wconf 89' lang='lat' dir='ltr'><strong>cesserunt</strong></span> 
     </span>
    </p>
   </div>
   <div class='ocr_carea' id='block_1_40' title="bbox 217 4037 1797 4108">
    <p class='ocr_par' dir='ltr' id='par_1_40' title="bbox 217 4037 1797 4108">
     <span class='ocr_line' id='line_1_40' title="bbox 217 4037 1797 4108; baseline -0.003 -12"><span class='ocrx_word' id='word_1_318' title='bbox 217 4051 390 4098; x_wconf 90' lang='lat' dir='ltr'><strong>tamen</strong></span> <span class='ocrx_word' id='word_1_319' title='bbox 410 4041 707 4108; x_wconf 90' lang='lat' dir='ltr'><strong>doloribus,</strong></span> <span class='ocrx_word' id='word_1_320' title='bbox 723 4049 774 4095; x_wconf 91' lang='lat' dir='ltr'><strong>et</strong></span> <span class='ocrx_word' id='word_1_321' title='bbox 794 4039 948 4094; x_wconf 89' lang='lat' dir='ltr'><strong>idolis</strong></span> <span class='ocrx_word' id='word_1_322' title='bbox 972 4037 1426 4103; x_wconf 88' lang='lat' dir='ltr'><strong>sacriﬁcaverunt,</strong></span> <span class='ocrx_word' id='word_1_323' title='bbox 1443 4037 1545 4092; x_wconf 87' lang='lat' dir='ltr'><strong>vivi</strong></span> <span class='ocrx_word' id='word_1_324' title='bbox 1563 4037 1797 4108; x_wconf 84' lang='lat' dir='ltr'><strong>absorpti</strong></span> 
     </span>
    </p>
   </div>
   <div class='ocr_carea' id='block_1_41' title="bbox 216 4129 1798 4204">
    <p class='ocr_par' dir='ltr' id='par_1_41' title="bbox 216 4129 1798 4204">
     <span class='ocr_line' id='line_1_41' title="bbox 216 4129 1798 4204; baseline -0.003 -15"><span class='ocrx_word' id='word_1_325' title='bbox 216 4147 353 4190; x_wconf 89' lang='lat' dir='ltr'><strong>sunt.</strong></span> <span class='ocrx_word' id='word_1_326' title='bbox 378 4135 457 4190; x_wconf 90' lang='lat' dir='ltr'><strong>llli</strong></span> <span class='ocrx_word' id='word_1_327' title='bbox 486 4133 722 4204; x_wconf 91' lang='lat' dir='ltr'><strong>absorpti</strong></span> <span class='ocrx_word' id='word_1_328' title='bbox 758 4140 902 4198; x_wconf 92' lang='lat' dir='ltr'><strong>sunt,</strong></span> <span class='ocrx_word' id='word_1_329' title='bbox 942 4131 1062 4201; x_wconf 89' lang='lat' dir='ltr'><strong>quia</strong></span> <span class='ocrx_word' id='word_1_330' title='bbox 1092 4129 1322 4194; x_wconf 90' lang='lat' dir='ltr'><strong>mortui;</strong></span> <span class='ocrx_word' id='word_1_331' title='bbox 1350 4129 1424 4182; x_wconf 94' lang='lat' dir='ltr'><strong>illi</strong></span> <span class='ocrx_word' id='word_1_332' title='bbox 1453 4137 1628 4184; x_wconf 88' lang='lat' dir='ltr'><strong>autem</strong></span> <span class='ocrx_word' id='word_1_333' title='bbox 1675 4129 1798 4199; x_wconf 84' lang='lat' dir='ltr'><strong>quia</strong></span> 
     </span>
    </p>
   </div>
   <div class='ocr_carea' id='block_1_42' title="bbox 215 4219 1796 4297">
    <p class='ocr_par' dir='ltr' id='par_1_42' title="bbox 215 4219 1796 4297">
     <span class='ocr_line' id='line_1_42' title="bbox 215 4219 1796 4297; baseline -0.005 -16"><span class='ocrx_word' id='word_1_334' title='bbox 215 4229 468 4297; x_wconf 86' lang='lat' dir='ltr'><strong>absorpti,</strong></span> <span class='ocrx_word' id='word_1_335' title='bbox 485 4225 704 4280; x_wconf 88' lang='lat' dir='ltr'><strong>mortui.</strong></span> <span class='ocrx_word' id='word_1_336' title='bbox 727 4223 840 4278; x_wconf 86' lang='lat' dir='ltr'><strong>Non</strong></span> <span class='ocrx_word' id='word_1_337' title='bbox 859 4223 1001 4278; x_wconf 91' lang='lat' dir='ltr'><strong>enim</strong></span> <span class='ocrx_word' id='word_1_338' title='bbox 1024 4221 1258 4290; x_wconf 88' lang='lat' dir='ltr'><strong>absorpti</strong></span> <span class='ocrx_word' id='word_1_339' title='bbox 1283 4219 1463 4274; x_wconf 78' lang='lat' dir='ltr'><strong>vivere</strong></span> <span class='ocrx_word' id='word_1_340' title='bbox 1491 4227 1796 4289; x_wconf 89' lang='lat' dir='ltr'><strong>potuerunt,</strong></span> 
     </span>
    </p>
   </div>
   <div class='ocr_carea' id='block_1_43' title="bbox 215 4310 1796 4390">
    <p class='ocr_par' dir='ltr' id='par_1_43' title="bbox 215 4310 1796 4390">
     <span class='ocr_line' id='line_1_43' title="bbox 215 4310 1796 4390; baseline -0.005 -17"><span class='ocrx_word' id='word_1_341' title='bbox 215 4319 452 4390; x_wconf 86' lang='lat' dir='ltr'><strong>quamvis</strong></span> <span class='ocrx_word' id='word_1_342' title='bbox 481 4317 584 4371; x_wconf 87' lang='lat' dir='ltr'><strong>vivi</strong></span> <span class='ocrx_word' id='word_1_343' title='bbox 614 4311 1046 4371; x_wconf 81' lang='lat' dir='ltr'><strong>absorberentur.</strong></span> <span class='ocrx_word' id='word_1_344' title='bbox 1077 4313 1216 4382; x_wconf 88' lang='lat' dir='ltr'><strong>Ergo</strong></span> <span class='ocrx_word' id='word_1_345' title='bbox 1246 4310 1349 4365; x_wconf 88' lang='lat' dir='ltr'><strong>hoc</strong></span> <span class='ocrx_word' id='word_1_346' title='bbox 1377 4320 1494 4364; x_wconf 90' lang='lat' dir='ltr'><strong>orat</strong></span> <span class='ocrx_word' id='word_1_347' title='bbox 1521 4326 1622 4365; x_wconf 81' lang='lat' dir='ltr'><strong>vox</strong></span> <span class='ocrx_word' id='word_1_348' title='bbox 1651 4325 1796 4366; x_wconf 88' lang='lat' dir='ltr'><strong>mar-</strong></span> 
     </span>
    </p>
   </div>
   <div class='ocr_carea' id='block_1_44' title="bbox 126 4405 1798 4485">
    <p class='ocr_par' dir='ltr' id='par_1_44' title="bbox 126 4405 1798 4485">
     <span class='ocr_line' id='line_1_44' title="bbox 126 4405 1798 4485; baseline -0.007 -16"><span class='ocrx_word' id='word_1_349' title='bbox 126 4442 134 4453; x_wconf 88' lang='lat'><strong><em>-</em></strong></span> <span class='ocrx_word' id='word_1_350' title='bbox 218 4423 408 4485; x_wconf 78' lang='lat' dir='ltr'><strong>tyrum,</strong></span> <span class='ocrx_word' id='word_1_351' title='bbox 438 4412 485 4465; x_wconf 83' lang='lat' dir='ltr'><strong><em>A</em></strong></span> <span class='ocrx_word' id='word_1_352' title='bbox 514 4410 691 4464; x_wconf 85' lang='lat' dir='ltr'><strong>timore</strong></span> <span class='ocrx_word' id='word_1_353' title='bbox 713 4409 903 4462; x_wconf 87' lang='lat' dir='ltr'><strong>inimici</strong></span> <span class='ocrx_word' id='word_1_354' title='bbox 935 4423 1048 4460; x_wconf 87' lang='lat' dir='ltr'><strong>erue</strong></span> <span class='ocrx_word' id='word_1_355' title='bbox 1085 4405 1306 4459; x_wconf 87' lang='lat' dir='ltr'><strong>animam</strong></span> <span class='ocrx_word' id='word_1_356' title='bbox 1344 4418 1506 4457; x_wconf 86' lang='lat' dir='ltr'><strong>meam</strong></span> <span class='ocrx_word' id='word_1_357' title='bbox 1543 4419 1562 4456; x_wconf 92' lang='lat'><strong><em>:</em></strong></span> <span class='ocrx_word' id='word_1_358' title='bbox 1605 4417 1713 4456; x_wconf 88' lang='lat' dir='ltr'><strong>non</strong></span> <span class='ocrx_word' id='word_1_359' title='bbox 1740 4411 1798 4458; x_wconf 91' lang='lat' dir='ltr'><strong>ut</strong></span> 
     </span>
    </p>
   </div>
   <div class='ocr_carea' id='block_1_45' title="bbox 215 4495 1795 4563">
    <p class='ocr_par' dir='ltr' id='par_1_45' title="bbox 215 4495 1795 4563">
     <span class='ocr_line' id='line_1_45' title="bbox 215 4495 1795 4563; baseline -0.006 -4"><span class='ocrx_word' id='word_1_360' title='bbox 215 4522 296 4561; x_wconf 89' lang='lat' dir='ltr'><strong>me</strong></span> <span class='ocrx_word' id='word_1_361' title='bbox 326 4520 431 4560; x_wconf 92' lang='lat' dir='ltr'><strong>non</strong></span> <span class='ocrx_word' id='word_1_362' title='bbox 471 4502 680 4559; x_wconf 88' lang='lat' dir='ltr'><strong>occidat</strong></span> <span class='ocrx_word' id='word_1_363' title='bbox 716 4500 982 4563; x_wconf 89' lang='lat' dir='ltr'><strong>inimicus,</strong></span> <span class='ocrx_word' id='word_1_364' title='bbox 1016 4497 1112 4554; x_wconf 88' lang='lat' dir='ltr'><strong>sed</strong></span> <span class='ocrx_word' id='word_1_365' title='bbox 1143 4505 1202 4552; x_wconf 88' lang='lat' dir='ltr'><strong>ut</strong></span> <span class='ocrx_word' id='word_1_366' title='bbox 1249 4509 1356 4550; x_wconf 91' lang='lat' dir='ltr'><strong>non</strong></span> <span class='ocrx_word' id='word_1_367' title='bbox 1404 4495 1621 4550; x_wconf 89' lang='lat' dir='ltr'><strong>timeam</strong></span> <span class='ocrx_word' id='word_1_368' title='bbox 1651 4495 1795 4550; x_wconf 84' lang='lat' dir='ltr'><strong>occi-</strong></span> 
     </span>
    </p>
   </div>
   <div class='ocr_carea' id='block_1_46' title="bbox 214 4587 1791 4657">
    <p class='ocr_par' dir='ltr' id='par_1_46' title="bbox 214 4587 1791 4657">
     <span class='ocr_line' id='line_1_46' title="bbox 214 4587 1791 4657; baseline -0.007 -4"><span class='ocrx_word' id='word_1_369' title='bbox 214 4597 422 4653; x_wconf 87' lang='lat' dir='ltr'><strong>dentem</strong></span> <span class='ocrx_word' id='word_1_370' title='bbox 450 4596 745 4651; x_wconf 90' lang='lat' dir='ltr'><strong>inimicum.</strong></span> <span class='ocrx_word' id='word_1_371' title='bbox 780 4593 890 4647; x_wconf 92' lang='lat' dir='ltr'><strong>Hoc</strong></span> <span class='ocrx_word' id='word_1_372' title='bbox 914 4600 1031 4645; x_wconf 91' lang='lat' dir='ltr'><strong>orat</strong></span> <span class='ocrx_word' id='word_1_373' title='bbox 1051 4590 1102 4644; x_wconf 95' lang='lat' dir='ltr'><strong>in</strong></span> <span class='ocrx_word' id='word_1_374' title='bbox 1122 4589 1332 4644; x_wconf 91' lang='lat' dir='ltr'><strong>Psalmo</strong></span> <span class='ocrx_word' id='word_1_375' title='bbox 1349 4587 1557 4657; x_wconf 89' lang='lat' dir='ltr'><strong>impleri</strong></span> <span class='ocrx_word' id='word_1_376' title='bbox 1583 4601 1791 4653; x_wconf 89' lang='lat' dir='ltr'><strong>servus,</strong></span> 
     </span>
    </p>
   </div>
   <div class='ocr_carea' id='block_1_47' title="bbox 211 4679 1796 4762">
    <p class='ocr_par' dir='ltr' id='par_1_47' title="bbox 211 4679 1796 4762">
     <span class='ocr_line' id='line_1_47' title="bbox 211 4679 1796 4762; baseline -0.006 -17"><span class='ocrx_word' id='word_1_377' title='bbox 211 4691 350 4762; x_wconf 90' lang='lat' dir='ltr'><strong>quod</strong></span> <span class='ocrx_word' id='word_1_378' title='bbox 377 4689 540 4747; x_wconf 91' lang='lat' dir='ltr'><strong>modo</strong></span> <span class='ocrx_word' id='word_1_379' title='bbox 562 4687 780 4759; x_wconf 87' lang='lat' dir='ltr'><strong>jubebat</strong></span> <span class='ocrx_word' id='word_1_380' title='bbox 811 4687 861 4740; x_wconf 91' lang='lat' dir='ltr'><strong>in</strong></span> <span class='ocrx_word' id='word_1_381' title='bbox 883 4683 1174 4754; x_wconf 88' lang='lat' dir='ltr'><strong>Evangelio</strong></span> <span class='ocrx_word' id='word_1_382' title='bbox 1189 4681 1465 4736; x_wconf 92' lang='lat' dir='ltr'><strong>Dominus.</strong></span> <span class='ocrx_word' id='word_1_383' title='bbox 1482 4679 1616 4747; x_wconf 87' lang='lat' dir='ltr'><strong>Quid</strong></span> <span class='ocrx_word' id='word_1_384' title='bbox 1638 4680 1796 4736; x_wconf 92' lang='lat' dir='ltr'><strong>modo</strong></span> 
     </span>
    </p>
   </div>
   <div class='ocr_carea' id='block_1_48' title="bbox 209 4775 1790 4856">
    <p class='ocr_par' dir='ltr' id='par_1_48' title="bbox 209 4775 1790 4856">
     <span class='ocr_line' id='line_1_48' title="bbox 209 4775 1790 4856; baseline -0.008 -16"><span class='ocrx_word' id='word_1_385' title='bbox 209 4786 424 4856; x_wconf 86' lang='lat' dir='ltr'><strong>jubebat</strong></span> <span class='ocrx_word' id='word_1_386' title='bbox 440 4782 731 4839; x_wconf 81' lang='lat' dir='ltr'><strong>Dominus?</strong></span> <span class='ocrx_word' id='word_1_387' title='bbox 750 4779 922 4835; x_wconf 82' lang='lat' dir='ltr'><strong>Nolite</strong></span> <span class='ocrx_word' id='word_1_388' title='bbox 940 4779 1111 4832; x_wconf 87' lang='lat' dir='ltr'><strong>timere</strong></span> <span class='ocrx_word' id='word_1_389' title='bbox 1126 4793 1208 4831; x_wconf 88' lang='lat' dir='ltr'><strong>eos</strong></span> <span class='ocrx_word' id='word_1_390' title='bbox 1227 4775 1312 4848; x_wconf 87' lang='lat' dir='ltr'><strong>qui</strong></span> <span class='ocrx_word' id='word_1_391' title='bbox 1330 4791 1516 4846; x_wconf 82' lang='lat' dir='ltr'><strong>corpus</strong></span> <span class='ocrx_word' id='word_1_392' title='bbox 1536 4775 1790 4840; x_wconf 85' lang='lat' dir='ltr'><strong>occidunt,</strong></span> 
     </span>
    </p>
   </div>
   <div class='ocr_carea' id='block_1_49' title="bbox 211 4867 1795 4944">
    <p class='ocr_par' dir='ltr' id='par_1_49' title="bbox 211 4867 1795 4944">
     <span class='ocr_line' id='line_1_49' title="bbox 211 4867 1795 4944; baseline -0.009 -11"><span class='ocrx_word' id='word_1_393' title='bbox 211 4882 429 4934; x_wconf 89' lang='lat' dir='ltr'><strong>animam</strong></span> <span class='ocrx_word' id='word_1_394' title='bbox 457 4887 626 4933; x_wconf 86' lang='lat' dir='ltr'><strong>autem</strong></span> <span class='ocrx_word' id='word_1_395' title='bbox 663 4892 763 4930; x_wconf 91' lang='lat' dir='ltr'><strong>non</strong></span> <span class='ocrx_word' id='word_1_396' title='bbox 803 4881 1010 4944; x_wconf 82' lang='lat' dir='ltr'><strong>possunt</strong></span> <span class='ocrx_word' id='word_1_397' title='bbox 1049 4869 1310 4933; x_wconf 78' lang='lat' dir='ltr'><strong>occidere;</strong></span> <span class='ocrx_word' id='word_1_398' title='bbox 1351 4867 1441 4921; x_wconf 84' lang='lat' dir='ltr'><strong>sed</strong></span> <span class='ocrx_word' id='word_1_399' title='bbox 1468 4884 1583 4921; x_wconf 89' lang='lat' dir='ltr'><strong>eum</strong></span> <span class='ocrx_word' id='word_1_400' title='bbox 1629 4867 1795 4937; x_wconf 82' lang='lat' dir='ltr'><strong>potius</strong></span> 
     </span>
    </p>
   </div>
   <div class='ocr_carea' id='block_1_50' title="bbox 212 4962 1788 5043">
    <p class='ocr_par' dir='ltr' id='par_1_50' title="bbox 212 4962 1788 5043">
     <span class='ocr_line' id='line_1_50' title="bbox 212 4962 1788 5043; baseline -0.009 -18"><span class='ocrx_word' id='word_1_401' title='bbox 212 4974 371 5027; x_wconf 79' lang='lat' dir='ltr'><strong>timete</strong></span> <span class='ocrx_word' id='word_1_402' title='bbox 395 4971 486 5043; x_wconf 87' lang='lat' dir='ltr'><strong>qui</strong></span> <span class='ocrx_word' id='word_1_403' title='bbox 516 4971 661 5023; x_wconf 81' lang='lat' dir='ltr'><strong>habet</strong></span> <span class='ocrx_word' id='word_1_404' title='bbox 693 4973 1002 5039; x_wconf 82' lang='lat' dir='ltr'><strong>potestatem,</strong></span> <span class='ocrx_word' id='word_1_405' title='bbox 1032 4972 1078 5016; x_wconf 83' lang='lat' dir='ltr'><strong>et</strong></span> <span class='ocrx_word' id='word_1_406' title='bbox 1103 4962 1344 5024; x_wconf 90' lang='lat' dir='ltr'><strong>animam,</strong></span> <span class='ocrx_word' id='word_1_407' title='bbox 1389 4968 1434 5014; x_wconf 88' lang='lat' dir='ltr'><strong>et</strong></span> <span class='ocrx_word' id='word_1_408' title='bbox 1472 4975 1658 5028; x_wconf 85' lang='lat' dir='ltr'><strong>corpus</strong></span> <span class='ocrx_word' id='word_1_409' title='bbox 1699 4975 1788 5011; x_wconf 86' lang='lat' dir='ltr'><strong>oc-</strong></span> 
     </span>
    </p>
   </div>
   <div class='ocr_carea' id='block_1_51' title="bbox 209 5051 1788 5134">
    <p class='ocr_par' dir='ltr' id='par_1_51' title="bbox 209 5051 1788 5134">
     <span class='ocr_line' id='line_1_51' title="bbox 209 5051 1788 5134; baseline -0.006 -17"><span class='ocrx_word' id='word_1_410' title='bbox 209 5066 369 5120; x_wconf 81' lang='lat' dir='ltr'><strong>cidere</strong></span> <span class='ocrx_word' id='word_1_411' title='bbox 409 5065 466 5118; x_wconf 85' lang='lat' dir='ltr'><strong>in</strong></span> <span class='ocrx_word' id='word_1_412' title='bbox 503 5062 731 5134; x_wconf 83' lang='lat' dir='ltr'><strong>geltenna</strong></span> <span class='ocrx_word' id='word_1_413' title='bbox 759 5059 888 5130; x_wconf 87' lang='lat' dir='ltr'><strong>ignis</strong></span> <span class='ocrx_word' id='word_1_414' title='bbox 915 5055 1127 5127; x_wconf 81' lang='lat' dir='ltr'><strong>(Matth.</strong></span> <span class='ocrx_word' id='word_1_415' title='bbox 1160 5071 1193 5108; x_wconf 72' lang='grc' dir='ltr'><strong>κ</strong></span> <span class='ocrx_word' id='word_1_416' title='bbox 1212 5095 1227 5121; x_wconf 88' lang='grc'><em>,</em></span> <span class='ocrx_word' id='word_1_417' title='bbox 1257 5053 1372 5123; x_wconf 66' lang='lat'><strong>98).</strong></span> <span class='ocrx_word' id='word_1_418' title='bbox 1408 5053 1473 5107; x_wconf 87' lang='lat' dir='ltr'><strong>Et</strong></span> <span class='ocrx_word' id='word_1_419' title='bbox 1499 5051 1745 5121; x_wconf 87' lang='lat' dir='ltr'><strong>repetivit</strong></span> <span class='ocrx_word' id='word_1_420' title='bbox 1773 5069 1788 5107; x_wconf 86' lang='lat'><strong>:</strong></span> 
     </span>
    </p>
   </div>
   <div class='ocr_carea' id='block_1_52' title="bbox 208 5143 1792 5221">
    <p class='ocr_par' dir='ltr' id='par_1_52' title="bbox 208 5143 1792 5221">
     <span class='ocr_line' id='line_1_52' title="bbox 208 5143 1792 5221; baseline -0.006 -13"><span class='ocrx_word' id='word_1_421' title='bbox 208 5155 291 5210; x_wconf 85' lang='lat' dir='ltr'><strong>Ita</strong></span> <span class='ocrx_word' id='word_1_422' title='bbox 328 5157 440 5210; x_wconf 78' lang='lat' dir='ltr'><strong>diro</strong></span> <span class='ocrx_word' id='word_1_423' title='bbox 476 5153 650 5218; x_wconf 75' lang='lat' dir='ltr'><strong>vobis;</strong></span> <span class='ocrx_word' id='word_1_424' title='bbox 677 5167 790 5205; x_wconf 87' lang='lat' dir='ltr'><strong>eum</strong></span> <span class='ocrx_word' id='word_1_425' title='bbox 821 5150 987 5203; x_wconf 86' lang='lat' dir='ltr'><strong>timete</strong></span> <span class='ocrx_word' id='word_1_426' title='bbox 1017 5146 1165 5221; x_wconf 88' lang='lat' dir='ltr'><strong>(Luc.</strong></span> <span class='ocrx_word' id='word_1_427' title='bbox 1203 5161 1293 5210; x_wconf 77' lang='lat' dir='ltr'><strong>xu,</strong></span> <span class='ocrx_word' id='word_1_428' title='bbox 1324 5145 1399 5216; x_wconf 83' lang='lat'><strong>5).</strong></span> <span class='ocrx_word' id='word_1_429' title='bbox 1432 5144 1530 5210; x_wconf 85' lang='lat' dir='ltr'><strong>Qui</strong></span> <span class='ocrx_word' id='word_1_430' title='bbox 1556 5153 1680 5198; x_wconf 85' lang='lat' dir='ltr'><strong>sunt</strong></span> <span class='ocrx_word' id='word_1_431' title='bbox 1703 5143 1792 5215; x_wconf 92' lang='lat' dir='ltr'><strong>qui</strong></span> 
     </span>
    </p>
   </div>
   <div class='ocr_carea' id='block_1_53' title="bbox 206 5236 1792 5320">
    <p class='ocr_par' dir='ltr' id='par_1_53' title="bbox 206 5236 1792 5320">
     <span class='ocr_line' id='line_1_53' title="bbox 206 5236 1792 5320; baseline -0.008 -15"><span class='ocrx_word' id='word_1_432' title='bbox 206 5267 396 5320; x_wconf 82' lang='lat' dir='ltr'><strong>corpus</strong></span> <span class='ocrx_word' id='word_1_433' title='bbox 426 5245 709 5305; x_wconf 82' lang='lat' dir='ltr'><strong>occidunt?</strong></span> <span class='ocrx_word' id='word_1_434' title='bbox 739 5241 961 5298; x_wconf 89' lang='lat' dir='ltr'><strong>Inimici.</strong></span> <span class='ocrx_word' id='word_1_435' title='bbox 995 5239 1129 5309; x_wconf 89' lang='lat' dir='ltr'><strong>Quid</strong></span> <span class='ocrx_word' id='word_1_436' title='bbox 1152 5239 1368 5308; x_wconf 88' lang='lat' dir='ltr'><strong>jubchat</strong></span> <span class='ocrx_word' id='word_1_437' title='bbox 1395 5236 1688 5292; x_wconf 82' lang='lat' dir='ltr'><strong>Dominus?</strong></span> <span class='ocrx_word' id='word_1_438' title='bbox 1714 5236 1792 5293; x_wconf 86' lang='lat' dir='ltr'><strong>Ne</strong></span> 
     </span>
    </p>
   </div>
   <div class='ocr_carea' id='block_1_54' title="bbox 208 5331 1792 5406">
    <p class='ocr_par' dir='ltr' id='par_1_54' title="bbox 208 5331 1792 5406">
     <span class='ocr_line' id='line_1_54' title="bbox 208 5331 1792 5406; baseline -0.008 -8"><span class='ocrx_word' id='word_1_439' title='bbox 208 5345 540 5399; x_wconf 88' lang='lat' dir='ltr'><strong>timerentur.</strong></span> <span class='ocrx_word' id='word_1_440' title='bbox 577 5337 770 5395; x_wconf 89' lang='lat' dir='ltr'><strong>Oretur</strong></span> <span class='ocrx_word' id='word_1_441' title='bbox 799 5351 927 5406; x_wconf 88' lang='lat' dir='ltr'><strong>ergo</strong></span> <span class='ocrx_word' id='word_1_442' title='bbox 974 5343 1031 5389; x_wconf 92' lang='lat' dir='ltr'><strong>ut</strong></span> <span class='ocrx_word' id='word_1_443' title='bbox 1080 5341 1292 5404; x_wconf 57' lang='lat' dir='ltr'><strong>praestet</strong></span> <span class='ocrx_word' id='word_1_444' title='bbox 1349 5331 1490 5403; x_wconf 85' lang='lat' dir='ltr'><strong>quod</strong></span> <span class='ocrx_word' id='word_1_445' title='bbox 1530 5331 1700 5401; x_wconf 82' lang='lat' dir='ltr'><strong>jubet.</strong></span> <span class='ocrx_word' id='word_1_446' title='bbox 1745 5331 1792 5386; x_wconf 75' lang='grc' dir='ltr'><em>Α</em></span> 
     </span>
    </p>
   </div>
   <div class='ocr_carea' id='block_1_55' title="bbox 205 5423 1790 5492">
    <p class='ocr_par' dir='ltr' id='par_1_55' title="bbox 205 5423 1790 5492">
     <span class='ocr_line' id='line_1_55' title="bbox 205 5423 1790 5492; baseline -0.007 -2"><span class='ocrx_word' id='word_1_447' title='bbox 205 5439 380 5492; x_wconf 85' lang='lat' dir='ltr'><strong>timore</strong></span> <span class='ocrx_word' id='word_1_448' title='bbox 408 5435 602 5490; x_wconf 87' lang='lat' dir='ltr'><strong>inimici</strong></span> <span class='ocrx_word' id='word_1_449' title='bbox 629 5448 745 5486; x_wconf 88' lang='lat' dir='ltr'><strong>erue</strong></span> <span class='ocrx_word' id='word_1_450' title='bbox 768 5429 991 5484; x_wconf 89' lang='lat' dir='ltr'><strong>animam</strong></span> <span class='ocrx_word' id='word_1_451' title='bbox 1017 5443 1195 5481; x_wconf 88' lang='lat' dir='ltr'><strong>meam.</strong></span> <span class='ocrx_word' id='word_1_452' title='bbox 1231 5425 1370 5480; x_wconf 83' lang='lat' dir='ltr'><strong>Erue</strong></span> <span class='ocrx_word' id='word_1_453' title='bbox 1404 5439 1490 5480; x_wconf 91' lang='lat' dir='ltr'><strong>me</strong></span> <span class='ocrx_word' id='word_1_454' title='bbox 1529 5438 1558 5478; x_wconf 87' lang='lat' dir='ltr'><strong>a</strong></span> <span class='ocrx_word' id='word_1_455' title='bbox 1600 5423 1790 5479; x_wconf 87' lang='lat' dir='ltr'><strong>timore</strong></span> 
     </span>
    </p>
   </div>
   <div class='ocr_carea' id='block_1_56' title="bbox 206 5517 1784 5597">
    <p class='ocr_par' dir='ltr' id='par_1_56' title="bbox 206 5517 1784 5597">
     <span class='ocr_line' id='line_1_56' title="bbox 206 5517 1784 5597; baseline -0.008 -11"><span class='ocrx_word' id='word_1_456' title='bbox 206 5531 426 5597; x_wconf 90' lang='lat' dir='ltr'><strong>inimici,</strong></span> <span class='ocrx_word' id='word_1_457' title='bbox 479 5536 534 5583; x_wconf 91' lang='lat' dir='ltr'><strong>et</strong></span> <span class='ocrx_word' id='word_1_458' title='bbox 575 5525 742 5580; x_wconf 88' lang='lat' dir='ltr'><strong>subde</strong></span> <span class='ocrx_word' id='word_1_459' title='bbox 786 5522 962 5578; x_wconf 92' lang='lat' dir='ltr'><strong>timori</strong></span> <span class='ocrx_word' id='word_1_460' title='bbox 1007 5528 1117 5575; x_wconf 91' lang='lat' dir='ltr'><strong>tuo.</strong></span> <span class='ocrx_word' id='word_1_461' title='bbox 1156 5519 1271 5574; x_wconf 86' lang='lat' dir='ltr'><strong>Non</strong></span> <span class='ocrx_word' id='word_1_462' title='bbox 1303 5519 1517 5573; x_wconf 89' lang='lat' dir='ltr'><strong>timeam</strong></span> <span class='ocrx_word' id='word_1_463' title='bbox 1546 5533 1667 5573; x_wconf 90' lang='lat' dir='ltr'><strong>eum</strong></span> <span class='ocrx_word' id='word_1_464' title='bbox 1695 5517 1784 5588; x_wconf 88' lang='lat' dir='ltr'><strong>qui</strong></span> 
     </span>
    </p>
   </div>
   <div class='ocr_carea' id='block_1_57' title="bbox 204 5611 1784 5694">
    <p class='ocr_par' dir='ltr' id='par_1_57' title="bbox 204 5611 1784 5694">
     <span class='ocr_line' id='line_1_57' title="bbox 204 5611 1784 5694; baseline -0.009 -14"><span class='ocrx_word' id='word_1_465' title='bbox 204 5637 400 5694; x_wconf 86' lang='lat' dir='ltr'><strong>corpus</strong></span> <span class='ocrx_word' id='word_1_466' title='bbox 427 5619 657 5684; x_wconf 89' lang='lat' dir='ltr'><strong>occidit;</strong></span> <span class='ocrx_word' id='word_1_467' title='bbox 687 5617 782 5674; x_wconf 87' lang='lat' dir='ltr'><strong>sed</strong></span> <span class='ocrx_word' id='word_1_468' title='bbox 819 5617 1034 5671; x_wconf 83' lang='lat' dir='ltr'><strong>timeam</strong></span> <span class='ocrx_word' id='word_1_469' title='bbox 1065 5629 1187 5670; x_wconf 92' lang='lat' dir='ltr'><strong>eum</strong></span> <span class='ocrx_word' id='word_1_470' title='bbox 1216 5613 1306 5683; x_wconf 89' lang='lat' dir='ltr'><strong>qui</strong></span> <span class='ocrx_word' id='word_1_471' title='bbox 1348 5611 1507 5667; x_wconf 89' lang='lat' dir='ltr'><strong>habet</strong></span> <span class='ocrx_word' id='word_1_472' title='bbox 1549 5618 1784 5682; x_wconf 88' lang='lat' dir='ltr'><strong>potesta-</strong></span> 
     </span>
    </p>
   </div>
   <div class='ocr_carea' id='block_1_58' title="bbox 266 5797 1516 5861">
    <p class='ocr_par' dir='ltr' id='par_1_58' title="bbox 266 5797 1516 5861">
     <span class='ocr_line' id='line_1_58' title="bbox 266 5797 1516 5861; baseline 0.007 -10"><span class='ocrx_word' id='word_1_473' title='bbox 266 5805 281 5836; x_wconf 76' lang='grc' dir='ltr'>ι</span> <span class='ocrx_word' id='word_1_474' title='bbox 318 5804 395 5852; x_wconf 88' lang='lat' dir='ltr'><strong>sic</strong></span> <span class='ocrx_word' id='word_1_475' title='bbox 412 5809 513 5851; x_wconf 82' lang='lat' dir='ltr'><strong>Mss.</strong></span> <span class='ocrx_word' id='word_1_476' title='bbox 539 5797 740 5858; x_wconf 80' lang='lat' dir='ltr'><strong>AtEdd.,</strong></span> <span class='ocrx_word' id='word_1_477' title='bbox 763 5809 930 5861; x_wconf 80' lang='lat' dir='ltr'><strong>supra.</strong></span> <span class='ocrx_word' id='word_1_478' title='bbox 1163 5860 1197 5861; x_wconf 38' lang='grc' dir='ltr'><em>η</em></span> <span class='ocrx_word' id='word_1_479' title='bbox 1337 5850 1347 5861; x_wconf 91' lang='grc'><em>,</em></span> <span class='ocrx_word' id='word_1_480' title='bbox 1459 5855 1470 5861; x_wconf 80' lang='grc'><strong><em>,</em></strong></span> <span class='ocrx_word' id='word_1_481' title='bbox 1506 5849 1516 5860; x_wconf 91' lang='grc'><strong>.</strong></span> 
     </span>
    </p>
   </div>
   <div class='ocr_carea' id='block_1_59' title="bbox 263 5847 1786 5923">
    <p class='ocr_par' dir='ltr' id='par_1_59' title="bbox 263 5847 1786 5923">
     <span class='ocr_line' id='line_1_59' title="bbox 263 5847 1786 5923; baseline -0.008 -11"><span class='ocrx_word' id='word_1_482' title='bbox 263 5869 284 5897; x_wconf 78' lang='grc'>²</span> <span class='ocrx_word' id='word_1_483' title='bbox 320 5847 592 5923; x_wconf 59' lang='grc' dir='ltr'><strong>ἓᾷἷὰξξᾙιιιιᾷ</strong></span> <span class='ocrx_word' id='word_1_484' title='bbox 607 5847 856 5923; x_wconf 70' lang='lat' dir='ltr'><strong>depreeoi&#39;.</strong></span> <span class='ocrx_word' id='word_1_485' title='bbox 881 5865 934 5908; x_wconf 79' lang='lat' dir='ltr'><strong>At</strong></span> <span class='ocrx_word' id='word_1_486' title='bbox 967 5866 1142 5907; x_wconf 90' lang='lat' dir='ltr'><strong>omnes</strong></span> <span class='ocrx_word' id='word_1_487' title='bbox 1162 5860 1289 5914; x_wconf 67' lang='lat' dir='ltr'><strong>Mss,</strong></span> <span class='ocrx_word' id='word_1_488' title='bbox 1314 5850 1432 5902; x_wconf 89' lang='lat' dir='ltr'><strong>dum</strong></span> <span class='ocrx_word' id='word_1_489' title='bbox 1453 5847 1652 5901; x_wconf 86' lang='lat' dir='ltr'><strong>tribulor</strong></span> <span class='ocrx_word' id='word_1_490' title='bbox 1683 5860 1702 5901; x_wconf 91' lang='lat'><strong><em>:</em></strong></span> <span class='ocrx_word' id='word_1_491' title='bbox 1734 5855 1786 5900; x_wconf 89' lang='lat' dir='ltr'><strong>et</strong></span> 
     </span>
    </p>
   </div>
   <div class='ocr_carea' id='block_1_60' title="bbox 203 5921 733 5988">
    <p class='ocr_par' dir='ltr' id='par_1_60' title="bbox 203 5921 733 5988">
     <span class='ocr_line' id='line_1_60' title="bbox 203 5921 733 5988; baseline -0.013 -11"><span class='ocrx_word' id='word_1_492' title='bbox 203 5941 268 5978; x_wconf 75' lang='grc' dir='ltr'><strong>εις</strong></span> <span class='ocrx_word' id='word_1_493' title='bbox 293 5921 493 5988; x_wconf 83' lang='lat' dir='ltr'><strong>legebat</strong></span> <span class='ocrx_word' id='word_1_494' title='bbox 515 5921 733 5973; x_wconf 76' lang='lat' dir='ltr'><strong>Hilarius.</strong></span> 
     </span>
    </p>
   </div>
   <div class='ocr_carea' id='block_1_61' title="bbox 3387 435 3492 496">
    <p class='ocr_par' dir='ltr' id='par_1_61' title="bbox 3387 435 3492 496">
     <span class='ocr_line' id='line_1_61' title="bbox 3387 435 3492 496; baseline 0.076 -9"><span class='ocrx_word' id='word_1_495' title='bbox 3387 435 3492 496; x_wconf 72' lang='grc'><strong>762</strong></span> 
     </span>
    </p>
   </div>
   <div class='ocr_carea' id='block_1_62' title="bbox 1917 541 3485 621">
    <p class='ocr_par' dir='ltr' id='par_1_62' title="bbox 1917 541 3485 621">
     <span class='ocr_line' id='line_1_62' title="bbox 1917 541 3485 621; baseline 0.008 -29"><span class='ocrx_word' id='word_1_496' title='bbox 1917 545 2023 593; x_wconf 90' lang='lat' dir='ltr'><strong>tem</strong></span> <span class='ocrx_word' id='word_1_497' title='bbox 2051 548 2102 594; x_wconf 92' lang='lat' dir='ltr'><strong>et</strong></span> <span class='ocrx_word' id='word_1_498' title='bbox 2131 555 2345 610; x_wconf 91' lang='lat' dir='ltr'><strong>corpus,</strong></span> <span class='ocrx_word' id='word_1_499' title='bbox 2378 551 2433 596; x_wconf 89' lang='lat' dir='ltr'><strong>et</strong></span> <span class='ocrx_word' id='word_1_500' title='bbox 2461 541 2689 597; x_wconf 87' lang='lat' dir='ltr'><strong>animam</strong></span> <span class='ocrx_word' id='word_1_501' title='bbox 2715 544 2956 602; x_wconf 88' lang='lat' dir='ltr'><strong>occidere</strong></span> <span class='ocrx_word' id='word_1_502' title='bbox 2980 546 3034 602; x_wconf 91' lang='lat' dir='ltr'><strong>in</strong></span> <span class='ocrx_word' id='word_1_503' title='bbox 3060 547 3303 618; x_wconf 87' lang='lat' dir='ltr'><strong>gehenna</strong></span> <span class='ocrx_word' id='word_1_504' title='bbox 3330 549 3485 621; x_wconf 75' lang='lat' dir='ltr'><strong>ignis.</strong></span> 
     </span>
    </p>
   </div>
   <div class='ocr_carea' id='block_1_63' title="bbox 1913 631 3490 709">
    <p class='ocr_par' dir='ltr' id='par_1_63' title="bbox 1913 631 3490 709">
     <span class='ocr_line' id='line_1_63' title="bbox 1913 631 3490 709; baseline 0.01 -23"><span class='ocrx_word' id='word_1_505' title='bbox 1913 631 2027 687; x_wconf 87' lang='lat' dir='ltr'><strong>Non</strong></span> <span class='ocrx_word' id='word_1_506' title='bbox 2057 636 2198 688; x_wconf 91' lang='lat' dir='ltr'><strong>enim</strong></span> <span class='ocrx_word' id='word_1_507' title='bbox 2226 650 2256 689; x_wconf 91' lang='lat' dir='ltr'><strong>a</strong></span> <span class='ocrx_word' id='word_1_508' title='bbox 2286 635 2478 690; x_wconf 91' lang='lat' dir='ltr'><strong>timore</strong></span> <span class='ocrx_word' id='word_1_509' title='bbox 2504 635 2626 690; x_wconf 89' lang='lat' dir='ltr'><strong>volo</strong></span> <span class='ocrx_word' id='word_1_510' title='bbox 2654 650 2774 692; x_wconf 88' lang='lat' dir='ltr'><strong>esse</strong></span> <span class='ocrx_word' id='word_1_511' title='bbox 2802 638 3084 709; x_wconf 88' lang='lat' dir='ltr'><strong>immunis;</strong></span> <span class='ocrx_word' id='word_1_512' title='bbox 3115 641 3211 698; x_wconf 89' lang='lat' dir='ltr'><strong>sed</strong></span> <span class='ocrx_word' id='word_1_513' title='bbox 3238 658 3267 698; x_wconf 91' lang='lat' dir='ltr'><strong>a</strong></span> <span class='ocrx_word' id='word_1_514' title='bbox 3299 644 3490 702; x_wconf 86' lang='lat' dir='ltr'><strong>timore</strong></span> 
     </span>
    </p>
   </div>
   <div class='ocr_carea' id='block_1_64' title="bbox 1914 721 3111 789">
    <p class='ocr_par' dir='ltr' id='par_1_64' title="bbox 1914 721 3111 789">
     <span class='ocr_line' id='line_1_64' title="bbox 1914 721 3111 789; baseline 0.009 -14"><span class='ocrx_word' id='word_1_515' title='bbox 1914 721 2112 779; x_wconf 91' lang='lat' dir='ltr'><strong>inimici</strong></span> <span class='ocrx_word' id='word_1_516' title='bbox 2142 724 2293 789; x_wconf 90' lang='lat' dir='ltr'><strong>liber,</strong></span> <span class='ocrx_word' id='word_1_517' title='bbox 2325 725 2425 780; x_wconf 86' lang='lat' dir='ltr'><strong>sub</strong></span> <span class='ocrx_word' id='word_1_518' title='bbox 2455 727 2645 781; x_wconf 90' lang='lat' dir='ltr'><strong>timore</strong></span> <span class='ocrx_word' id='word_1_519' title='bbox 2671 728 2880 784; x_wconf 90' lang='lat' dir='ltr'><strong>Domini</strong></span> <span class='ocrx_word' id='word_1_520' title='bbox 2908 745 3111 788; x_wconf 86' lang='lat' dir='ltr'><strong>servus.</strong></span> 
     </span>
    </p>
   </div>
   <div class='ocr_carea' id='block_1_65' title="bbox 1983 812 3486 895">
    <p class='ocr_par' dir='ltr' id='par_1_65' title="bbox 1983 812 3486 895">
     <span class='ocr_line' id='line_1_65' title="bbox 1983 812 3486 895; baseline 0.009 -26"><span class='ocrx_word' id='word_1_521' title='bbox 1983 815 2036 869; x_wconf 78' lang='lat'><strong>3.</strong></span> <span class='ocrx_word' id='word_1_522' title='bbox 2067 812 2217 887; x_wconf 84' lang='lat' dir='ltr'><strong>[vers.</strong></span> <span class='ocrx_word' id='word_1_523' title='bbox 2246 815 2324 890; x_wconf 80' lang='grc'>5.]</span> <span class='ocrx_word' id='word_1_524' title='bbox 2348 816 2622 872; x_wconf 75' lang='lat' dir='ltr'><strong>Protexisti</strong></span> <span class='ocrx_word' id='word_1_525' title='bbox 2656 836 2734 874; x_wconf 89' lang='lat' dir='ltr'><strong>me</strong></span> <span class='ocrx_word' id='word_1_526' title='bbox 2752 836 2783 873; x_wconf 88' lang='lat' dir='ltr'><strong>a</strong></span> <span class='ocrx_word' id='word_1_527' title='bbox 2811 830 3054 876; x_wconf 80' lang='lat' dir='ltr'><strong>conventu</strong></span> <span class='ocrx_word' id='word_1_528' title='bbox 3075 825 3486 895; x_wconf 86' lang='lat' dir='ltr'><strong>malignantium,</strong></span> 
     </span>
    </p>
   </div>
   <div class='ocr_carea' id='block_1_66' title="bbox 1913 906 3492 988">
    <p class='ocr_par' dir='ltr' id='par_1_66' title="bbox 1913 906 3492 988">
     <span class='ocr_line' id='line_1_66' title="bbox 1913 906 3492 988; baseline 0.012 -32"><span class='ocrx_word' id='word_1_529' title='bbox 1913 919 1946 956; x_wconf 83' lang='grc' dir='ltr'><em>α</em></span> <span class='ocrx_word' id='word_1_530' title='bbox 1974 906 2290 961; x_wconf 83' lang='lat' dir='ltr'><strong>multitudine</strong></span> <span class='ocrx_word' id='word_1_531' title='bbox 2317 910 2631 978; x_wconf 83' lang='lat' dir='ltr'><strong>operantium</strong></span> <span class='ocrx_word' id='word_1_532' title='bbox 2656 911 3115 982; x_wconf 77' lang='lat' dir='ltr'><strong>iniquitatemJam</strong></span> <span class='ocrx_word' id='word_1_533' title='bbox 3139 916 3309 984; x_wconf 85' lang='lat' dir='ltr'><strong>ipsum</strong></span> <span class='ocrx_word' id='word_1_534' title='bbox 3331 928 3492 988; x_wconf 85' lang='lat' dir='ltr'><strong>caput</strong></span> 
     </span>
    </p>
   </div>
   <div class='ocr_carea' id='block_1_67' title="bbox 1914 1000 3485 1078">
    <p class='ocr_par' dir='ltr' id='par_1_67' title="bbox 1914 1000 3485 1078">
     <span class='ocr_line' id='line_1_67' title="bbox 1914 1000 3485 1078; baseline 0.009 -26"><span class='ocrx_word' id='word_1_535' title='bbox 1914 1009 2155 1055; x_wconf 89' lang='lat' dir='ltr'><strong>nostrum</strong></span> <span class='ocrx_word' id='word_1_536' title='bbox 2185 1000 2503 1059; x_wconf 87' lang='lat' dir='ltr'><strong>intueamur.</strong></span> <span class='ocrx_word' id='word_1_537' title='bbox 2534 1004 2682 1058; x_wconf 87' lang='lat' dir='ltr'><strong>Multi</strong></span> <span class='ocrx_word' id='word_1_538' title='bbox 2712 1017 2972 1074; x_wconf 87' lang='lat' dir='ltr'><strong>martyres</strong></span> <span class='ocrx_word' id='word_1_539' title='bbox 3003 1008 3124 1063; x_wconf 90' lang='lat' dir='ltr'><strong>talia</strong></span> <span class='ocrx_word' id='word_1_540' title='bbox 3152 1011 3291 1078; x_wconf 87' lang='lat' dir='ltr'><strong>passi</strong></span> <span class='ocrx_word' id='word_1_541' title='bbox 3319 1021 3442 1066; x_wconf 92' lang='lat' dir='ltr'><strong>sunt</strong></span> <span class='ocrx_word' id='word_1_542' title='bbox 3472 1030 3485 1066; x_wconf 91' lang='lat'><strong>:</strong></span> 
     </span>
    </p>
   </div>
   <div class='ocr_carea' id='block_1_68' title="bbox 1914 1091 3490 1173">
    <p class='ocr_par' dir='ltr' id='par_1_68' title="bbox 1914 1091 3490 1173">
     <span class='ocr_line' id='line_1_68' title="bbox 1914 1091 3490 1173; baseline 0.01 -30"><span class='ocrx_word' id='word_1_543' title='bbox 1914 1091 2005 1144; x_wconf 82' lang='lat' dir='ltr'><strong>sed</strong></span> <span class='ocrx_word' id='word_1_544' title='bbox 2049 1091 2177 1146; x_wconf 87' lang='lat' dir='ltr'><strong>nihil</strong></span> <span class='ocrx_word' id='word_1_545' title='bbox 2217 1094 2292 1148; x_wconf 89' lang='lat' dir='ltr'><strong>sic</strong></span> <span class='ocrx_word' id='word_1_546' title='bbox 2326 1095 2501 1151; x_wconf 84' lang='lat' dir='ltr'><strong>elucet</strong></span> <span class='ocrx_word' id='word_1_547' title='bbox 2537 1098 2803 1166; x_wconf 89' lang='lat' dir='ltr'><strong>quomodo</strong></span> <span class='ocrx_word' id='word_1_548' title='bbox 2844 1109 3001 1168; x_wconf 91' lang='lat' dir='ltr'><strong>caput</strong></span> <span class='ocrx_word' id='word_1_549' title='bbox 3051 1109 3377 1173; x_wconf 83' lang='lat' dir='ltr'><strong>martyrum;</strong></span> <span class='ocrx_word' id='word_1_550' title='bbox 3419 1103 3490 1158; x_wconf 80' lang='lat' dir='ltr'><strong>ibi</strong></span> 
     </span>
    </p>
   </div>
   <div class='ocr_carea' id='block_1_69' title="bbox 1915 1183 3492 1261">
    <p class='ocr_par' dir='ltr' id='par_1_69' title="bbox 1915 1183 3492 1261">
     <span class='ocr_line' id='line_1_69' title="bbox 1915 1183 3492 1261; baseline 0.009 -25"><span class='ocrx_word' id='word_1_551' title='bbox 1915 1183 2105 1238; x_wconf 89' lang='lat' dir='ltr'><strong>melius</strong></span> <span class='ocrx_word' id='word_1_552' title='bbox 2126 1185 2390 1241; x_wconf 88' lang='lat' dir='ltr'><strong>intuemur</strong></span> <span class='ocrx_word' id='word_1_553' title='bbox 2411 1188 2549 1257; x_wconf 92' lang='lat' dir='ltr'><strong>quod</strong></span> <span class='ocrx_word' id='word_1_554' title='bbox 2581 1189 2654 1242; x_wconf 93' lang='lat' dir='ltr'><strong>illi</strong></span> <span class='ocrx_word' id='word_1_555' title='bbox 2686 1191 2891 1261; x_wconf 82' lang='lat' dir='ltr'><strong>experti</strong></span> <span class='ocrx_word' id='word_1_556' title='bbox 2932 1201 3074 1246; x_wconf 90' lang='lat' dir='ltr'><strong>sunt.</strong></span> <span class='ocrx_word' id='word_1_557' title='bbox 3105 1193 3380 1249; x_wconf 82' lang='lat' dir='ltr'><strong>Protectus</strong></span> <span class='ocrx_word' id='word_1_558' title='bbox 3410 1203 3492 1250; x_wconf 88' lang='lat' dir='ltr'><strong>est</strong></span> 
     </span>
    </p>
   </div>
   <div class='ocr_carea' id='block_1_70' title="bbox 1913 1275 3486 1357">
    <p class='ocr_par' dir='ltr' id='par_1_70' title="bbox 1913 1275 3486 1357">
     <span class='ocr_line' id='line_1_70' title="bbox 1913 1275 3486 1357; baseline 0.008 -30"><span class='ocrx_word' id='word_1_559' title='bbox 1913 1288 1943 1327; x_wconf 90' lang='lat' dir='ltr'><strong>a</strong></span> <span class='ocrx_word' id='word_1_560' title='bbox 1982 1275 2320 1334; x_wconf 89' lang='lat' dir='ltr'><strong>multitudine</strong></span> <span class='ocrx_word' id='word_1_561' title='bbox 2367 1279 2803 1350; x_wconf 78' lang='lat' dir='ltr'><strong>malignantium,</strong></span> <span class='ocrx_word' id='word_1_562' title='bbox 2862 1292 3171 1355; x_wconf 79' lang='lat' dir='ltr'><strong>protegente</strong></span> <span class='ocrx_word' id='word_1_563' title='bbox 3228 1301 3286 1341; x_wconf 90' lang='lat' dir='ltr'><strong>se</strong></span> <span class='ocrx_word' id='word_1_564' title='bbox 3339 1287 3486 1357; x_wconf 66' lang='lat' dir='ltr'><strong>Deo,</strong></span> 
     </span>
    </p>
   </div>
   <div class='ocr_carea' id='block_1_71' title="bbox 1913 1375 3492 1448">
    <p class='ocr_par' dir='ltr' id='par_1_71' title="bbox 1913 1375 3492 1448">
     <span class='ocr_line' id='line_1_71' title="bbox 1913 1375 3492 1448; baseline 0.008 -27"><span class='ocrx_word' id='word_1_565' title='bbox 1913 1376 2224 1437; x_wconf 80' lang='lat' dir='ltr'><strong>protegente</strong></span> <span class='ocrx_word' id='word_1_566' title='bbox 2261 1385 2476 1425; x_wconf 86' lang='lat' dir='ltr'><strong>carnem</strong></span> <span class='ocrx_word' id='word_1_567' title='bbox 2523 1387 2672 1427; x_wconf 89' lang='lat' dir='ltr'><strong>suam</strong></span> <span class='ocrx_word' id='word_1_568' title='bbox 2704 1375 2817 1444; x_wconf 90' lang='lat' dir='ltr'><strong>ipso</strong></span> <span class='ocrx_word' id='word_1_569' title='bbox 2846 1375 2982 1430; x_wconf 90' lang='lat' dir='ltr'><strong>Filio</strong></span> <span class='ocrx_word' id='word_1_570' title='bbox 3011 1386 3064 1431; x_wconf 93' lang='lat' dir='ltr'><strong>et</strong></span> <span class='ocrx_word' id='word_1_571' title='bbox 3091 1376 3306 1433; x_wconf 92' lang='lat' dir='ltr'><strong>homine</strong></span> <span class='ocrx_word' id='word_1_572' title='bbox 3333 1394 3492 1448; x_wconf 91' lang='lat' dir='ltr'><strong>quem</strong></span> 
     </span>
    </p>
   </div>
   <div class='ocr_carea' id='block_1_72' title="bbox 1912 1459 3488 1537">
    <p class='ocr_par' dir='ltr' id='par_1_72' title="bbox 1912 1459 3488 1537">
     <span class='ocr_line' id='line_1_72' title="bbox 1912 1459 3488 1537; baseline 0.007 -25"><span class='ocrx_word' id='word_1_573' title='bbox 1912 1459 2130 1529; x_wconf 78' lang='lat' dir='ltr'><strong>gerebat</strong></span> <span class='ocrx_word' id='word_1_574' title='bbox 2161 1479 2173 1514; x_wconf 93' lang='lat'>:</span> <span class='ocrx_word' id='word_1_575' title='bbox 2203 1462 2323 1531; x_wconf 90' lang='lat' dir='ltr'><strong>quia</strong></span> <span class='ocrx_word' id='word_1_576' title='bbox 2366 1461 2528 1518; x_wconf 89' lang='lat' dir='ltr'><strong>Filius</strong></span> <span class='ocrx_word' id='word_1_577' title='bbox 2563 1463 2788 1520; x_wconf 90' lang='lat' dir='ltr'><strong>hominis</strong></span> <span class='ocrx_word' id='word_1_578' title='bbox 2826 1473 2936 1531; x_wconf 89' lang='lat' dir='ltr'><strong>est,</strong></span> <span class='ocrx_word' id='word_1_579' title='bbox 2967 1475 3021 1520; x_wconf 92' lang='lat' dir='ltr'><strong>et</strong></span> <span class='ocrx_word' id='word_1_580' title='bbox 3050 1466 3214 1522; x_wconf 88' lang='lat' dir='ltr'><strong>Filius</strong></span> <span class='ocrx_word' id='word_1_581' title='bbox 3241 1468 3334 1523; x_wconf 93' lang='lat' dir='ltr'><strong>Dei</strong></span> <span class='ocrx_word' id='word_1_582' title='bbox 3360 1480 3444 1523; x_wconf 87' lang='lat' dir='ltr'><strong>est</strong></span> <span class='ocrx_word' id='word_1_583' title='bbox 3472 1486 3488 1537; x_wconf 89' lang='lat'><strong>;</strong></span> 
     </span>
    </p>
   </div>
   <div class='ocr_carea' id='block_1_73' title="bbox 1912 1549 3493 1631">
    <p class='ocr_par' dir='ltr' id='par_1_73' title="bbox 1912 1549 3493 1631">
     <span class='ocr_line' id='line_1_73' title="bbox 1912 1549 3493 1631; baseline 0.008 -28"><span class='ocrx_word' id='word_1_584' title='bbox 1912 1549 2080 1606; x_wconf 91' lang='lat' dir='ltr'><strong>Filius</strong></span> <span class='ocrx_word' id='word_1_585' title='bbox 2103 1552 2195 1606; x_wconf 92' lang='lat' dir='ltr'><strong>Dei</strong></span> <span class='ocrx_word' id='word_1_586' title='bbox 2222 1563 2438 1622; x_wconf 90' lang='lat' dir='ltr'><strong>propter</strong></span> <span class='ocrx_word' id='word_1_587' title='bbox 2459 1553 2681 1610; x_wconf 86' lang='lat' dir='ltr'><strong>formam</strong></span> <span class='ocrx_word' id='word_1_588' title='bbox 2705 1557 2818 1615; x_wconf 88' lang='lat' dir='ltr'><strong>Dei.</strong></span> <span class='ocrx_word' id='word_1_589' title='bbox 2838 1557 3005 1613; x_wconf 86' lang='lat' dir='ltr'><strong>Filius</strong></span> <span class='ocrx_word' id='word_1_590' title='bbox 3021 1558 3250 1615; x_wconf 89' lang='lat' dir='ltr'><strong>hominis</strong></span> <span class='ocrx_word' id='word_1_591' title='bbox 3278 1570 3493 1631; x_wconf 88' lang='lat' dir='ltr'><strong>pr0pter</strong></span> 
     </span>
    </p>
   </div>
   <div class='ocr_carea' id='block_1_74' title="bbox 1912 1641 3491 1721">
    <p class='ocr_par' dir='ltr' id='par_1_74' title="bbox 1912 1641 3491 1721">
     <span class='ocr_line' id='line_1_74' title="bbox 1912 1641 3491 1721; baseline 0.007 -24"><span class='ocrx_word' id='word_1_592' title='bbox 1912 1641 2136 1697; x_wconf 82' lang='lat' dir='ltr'><strong>formam</strong></span> <span class='ocrx_word' id='word_1_593' title='bbox 2165 1645 2303 1699; x_wconf 89' lang='lat' dir='ltr'><strong>servi</strong></span> <span class='ocrx_word' id='word_1_594' title='bbox 2335 1644 2589 1718; x_wconf 79' lang='lat' dir='ltr'><strong>(Philipp.</strong></span> <span class='ocrx_word' id='word_1_595' title='bbox 2622 1664 2678 1712; x_wconf 86' lang='grc' dir='ltr'>ιι,</span> <span class='ocrx_word' id='word_1_596' title='bbox 2698 1648 2792 1703; x_wconf 82' lang='lat' dir='ltr'><strong>(iet</strong></span> <span class='ocrx_word' id='word_1_597' title='bbox 2805 1650 2859 1720; x_wconf 91' lang='lat'><strong>7)</strong></span> <span class='ocrx_word' id='word_1_598' title='bbox 2886 1668 2899 1704; x_wconf 91' lang='lat'><strong>:</strong></span> <span class='ocrx_word' id='word_1_599' title='bbox 2929 1650 3128 1706; x_wconf 89' lang='lat' dir='ltr'><strong>habens</strong></span> <span class='ocrx_word' id='word_1_600' title='bbox 3158 1652 3208 1706; x_wconf 93' lang='lat' dir='ltr'><strong>in</strong></span> <span class='ocrx_word' id='word_1_601' title='bbox 3231 1661 3491 1721; x_wconf 83' lang='lat' dir='ltr'><strong>potestate</strong></span> 
     </span>
    </p>
   </div>
   <div class='ocr_carea' id='block_1_75' title="bbox 1912 1735 3486 1815">
    <p class='ocr_par' dir='ltr' id='par_1_75' title="bbox 1912 1735 3486 1815">
     <span class='ocr_line' id='line_1_75' title="bbox 1912 1735 3486 1815; baseline 0.007 -28"><span class='ocrx_word' id='word_1_602' title='bbox 1912 1749 2113 1806; x_wconf 86' lang='lat' dir='ltr'><strong>ponere</strong></span> <span class='ocrx_word' id='word_1_603' title='bbox 2137 1735 2366 1790; x_wconf 90' lang='lat' dir='ltr'><strong>animam</strong></span> <span class='ocrx_word' id='word_1_604' title='bbox 2393 1753 2563 1803; x_wconf 90' lang='lat' dir='ltr'><strong>suam,</strong></span> <span class='ocrx_word' id='word_1_605' title='bbox 2596 1747 2650 1794; x_wconf 91' lang='lat' dir='ltr'><strong>et</strong></span> <span class='ocrx_word' id='word_1_606' title='bbox 2676 1742 2912 1812; x_wconf 91' lang='lat' dir='ltr'><strong>recipere</strong></span> <span class='ocrx_word' id='word_1_607' title='bbox 2937 1757 3053 1796; x_wconf 90' lang='lat' dir='ltr'><strong>eam</strong></span> <span class='ocrx_word' id='word_1_608' title='bbox 3083 1743 3260 1815; x_wconf 82' lang='lat' dir='ltr'><strong>(Joan.</strong></span> <span class='ocrx_word' id='word_1_609' title='bbox 3289 1761 3344 1807; x_wconf 82' lang='lat' dir='ltr'><strong>x,</strong></span> <span class='ocrx_word' id='word_1_610' title='bbox 3380 1743 3486 1814; x_wconf 90' lang='lat' dir='ltr'><strong>l8).</strong></span> 
     </span>
    </p>
   </div>
   <div class='ocr_carea' id='block_1_76' title="bbox 1911 1826 3487 1908">
    <p class='ocr_par' dir='ltr' id='par_1_76' title="bbox 1911 1826 3487 1908">
     <span class='ocr_line' id='line_1_76' title="bbox 1911 1826 3487 1908; baseline 0.006 -29"><span class='ocrx_word' id='word_1_611' title='bbox 1911 1826 2048 1895; x_wconf 90' lang='lat' dir='ltr'><strong>Quid</strong></span> <span class='ocrx_word' id='word_1_612' title='bbox 2074 1827 2121 1881; x_wconf 90' lang='lat' dir='ltr'><strong>ei</strong></span> <span class='ocrx_word' id='word_1_613' title='bbox 2151 1836 2439 1896; x_wconf 90' lang='lat' dir='ltr'><strong>potuerunt</strong></span> <span class='ocrx_word' id='word_1_614' title='bbox 2464 1828 2638 1884; x_wconf 82' lang='lat' dir='ltr'><strong>facere</strong></span> <span class='ocrx_word' id='word_1_615' title='bbox 2663 1829 2904 1886; x_wconf 88' lang='lat' dir='ltr'><strong>inimici?</strong></span> <span class='ocrx_word' id='word_1_616' title='bbox 2929 1831 3250 1888; x_wconf 88' lang='lat' dir='ltr'><strong>Occiderunt</strong></span> <span class='ocrx_word' id='word_1_617' title='bbox 3274 1849 3487 1908; x_wconf 82' lang='lat' dir='ltr'><strong>corpus;</strong></span> 
     </span>
    </p>
   </div>
   <div class='ocr_carea' id='block_1_77' title="bbox 1912 1920 3490 2000">
    <p class='ocr_par' dir='ltr' id='par_1_77' title="bbox 1912 1920 3490 2000">
     <span class='ocr_line' id='line_1_77' title="bbox 1912 1920 3490 2000; baseline 0.008 -28"><span class='ocrx_word' id='word_1_618' title='bbox 1912 1920 2140 1974; x_wconf 86' lang='lat' dir='ltr'><strong>animam</strong></span> <span class='ocrx_word' id='word_1_619' title='bbox 2181 1937 2286 1976; x_wconf 91' lang='lat' dir='ltr'><strong>non</strong></span> <span class='ocrx_word' id='word_1_620' title='bbox 2322 1924 2650 1980; x_wconf 89' lang='lat' dir='ltr'><strong>occiderunt.</strong></span> <span class='ocrx_word' id='word_1_621' title='bbox 2679 1926 2958 1982; x_wconf 88' lang='lat' dir='ltr'><strong>lntendite.</strong></span> <span class='ocrx_word' id='word_1_622' title='bbox 2991 1929 3182 1984; x_wconf 88' lang='lat' dir='ltr'><strong>Parum</strong></span> <span class='ocrx_word' id='word_1_623' title='bbox 3213 1944 3341 2000; x_wconf 90' lang='lat' dir='ltr'><strong>ergo</strong></span> <span class='ocrx_word' id='word_1_624' title='bbox 3373 1937 3490 1984; x_wconf 91' lang='lat' dir='ltr'><strong>erat</strong></span> 
     </span>
    </p>
   </div>
   <div class='ocr_carea' id='block_1_78' title="bbox 1913 2010 3491 2089">
    <p class='ocr_par' dir='ltr' id='par_1_78' title="bbox 1913 2010 3491 2089">
     <span class='ocr_line' id='line_1_78' title="bbox 1913 2010 3491 2089; baseline 0.006 -25"><span class='ocrx_word' id='word_1_625' title='bbox 1913 2010 2138 2067; x_wconf 90' lang='lat' dir='ltr'><strong>Domino</strong></span> <span class='ocrx_word' id='word_1_626' title='bbox 2164 2014 2362 2069; x_wconf 90' lang='lat' dir='ltr'><strong>hortari</strong></span> <span class='ocrx_word' id='word_1_627' title='bbox 2394 2026 2654 2089; x_wconf 85' lang='lat' dir='ltr'><strong>martyres</strong></span> <span class='ocrx_word' id='word_1_628' title='bbox 2679 2019 2867 2085; x_wconf 87' lang='lat' dir='ltr'><strong>verbo,</strong></span> <span class='ocrx_word' id='word_1_629' title='bbox 2900 2020 2998 2073; x_wconf 89' lang='lat' dir='ltr'><strong>nisi</strong></span> <span class='ocrx_word' id='word_1_630' title='bbox 3043 2019 3276 2076; x_wconf 87' lang='lat' dir='ltr'><strong>ﬁrmaret</strong></span> <span class='ocrx_word' id='word_1_631' title='bbox 3303 2035 3491 2076; x_wconf 78' lang='lat' dir='ltr'><strong>exem-</strong></span> 
     </span>
    </p>
   </div>
   <div class='ocr_carea' id='block_1_79' title="bbox 1910 2101 3489 2180">
    <p class='ocr_par' dir='ltr' id='par_1_79' title="bbox 1910 2101 3489 2180">
     <span class='ocr_line' id='line_1_79' title="bbox 1910 2101 3489 2180; baseline 0.008 -26"><span class='ocrx_word' id='word_1_632' title='bbox 1910 2101 2018 2170; x_wconf 89' lang='lat' dir='ltr'><strong>plo.</strong></span> <span class='ocrx_word' id='word_1_633' title='bbox 2051 2101 2227 2158; x_wconf 88' lang='lat' dir='ltr'><strong>Nostis</strong></span> <span class='ocrx_word' id='word_1_634' title='bbox 2253 2106 2341 2175; x_wconf 91' lang='lat' dir='ltr'><strong>qui</strong></span> <span class='ocrx_word' id='word_1_635' title='bbox 2367 2117 2661 2163; x_wconf 89' lang='lat' dir='ltr'><strong>conventus</strong></span> <span class='ocrx_word' id='word_1_636' title='bbox 2689 2119 2803 2164; x_wconf 91' lang='lat' dir='ltr'><strong>erat</strong></span> <span class='ocrx_word' id='word_1_637' title='bbox 2830 2111 3229 2180; x_wconf 86' lang='lat' dir='ltr'><strong>malignantium</strong></span> <span class='ocrx_word' id='word_1_638' title='bbox 3274 2112 3489 2166; x_wconf 67' lang='lat' dir='ltr'><strong>.ludaro-</strong></span> 
     </span>
    </p>
   </div>
   <div class='ocr_carea' id='block_1_80' title="bbox 1910 2201 3488 2276">
    <p class='ocr_par' dir='ltr' id='par_1_80' title="bbox 1910 2201 3488 2276">
     <span class='ocr_line' id='line_1_80' title="bbox 1910 2201 3488 2276; baseline 0.006 -26"><span class='ocrx_word' id='word_1_639' title='bbox 1910 2210 2049 2264; x_wconf 90' lang='lat' dir='ltr'><strong>rum,</strong></span> <span class='ocrx_word' id='word_1_640' title='bbox 2082 2206 2134 2252; x_wconf 91' lang='lat' dir='ltr'><strong>et</strong></span> <span class='ocrx_word' id='word_1_641' title='bbox 2159 2213 2276 2270; x_wconf 76' lang='lat' dir='ltr'><strong>quae</strong></span> <span class='ocrx_word' id='word_1_642' title='bbox 2305 2201 2588 2255; x_wconf 86' lang='lat' dir='ltr'><strong>multitudo</strong></span> <span class='ocrx_word' id='word_1_643' title='bbox 2618 2212 2732 2256; x_wconf 90' lang='lat' dir='ltr'><strong>erat</strong></span> <span class='ocrx_word' id='word_1_644' title='bbox 2773 2204 3106 2272; x_wconf 87' lang='lat' dir='ltr'><strong>operantium</strong></span> <span class='ocrx_word' id='word_1_645' title='bbox 3137 2205 3488 2276; x_wconf 80' lang='lat' dir='ltr'><strong>iniquitatem.</strong></span> 
     </span>
    </p>
   </div>
   <div class='ocr_carea' id='block_1_81' title="bbox 1910 2286 3492 2359">
    <p class='ocr_par' dir='ltr' id='par_1_81' title="bbox 1910 2286 3492 2359">
     <span class='ocr_line' id='line_1_81' title="bbox 1910 2286 3492 2359; baseline 0.006 -17"><span class='ocrx_word' id='word_1_646' title='bbox 1910 2286 2080 2354; x_wconf 84' lang='lat' dir='ltr'><strong>Quam</strong></span> <span class='ocrx_word' id='word_1_647' title='bbox 2111 2289 2476 2358; x_wconf 80' lang='lat' dir='ltr'><strong>iniquitatem?</strong></span> <span class='ocrx_word' id='word_1_648' title='bbox 2496 2291 2608 2359; x_wconf 89' lang='lat' dir='ltr'><strong>Qua</strong></span> <span class='ocrx_word' id='word_1_649' title='bbox 2632 2294 2913 2348; x_wconf 89' lang='lat' dir='ltr'><strong>voluerunt</strong></span> <span class='ocrx_word' id='word_1_650' title='bbox 2942 2295 3185 2350; x_wconf 79' lang='lat' dir='ltr'><strong>occidere</strong></span> <span class='ocrx_word' id='word_1_651' title='bbox 3209 2297 3492 2352; x_wconf 86' lang='lat' dir='ltr'><strong>Dominum</strong></span> 
     </span>
    </p>
   </div>
   <div class='ocr_carea' id='block_1_82' title="bbox 1911 2378 3493 2454">
    <p class='ocr_par' dir='ltr' id='par_1_82' title="bbox 1911 2378 3493 2454">
     <span class='ocr_line' id='line_1_82' title="bbox 1911 2378 3493 2454; baseline 0.004 -20"><span class='ocrx_word' id='word_1_652' title='bbox 1911 2378 2092 2434; x_wconf 88' lang='lat' dir='ltr'><strong>Jesum</strong></span> <span class='ocrx_word' id='word_1_653' title='bbox 2141 2380 2429 2436; x_wconf 91' lang='lat' dir='ltr'><strong>Christum.</strong></span> <span class='ocrx_word' id='word_1_654' title='bbox 2464 2382 2634 2437; x_wconf 85' lang='lat' dir='ltr'><strong>Tanta</strong></span> <span class='ocrx_word' id='word_1_655' title='bbox 2680 2400 2835 2453; x_wconf 88' lang='lat' dir='ltr'><strong>opera</strong></span> <span class='ocrx_word' id='word_1_656' title='bbox 2873 2386 3022 2452; x_wconf 89' lang='lat' dir='ltr'><strong>bona,</strong></span> <span class='ocrx_word' id='word_1_657' title='bbox 3063 2386 3250 2454; x_wconf 90' lang='lat' dir='ltr'><strong>inquit,</strong></span> <span class='ocrx_word' id='word_1_658' title='bbox 3299 2386 3493 2441; x_wconf 78' lang='lat' dir='ltr'><strong>ostendi</strong></span> 
     </span>
    </p>
   </div>
   <div class='ocr_carea' id='block_1_83' title="bbox 1909 2472 3491 2550">
    <p class='ocr_par' dir='ltr' id='par_1_83' title="bbox 1909 2472 3491 2550">
     <span class='ocr_line' id='line_1_83' title="bbox 1909 2472 3491 2550; baseline 0.004 -26"><span class='ocrx_word' id='word_1_659' title='bbox 1909 2472 2046 2526; x_wconf 78' lang='lat' dir='ltr'><strong>vobis</strong></span> <span class='ocrx_word' id='word_1_660' title='bbox 2071 2489 2090 2526; x_wconf 88' lang='lat'><strong><em>:</em></strong></span> <span class='ocrx_word' id='word_1_661' title='bbox 2119 2482 2322 2544; x_wconf 78' lang='lat' dir='ltr'><strong>prapter</strong></span> <span class='ocrx_word' id='word_1_662' title='bbox 2358 2475 2493 2544; x_wconf 90' lang='lat' dir='ltr'><strong>quod</strong></span> <span class='ocrx_word' id='word_1_663' title='bbox 2536 2475 2716 2529; x_wconf 87' lang='lat' dir='ltr'><strong>horum</strong></span> <span class='ocrx_word' id='word_1_664' title='bbox 2742 2493 2821 2531; x_wconf 90' lang='lat' dir='ltr'><strong>me</strong></span> <span class='ocrx_word' id='word_1_665' title='bbox 2865 2477 3012 2531; x_wconf 83' lang='lat' dir='ltr'><strong>vultis</strong></span> <span class='ocrx_word' id='word_1_666' title='bbox 3057 2477 3281 2531; x_wconf 79' lang='lat' dir='ltr'><strong>occidere</strong></span> <span class='ocrx_word' id='word_1_667' title='bbox 3303 2476 3442 2550; x_wconf 83' lang='lat' dir='ltr'><strong>(Ibid</strong></span> <span class='ocrx_word' id='word_1_668' title='bbox 3453 2517 3491 2544; x_wconf 91' lang='lat'><strong>.,</strong></span> 
     </span>
    </p>
   </div>
   <div class='ocr_carea' id='block_1_84' title="bbox 1911 2563 3492 2637">
    <p class='ocr_par' dir='ltr' id='par_1_84' title="bbox 1911 2563 3492 2637">
     <span class='ocr_line' id='line_1_84' title="bbox 1911 2563 3492 2637; baseline 0.004 -18"><span class='ocrx_word' id='word_1_669' title='bbox 1911 2563 2041 2636; x_wconf 74' lang='lat'><strong>52)?</strong></span> <span class='ocrx_word' id='word_1_670' title='bbox 2076 2564 2304 2619; x_wconf 88' lang='lat' dir='ltr'><strong>Pertulit</strong></span> <span class='ocrx_word' id='word_1_671' title='bbox 2339 2581 2524 2622; x_wconf 91' lang='lat' dir='ltr'><strong>omnes</strong></span> <span class='ocrx_word' id='word_1_672' title='bbox 2554 2567 2795 2624; x_wconf 88' lang='lat' dir='ltr'><strong>inﬁrmos</strong></span> <span class='ocrx_word' id='word_1_673' title='bbox 2832 2585 3040 2637; x_wconf 90' lang='lat' dir='ltr'><strong>eorum,</strong></span> <span class='ocrx_word' id='word_1_674' title='bbox 3073 2571 3278 2624; x_wconf 90' lang='lat' dir='ltr'><strong>curavit</strong></span> <span class='ocrx_word' id='word_1_675' title='bbox 3305 2585 3492 2625; x_wconf 65' lang='lat' dir='ltr'><strong>crimes</strong></span> 
     </span>
    </p>
   </div>
   <div class='ocr_carea' id='block_1_85' title="bbox 1910 2655 3490 2730">
    <p class='ocr_par' dir='ltr' id='par_1_85' title="bbox 1910 2655 3490 2730">
     <span class='ocr_line' id='line_1_85' title="bbox 1910 2655 3490 2730; baseline 0.004 -20"><span class='ocrx_word' id='word_1_676' title='bbox 1910 2655 2190 2723; x_wconf 89' lang='lat' dir='ltr'><strong>languidos</strong></span> <span class='ocrx_word' id='word_1_677' title='bbox 2217 2672 2402 2712; x_wconf 91' lang='lat' dir='ltr'><strong>eorum</strong></span> <span class='ocrx_word' id='word_1_678' title='bbox 2423 2700 2438 2725; x_wconf 94' lang='lat'><strong>,</strong></span> <span class='ocrx_word' id='word_1_679' title='bbox 2466 2659 2774 2728; x_wconf 57' lang='lat' dir='ltr'><strong>praedicavit</strong></span> <span class='ocrx_word' id='word_1_680' title='bbox 2811 2675 3031 2730; x_wconf 90' lang='lat' dir='ltr'><strong>regnum</strong></span> <span class='ocrx_word' id='word_1_681' title='bbox 3069 2663 3356 2730; x_wconf 66' lang='lat' dir='ltr'><strong>caelorum,</strong></span> <span class='ocrx_word' id='word_1_682' title='bbox 3386 2677 3490 2717; x_wconf 82' lang='lat' dir='ltr'><strong>non</strong></span> 
     </span>
    </p>
   </div>
   <div class='ocr_carea' id='block_1_86' title="bbox 1910 2733 3488 2822">
    <p class='ocr_par' dir='ltr' id='par_1_86' title="bbox 1910 2733 3488 2822">
     <span class='ocr_line' id='line_1_86' title="bbox 1910 2733 3488 2822; baseline 0.005 -22"><span class='ocrx_word' id='word_1_683' title='bbox 1910 2748 2077 2803; x_wconf 88' lang='lat' dir='ltr'><strong>tacuit</strong></span> <span class='ocrx_word' id='word_1_684' title='bbox 2102 2748 2228 2802; x_wconf 89' lang='lat' dir='ltr'><strong>vitia</strong></span> <span class='ocrx_word' id='word_1_685' title='bbox 2258 2764 2464 2815; x_wconf 90' lang='lat' dir='ltr'><strong>eorum,</strong></span> <span class='ocrx_word' id='word_1_686' title='bbox 2491 2759 2550 2804; x_wconf 93' lang='lat' dir='ltr'><strong>ut</strong></span> <span class='ocrx_word' id='word_1_687' title='bbox 2575 2733 2688 2821; x_wconf 77' lang='lat' dir='ltr'><strong>ipsa</strong></span> <span class='ocrx_word' id='word_1_688' title='bbox 2719 2753 2894 2820; x_wconf 92' lang='lat' dir='ltr'><strong>potius</strong></span> <span class='ocrx_word' id='word_1_689' title='bbox 2910 2752 2987 2806; x_wconf 91' lang='lat' dir='ltr'><strong>eis</strong></span> <span class='ocrx_word' id='word_1_690' title='bbox 3003 2753 3488 2822; x_wconf 72' lang='lat' dir='ltr'><strong>displicerent,non</strong></span> 
     </span>
    </p>
   </div>
   <div class='ocr_carea' id='block_1_87' title="bbox 1909 2841 3482 2913">
    <p class='ocr_par' dir='ltr' id='par_1_87' title="bbox 1909 2841 3482 2913">
     <span class='ocr_line' id='line_1_87' title="bbox 1909 2841 3482 2913; baseline 0.004 -18"><span class='ocrx_word' id='word_1_691' title='bbox 1909 2841 2147 2896; x_wconf 91' lang='lat' dir='ltr'><strong>medicus</strong></span> <span class='ocrx_word' id='word_1_692' title='bbox 2173 2856 2202 2896; x_wconf 90' lang='lat' dir='ltr'><strong>a</strong></span> <span class='ocrx_word' id='word_1_693' title='bbox 2233 2858 2338 2913; x_wconf 93' lang='lat' dir='ltr'><strong>quo</strong></span> <span class='ocrx_word' id='word_1_694' title='bbox 2359 2843 2682 2899; x_wconf 90' lang='lat' dir='ltr'><strong>sanabantur</strong></span> <span class='ocrx_word' id='word_1_695' title='bbox 2709 2861 2721 2897; x_wconf 91' lang='lat'><strong>:</strong></span> <span class='ocrx_word' id='word_1_696' title='bbox 2754 2844 2836 2899; x_wconf 92' lang='lat' dir='ltr'><strong>his</strong></span> <span class='ocrx_word' id='word_1_697' title='bbox 2857 2845 3482 2902; x_wconf 75' lang='lat' dir='ltr'><strong>omnibuscurationibus</strong></span> 
     </span>
    </p>
   </div>
   <div class='ocr_carea' id='block_1_88' title="bbox 1908 2935 3486 3009">
    <p class='ocr_par' dir='ltr' id='par_1_88' title="bbox 1908 2935 3486 3009">
     <span class='ocr_line' id='line_1_88' title="bbox 1908 2935 3486 3009; baseline 0.002 -19"><span class='ocrx_word' id='word_1_698' title='bbox 1908 2935 2024 3005; x_wconf 91' lang='lat' dir='ltr'><strong>ejus</strong></span> <span class='ocrx_word' id='word_1_699' title='bbox 2052 2937 2263 3007; x_wconf 77' lang='lat' dir='ltr'><strong>ingrati,</strong></span> <span class='ocrx_word' id='word_1_700' title='bbox 2297 2947 2544 3008; x_wconf 89' lang='lat' dir='ltr'><strong>tanquam</strong></span> <span class='ocrx_word' id='word_1_701' title='bbox 2591 2938 2754 2993; x_wconf 88' lang='lat' dir='ltr'><strong>multa</strong></span> <span class='ocrx_word' id='word_1_702' title='bbox 2803 2937 2936 2994; x_wconf 82' lang='lat' dir='ltr'><strong>febri</strong></span> <span class='ocrx_word' id='word_1_703' title='bbox 2983 2939 3296 3009; x_wconf 86' lang='lat' dir='ltr'><strong>phrenetici,</strong></span> <span class='ocrx_word' id='word_1_704' title='bbox 3341 2940 3486 2994; x_wconf 88' lang='lat' dir='ltr'><strong>insa-</strong></span> 
     </span>
    </p>
   </div>
   <div class='ocr_carea' id='block_1_89' title="bbox 1909 3030 3488 3102">
    <p class='ocr_par' dir='ltr' id='par_1_89' title="bbox 1909 3030 3488 3102">
     <span class='ocr_line' id='line_1_89' title="bbox 1909 3030 3488 3102; baseline 0 -18"><span class='ocrx_word' id='word_1_705' title='bbox 1909 3030 2116 3086; x_wconf 90' lang='lat' dir='ltr'><strong>nientes</strong></span> <span class='ocrx_word' id='word_1_706' title='bbox 2148 3031 2198 3085; x_wconf 92' lang='lat' dir='ltr'><strong>in</strong></span> <span class='ocrx_word' id='word_1_707' title='bbox 2227 3030 2491 3086; x_wconf 90' lang='lat' dir='ltr'><strong>medicum</strong></span> <span class='ocrx_word' id='word_1_708' title='bbox 2519 3031 2610 3102; x_wconf 88' lang='lat' dir='ltr'><strong>qui</strong></span> <span class='ocrx_word' id='word_1_709' title='bbox 2639 3039 2859 3086; x_wconf 91' lang='lat' dir='ltr'><strong>venerat</strong></span> <span class='ocrx_word' id='word_1_710' title='bbox 2895 3047 3084 3086; x_wconf 88' lang='lat' dir='ltr'><strong>curare</strong></span> <span class='ocrx_word' id='word_1_711' title='bbox 3126 3046 3240 3098; x_wconf 91' lang='lat' dir='ltr'><strong>eos,</strong></span> <span class='ocrx_word' id='word_1_712' title='bbox 3269 3031 3488 3100; x_wconf 81' lang='lat' dir='ltr'><strong>excogi-</strong></span> 
     </span>
    </p>
   </div>
   <div class='ocr_carea' id='block_1_90' title="bbox 1910 3121 3488 3194">
    <p class='ocr_par' dir='ltr' id='par_1_90' title="bbox 1910 3121 3488 3194">
     <span class='ocr_line' id='line_1_90' title="bbox 1910 3121 3488 3194; baseline 0.001 -18"><span class='ocrx_word' id='word_1_713' title='bbox 1910 3129 2154 3177; x_wconf 88' lang='lat' dir='ltr'><strong>taverunt</strong></span> <span class='ocrx_word' id='word_1_714' title='bbox 2182 3121 2464 3176; x_wconf 90' lang='lat' dir='ltr'><strong>consilium</strong></span> <span class='ocrx_word' id='word_1_715' title='bbox 2515 3122 2768 3193; x_wconf 89' lang='lat' dir='ltr'><strong>perdendi</strong></span> <span class='ocrx_word' id='word_1_716' title='bbox 2819 3137 2975 3188; x_wconf 92' lang='lat' dir='ltr'><strong>eum;</strong></span> <span class='ocrx_word' id='word_1_717' title='bbox 3008 3131 3258 3194; x_wconf 87' lang='lat' dir='ltr'><strong>tanquam</strong></span> <span class='ocrx_word' id='word_1_718' title='bbox 3292 3123 3363 3177; x_wconf 90' lang='lat' dir='ltr'><strong>ibi</strong></span> <span class='ocrx_word' id='word_1_719' title='bbox 3397 3139 3488 3177; x_wconf 60' lang='lat' dir='ltr'><strong>vo.</strong></span> 
     </span>
    </p>
   </div>
   <div class='ocr_carea' id='block_1_91' title="bbox 1907 3213 3489 3286">
    <p class='ocr_par' dir='ltr' id='par_1_91' title="bbox 1907 3213 3489 3286">
     <span class='ocr_line' id='line_1_91' title="bbox 1907 3213 3489 3286; baseline 0.001 -18"><span class='ocrx_word' id='word_1_720' title='bbox 1907 3213 2080 3269; x_wconf 88' lang='lat' dir='ltr'><strong>lentes</strong></span> <span class='ocrx_word' id='word_1_721' title='bbox 2109 3214 2338 3283; x_wconf 91' lang='lat' dir='ltr'><strong>probare</strong></span> <span class='ocrx_word' id='word_1_722' title='bbox 2363 3224 2537 3269; x_wconf 89' lang='lat' dir='ltr'><strong>utrum</strong></span> <span class='ocrx_word' id='word_1_723' title='bbox 2563 3229 2691 3270; x_wconf 89' lang='lat' dir='ltr'><strong>vere</strong></span> <span class='ocrx_word' id='word_1_724' title='bbox 2719 3215 2881 3270; x_wconf 92' lang='lat' dir='ltr'><strong>homo</strong></span> <span class='ocrx_word' id='word_1_725' title='bbox 2905 3215 2974 3269; x_wconf 85' lang='lat' dir='ltr'><strong>sit</strong></span> <span class='ocrx_word' id='word_1_726' title='bbox 2999 3216 3088 3286; x_wconf 92' lang='lat' dir='ltr'><strong>qui</strong></span> <span class='ocrx_word' id='word_1_727' title='bbox 3125 3230 3256 3270; x_wconf 85' lang='lat' dir='ltr'><strong>mort</strong></span> <span class='ocrx_word' id='word_1_728' title='bbox 3279 3215 3448 3285; x_wconf 85' lang='lat' dir='ltr'><strong>possit</strong></span> <span class='ocrx_word' id='word_1_729' title='bbox 3471 3255 3489 3282; x_wconf 88' lang='lat'><strong>,</strong></span> 
     </span>
    </p>
   </div>
   <div class='ocr_carea' id='block_1_92' title="bbox 1907 3306 3489 3377">
    <p class='ocr_par' dir='ltr' id='par_1_92' title="bbox 1907 3306 3489 3377">
     <span class='ocr_line' id='line_1_92' title="bbox 1907 3306 3489 3377; baseline 0.001 -16"><span class='ocrx_word' id='word_1_730' title='bbox 1907 3321 1974 3361; x_wconf 87' lang='lat' dir='ltr'><strong>an</strong></span> <span class='ocrx_word' id='word_1_731' title='bbox 2011 3306 2208 3377; x_wconf 91' lang='lat' dir='ltr'><strong>aliquid</strong></span> <span class='ocrx_word' id='word_1_732' title='bbox 2246 3321 2406 3376; x_wconf 92' lang='lat' dir='ltr'><strong>super</strong></span> <span class='ocrx_word' id='word_1_733' title='bbox 2441 3306 2685 3363; x_wconf 89' lang='lat' dir='ltr'><strong>homines</strong></span> <span class='ocrx_word' id='word_1_734' title='bbox 2712 3308 2813 3374; x_wconf 91' lang='lat' dir='ltr'><strong>sit,</strong></span> <span class='ocrx_word' id='word_1_735' title='bbox 2846 3316 2902 3362; x_wconf 91' lang='lat' dir='ltr'><strong>et</strong></span> <span class='ocrx_word' id='word_1_736' title='bbox 2943 3307 3078 3362; x_wconf 90' lang='lat' dir='ltr'><strong>mori</strong></span> <span class='ocrx_word' id='word_1_737' title='bbox 3116 3323 3175 3362; x_wconf 91' lang='lat' dir='ltr'><strong>se</strong></span> <span class='ocrx_word' id='word_1_738' title='bbox 3218 3322 3323 3363; x_wconf 93' lang='lat' dir='ltr'><strong>non</strong></span> <span class='ocrx_word' id='word_1_739' title='bbox 3375 3323 3489 3377; x_wconf 79' lang='lat' dir='ltr'><strong>per-</strong></span> 
     </span>
    </p>
   </div>
   <div class='ocr_carea' id='block_1_93' title="bbox 1913 3395 3488 3468">
    <p class='ocr_par' dir='ltr' id='par_1_93' title="bbox 1913 3395 3488 3468">
     <span class='ocr_line' id='line_1_93' title="bbox 1913 3395 3488 3468; baseline 0.001 -18"><span class='ocrx_word' id='word_1_740' title='bbox 1913 3395 2105 3450; x_wconf 92' lang='lat' dir='ltr'><strong>mittat.</strong></span> <span class='ocrx_word' id='word_1_741' title='bbox 2159 3396 2392 3452; x_wconf 81' lang='lat' dir='ltr'><strong>Verbum</strong></span> <span class='ocrx_word' id='word_1_742' title='bbox 2444 3397 2679 3467; x_wconf 91' lang='lat' dir='ltr'><strong>ipsorum</strong></span> <span class='ocrx_word' id='word_1_743' title='bbox 2724 3399 3058 3468; x_wconf 89' lang='lat' dir='ltr'><strong>agnoscimus</strong></span> <span class='ocrx_word' id='word_1_744' title='bbox 3116 3399 3170 3453; x_wconf 91' lang='lat' dir='ltr'><strong>in</strong></span> <span class='ocrx_word' id='word_1_745' title='bbox 3219 3398 3488 3467; x_wconf 87' lang='lat' dir='ltr'><strong>Sapientia</strong></span> 
     </span>
    </p>
   </div>
   <div class='ocr_carea' id='block_1_94' title="bbox 1906 3487 3489 3562">
    <p class='ocr_par' dir='ltr' id='par_1_94' title="bbox 1906 3487 3489 3562">
     <span class='ocr_line' id='line_1_94' title="bbox 1906 3487 3489 3562; baseline 0 -18"><span class='ocrx_word' id='word_1_746' title='bbox 1906 3487 2210 3544; x_wconf 86' lang='lat' dir='ltr'><strong>Salomonis</strong></span> <span class='ocrx_word' id='word_1_747' title='bbox 2235 3505 2248 3542; x_wconf 89' lang='lat'><strong>:</strong></span> <span class='ocrx_word' id='word_1_748' title='bbox 2283 3489 2450 3544; x_wconf 78' lang='lat' dir='ltr'><strong>Morte</strong></span> <span class='ocrx_word' id='word_1_749' title='bbox 2473 3491 2786 3561; x_wconf 83' lang='lat' dir='ltr'><strong>turpissima,</strong></span> <span class='ocrx_word' id='word_1_750' title='bbox 2816 3491 3082 3562; x_wconf 91' lang='lat' dir='ltr'><strong>inquiunt,</strong></span> <span class='ocrx_word' id='word_1_751' title='bbox 3105 3491 3489 3545; x_wconf 83' lang='lat' dir='ltr'><strong>condemnemus</strong></span> 
     </span>
    </p>
   </div>
   <div class='ocr_carea' id='block_1_95' title="bbox 1906 3579 3484 3652">
    <p class='ocr_par' dir='ltr' id='par_1_95' title="bbox 1906 3579 3484 3652">
     <span class='ocr_line' id='line_1_95' title="bbox 1906 3579 3484 3652; baseline 0.001 -18"><span class='ocrx_word' id='word_1_752' title='bbox 1906 3596 2038 3634; x_wconf 87' lang='lat' dir='ltr'><strong>eum.</strong></span> <span class='ocrx_word' id='word_1_753' title='bbox 2071 3579 2448 3652; x_wconf 83' lang='lat' dir='ltr'><strong>lnterrogemus</strong></span> <span class='ocrx_word' id='word_1_754' title='bbox 2480 3598 2630 3647; x_wconf 83' lang='lat' dir='ltr'><strong>eum;</strong></span> <span class='ocrx_word' id='word_1_755' title='bbox 2657 3582 2752 3636; x_wconf 84' lang='lat' dir='ltr'><strong>erit</strong></span> <span class='ocrx_word' id='word_1_756' title='bbox 2778 3582 2910 3636; x_wconf 86' lang='lat' dir='ltr'><strong>enim</strong></span> <span class='ocrx_word' id='word_1_757' title='bbox 2935 3592 3187 3652; x_wconf 83' lang='lat' dir='ltr'><strong>respectus</strong></span> <span class='ocrx_word' id='word_1_758' title='bbox 3210 3583 3264 3636; x_wconf 88' lang='lat' dir='ltr'><strong>in</strong></span> <span class='ocrx_word' id='word_1_759' title='bbox 3288 3598 3484 3637; x_wconf 84' lang='lat' dir='ltr'><strong>sermo-</strong></span> 
     </span>
    </p>
   </div>
   <div class='ocr_carea' id='block_1_96' title="bbox 1905 3671 3485 3742">
    <p class='ocr_par' dir='ltr' id='par_1_96' title="bbox 1905 3671 3485 3742">
     <span class='ocr_line' id='line_1_96' title="bbox 1905 3671 3485 3742; baseline 0.005 -18"><span class='ocrx_word' id='word_1_760' title='bbox 1905 3672 2051 3725; x_wconf 84' lang='lat' dir='ltr'><strong>nibus</strong></span> <span class='ocrx_word' id='word_1_761' title='bbox 2079 3671 2219 3726; x_wconf 84' lang='lat' dir='ltr'><strong>illius</strong></span> <span class='ocrx_word' id='word_1_762' title='bbox 2243 3689 2261 3727; x_wconf 90' lang='lat'><strong><em>:</em></strong></span> <span class='ocrx_word' id='word_1_763' title='bbox 2285 3674 2328 3727; x_wconf 89' lang='lat' dir='ltr'><strong>si</strong></span> <span class='ocrx_word' id='word_1_764' title='bbox 2350 3674 2484 3727; x_wconf 88' lang='lat' dir='ltr'><strong>enim</strong></span> <span class='ocrx_word' id='word_1_765' title='bbox 2524 3689 2637 3728; x_wconf 84' lang='lat' dir='ltr'><strong>uere</strong></span> <span class='ocrx_word' id='word_1_766' title='bbox 2682 3673 2849 3728; x_wconf 80' lang='lat' dir='ltr'><strong>Filius</strong></span> <span class='ocrx_word' id='word_1_767' title='bbox 2887 3672 2984 3728; x_wconf 88' lang='lat' dir='ltr'><strong>Dei</strong></span> <span class='ocrx_word' id='word_1_768' title='bbox 3025 3683 3132 3742; x_wconf 87' lang='lat' dir='ltr'><strong>est,</strong></span> <span class='ocrx_word' id='word_1_769' title='bbox 3176 3674 3347 3730; x_wconf 84' lang='lat' dir='ltr'><strong>liberet</strong></span> <span class='ocrx_word' id='word_1_770' title='bbox 3371 3693 3485 3732; x_wconf 85' lang='lat' dir='ltr'><strong>eum</strong></span> 
     </span>
    </p>
   </div>
   <div class='ocr_carea' id='block_1_97' title="bbox 1906 3761 3348 3836">
    <p class='ocr_par' dir='ltr' id='par_1_97' title="bbox 1906 3761 3348 3836">
     <span class='ocr_line' id='line_1_97' title="bbox 1906 3761 3348 3836; baseline 0.003 -19"><span class='ocrx_word' id='word_1_771' title='bbox 1906 3761 2061 3834; x_wconf 84' lang='lat' dir='ltr'><strong>(Sap.</strong></span> <span class='ocrx_word' id='word_1_772' title='bbox 2094 3779 2152 3827; x_wconf 81' lang='grc' dir='ltr'><strong>ιι,</strong></span> <span class='ocrx_word' id='word_1_773' title='bbox 2179 3763 2386 3836; x_wconf 69' lang='lat'><strong>18-20).</strong></span> <span class='ocrx_word' id='word_1_774' title='bbox 2420 3765 2704 3820; x_wconf 85' lang='lat' dir='ltr'><strong>Videamus</strong></span> <span class='ocrx_word' id='word_1_775' title='bbox 2729 3780 2858 3836; x_wconf 86' lang='lat' dir='ltr'><strong>ergo</strong></span> <span class='ocrx_word' id='word_1_776' title='bbox 2884 3764 3007 3835; x_wconf 91' lang='lat' dir='ltr'><strong>quid</strong></span> <span class='ocrx_word' id='word_1_777' title='bbox 3032 3764 3228 3820; x_wconf 87' lang='lat' dir='ltr'><strong>factum</strong></span> <span class='ocrx_word' id='word_1_778' title='bbox 3259 3767 3348 3822; x_wconf 93' lang='lat' dir='ltr'><strong>sit.</strong></span> 
     </span>
    </p>
   </div>
   <div class='ocr_carea' id='block_1_98' title="bbox 1975 3854 3487 3932">
    <p class='ocr_par' dir='ltr' id='par_1_98' title="bbox 1975 3854 3487 3932">
     <span class='ocr_line' id='line_1_98' title="bbox 1975 3854 3487 3932; baseline 0.006 -24"><span class='ocrx_word' id='word_1_779' title='bbox 1975 3855 2028 3908; x_wconf 74' lang='grc'>4.</span> <span class='ocrx_word' id='word_1_780' title='bbox 2065 3854 2212 3927; x_wconf 88' lang='lat' dir='ltr'><strong>[vers.</strong></span> <span class='ocrx_word' id='word_1_781' title='bbox 2258 3858 2310 3922; x_wconf 78' lang='grc'><strong>4,</strong></span> <span class='ocrx_word' id='word_1_782' title='bbox 2361 3855 2440 3930; x_wconf 80' lang='lat'><strong>5.]</strong></span> <span class='ocrx_word' id='word_1_783' title='bbox 2487 3857 2619 3923; x_wconf 85' lang='lat' dir='ltr'><strong>Quia</strong></span> <span class='ocrx_word' id='word_1_784' title='bbox 2657 3867 2964 3912; x_wconf 68' lang='lat' dir='ltr'><strong>exaruerunt</strong></span> <span class='ocrx_word' id='word_1_785' title='bbox 2993 3867 3231 3929; x_wconf 84' lang='lat' dir='ltr'><strong>tanquam</strong></span> <span class='ocrx_word' id='word_1_786' title='bbox 3257 3861 3487 3932; x_wconf 85' lang='lat' dir='ltr'><strong>gladium</strong></span> 
     </span>
    </p>
   </div>
   <div class='ocr_carea' id='block_1_99' title="bbox 1905 3947 3490 4020">
    <p class='ocr_par' dir='ltr' id='par_1_99' title="bbox 1905 3947 3490 4020">
     <span class='ocr_line' id='line_1_99' title="bbox 1905 3947 3490 4020; baseline 0.004 -18"><span class='ocrx_word' id='word_1_787' title='bbox 1905 3947 2104 4020; x_wconf 84' lang='lat' dir='ltr'><strong>linguas</strong></span> <span class='ocrx_word' id='word_1_788' title='bbox 2127 3964 2265 4002; x_wconf 82' lang='lat' dir='ltr'><strong>suas.</strong></span> <span class='ocrx_word' id='word_1_789' title='bbox 2302 3947 2425 4002; x_wconf 80' lang='lat' dir='ltr'><strong>Filii</strong></span> <span class='ocrx_word' id='word_1_790' title='bbox 2448 3949 2706 4004; x_wconf 79' lang='lat' dir='ltr'><strong>hominum</strong></span> <span class='ocrx_word' id='word_1_791' title='bbox 2723 3991 2738 4017; x_wconf 92' lang='lat'><strong>,</strong></span> <span class='ocrx_word' id='word_1_792' title='bbox 2777 3949 2947 4006; x_wconf 86' lang='lat' dir='ltr'><strong>dentes</strong></span> <span class='ocrx_word' id='word_1_793' title='bbox 2972 3967 3141 4006; x_wconf 86' lang='lat' dir='ltr'><strong>eorum</strong></span> <span class='ocrx_word' id='word_1_794' title='bbox 3170 3968 3311 4008; x_wconf 87' lang='lat' dir='ltr'><strong>arma</strong></span> <span class='ocrx_word' id='word_1_795' title='bbox 3339 3962 3384 4008; x_wconf 88' lang='lat' dir='ltr'><strong>et</strong></span> <span class='ocrx_word' id='word_1_796' title='bbox 3407 3971 3490 4009; x_wconf 81' lang='lat' dir='ltr'><strong>sa-</strong></span> 
     </span>
    </p>
   </div>
   <div class='ocr_carea' id='block_1_100' title="bbox 1903 4039 3485 4119">
    <p class='ocr_par' dir='ltr' id='par_1_100' title="bbox 1903 4039 3485 4119">
     <span class='ocr_line' id='line_1_100' title="bbox 1903 4039 3485 4119; baseline 0.007 -27"><span class='ocrx_word' id='word_1_797' title='bbox 1903 4041 2043 4112; x_wconf 83' lang='lat' dir='ltr'><strong>gith</strong></span> <span class='ocrx_word' id='word_1_798' title='bbox 2063 4082 2079 4108; x_wconf 91' lang='lat'><strong>,</strong></span> <span class='ocrx_word' id='word_1_799' title='bbox 2119 4049 2166 4094; x_wconf 88' lang='lat' dir='ltr'><strong>et</strong></span> <span class='ocrx_word' id='word_1_800' title='bbox 2196 4039 2370 4113; x_wconf 81' lang='lat' dir='ltr'><strong>lingua</strong></span> <span class='ocrx_word' id='word_1_801' title='bbox 2400 4056 2572 4096; x_wconf 86' lang='lat' dir='ltr'><strong>eorum</strong></span> <span class='ocrx_word' id='word_1_802' title='bbox 2600 4042 2802 4114; x_wconf 88' lang='lat' dir='ltr'><strong>gladius</strong></span> <span class='ocrx_word' id='word_1_803' title='bbox 2827 4054 3004 4099; x_wconf 85' lang='lat' dir='ltr'><strong>acutus</strong></span> <span class='ocrx_word' id='word_1_804' title='bbox 3030 4044 3200 4116; x_wconf 88' lang='lat' dir='ltr'><strong>(Psal.</strong></span> <span class='ocrx_word' id='word_1_805' title='bbox 3232 4062 3316 4100; x_wconf 78' lang='lat' dir='ltr'><strong>LVI</strong></span> <span class='ocrx_word' id='word_1_806' title='bbox 3338 4087 3353 4110; x_wconf 90' lang='lat'><strong>,</strong></span> <span class='ocrx_word' id='word_1_807' title='bbox 3391 4046 3485 4119; x_wconf 82' lang='lat'><strong>5),</strong></span> 
     </span>
    </p>
   </div>
   <div class='ocr_carea' id='block_1_101' title="bbox 1903 4133 3489 4204">
    <p class='ocr_par' dir='ltr' id='par_1_101' title="bbox 1903 4133 3489 4204">
     <span class='ocr_line' id='line_1_101' title="bbox 1903 4133 3489 4204; baseline 0.004 -17"><span class='ocrx_word' id='word_1_808' title='bbox 1903 4133 2044 4203; x_wconf 89' lang='lat' dir='ltr'><strong>quod</strong></span> <span class='ocrx_word' id='word_1_809' title='bbox 2085 4133 2211 4188; x_wconf 90' lang='lat' dir='ltr'><strong>dicit</strong></span> <span class='ocrx_word' id='word_1_810' title='bbox 2248 4142 2302 4187; x_wconf 94' lang='lat' dir='ltr'><strong>et</strong></span> <span class='ocrx_word' id='word_1_811' title='bbox 2341 4133 2474 4188; x_wconf 92' lang='lat' dir='ltr'><strong>alius</strong></span> <span class='ocrx_word' id='word_1_812' title='bbox 2519 4135 2793 4204; x_wconf 88' lang='lat' dir='ltr'><strong>psalmus:</strong></span> <span class='ocrx_word' id='word_1_813' title='bbox 2826 4135 2903 4190; x_wconf 89' lang='lat' dir='ltr'><strong>sic</strong></span> <span class='ocrx_word' id='word_1_814' title='bbox 2930 4145 2984 4190; x_wconf 90' lang='lat' dir='ltr'><strong>et</strong></span> <span class='ocrx_word' id='word_1_815' title='bbox 3009 4135 3093 4190; x_wconf 89' lang='lat' dir='ltr'><strong>hic</strong></span> <span class='ocrx_word' id='word_1_816' title='bbox 3115 4177 3130 4202; x_wconf 95' lang='lat'><strong>,</strong></span> <span class='ocrx_word' id='word_1_817' title='bbox 3162 4135 3489 4193; x_wconf 75' lang='lat' dir='ltr'><strong>Exacuerunt</strong></span> 
     </span>
    </p>
   </div>
   <div class='ocr_carea' id='block_1_102' title="bbox 1905 4223 3484 4295">
    <p class='ocr_par' dir='ltr' id='par_1_102' title="bbox 1905 4223 3484 4295">
     <span class='ocr_line' id='line_1_102' title="bbox 1905 4223 3484 4295; baseline 0.004 -19"><span class='ocrx_word' id='word_1_818' title='bbox 1905 4231 2140 4290; x_wconf 88' lang='lat' dir='ltr'><strong>tanquam</strong></span> <span class='ocrx_word' id='word_1_819' title='bbox 2171 4223 2397 4293; x_wconf 86' lang='lat' dir='ltr'><strong>gladium</strong></span> <span class='ocrx_word' id='word_1_820' title='bbox 2421 4223 2621 4295; x_wconf 87' lang='lat' dir='ltr'><strong>linguas</strong></span> <span class='ocrx_word' id='word_1_821' title='bbox 2640 4241 2778 4279; x_wconf 86' lang='lat' dir='ltr'><strong>suas.</strong></span> <span class='ocrx_word' id='word_1_822' title='bbox 2802 4225 2916 4279; x_wconf 88' lang='lat' dir='ltr'><strong>Non</strong></span> <span class='ocrx_word' id='word_1_823' title='bbox 2937 4226 3116 4280; x_wconf 89' lang='lat' dir='ltr'><strong>dicant</strong></span> <span class='ocrx_word' id='word_1_824' title='bbox 3133 4226 3301 4284; x_wconf 74' lang='lat' dir='ltr'><strong>Judaei</strong></span> <span class='ocrx_word' id='word_1_825' title='bbox 3327 4244 3340 4280; x_wconf 90' lang='lat'><strong>:</strong></span> <span class='ocrx_word' id='word_1_826' title='bbox 3366 4226 3484 4283; x_wconf 88' lang='lat' dir='ltr'><strong>Non</strong></span> 
     </span>
    </p>
   </div>
   <div class='ocr_carea' id='block_1_103' title="bbox 1903 4313 3483 4384">
    <p class='ocr_par' dir='ltr' id='par_1_103' title="bbox 1903 4313 3483 4384">
     <span class='ocr_line' id='line_1_103' title="bbox 1903 4313 3483 4384; baseline 0.002 -16"><span class='ocrx_word' id='word_1_827' title='bbox 1903 4313 2194 4368; x_wconf 89' lang='lat' dir='ltr'><strong>occidimus</strong></span> <span class='ocrx_word' id='word_1_828' title='bbox 2220 4313 2511 4368; x_wconf 90' lang='lat' dir='ltr'><strong>Christum.</strong></span> <span class='ocrx_word' id='word_1_829' title='bbox 2541 4313 2752 4369; x_wconf 89' lang='lat' dir='ltr'><strong>Etenim</strong></span> <span class='ocrx_word' id='word_1_830' title='bbox 2771 4324 3048 4384; x_wconf 87' lang='lat' dir='ltr'><strong>propterea</strong></span> <span class='ocrx_word' id='word_1_831' title='bbox 3075 4331 3193 4370; x_wconf 90' lang='lat' dir='ltr'><strong>eum</strong></span> <span class='ocrx_word' id='word_1_832' title='bbox 3220 4315 3483 4372; x_wconf 90' lang='lat' dir='ltr'><strong>dederunt</strong></span> 
     </span>
    </p>
   </div>
   <div class='ocr_carea' id='block_1_104' title="bbox 1900 4406 3485 4478">
    <p class='ocr_par' dir='ltr' id='par_1_104' title="bbox 1900 4406 3485 4478">
     <span class='ocr_line' id='line_1_104' title="bbox 1900 4406 3485 4478; baseline 0.002 -17"><span class='ocrx_word' id='word_1_833' title='bbox 1900 4406 2066 4478; x_wconf 90' lang='lat' dir='ltr'><strong>judici</strong></span> <span class='ocrx_word' id='word_1_834' title='bbox 2089 4406 2278 4474; x_wconf 88' lang='lat' dir='ltr'><strong>Pilato,</strong></span> <span class='ocrx_word' id='word_1_835' title='bbox 2319 4415 2380 4461; x_wconf 91' lang='lat' dir='ltr'><strong>ut</strong></span> <span class='ocrx_word' id='word_1_836' title='bbox 2419 4407 2566 4477; x_wconf 91' lang='lat' dir='ltr'><strong>quasi</strong></span> <span class='ocrx_word' id='word_1_837' title='bbox 2609 4407 2708 4478; x_wconf 93' lang='lat' dir='ltr'><strong>ipsi</strong></span> <span class='ocrx_word' id='word_1_838' title='bbox 2749 4421 2780 4460; x_wconf 89' lang='lat' dir='ltr'><strong>a</strong></span> <span class='ocrx_word' id='word_1_839' title='bbox 2827 4415 2998 4462; x_wconf 88' lang='lat' dir='ltr'><strong>morte</strong></span> <span class='ocrx_word' id='word_1_840' title='bbox 3025 4407 3138 4477; x_wconf 89' lang='lat' dir='ltr'><strong>ejus</strong></span> <span class='ocrx_word' id='word_1_841' title='bbox 3172 4407 3485 4464; x_wconf 88' lang='lat' dir='ltr'><strong>viderentur</strong></span> 
     </span>
    </p>
   </div>
   <div class='ocr_carea' id='block_1_105' title="bbox 1903 4499 3482 4566">
    <p class='ocr_par' dir='ltr' id='par_1_105' title="bbox 1903 4499 3482 4566">
     <span class='ocr_line' id='line_1_105' title="bbox 1903 4499 3482 4566; baseline 0.001 -11"><span class='ocrx_word' id='word_1_842' title='bbox 1903 4500 2188 4555; x_wconf 90' lang='lat' dir='ltr'><strong>immunes.</strong></span> <span class='ocrx_word' id='word_1_843' title='bbox 2211 4499 2342 4554; x_wconf 88' lang='lat' dir='ltr'><strong>Nam</strong></span> <span class='ocrx_word' id='word_1_844' title='bbox 2364 4515 2484 4554; x_wconf 92' lang='lat' dir='ltr'><strong>cum</strong></span> <span class='ocrx_word' id='word_1_845' title='bbox 2516 4499 2736 4555; x_wconf 79' lang='lat' dir='ltr'><strong>dixisset</strong></span> <span class='ocrx_word' id='word_1_846' title='bbox 2763 4500 2841 4555; x_wconf 88' lang='lat' dir='ltr'><strong>eis</strong></span> <span class='ocrx_word' id='word_1_847' title='bbox 2864 4500 3084 4566; x_wconf 87' lang='lat' dir='ltr'><strong>Pilatus,</strong></span> <span class='ocrx_word' id='word_1_848' title='bbox 3118 4499 3217 4554; x_wconf 86' lang='lat' dir='ltr'><strong>Vos</strong></span> <span class='ocrx_word' id='word_1_849' title='bbox 3243 4517 3356 4554; x_wconf 87' lang='lat' dir='ltr'><strong>eum</strong></span> <span class='ocrx_word' id='word_1_850' title='bbox 3392 4516 3482 4556; x_wconf 86' lang='lat' dir='ltr'><strong>oc-</strong></span> 
     </span>
    </p>
   </div>
   <div class='ocr_carea' id='block_1_106' title="bbox 1902 4589 3484 4663">
    <p class='ocr_par' dir='ltr' id='par_1_106' title="bbox 1902 4589 3484 4663">
     <span class='ocr_line' id='line_1_106' title="bbox 1902 4589 3484 4663; baseline 0.002 -18"><span class='ocrx_word' id='word_1_851' title='bbox 1902 4591 2068 4657; x_wconf 84' lang='lat' dir='ltr'><strong>cidite,</strong></span> <span class='ocrx_word' id='word_1_852' title='bbox 2112 4589 2506 4661; x_wconf 85' lang='lat' dir='ltr'><strong>responderunt</strong></span> <span class='ocrx_word' id='word_1_853' title='bbox 2535 4609 2548 4646; x_wconf 90' lang='lat'>:</span> <span class='ocrx_word' id='word_1_854' title='bbox 2581 4589 2742 4645; x_wconf 83' lang='lat' dir='ltr'><strong>Nobis</strong></span> <span class='ocrx_word' id='word_1_855' title='bbox 2775 4607 2873 4645; x_wconf 90' lang='lat' dir='ltr'><strong>non</strong></span> <span class='ocrx_word' id='word_1_856' title='bbox 2902 4591 3017 4645; x_wconf 84' lang='lat' dir='ltr'><strong>licet</strong></span> <span class='ocrx_word' id='word_1_857' title='bbox 3043 4591 3269 4646; x_wconf 77' lang='lat' dir='ltr'><strong>occidere</strong></span> <span class='ocrx_word' id='word_1_858' title='bbox 3311 4608 3484 4663; x_wconf 84' lang='lat' dir='ltr'><strong>quem-</strong></span> 
     </span>
    </p>
   </div>
   <div class='ocr_carea' id='block_1_107' title="bbox 1901 4679 3482 4752">
    <p class='ocr_par' dir='ltr' id='par_1_107' title="bbox 1901 4679 3482 4752">
     <span class='ocr_line' id='line_1_107' title="bbox 1901 4679 3482 4752; baseline 0.004 -18"><span class='ocrx_word' id='word_1_859' title='bbox 1901 4698 2052 4752; x_wconf 85' lang='lat' dir='ltr'><strong>quam</strong></span> <span class='ocrx_word' id='word_1_860' title='bbox 2082 4680 2260 4752; x_wconf 81' lang='lat' dir='ltr'><strong>(Joan.</strong></span> <span class='ocrx_word' id='word_1_861' title='bbox 2291 4697 2443 4750; x_wconf 81' lang='lat' dir='ltr'><strong>xvtu,</strong></span> <span class='ocrx_word' id='word_1_862' title='bbox 2475 4681 2587 4752; x_wconf 81' lang='grc'>51).</span> <span class='ocrx_word' id='word_1_863' title='bbox 2631 4679 2964 4752; x_wconf 71' lang='lat' dir='ltr'><strong>lniquitatem</strong></span> <span class='ocrx_word' id='word_1_864' title='bbox 3013 4680 3264 4738; x_wconf 80' lang='lat' dir='ltr'><strong>facinoris</strong></span> <span class='ocrx_word' id='word_1_865' title='bbox 3306 4684 3388 4739; x_wconf 87' lang='lat' dir='ltr'><strong>sui</strong></span> <span class='ocrx_word' id='word_1_866' title='bbox 3430 4686 3482 4740; x_wconf 91' lang='lat' dir='ltr'><strong>in</strong></span> 
     </span>
    </p>
   </div>
   <div class='ocr_carea' id='block_1_108' title="bbox 1899 4773 3484 4848">
    <p class='ocr_par' dir='ltr' id='par_1_108' title="bbox 1899 4773 3484 4848">
     <span class='ocr_line' id='line_1_108' title="bbox 1899 4773 3484 4848; baseline 0.003 -17"><span class='ocrx_word' id='word_1_867' title='bbox 1899 4777 2129 4848; x_wconf 92' lang='lat' dir='ltr'><strong>judicem</strong></span> <span class='ocrx_word' id='word_1_868' title='bbox 2153 4776 2422 4830; x_wconf 90' lang='lat' dir='ltr'><strong>hominem</strong></span> <span class='ocrx_word' id='word_1_869' title='bbox 2461 4774 2744 4831; x_wconf 73' lang='lat' dir='ltr'><strong>retundere</strong></span> <span class='ocrx_word' id='word_1_870' title='bbox 2783 4773 3071 4832; x_wconf 89' lang='lat' dir='ltr'><strong>volebant:</strong></span> <span class='ocrx_word' id='word_1_871' title='bbox 3104 4775 3198 4830; x_wconf 90' lang='lat' dir='ltr'><strong>sed</strong></span> <span class='ocrx_word' id='word_1_872' title='bbox 3228 4777 3484 4848; x_wconf 92' lang='lat' dir='ltr'><strong>numquid</strong></span> 
     </span>
    </p>
   </div>
   <div class='ocr_carea' id='block_1_109' title="bbox 1903 4866 3482 4940">
    <p class='ocr_par' dir='ltr' id='par_1_109' title="bbox 1903 4866 3482 4940">
     <span class='ocr_line' id='line_1_109' title="bbox 1903 4866 3482 4940; baseline 0 -15"><span class='ocrx_word' id='word_1_873' title='bbox 1903 4871 2068 4926; x_wconf 87' lang='lat' dir='ltr'><strong>Deum</strong></span> <span class='ocrx_word' id='word_1_874' title='bbox 2107 4869 2340 4940; x_wconf 92' lang='lat' dir='ltr'><strong>judicem</strong></span> <span class='ocrx_word' id='word_1_875' title='bbox 2372 4867 2827 4935; x_wconf 83' lang='lat' dir='ltr'><strong>fallebant?Quod</strong></span> <span class='ocrx_word' id='word_1_876' title='bbox 2878 4866 3001 4921; x_wconf 84' lang='lat' dir='ltr'><strong>fecit</strong></span> <span class='ocrx_word' id='word_1_877' title='bbox 3043 4867 3262 4937; x_wconf 88' lang='lat' dir='ltr'><strong>Pilatus,</strong></span> <span class='ocrx_word' id='word_1_878' title='bbox 3310 4870 3361 4924; x_wconf 93' lang='lat' dir='ltr'><strong>in</strong></span> <span class='ocrx_word' id='word_1_879' title='bbox 3416 4885 3482 4925; x_wconf 91' lang='lat' dir='ltr'><strong>eo</strong></span> 
     </span>
    </p>
   </div>
   <div class='ocr_carea' id='block_1_110' title="bbox 1901 4958 3481 5034">
    <p class='ocr_par' dir='ltr' id='par_1_110' title="bbox 1901 4958 3481 5034">
     <span class='ocr_line' id='line_1_110' title="bbox 1901 4958 3481 5034; baseline -0.001 -16"><span class='ocrx_word' id='word_1_880' title='bbox 1901 4963 2018 5034; x_wconf 92' lang='lat' dir='ltr'><strong>ipso</strong></span> <span class='ocrx_word' id='word_1_881' title='bbox 2046 4962 2186 5034; x_wconf 91' lang='lat' dir='ltr'><strong>quod</strong></span> <span class='ocrx_word' id='word_1_882' title='bbox 2218 4962 2376 5029; x_wconf 90' lang='lat' dir='ltr'><strong>fecit,</strong></span> <span class='ocrx_word' id='word_1_883' title='bbox 2424 4961 2748 5032; x_wconf 77' lang='lat' dir='ltr'><strong>aliquantum</strong></span> <span class='ocrx_word' id='word_1_884' title='bbox 2796 4958 3066 5031; x_wconf 85' lang='lat' dir='ltr'><strong>particeps</strong></span> <span class='ocrx_word' id='word_1_885' title='bbox 3105 4959 3240 5028; x_wconf 87' lang='lat' dir='ltr'><strong>fuit;</strong></span> <span class='ocrx_word' id='word_1_886' title='bbox 3286 4961 3381 5016; x_wconf 89' lang='lat' dir='ltr'><strong>sed</strong></span> <span class='ocrx_word' id='word_1_887' title='bbox 3428 4962 3481 5017; x_wconf 91' lang='lat' dir='ltr'><strong>in</strong></span> 
     </span>
    </p>
   </div>
   <div class='ocr_carea' id='block_1_111' title="bbox 1900 5051 3481 5127">
    <p class='ocr_par' dir='ltr' id='par_1_111' title="bbox 1900 5051 3481 5127">
     <span class='ocr_line' id='line_1_111' title="bbox 1900 5051 3481 5127; baseline -0.003 -14"><span class='ocrx_word' id='word_1_888' title='bbox 1900 5057 2297 5127; x_wconf 88' lang='lat' dir='ltr'><strong>comparatione</strong></span> <span class='ocrx_word' id='word_1_889' title='bbox 2332 5055 2541 5110; x_wconf 90' lang='lat' dir='ltr'><strong>illorum</strong></span> <span class='ocrx_word' id='word_1_890' title='bbox 2572 5052 2740 5108; x_wconf 92' lang='lat' dir='ltr'><strong>multo</strong></span> <span class='ocrx_word' id='word_1_891' title='bbox 2762 5051 2879 5122; x_wconf 89' lang='lat' dir='ltr'><strong>ipse</strong></span> <span class='ocrx_word' id='word_1_892' title='bbox 2912 5051 3263 5112; x_wconf 87' lang='lat' dir='ltr'><strong>innocentior.</strong></span> <span class='ocrx_word' id='word_1_893' title='bbox 3291 5053 3481 5110; x_wconf 86' lang='lat' dir='ltr'><strong>lnstitit</strong></span> 
     </span>
    </p>
   </div>
   <div class='ocr_carea' id='block_1_112' title="bbox 1900 5143 3481 5219">
    <p class='ocr_par' dir='ltr' id='par_1_112' title="bbox 1900 5143 3481 5219">
     <span class='ocr_line' id='line_1_112' title="bbox 1900 5143 3481 5219; baseline -0.004 -14"><span class='ocrx_word' id='word_1_894' title='bbox 1900 5150 2041 5205; x_wconf 89' lang='lat' dir='ltr'><strong>enim</strong></span> <span class='ocrx_word' id='word_1_895' title='bbox 2069 5156 2322 5219; x_wconf 91' lang='lat' dir='ltr'><strong>quantum</strong></span> <span class='ocrx_word' id='word_1_896' title='bbox 2349 5147 2537 5216; x_wconf 91' lang='lat' dir='ltr'><strong>potuit,</strong></span> <span class='ocrx_word' id='word_1_897' title='bbox 2571 5153 2628 5200; x_wconf 89' lang='lat' dir='ltr'><strong>ut</strong></span> <span class='ocrx_word' id='word_1_898' title='bbox 2669 5144 2813 5198; x_wconf 91' lang='lat' dir='ltr'><strong>illum</strong></span> <span class='ocrx_word' id='word_1_899' title='bbox 2839 5159 2904 5199; x_wconf 85' lang='lat' dir='ltr'><strong>ex</strong></span> <span class='ocrx_word' id='word_1_900' title='bbox 2937 5159 3122 5200; x_wconf 90' lang='lat' dir='ltr'><strong>eorum</strong></span> <span class='ocrx_word' id='word_1_901' title='bbox 3144 5143 3388 5199; x_wconf 87' lang='lat' dir='ltr'><strong>manibus</strong></span> <span class='ocrx_word' id='word_1_902' title='bbox 3417 5143 3481 5198; x_wconf 69' lang='lat' dir='ltr'><strong>li»</strong></span> 
     </span>
    </p>
   </div>
   <div class='ocr_carea' id='block_1_113' title="bbox 1901 5233 3477 5307">
    <p class='ocr_par' dir='ltr' id='par_1_113' title="bbox 1901 5233 3477 5307">
     <span class='ocr_line' id='line_1_113' title="bbox 1901 5233 3477 5307; baseline -0.003 -11"><span class='ocrx_word' id='word_1_903' title='bbox 1901 5241 2132 5296; x_wconf 87' lang='lat' dir='ltr'><strong>beraret.</strong></span> <span class='ocrx_word' id='word_1_904' title='bbox 2162 5238 2294 5294; x_wconf 85' lang='lat' dir='ltr'><strong>Nam</strong></span> <span class='ocrx_word' id='word_1_905' title='bbox 2335 5245 2616 5307; x_wconf 82' lang='lat' dir='ltr'><strong>prOpterea</strong></span> <span class='ocrx_word' id='word_1_906' title='bbox 2644 5234 2964 5307; x_wconf 79' lang='lat' dir='ltr'><strong>flagellatum</strong></span> <span class='ocrx_word' id='word_1_907' title='bbox 2995 5233 3244 5304; x_wconf 77' lang='lat' dir='ltr'><strong>produxit</strong></span> <span class='ocrx_word' id='word_1_908' title='bbox 3272 5233 3336 5288; x_wconf 87' lang='lat' dir='ltr'><strong>ad</strong></span> <span class='ocrx_word' id='word_1_909' title='bbox 3363 5249 3477 5292; x_wconf 91' lang='lat' dir='ltr'><strong>eos.</strong></span> 
     </span>
    </p>
   </div>
   <div class='ocr_carea' id='block_1_114' title="bbox 1899 5324 3472 5403">
    <p class='ocr_par' dir='ltr' id='par_1_114' title="bbox 1899 5324 3472 5403">
     <span class='ocr_line' id='line_1_114' title="bbox 1899 5324 3472 5403; baseline -0.005 -15"><span class='ocrx_word' id='word_1_910' title='bbox 1899 5333 2013 5389; x_wconf 91' lang='lat' dir='ltr'><strong>Non</strong></span> <span class='ocrx_word' id='word_1_911' title='bbox 2046 5329 2410 5403; x_wconf 89' lang='lat' dir='ltr'><strong>persequendo</strong></span> <span class='ocrx_word' id='word_1_912' title='bbox 2439 5329 2717 5383; x_wconf 89' lang='lat' dir='ltr'><strong>Dominum</strong></span> <span class='ocrx_word' id='word_1_913' title='bbox 2748 5327 3047 5398; x_wconf 84' lang='lat' dir='ltr'><strong>ﬁagellavit,</strong></span> <span class='ocrx_word' id='word_1_914' title='bbox 3071 5324 3166 5380; x_wconf 93' lang='lat' dir='ltr'><strong>sed</strong></span> <span class='ocrx_word' id='word_1_915' title='bbox 3186 5341 3369 5381; x_wconf 91' lang='lat' dir='ltr'><strong>eorum</strong></span> <span class='ocrx_word' id='word_1_916' title='bbox 3395 5326 3472 5380; x_wconf 83' lang='lat' dir='ltr'><strong>fu-</strong></span> 
     </span>
    </p>
   </div>
   <div class='ocr_carea' id='block_1_115' title="bbox 1897 5419 3471 5489">
    <p class='ocr_par' dir='ltr' id='par_1_115' title="bbox 1897 5419 3471 5489">
     <span class='ocr_line' id='line_1_115' title="bbox 1897 5419 3471 5489; baseline -0.006 -7"><span class='ocrx_word' id='word_1_917' title='bbox 1897 5427 2004 5482; x_wconf 91' lang='lat' dir='ltr'><strong>rori</strong></span> <span class='ocrx_word' id='word_1_918' title='bbox 2032 5424 2336 5481; x_wconf 79' lang='lat' dir='ltr'><strong>satisfacere</strong></span> <span class='ocrx_word' id='word_1_919' title='bbox 2362 5422 2568 5489; x_wconf 88' lang='lat' dir='ltr'><strong>volens,</strong></span> <span class='ocrx_word' id='word_1_920' title='bbox 2599 5432 2655 5475; x_wconf 90' lang='lat' dir='ltr'><strong>ut</strong></span> <span class='ocrx_word' id='word_1_921' title='bbox 2677 5421 2758 5476; x_wconf 90' lang='lat' dir='ltr'><strong>vel</strong></span> <span class='ocrx_word' id='word_1_922' title='bbox 2790 5420 2868 5475; x_wconf 89' lang='lat' dir='ltr'><strong>sic</strong></span> <span class='ocrx_word' id='word_1_923' title='bbox 2890 5419 2998 5489; x_wconf 87' lang='lat' dir='ltr'><strong>jam</strong></span> <span class='ocrx_word' id='word_1_924' title='bbox 3029 5419 3403 5484; x_wconf 89' lang='lat' dir='ltr'><strong>mitescerent,</strong></span> <span class='ocrx_word' id='word_1_925' title='bbox 3425 5431 3471 5476; x_wconf 90' lang='lat' dir='ltr'><strong>et</strong></span> 
     </span>
    </p>
   </div>
   <div class='ocr_carea' id='block_1_116' title="bbox 1896 5510 3475 5584">
    <p class='ocr_par' dir='ltr' id='par_1_116' title="bbox 1896 5510 3475 5584">
     <span class='ocr_line' id='line_1_116' title="bbox 1896 5510 3475 5584; baseline -0.007 -6"><span class='ocrx_word' id='word_1_926' title='bbox 1896 5521 2201 5578; x_wconf 88' lang='lat' dir='ltr'><strong>desinerent</strong></span> <span class='ocrx_word' id='word_1_927' title='bbox 2229 5517 2366 5573; x_wconf 90' lang='lat' dir='ltr'><strong>velle</strong></span> <span class='ocrx_word' id='word_1_928' title='bbox 2393 5515 2669 5581; x_wconf 90' lang='lat' dir='ltr'><strong>occidere,</strong></span> <span class='ocrx_word' id='word_1_929' title='bbox 2714 5530 2833 5569; x_wconf 93' lang='lat' dir='ltr'><strong>cum</strong></span> <span class='ocrx_word' id='word_1_930' title='bbox 2879 5512 3196 5584; x_wconf 85' lang='lat' dir='ltr'><strong>flagellatum</strong></span> <span class='ocrx_word' id='word_1_931' title='bbox 3238 5510 3475 5572; x_wconf 87' lang='lat' dir='ltr'><strong>viderent</strong></span> 
     </span>
    </p>
   </div>
   <div class='ocr_carea' id='block_1_117' title="bbox 1896 5603 3469 5686">
    <p class='ocr_par' dir='ltr' id='par_1_117' title="bbox 1896 5603 3469 5686">
     <span class='ocr_line' id='line_1_117' title="bbox 1896 5603 3469 5686; baseline -0.007 -19"><span class='ocrx_word' id='word_1_932' title='bbox 1896 5614 2008 5686; x_wconf 90' lang='lat' dir='ltr'><strong>(Id.</strong></span> <span class='ocrx_word' id='word_1_933' title='bbox 2039 5629 2148 5678; x_wconf 75' lang='lat' dir='ltr'><strong>xix,</strong></span> <span class='ocrx_word' id='word_1_934' title='bbox 2177 5610 2296 5677; x_wconf 76' lang='lat'><strong>1-5)</strong></span> <span class='ocrx_word' id='word_1_935' title='bbox 2329 5626 2342 5663; x_wconf 88' lang='lat'><strong>:</strong></span> <span class='ocrx_word' id='word_1_936' title='bbox 2370 5608 2493 5663; x_wconf 86' lang='lat' dir='ltr'><strong>fecit</strong></span> <span class='ocrx_word' id='word_1_937' title='bbox 2517 5608 2717 5663; x_wconf 88' lang='lat' dir='ltr'><strong>ethoc.</strong></span> <span class='ocrx_word' id='word_1_938' title='bbox 2747 5607 2817 5661; x_wconf 80' lang='lat' dir='ltr'><strong>At</strong></span> <span class='ocrx_word' id='word_1_939' title='bbox 2845 5603 2931 5658; x_wconf 88' lang='lat' dir='ltr'><strong>ubi</strong></span> <span class='ocrx_word' id='word_1_940' title='bbox 2971 5612 3469 5673; x_wconf 87' lang='lat' dir='ltr'><strong>perseveraveruut,</strong></span> 
     </span>
    </p>
   </div>
   <div class='ocr_carea' id='block_1_118' title="bbox 1896 5692 3476 5764">
    <p class='ocr_par' dir='ltr' id='par_1_118' title="bbox 1896 5692 3476 5764">
     <span class='ocr_line' id='line_1_118' title="bbox 1896 5692 3476 5764; baseline -0.007 -3"><span class='ocrx_word' id='word_1_941' title='bbox 1896 5705 2063 5762; x_wconf 88' lang='lat' dir='ltr'><strong>nostis</strong></span> <span class='ocrx_word' id='word_1_942' title='bbox 2108 5702 2254 5758; x_wconf 92' lang='lat' dir='ltr'><strong>illum</strong></span> <span class='ocrx_word' id='word_1_943' title='bbox 2291 5700 2482 5755; x_wconf 85' lang='lat' dir='ltr'><strong>lavisse</strong></span> <span class='ocrx_word' id='word_1_944' title='bbox 2510 5712 2720 5764; x_wconf 89' lang='lat' dir='ltr'><strong>manus,</strong></span> <span class='ocrx_word' id='word_1_945' title='bbox 2753 5703 2807 5749; x_wconf 93' lang='lat' dir='ltr'><strong>et</strong></span> <span class='ocrx_word' id='word_1_946' title='bbox 2833 5693 3031 5749; x_wconf 81' lang='lat' dir='ltr'><strong>dixisse</strong></span> <span class='ocrx_word' id='word_1_947' title='bbox 3059 5692 3200 5764; x_wconf 89' lang='lat' dir='ltr'><strong>quod</strong></span> <span class='ocrx_word' id='word_1_948' title='bbox 3227 5692 3340 5762; x_wconf 89' lang='lat' dir='ltr'><strong>ipse</strong></span> <span class='ocrx_word' id='word_1_949' title='bbox 3368 5708 3476 5750; x_wconf 91' lang='lat' dir='ltr'><strong>non</strong></span> 
     </span>
    </p>
   </div>
   <div class='ocr_carea' id='block_1_119' title="bbox 1893 5786 3472 5863">
    <p class='ocr_par' dir='ltr' id='par_1_119' title="bbox 1893 5786 3472 5863">
     <span class='ocr_line' id='line_1_119' title="bbox 1893 5786 3472 5863; baseline -0.008 -8"><span class='ocrx_word' id='word_1_950' title='bbox 1893 5801 2124 5863; x_wconf 89' lang='lat' dir='ltr'><strong>fecisset,</strong></span> <span class='ocrx_word' id='word_1_951' title='bbox 2147 5795 2400 5851; x_wconf 89' lang='lat' dir='ltr'><strong>mundum</strong></span> <span class='ocrx_word' id='word_1_952' title='bbox 2430 5808 2490 5850; x_wconf 87' lang='lat' dir='ltr'><strong>se</strong></span> <span class='ocrx_word' id='word_1_953' title='bbox 2514 5807 2634 5848; x_wconf 89' lang='lat' dir='ltr'><strong>esse</strong></span> <span class='ocrx_word' id='word_1_954' title='bbox 2655 5806 2685 5845; x_wconf 89' lang='lat' dir='ltr'><strong>a</strong></span> <span class='ocrx_word' id='word_1_955' title='bbox 2713 5797 2884 5844; x_wconf 91' lang='lat' dir='ltr'><strong>morte</strong></span> <span class='ocrx_word' id='word_1_956' title='bbox 2909 5787 3052 5844; x_wconf 90' lang='lat' dir='ltr'><strong>illius</strong></span> <span class='ocrx_word' id='word_1_957' title='bbox 3077 5786 3289 5860; x_wconf 79' lang='lat' dir='ltr'><strong>(Matth.</strong></span> <span class='ocrx_word' id='word_1_958' title='bbox 3305 5802 3472 5856; x_wconf 79' lang='lat' dir='ltr'><strong>xxvu,</strong></span> 
     </span>
    </p>
   </div>
   <div class='ocr_carea' id='block_1_120' title="bbox 1891 5880 3468 5966">
    <p class='ocr_par' dir='ltr' id='par_1_120' title="bbox 1891 5880 3468 5966">
     <span class='ocr_line' id='line_1_120' title="bbox 1891 5880 3468 5966; baseline -0.01 -14"><span class='ocrx_word' id='word_1_959' title='bbox 1891 5896 1986 5966; x_wconf 73' lang='grc'><strong>24)</strong></span> <span class='ocrx_word' id='word_1_960' title='bbox 2021 5912 2033 5949; x_wconf 91' lang='lat'>:</span> <span class='ocrx_word' id='word_1_961' title='bbox 2066 5891 2190 5949; x_wconf 90' lang='lat' dir='ltr'><strong>fecit</strong></span> <span class='ocrx_word' id='word_1_962' title='bbox 2217 5899 2416 5948; x_wconf 88' lang='lat' dir='ltr'><strong>tamen.</strong></span> <span class='ocrx_word' id='word_1_963' title='bbox 2444 5887 2550 5945; x_wconf 89' lang='lat' dir='ltr'><strong>Sed</strong></span> <span class='ocrx_word' id='word_1_964' title='bbox 2585 5886 2630 5942; x_wconf 91' lang='lat' dir='ltr'><strong>si</strong></span> <span class='ocrx_word' id='word_1_965' title='bbox 2666 5898 2791 5942; x_wconf 87' lang='lat' dir='ltr'><strong>reus</strong></span> <span class='ocrx_word' id='word_1_966' title='bbox 2814 5883 2938 5954; x_wconf 88' lang='lat' dir='ltr'><strong>quia</strong></span> <span class='ocrx_word' id='word_1_967' title='bbox 2967 5881 3091 5939; x_wconf 87' lang='lat' dir='ltr'><strong>fecit</strong></span> <span class='ocrx_word' id='word_1_968' title='bbox 3113 5880 3197 5940; x_wconf 90' lang='lat' dir='ltr'><strong>vel</strong></span> <span class='ocrx_word' id='word_1_969' title='bbox 3230 5880 3468 5950; x_wconf 87' lang='lat' dir='ltr'><strong>invitus;</strong></span> 
     </span>
    </p>
   </div>
  </div>
