4038 6456
547 376 654 439 763

553 498 624 554 illi
657 498 969 552 innocentes
993 490 1080 563 qui
1111 491 1402 558 coegerunt
1429 492 1482 537 ut
1515 478 1747 536 faceret?
1773 475 1927 533 Nullo
1951 471 2131 527 modo.

552 591 656 648 Sed
684 589 771 644 ille
792 587 921 642 dixit
950 586 1000 639 in
1026 598 1148 639 eum
1179 578 1522 644 sententiam,
1551 583 1604 630 et
1627 572 1786 644 jussit
1815 585 1937 626 eum
1965 567 2136 622 cruci-

556 681 664 752 ﬁgi,
689 688 743 735 et
769 676 915 749 quasi
950 676 1061 746 ipse
1090 671 1318 735 occidit;
1350 679 1403 724 et
1429 683 1544 733 vos,
1572 682 1604 721 ο
1629 663 1816 730 Jttdmi,
1846 659 2131 717 occidistis.

559 774 707 831 Unde
736 769 1039 829 occidistis?
1076 766 1263 824 Gladio
1315 764 1507 833 lingua:
1548 757 1807 814 :acuistis
1845 755 1984 811 enim
2030 753 2135 807 lin-

554 883 703 941 guas
732 875 958 924 vestras.
1004 863 1070 918 Et
1100 859 1310 932 quando
1363 854 1724 928 percussistis,
1781 851 1881 907 nisi
1925 846 2136 920 quando

554 959 847 1025 clamastis,
876 955 1145 1026 Cruciﬁge,
1174 950 1416 1022 cruciﬁge
1441 947 1587 1021 (Luc.
1613 960 1797 1011 xxxnt,
1828 941 1958 1012 21)?

625 1055 680 1111 5.
705 1054 990 1123 Propterea
1017 1048 1156 1104 enim
1194 1061 1300 1102 non
1332 1053 1413 1099 est
1442 1036 1948 1113 prtetcrmittendum
1970 1076 1984 1103 ,
2017 1032 2136 1103 quia

554 1151 703 1208 venit
732 1149 787 1204 in
826 1154 1094 1211 mentem,
1132 1157 1201 1197 ne
1237 1143 1375 1197 forte
1399 1138 1631 1209 aliquem
1664 1132 1935 1205 perturbet
1982 1126 2136 1183 lectio

555 1243 853 1300 divinorum
892 1238 1174 1294 Librorum
1213 1252 1226 1287 :
1257 1232 1470 1304 quidam
1502 1226 1824 1299 evangelista
1852 1222 1983 1279 dicit
2005 1221 2136 1276 hora

554 1343 705 1392 sexta
722 1331 1030 1389 cruciﬁxum
1053 1328 1336 1383 Dominum
1356 1323 1532 1396 (Joan.
1563 1337 1670 1386 xtx,
1710 1318 1818 1391 14),
1847 1325 1901 1374 et
1924 1314 2136 1386 quidam

555 1422 686 1483 hora
716 1424 869 1480 tertia
898 1421 1087 1495 (Marc.
1111 1436 1201 1485 xv,
1226 1418 1320 1490 95)
1350 1436 1363 1471 :
1394 1416 1495 1472 nisi
1526 1413 1900 1484 intelligamus,
1932 1415 2134 1478 pertur-

554 1522 761 1577 bamur.
791 1520 856 1574 Et
887 1518 997 1589 jam
1044 1513 1333 1584 incipiente
1374 1521 1522 1568 sexta
1549 1511 1679 1566 hora
1706 1508 1899 1562 dicitur
1939 1503 2138 1558 Pilatus

554 1613 758 1670 sedisse
787 1626 885 1683 pro
927 1608 1211 1673 tribunali;
1262 1616 1319 1663 et
1366 1620 1552 1662 revera
1591 1602 1801 1673 quando
1830 1601 2032 1655 levatus
2057 1604 2139 1653 est

558 1705 813 1761 Dominus
839 1705 893 1759 in
920 1704 1082 1774 ligno,
1117 1701 1247 1757 hora
1275 1709 1424 1757 sexta
1453 1707 1585 1755 erat.
1614 1696 1723 1752 Sed
1750 1696 1882 1750 alius
1907 1707 2135 1761 evangeo

556 1798 672 1854 lista
704 1797 915 1852 intuens
940 1793 1174 1848 animum
1219 1791 1562 1855 Judieorum,
1608 1788 1729 1859 quia
1785 1783 2034 1841 volebant
2079 1795 2141 1839 se

558 1890 824 1946 immunes
843 1887 1011 1942 videri
1035 1901 1066 1941 a
1096 1894 1266 1940 morte
1289 1883 1517 1948 Domini,
1551 1878 1818 1935 narrando
1839 1891 1933 1932 eos
1953 1883 2135 1931 osten-

554 1980 635 2036 dit
675 1995 816 2046 reos,
858 1979 1042 2034 dicens
1093 1977 1371 2032 Dominum
1420 1975 1548 2028 hora
1603 1971 1753 2028 tertia
1801 1968 2135 2025 cruciﬁxum.

554 2071 973 2128 Considerantes
1000 2078 1432 2126 autem/omnem
1468 2063 1918 2122 circumstantiam
1948 2061 2138 2118 lectio-

555 2165 659 2228 nis,
682 2173 878 2234 quaata
900 2163 986 2234 agi
1016 2163 1302 2232 potuerint,
1330 2175 1449 2216 cmn
1472 2158 1612 2229 apud
1634 2158 1859 2213 Pilatum
1880 2156 2139 2211 Dominus

555 2266 917 2325 necttsaretur,
940 2265 999 2311 ut
1023 2255 1455 2325 cruciﬁgeretur;
1488 2252 1789 2308 invenimus
1819 2250 2004 2304 horam
2034 2257 2141 2304 ter-

554 2348 682 2401 tiam
702 2361 828 2403 esse
851 2347 1107 2418 potuisse,
1130 2345 1341 2417 quando
1363 2344 1440 2399 illi
1463 2344 1631 2398 clama
1641 2350 1851 2405 verunt,
1870 2338 2136 2409 Cruciﬁge,

555 2440 814 2509 cruciﬁge.
860 2440 1001 2510 Ergo
1041 2438 1220 2494 verius
1267 2437 1342 2491 illi
1394 2446 1520 2491 tunc
1563 2434 1892 2496 occiderunt,
1925 2430 2140 2501 quando

554 2531 941 2585 clamaverunt.
973 2527 1314 2599 Apparitores
1334 2526 1611 2597 potestatis
1636 2525 1764 2579 hora
1790 2532 1940 2578 sexta
1968 2520 2140 2576 cruci-

554 2623 821 2688 tixerunt;
854 2621 1288 2691 praevaricatores
1327 2619 1483 2689 Legis
1513 2617 1642 2674 hora
1683 2615 1836 2670 tertia
1874 2614 2140 2670 clamave-

554 2727 680 2772 runt
719 2734 733 2773 :
763 2715 904 2787 quod
936 2716 1011 2773 illi
1040 2713 1284 2770 manibus
1313 2702 1444 2767 liora
1474 2719 1642 2774 sexta.
1684 2710 1785 2764 hoc
1828 2707 1905 2762 illi
1963 2707 2141 2776 lingua

558 2809 691 2867 hora
718 2810 891 2865 tertia.
932 2809 1028 2864 Rei
1068 2809 1236 2879 magis
1264 2807 1349 2861 isti
1370 2806 1463 2876 qui
1490 2802 1770 2859 clamando
1797 2799 2090 2856 sawiebant
2119 2840 2135 2864 ,

556 2914 716 2969 quam
748 2900 822 2955 illi
861 2900 951 2970 qui
976 2896 1399 2969 obtemperando
1444 2894 1906 2950 administrabant.
1962 2892 2139 2962 Ipsum

557 3001 642 3047 est
686 2999 854 3047 totum
898 3006 1119 3047 acumen
1188 2989 1522 3053 Judaeonnn;
1578 2987 1682 3043 hoc
1727 2992 1809 3039 est
1858 2983 1998 3053 quod
2046 2997 2142 3053 pro

558 3082 754 3153 magno
779 3083 1103 3153 qutesierunt
1131 3100 1146 3136 :
1176 3080 1523 3145 Occidamus,
1556 3088 1610 3133 et
1652 3092 1757 3132 non
1797 3076 2140 3142 occidamus;

560 3173 641 3229 sic
667 3172 993 3237 occidamus,
1027 3183 1087 3226 nt
1105 3186 1209 3226 non
1240 3172 1337 3240 ipsi
1364 3169 1623 3227 occidisse
1645 3168 1967 3240 iudicemur.
2004 3167 2145 3224 Exa-

558 3275 770 3321 cuerunt
795 3273 1033 3335 tanquam
1056 3263 1281 3336 gladium
1307 3263 1505 3332 linguas
1525 3277 1667 3316 suos.

630 3360 685 3417 6.
740 3358 1070 3415 Intenderunt
1097 3374 1301 3422 arcum,
1350 3373 1453 3411 rem
1496 3371 1743 3409 moram.
1794 3354 1989 3410 Arcum
2017 3352 2145 3410 dicit

558 3453 801 3510 insidias.
846 3452 946 3521 Qui
996 3453 1140 3509 enim
1187 3451 1362 3522 gladio
1401 3451 1645 3506 coruinus
1686 3458 1906 3520 pugnat,
1957 3458 2144 3519 aperte

560 3556 757 3616 pugnat
810 3564 823 3600 ε
866 3545 960 3615 qui
1001 3546 1244 3616 sagittam
1292 3543 1476 3607 mittit,
1514 3542 1646 3597 fallit
1677 3550 1737 3597 ut
1766 3539 1948 3596 'feriat.
1990 3542 2144 3598 Prius

560 3637 702 3692 enim
742 3636 929 3705 sagitta
980 3635 1245 3703 percutit,
1274 3647 1433 3704 quam
1481 3632 1663 3687 venire
1690 3631 1754 3687 ad
1785 3632 1973 3686 vulnus
2000 3646 2142 3701 pra:-

559 3727 820 3783 videatur.
849 3726 955 3782 Sed
979 3741 1138 3795 quem
1172 3726 1396 3779 laterent
1428 3722 1634 3777 insidia:
1664 3721 1841 3777 cordis
1881 3722 2144 3777 humani?

559 3817 816 3886 numquid
856 3825 911 3872 et
949 3817 1228 3870 Dominum
1270 3822 1510 3870 nostrum
1536 3813 1718 3868 Iesum
1741 3812 2031 3879 Christum,
2059 3815 2146 3882 qui

561 3924 663 3961 non
691 3924 819 3977 opus
843 3908 1054 3961 habebat
1080 3917 1133 3960 ut
1159 3906 1204 3960 ei
1227 3905 1561 3961 testimonium
1590 3905 1851 3974 quisquam
1869 3903 2145 3974 perhiberet

563 3998 627 4052 de
670 3998 909 4052 homine?
951 3996 1071 4066 Ipse
1116 3997 1248 4051 enim
1292 3996 1479 4050 sciebat
1514 3994 1639 4066 quid
1666 4004 1790 4049 esset
1814 3995 1869 4049 in
1897 3995 2097 4050 homine
2124 4037 2141 4063 ,

560 4091 700 4146 sicut
725 4091 1049 4161 evangelista
1077 4099 1301 4146 testatur
1323 4088 1504 4160 (Joan.
1530 4105 1587 4154 ιι,
1605 4087 1718 4159 25).
1740 4087 1939 4143 Tamen
1962 4088 2145 4143 audia-

562 4197 680 4238 nios
705 4197 821 4247 eos,
847 4193 901 4241 et
929 4184 1228 4238 intueamur
1267 4197 1361 4238 eos
1407 4182 1556 4252 quasi
1606 4182 1878 4238 nesciente
1919 4181 2146 4239 Domino

560 4273 739 4329 facere
762 4273 906 4344 quod
937 4275 1245 4329 moliuntur.
1281 4273 1616 4328 lntenderunt
1645 4290 1843 4339 arcum,
1871 4291 1977 4329 rem
2002 4291 2146 4328 oma-

558 4383 692 4434 rant,
745 4376 800 4422 ut
823 4368 1117 4437 sagittarent
1156 4367 1210 4422 in
1246 4368 1536 4422 abscondito
1561 4367 1961 4422 immaculatum.
1991 4367 2144 4435 Quod

560 4459 728 4524 dixit,
776 4458 1106 4514 Intenderunt
1152 4473 1363 4525 arcum;
1421 4460 1523 4515 hoc
1568 4470 1670 4521 est.
1715 4460 1769 4515 in
1803 4459 2144 4526 abscondito;

561 4553 711 4622 quasi
752 4552 995 4608 fallentes
1039 4552 1263 4608 insidiis.
1294 4551 1475 4607 Nostis
1502 4552 1646 4606 enim
1683 4553 1876 4622 quibus
1913 4552 2049 4608 dolis
2090 4552 2145 4608 id

561 4647 800 4716 egerint;
849 4644 1293 4716 quemadmodum
1336 4645 1652 4715 discipulum
1686 4645 1735 4699 ei
1788 4644 2141 4703 cobmrentem

562 4738 788 4809 pecunia
815 4739 1172 4809 corruperint,
1207 4747 1263 4793 ut
1291 4738 1390 4793 sibi
1428 4737 1725 4793 traderetur
1752 4736 1964 4806 (Matth.
1995 4754 2141 4806 xxvr,

564 4833 651 4896 14,
680 4830 767 4902 15)
792 4831 1090 4901 ;quomodo
1115 4831 1274 4885 falsos
1296 4839 1458 4885 testes
1484 4830 1883 4899 procuraverint
1907 4847 1921 4894 ;
1953 4830 2143 4900 quibus

562 4922 766 4979 insidiis
797 4930 851 4978 et
871 4922 1010 4977 dolis
1039 4924 1261 4993 egerint,
1313 4932 1365 4976 ut
1411 4922 1705 4993 sagittarent
1747 4923 1803 4976 in
1853 4922 2145 4978 abscondito

560 5014 963 5069 immaculatum.
1010 5013 1196 5084 Magna
1242 5014 1525 5084 iniquitas!
1569 5014 1709 5068 Ecce
1737 5012 1803 5068 de
1833 5014 2145 5070 abscondito

560 5106 704 5162 venit
731 5107 919 5176 sagitta
949 5120 1065 5175 qua:
1098 5105 1488 5160 immaculatum
1521 5103 1662 5167 ferit,
1694 5105 1781 5174 qui
1812 5120 1910 5160 nec
1940 5114 2142 5160 tantum

561 5198 790 5255 habebat
832 5198 1072 5260 maculae,
1129 5206 1384 5266 quantum
1430 5205 1604 5267 potest
1652 5198 1810 5267 pungi
1854 5213 1886 5252 a
1931 5198 2141 5267 sagitta.

500 5280 503 5283 ’
559 5290 740 5360 Agnus
755 5288 950 5360 quippe
967 5287 1361 5349 immaculatus.
1373 5296 1509 5342 totus
1531 5289 2145 5357 immaculatns,smnpcr

561 5382 959 5445 itnmaculatus;
993 5396 1098 5435 non
1129 5380 1213 5436 cui
1255 5382 1472 5436 maculm
1516 5381 1705 5436 ablatae
1746 5383 1873 5448 sint,
1912 5382 2006 5437 sed
2053 5387 2141 5452 qui

561 5475 795 5531 maculas
828 5473 1002 5529 nullas
1026 5473 1369 5529 contraxerit.
1399 5472 1527 5527 Nam
1560 5472 1683 5527 fecit
1711 5474 1908 5528 multos
1953 5474 2142 5528 imma-

558 5566 763 5623 culatos
798 5565 1045 5621 donando
1073 5575 1323 5636 peccata;
1353 5564 1476 5635 ipse.
1509 5566 1875 5619 immaculatus
1903 5580 2007 5619 non
2049 5565 2141 5618 ba-

558 5656 736 5715 bendo
760 5666 995 5729 peccata.
1026 5656 1094 5714 Ut
1139 5657 1375 5728 sagittam
1414 5656 1469 5710 in
1511 5654 1801 5711 abscondito
1844 5656 2141 5710 immacula-

556 5758 686 5811 Μ.

578 5898 582 5905 .
629 5841 685 5900 7.
712 5840 884 5919 (sors.
910 5841 1013 5920 6.]
1048 5843 1274 5915 Repente
1300 5839 1606 5915 saginabat“
1632 5857 1767 5911 eum,
1800 5850 1845 5897 et
1868 5854 1970 5898 non
1996 5843 2140 5899 timc-

1791 356 1850 416 S.
1892 355 2027 414 AUC
2037 350 2255 411 υετιΝι
2286 352 2591 410 EPISCOPI

3730 358 3839 417 ται
3894 398 3899 405 ς

2246 471 2383 524 bunt.
2415 469 2459 523 0
2484 484 2577 525 cor
2602 469 2814 538 durum,
2845 467 3085 524 occidere
3114 468 3247 524 velle
3277 469 3546 526 hominem
3574 475 3664 544 qui
3693 490 3836 529 mor-

2244 573 2360 619 tuos
2382 564 2700 620 suscitabat!
2734 563 2969 634 Repente,
2997 562 3046 617 id
3077 571 3159 619 est
3185 561 3459 630 insidiose,
3482 567 3633 634 quasi
3663 567 3836 637 inepi-

2244 665 2385 721 nate,
2418 657 2564 727 quasi
2599 672 2698 708 non
2748 654 2991 725 praevise.
3035 653 3236 709 Similis
3264 655 3404 709 enim
3437 657 3693 712 nescienti
3723 669 3836 714 erat

2245 751 2380 804 inter
2408 749 2553 819 ipsos
2582 750 2835 804 Dominus
2862 739 3166 820 ignorantes
3194 748 3319 820 quid
3347 752 3597 816 nesciret,
3628 761 3682 807 et
3710 753 3834 824 quid

2244 843 2431 907 sciret;
2475 842 2579 896 imo
2622 842 2923 912 ignorantes
2964 857 3082 896 eum
3130 839 3256 895 nihil
3301 841 3544 906 nescire,
3573 852 3625 897 et
3656 845 3835 899 omnia

2245 934 2401 998 scire,
2436 944 2489 988 et
2517 933 2583 989 ad
2610 932 2709 987 hoc
2742 934 2947 988 venisse
2974 943 3033 987 ut
3062 932 3134 986 illi
3166 932 3400 988 facerent
3424 933 3565 1004 quod
3593 950 3653 989 se
3682 944 3832 1005 pote.

2245 1036 2381 1082 state
2409 1026 2581 1082 facere
2606 1026 3015 1081 arbitrabantur.
3048 1025 3265 1096 Repente
3288 1026 3595 1096 sagittabunt
3620 1044 3755 1091 eum,
3791 1038 3835 1083 et

2244 1137 2342 1174 non
2364 1120 2620 1173 timebunt.

2315 1211 2367 1266 8.
2403 1209 2801 1281 Ob/irmaverunt
2827 1211 2921 1265 sibi
2943 1226 3220 1266 sermonem
3246 1211 3545 1283 malignum.
3578 1211 3833 1283 Obﬁrma-

2242 1316 2419 1360 verunt
2449 1322 2467 1359 :
2498 1305 2631 1360 facta
2668 1315 2793 1359 sunt
2832 1314 2975 1359 tanta
3025 1305 3312 1370 miracula;
3346 1321 3449 1358 non
3499 1316 3623 1359 sunt
3664 1306 3830 1373 moti,

2245 1399 2593 1469 perstiterunt
2634 1399 2684 1452 in
2726 1398 2947 1453 consilio
2996 1399 3258 1453 sermonis
3305 1398 3543 1467 maligni.
3585 1397 3834 1453 Traditus

2243 1503 2321 1548 cst
2355 1493 2442 1549 ille
2478 1492 2641 1563 jndici
2673 1510 2687 1547 :
2717 1492 2941 1563 trepidat
2967 1493 3129 1563 judex
3151 1534 3164 1558 ,
3199 1503 3249 1546 et
3278 1508 3382 1547 non
3429 1492 3700 1561 trepidant
3743 1494 3831 1563 qui

2239 1585 2402 1655 jndici
2430 1584 2793 1651 tradiderunt;
2822 1585 3183 1641 contremiscit
3212 1593 3464 1654 potestas,
3493 1595 3541 1638 et
3578 1599 3682 1638 non
3709 1600 3834 1639 con-

2248 1678 2865 1747 tremiscit‘immanitas;
2897 1678 3007 1731 vult
3051 1677 3136 1731 ille
3184 1676 3364 1731 lavare
3413 1691 3601 1730 manus
3623 1718 3639 1743 ,
3673 1686 3726 1730 ct
3762 1676 3832 1731 illi

2245 1770 2521 1841 inquinant
2550 1772 2772 1840 linguas.
2819 1769 2920 1825 Sed
2954 1784 3117 1840 quare
3164 1769 3299 1823 hoc?
3351 1766 3708 1822 Firmavcrunt
3743 1767 3835 1822 sibi

2243 1879 2517 1918 sermonem
2564 1861 2863 1932 malignum.
2909 1861 3113 1930 Quanta
3143 1861 3247 1931 egit
3277 1859 3512 1915 Pilatus?
3555 1870 3751 1932 quanta
3779 1870 3834 1915 ut

2244 1956 2683 2025 relrct'tarentur?
2709 1972 2823 2025 qua:
2852 1955 3025 2010 dixit?
3055 1954 3177 2025 quid
3207 1954 3350 2025 egit?
3376 1954 3479 2009 Sed
3507 1955 3835 2024 ﬁrmaverunt

2245 2052 2339 2107 sibi
2353 2067 2628 2105 sermonem
2644 2050 2919 2120 malignum
2939 2065 2959 2103 :
2972 2048 3119 2102 Cruci
3123 2049 3241 2119 ﬁge,
3258 2048 3395 2101 cruci
3398 2048 3497 2119 ﬁge
3511 2047 3532 2102 !
3546 2047 3830 2119 Repetitio,

2245 2143 2576 2198 conﬁrmatio
2598 2149 2679 2196 est
2708 2120 2968 2196 sermonis
2993 2141 3225 2211 maligni.
3252 2139 3539 2195 Videamus
3568 2139 3835 2210 quomodo
3896 2202 3897 2205 η

2245 2236 2570 2305 ﬁrmaverunt
2586 2234 2679 2288 sibi
2688 2250 2966 2288 sermonem
2987 2232 3284 2303 malignum.
3295 2231 3475 2303 Regem
3492 2240 3712 2287 vestrum
3726 2248 3837 2286 cru-

2243 2327 2494 2398 ciﬁgam?
2532 2324 2829 2380 Dixerunt:
2861 2323 2981 2378 Non
3028 2325 3265 2377 habemus
3314 2339 3477 2393 regem
3527 2322 3627 2375 nisi
3674 2322 3836 2375 solum

2246 2417 2491 2471 Cursarem
2538 2415 2732 2489 (Joan.
2769 2432 2888 2481 sn,
2940 2414 3064 2484 15).
3116 2413 3517 2482 Obﬁrmaverunt
3556 2429 3836 2467 sermonem

2245 2511 2541 2581 malignum.
2570 2508 2834 2564 Olierebat
2864 2509 2952 2563 ille
2977 2522 3154 2577 regem
3183 2506 3372 2561 Filium
3402 2505 3525 2569 Dei;
3555 2504 3627 2559 illi
3644 2504 3712 2558 ad
3739 2504 3839 2557 bo-

2244 2602 2442 2657 tuincm
2491 2600 2878 2655 recurrebant:
2926 2599 3065 2669 digni
3114 2598 3199 2666 qui
3250 2597 3394 2650 illum
3443 2595 3742 2662 haberent,
3783 2605 3837 2652 ct

2246 2693 2395 2749 illum
2428 2708 2533 2748 non
2580 2693 2855 2748 haberent.
2889 2690 3074 2745 Adhuc
3119 2687 3239 2743 andi
3288 2687 3553 2758 quomodo
3596 2688 3835 2757 ﬁrmave-

2244 2794 2360 2840 runt
2387 2801 2666 2839 sermonem
2707 2782 3002 2854 malignum.
3042 2780 3161 2835 Non
3198 2782 3394 2835 invenio
3432 2779 3625 2849 aliquid
3667 2781 3719 2833 in
3744 2781 3837 2833 isto

2246 2878 2465 2945 homine,
2492 2877 2568 2931 ait
2584 2875 2772 2946 judex,
2797 2892 2894 2945 quo
2919 2874 3102 2946 dignus
3125 2874 3189 2927 sit
3214 2882 3370 2926 morte
3391 2868 3541 2944 (Luc.
3564 2888 3721 2941 χχιιι,
3747 2873 3834 2937 14,

2246 2968 2372 3042 22).
2402 2970 2463 3023 Et
2488 2969 2561 3022 illi
2589 2968 2677 3039 qui
2707 2962 3031 3038 ﬁrmaverunt
3055 2982 3332 3021 sermonem
3357 2964 3658 3036 malignum,
3693 2964 3838 3021 dixe-

2247 3068 2373 3116 runt
2402 3079 2415 3114 :
2454 3059 2679 3131 Sanguis
2717 3061 2825 3131 ejus
2863 3075 3015 3127 super
3058 3073 3149 3112 nos
3171 3098 3185 3123 ,
3214 3065 3260 3112 et
3300 3072 3449 3126 super
3476 3055 3612 3125 ﬁlios
3642 3065 3838 3109 nostros

2248 3152 2477 3221 (Matth.
2506 3166 2669 3216 xxvn,
2701 3149 2837 3221 25)!
2871 3148 3229 3204 Firmaverunt
3254 3148 3346 3203 sibi
3380 3163 3659 3202 sermonem
3693 3147 3839 3200 moli-

2244 3263 2423 3318 gnum.
2452 3244 2806 3300 Firmuverunt
2825 3260 3103 3297 sermonem
3132 3241 3428 3313 malignum,
3461 3256 3566 3297 non
3592 3241 3833 3305 Domino,

2248 3338 2342 3395 sed
2371 3338 2481 3392 sibi.
2510 3337 2788 3406 Quomodo
2815 3338 2955 3391 enim
2989 3351 3091 3391 non
3123 3335 3243 3400 sibi,
3276 3350 3395 3389 cum
3424 3333 3608 3389 dicunt
3632 3351 3645 3385 :
3674 3333 3841 3405 Super

2247 3448 2340 3485 nos
2366 3472 2381 3497 ,
2410 3440 2455 3484 et
2482 3446 2636 3509 sape;
2680 3429 2811 3496 ﬁlios
2856 3427 3091 3482 nostros?
3118 3425 3267 3492 Quod
3301 3441 3426 3496 ergo
3456 3425 3837 3491 ﬁrmaverunt,

2248 3523 2347 3578 sibi
2380 3521 2725 3577 ﬁrmaverunt
2752 3536 2766 3573 :
2796 3520 2918 3590 quia
2962 3520 3070 3589 ipsa
3104 3534 3202 3574 vos
3252 3528 3333 3573 est
3376 3517 3537 3584 alibi,
3580 3514 3841 3571 Fuderunt

2246 3629 2365 3673 ante
2386 3619 2566 3689 faciem
2595 3633 2755 3670 meam
2784 3616 2979 3686 foveam
2997 3656 3012 3682 ,
3038 3624 3082 3670 et
3113 3612 3389 3667 inciderunt
3415 3611 3465 3664 in
3490 3628 3622 3666 eam.
3654 3608 3842 3665 Domi.

2251 3728 2376 3767 num
2410 3726 2552 3765 mors
2575 3725 2678 3765 non
2707 3708 2920 3773 occidit,
2945 3706 3040 3763 sed
3070 3707 3181 3775 ipse
3206 3715 3434 3760 mortem
3470 3721 3485 3757 :
3519 3704 3638 3759 illos
3662 3712 3841 3758 autem

2248 3805 2502 3875 iniquitas
2539 3803 2773 3869 occidit,
2806 3802 2926 3873 quia
2970 3800 3257 3857 noluerunt
3299 3797 3543 3854 occidere
3588 3796 3842 3868 iniquita-

2252 3905 2378 3952 tem.

2322 3990 2374 4045 9.
2420 3989 2665 4053 Prorsus,
2696 3986 2909 4052 fratres,
2936 3994 3139 4041 certum
3164 3993 3279 4051 est;
3306 3991 3398 4038 aut
3423 3981 3621 4039 occidis
3651 3982 3842 4052 iniqui-

2252 4089 2413 4134 tatem
2438 4121 2452 4146 ,
2485 4088 2574 4135 aut
2605 4077 2865 4133 occideris
2902 4076 2969 4132 ab
3006 4076 3301 4147 iniquitate.
3332 4073 3448 4130 Noli
3479 4082 3656 4128 autem
3690 4088 3839 4144 qua:-

2252 4187 2370 4227 rere
2399 4170 2644 4226 occidere
2687 4170 3013 4241 iniquitatem
3056 4177 3304 4239 tanquam
3347 4165 3542 4237 aliquid
3583 4176 3733 4221 extra
3764 4175 3835 4222 te.

2250 4264 2330 4320 Ad
2363 4264 2588 4333 tcipsum
2630 4262 2836 4331 reSpice
2862 4303 2877 4326 ,
2904 4260 3026 4315 vide
3066 4259 3189 4331 quid
3225 4268 3395 4314 tecum
3427 4266 3626 4329 pugnet
3654 4256 3706 4312 in
3750 4266 3842 4323 te;

2248 4366 2306 4414 et
2328 4372 2459 4412 cave
2490 4371 2557 4412 ne
2580 4362 2847 4425 expugnet
2873 4361 2924 4409 te
2969 4353 3218 4420 iniquitas
3245 4360 3332 4407 tua
3356 4394 3372 4419 ,
3400 4351 3612 4406 inimica
3647 4358 3732 4406 tua
3758 4394 3773 4416 ,
3801 4351 3846 4405 si

2249 4449 2527 4506 interfecta
2558 4463 2662 4502 non
2692 4447 2795 4503 erit
2848 4464 2860 4497 ε
2907 4460 2975 4500 ex
3027 4452 3080 4500 te
3121 4444 3265 4500 enim
3312 4452 3429 4511 est,
3460 4453 3515 4499 et
3543 4443 3722 4497 anima
3758 4451 3846 4496 tua

2249 4540 2506 4596 adversus
2553 4548 2604 4595 te
2659 4538 2921 4605 rebellat,
2959 4552 3066 4593 non
3118 4536 3257 4590 aliud
3304 4535 3521 4606 aliquid.
3575 4534 3657 4589 Ex
3711 4551 3849 4605 qua-

2248 4634 2370 4690 dam
2401 4642 2549 4705 parte
2577 4633 2815 4690 cobaeres
2848 4633 2991 4697 Deo;
3026 4646 3089 4686 ex
3114 4629 3344 4700 quadam
3378 4638 3525 4700 parte
3553 4626 3847 4683 delectaris

2250 4727 2447 4782 sazculo
2474 4744 2485 4779 :
2516 4725 2643 4781 illud
2672 4740 2776 4796 quo
2802 4724 3085 4781 delectaris
3117 4721 3333 4787 saeculo,
3361 4729 3559 4792 pugnat
3581 4719 3847 4774 adversus

2251 4814 2482 4875 mentem
2528 4834 2646 4889 qua:
2691 4819 2927 4873 cohznret
2974 4818 3103 4873 Deo.
3161 4815 3438 4870 Cohaareat
3465 4856 3479 4881 ,
3531 4813 3846 4879 cohaereat,

2253 4929 2357 4968 non
2388 4911 2634 4976 deﬁciat,
2682 4926 2784 4966 non
2826 4925 2885 4963 se
2928 4909 3178 4974 dimittat,
3228 4921 3474 4977 magnum
3519 4905 3848 4975 adjutorium

2253 5006 2432 5062 habet.
2461 5005 2637 5062 Vincit
2665 5003 2804 5072 quod
2836 5004 2887 5057 in
2934 5003 3017 5056 illa
3055 5001 3157 5056 sibi
3188 4999 3429 5065 rebellat,
3461 4998 3505 5053 si
3538 5006 3851 5068 perseverat

2250 5098 2302 5153 in
2335 5097 2632 5169 pugnando.
2666 5097 2758 5150 Est
2796 5104 3068 5164 peccatum
3120 5095 3170 5147 in
3199 5108 3423 5163 corpore
3452 5099 3543 5147 tuo
3563 5133 3577 5156 ,
3609 5089 3705 5146 sed
3738 5107 3849 5145 non

2251 5201 2452 5262 regnet.
2480 5189 2598 5243 Non
2619 5204 2736 5260 ergo
2752 5198 2940 5260 regnet,
2964 5188 3147 5257 inquit,
3173 5195 3427 5255 peccaturi:
3454 5185 3507 5237 in
3532 5192 3693 5239 vestro
3710 5200 3855 5236 mor-

2252 5284 2340 5337 tali
2365 5297 2592 5352 corpore,
2616 5281 2682 5334 ad
2712 5280 3080 5335 oboudiendum
3119 5278 3379 5333 desideriis
3412 5278 3520 5347 ejus
3548 5275 3723 5347 (Rom.
3761 5292 3850 5343 v1,

2254 5373 2372 5446 l2).
2404 5374 2458 5429 Si
2501 5389 2629 5428 vero
2659 5388 2763 5427 non
2789 5371 3125 5436 obaudieris;
3155 5371 3255 5426 etsi
3295 5378 3378 5425 est
3403 5369 3544 5439 quod
3576 5368 3799 5423 suadca'
3833 5411 3849 5433 ,

2252 5466 2393 5538 quod
2420 5465 2647 5521 delectet
2676 5464 2740 5519 ad
2771 5464 2996 5528 malum;
3029 5479 3133 5517 non
3163 5461 3584 5531 obtemperando
3615 5461 3745 5515 facis
3792 5470 3858 5515 ιιι

2256 5576 2358 5615 non
2391 5568 2576 5629 regnet
2598 5558 2860 5630 quodest,
2886 5567 2939 5613 et
2966 5558 3034 5612 ita
3066 5558 3155 5612 ﬁet
3184 5565 3366 5626 postea
3396 5564 3453 5609 ut
3479 5568 3584 5609 non
3611 5555 3683 5610 sit
3702 5552 3855 5625 quod

2252 5663 2385 5709 crat.
2415 5652 2670 5718 Quando?
2696 5653 2826 5711 Cum
2859 5651 3229 5710 absorbebitur
3260 5665 3403 5705 mors
3434 5651 3486 5704 in
3524 5649 3812 5705 victoriam
3839 5694 3854 5716 ,
3885 5642 3898 5685 ί

2250 5761 2369 5801 cum
2396 5746 2738 5816 corruptibile
2765 5747 2864 5800 hoc
2890 5744 3119 5800 induerit
3147 5742 3605 5813 incorruptionem
3635 5742 3688 5813 (Ι

2253 5854 2354 5909 xv,
2383 5838 2488 5912 54)
2523 5854 2539 5895 :
2572 5840 2642 5895 ibi
2689 5855 2789 5894 non
2822 5841 2924 5895 erit
2960 5838 3108 5911 quod
3153 5837 3246 5893 tibi
3273 5847 3575 5909 repugnet,
3609 5850 3714 5891 non
3746 5838 3857 5891 erit
