4038 6462
271 524 408 597 quod
434 532 493 580 te
530 523 674 579 aliud
714 523 944 580 delectet
968 524 1072 579 nisi
1111 524 1272 580 Deus.
1305 523 1447 596 Ergo
1482 533 1538 581 et
1565 525 1650 582 isti
1679 526 1847 583 Judaei

271 616 573 673 inviderunt
602 617 858 682 Domino;
887 616 1183 673 delectabat
1218 630 1311 673 eos
1341 617 1685 689 principatus.
1714 620 1847 687 Qui-

268 708 388 764 datu
414 706 667 764 viridiset
696 706 797 762 sibi
840 705 1002 763 abes
1040 706 1236 763 auferri
1281 709 1629 779 principatum
1653 750 1671 778 ,
1701 719 1757 766 et
1782 727 1848 767 ex

267 799 623 857 delectatione
663 815 758 855 sua
799 800 1192 857 rebellaverint
1231 800 1485 857 adversus
1520 802 1802 859 Dominum
1826 823 1844 860 :

267 893 357 965 qui
374 895 428 949 si
452 893 805 949 t'ebdlassent
828 893 1078 955 adversus
1118 893 1526 950 delectationem
1550 910 1704 951 suam
1731 911 1847 952 ma-

268 985 369 1040 latu
394 1025 413 1053 ,
456 984 624 1055 ipsat-
671 983 1013 1040 invidentiam
1045 985 1320 1041 vincerent
1341 1025 1358 1050 ,
1384 1000 1484 1041 nec
1507 986 1845 1043 vincerentur

265 1077 332 1132 ab
351 1090 437 1142 ea,
459 1086 522 1130 et
540 1084 684 1131 esset
708 1076 818 1131 illis
840 1076 1101 1132 Dominus
1141 1077 1394 1145 salvator,
1426 1078 1515 1148 qui
1546 1087 1763 1134 venerat
1787 1089 1846 1134 ut

265 1180 498 1226 sanaret.
527 1170 677 1226 Nunc
714 1178 894 1225 auten
940 1168 1180 1226 faverunt
1216 1170 1351 1227 lebri
1374 1213 1389 1237 ,
1420 1182 1846 1242 meminerunt

266 1262 475 1318 medico
529 1281 542 1316 :
596 1260 852 1334 quidquid
902 1262 1220 1333 suggerebat
1288 1261 1491 1330 fell-is,
1543 1262 1839 1327 faciebant;

264 1352 521 1424 quidquid
542 1354 763 1424 iubebat
800 1362 986 1409 contra
1016 1354 1253 1411 medicus
1275 1398 1291 1423 ,
1319 1356 1671 1428 Migebant.
1706 1356 1844 1427 Ergo

266 1447 337 1500 illi
369 1446 539 1517 magis
560 1446 726 1502 omisi
754 1455 899 1513 sunt,
926 1463 1032 1503 non
1060 1448 1314 1504 Dominus
1344 1465 1358 1502 :
1388 1463 1510 1503 nam
1538 1448 1593 1502 in
1620 1448 1843 1503 Domino

266 1553 408 1592 mors
426 1539 603 1594 occisa
626 1548 734 1605 est,
762 1539 815 1593 in
845 1539 947 1594 illis
968 1540 1218 1611 im‘quitas
1244 1541 1403 1607 vixit;
1436 1541 1645 1597 vivente
1664 1549 1842 1597 autem

266 1629 315 1682 in
340 1644 401 1683 se
430 1629 707 1700 iniquitate
728 1672 743 1696 ,
778 1630 853 1684 illi
883 1632 1077 1686 mortui
1104 1640 1244 1685 sunt.

334 1720 422 1775 l0.
465 1719 814 1776 Nan-uomuit
852 1731 905 1776 ut
929 1722 1284 1777 absconderem
1328 1724 1675 1794 muscipula;
1701 1723 1843 1778 diate-

264 1822 378 1865 runt
410 1828 428 1864 :
457 1813 582 1878 Quis
616 1813 799 1868 videbit
839 1815 968 1869 eas.’
992 1814 1183 1869 Latere
1226 1813 1475 1882 putabant
1518 1829 1638 1870 eum
1683 1830 1839 1884 quem

264 1903 595 1970 occidebant,
623 1905 786 1960 latere
816 1905 1003 1962 Dein.
1028 1905 1167 1961 Ecce
1194 1914 1335 1973 puta,
1368 1905 1524 1960 homo
1542 1913 1659 1959 erat
1676 1904 1839 1961 Chri-

263 2004 396 2061 stus,
421 1996 562 2051 sicut
586 1997 765 2052 ceteri
789 1996 1066 2063 homines;
1099 1997 1363 2052 nesciebat
1392 1996 1516 2068 quid
1542 1997 1611 2054 de
1640 1998 1732 2054 illo
1751 2013 1840 2053 co-

262 2088 518 2157 gitaretur
544 2106 559 2142 :
586 2090 840 2160 numquid
867 2099 922 2146 et
950 2090 1086 2146 Deus
1114 2089 1318 2145 nescit?
1346 2091 1393 2145 υ
1412 2105 1509 2145 cor
1532 2090 1837 2156 humanum,

262 2194 423 2248 quare
448 2182 543 2236 tibi
568 2180 772 2247 dixisti,
801 2181 932 2248 Quis
962 2180 1104 2236 videt
1126 2197 1251 2245 use,
1282 2197 1402 2236 cum
1432 2181 1524 2236 ille
1553 2180 1728 2237 videat
1750 2181 1839 2250 qui

263 2278 311 2325 te
348 2269 510 2326 lecit?
540 2270 784 2327 Dixerunt
813 2290 832 2326 :
863 2273 990 2340 Quis
1032 2271 1214 2326 videbit
1258 2271 1388 2327 eas?
1418 2270 1638 2327 Videbat
1676 2272 1836 2339 Deus,

262 2361 472 2417 videbat
493 2371 547 2417 et
558 2362 838 2429 Cluistus;
868 2364 989 2432 quia
1014 2372 1071 2418 et
1094 2363 1337 2418 Christum
1363 2363 1522 2419 Dens.
1548 2361 1653 2418 Sed
1674 2379 1840 2434 quare

261 2454 540 2509 videbatur
563 2454 642 2509 eis
671 2470 773 2510 non
804 2455 1027 2512 videre?
1062 2455 1201 2511 Audi
1226 2456 1519 2526 sequentia.

328 2547 417 2601 ll.
458 2545 626 2620 [ναις.
656 2547 750 2622 7.]
789 2547 1099 2605 Persa-inuti
1124 2558 1239 2604 sunt
1264 2549 1836 2621 iuiquitateus;defec¢—

182 2661 201 2705 -_-
258 2644 693 2693 runtmtanta
732 2639 1317 2695 mumﬁdeet
1359 2639 1549 2695 acerba
1593 2647 1836 2695 etaouta

529 2731 646 2787 Non
686 2732 927 2786 tradatur
952 2748 1049 2804 per
1085 2746 1184 2789 nos
1206 2773 1222 2797 ,
1245 2732 1340 2789 sed
1386 2748 1481 2803 per
1517 2731 1835 2802 discipulum

256 2839 412 2880 suum
450 2839 604 2879 :non
627 2825 955 2881 occidatura
1001 2826 1188 2892 nobis,
1222 2825 1315 2881 sed
1352 2825 1586 2895 ajudice
1624 2834 1834 2882 :totinu

256 2934 353 2975 nos
380 2919 639 2976 faciamus
662 2961 679 2987 ,
706 2930 767 2975 et
805 2920 934 2976 nihil
970 2919 1166 2976 iecisse
1204 2920 1498 2975 videamur.
1542 2920 1610 2975 Et
1637 2920 1722 2976 Ibi
1750 2929 1837 2976 est

254 3011 672 3082 clunorﬁngna:
706 3029 719 3064 ε
748 3007 1038 3082 Cruciﬁgc,
1068 3010 1344 3082 mei/iga?
1372 3010 1463 3066 Sic
1503 3010 1634 3065 caeci
1663 3010 1830 3077 estis,

254 3103 558 3160 utetsurdi
598 3104 736 3159 sitis.
771 3103 1025 3159 Simulata
1068 3104 1371 3159 iniiecentia
1412 3117 1520 3158 nos
1546 3111 1645 3159 est.
1672 3104 1831 3160 inno-

251 3199 421 3254 centia
452 3216 467 3252 :
495 3198 741 3253 simulata
764 3199 987 3270 aequitas
1008 3213 1120 3254 non
1145 3207 1228 3254 est
1252 3199 1492 3269 aequitas,
1514 3197 1609 3255 sed
1635 3198 1829 3268 duplex

252 3290 530 3361 iniquitas;
559 3291 678 3360 quia
702 3299 759 3346 et
782 3290 1031 3362 iniquitas
1060 3298 1176 3357 est,
1212 3299 1267 3345 et
1289 3290 1575 3345 simulatio.
1600 3290 1679 3344 ibi
1703 3304 1832 3361 ergo

250 3382 332 3436 isti
353 3383 645 3454 deﬂemus!
680 3390 958 3438 scrutantes
1001 3382 1343 3436 scrutationes.
1384 3379 1595 3448 Quanto
1624 3383 1831 3438 acutius

248 3473 345 3528 sibi
368 3472 677 3543 excogitare
701 3472 1019 3528 videbantur
1043 3512 1060 3539 ,
1084 3481 1238 3526 tanto
1263 3472 1429 3541 mags
1472 3471 1826 3539 deﬁciebant;

248 3565 365 3633 quia
395 3578 429 3619 a
460 3563 659 3619 lumine
686 3564 924 3618 veritatis
952 3572 1006 3619 et
1034 3562 1298 3632 aequitatis
1326 3563 1376 3617 in
1409 3562 1669 3633 profunda
1698 3578 1831 3620 cou-

246 3654 490 3710 siliorutn
520 3655 869 3726 malignorum
904 3654 1373 3725 mergebantur.
1414 3654 1588 3709 labet
1626 3655 1828 3723 iistiia

244 3746 531 3817 qua-dant
555 3747 728 3804 luce-
748 3762 933 3814 suam;
960 3745 1246 3818 perfundit,
1266 3757 1326 3802 et
1350 3747 1580 3803 illustrat
1596 3749 1827 3806 uri-nam

243 3837 596 3894 inhermtem
616 3838 719 3894 sibi
744 3856 766 3894 :
793 3839 971 3894 aui-ia
996 3852 1124 3895 vero
1164 3847 1410 3896 avertens
1435 3854 1494 3894 se
1520 3853 1553 3894 a
1586 3840 1705 3896 luce
1727 3841 1817 3910 ju-

242 3931 440 3999 ἀὶε,
488 3939 691 3999 quanto
731 3930 900 4001 mgis
934 3930 1127 4000 quaerit
1164 3929 1306 4000 quod
1351 3930 1586 3986 inveniat
1642 3941 1829 3987 contra

240 4022 522 4091 justitiam,
551 4030 697 4078 tanto
718 4022 841 4093 plus
861 4036 891 4076 a
914 4022 1033 4079 luce
1059 4023 1358 4092 repellitur,
1382 4034 1441 4080 et
1468 4023 1523 4079 in
1546 4024 1827 4081 tenebrosa

241 4115 589 4186 demergitur.
622 4113 809 4170 Merito
854 4128 982 4184 ergo
1023 4124 1078 4169 et
1120 4114 1208 4169 isti
1252 4124 1649 4184 perscrutantes
1680 4115 1827 4185 quod

241 4190 428 4262 mam
474 4205 676 4276 tutan
714 4205 1107 4270 moliebantur,
1138 4218 1169 4259 a
1212 4205 1417 4275 iustitia
1460 4206 1823 4269 recedebant;

241 4309 294 4354 et
312 4305 521 4369 quanto
544 4313 575 4353 a
590 4297 790 4367 justitia
811 4296 1152 4361 recedebant,
1171 4303 1320 4350 tanto
1343 4295 1464 4366 plus
1486 4295 1822 4360 deﬁciebant.

243 4398 544 4444 mutantes
591 4388 959 4444 scrutatisnes.
1030 4386 1274 4457 Magnum
1323 4387 1606 4442 consilium
1664 4387 1818 4442 inno-

243 4482 433 4539 centiae
461 4500 480 4537 :
504 4480 722 4552 quando
748 4481 922 4551 ipsa.
966 4479 1155 4536 ludam
1204 4478 1448 4549 pnituit
1493 4476 1634 4548 quod
1663 4478 1829 4533 tradio

243 4574 413 4630 distet
440 4573 710 4630 Christum
732 4612 751 4640 ,
774 4583 831 4630 et
852 4572 1078 4644 proiecit
1106 4572 1210 4627 illis
1233 4571 1514 4642 pecuniam
1550 4586 1712 4641 quam
1734 4570 1831 4626 de-

245 4665 456 4729 derant,
482 4665 563 4720 illi
588 4665 870 4720 noluerunt
890 4678 1011 4718 eam
1036 4662 1251 4719 mittere
1269 4662 1323 4717 in
1347 4661 1786 4733 gazophylacium
1809 4700 1827 4727 ,

242 4764 296 4811 et
323 4756 575 4810 dixerunt
612 4771 627 4808 :
661 4753 887 4810 Pecunia
910 4753 1172 4825 sanguinis
1211 4762 1318 4815 est;
1363 4768 1464 4807 non
1480 4750 1625 4806 illam
1650 4751 1820 4806 mitto.

246 4865 358 4902 mus
402 4849 455 4902 in
498 4845 1181 4920 gazopylarittm(lauh.
1228 4858 1404 4909 xxvn,
1432 4843 1520 4911 6).
1568 4842 1703 4910 Quid
1749 4852 1832 4897 est

243 4940 707 5012 gazophylacium?
733 4941 868 4995 Area
914 4938 1045 5004 Dei,
1092 4937 1181 4993 ubi
1219 4936 1601 5007 colligebantur
1624 4950 1687 4990 ea
1712 4950 1831 5004 qua:

244 5032 309 5086 ad
341 5032 684 5102 indigentiam
721 5045 995 5085 servorum
1042 5029 1135 5084 Dei
1162 5027 1530 5083 mittebantur.
1561 5026 1605 5082 Ο
1630 5025 1791 5080 homo
1811 5066 1828 5093 ,

243 5137 342 5178 eor
370 5132 520 5177 tuum
551 5122 622 5178 sit
646 5122 823 5192 potius
866 5135 988 5176 arca
1036 5119 1166 5187 Dei,
1215 5119 1303 5174 ubi
1354 5117 1593 5172 habitent
1633 5114 1832 5170 divitia:

249 5213 364 5276 Dei,
395 5213 484 5268 ubi
508 5213 581 5268 sit
604 5226 856 5268 nummus
882 5212 998 5277 Dei,
1027 5225 1179 5266 mens
1202 5217 1291 5265 tua
1324 5209 1524 5263 habens
1550 5208 1829 5277 imaginem

246 5303 589 5375 Imperatoris
616 5304 733 5359 tui!
764 5302 895 5359 Cum
920 5316 1049 5372 ergo
1091 5300 1207 5357 haec
1243 5300 1314 5355 ita
1358 5302 1464 5354 sint
1488 5338 1505 5365 ,
1532 5298 1705 5369 qualis
1746 5297 1830 5352 illa

245 5396 571 5477 inmotis:
610 5395 881 5451 sinulatio
924 5394 1059 5460 fuit,
1103 5392 1377 5462 pecuniam
1427 5390 1698 5461 sanguinis
1726 5403 1831 5443 non

246 5488 463 5546 mittere
489 5488 544 5543 in
570 5501 774 5555 arcum,
800 5495 858 5542 et
882 5487 1052 5557 ipsum
1074 5487 1384 5555 sanguinem
1411 5483 1620 5538 mittere
1642 5483 1693 5537 in
1712 5495 1835 5537 con-

245 5578 529 5636 scientiam
549 5581 574 5633 ι

325 5671 412 5728 η.
443 5670 551 5729 Sed
588 5671 717 5743 quid
769 5672 848 5727 eis
892 5671 1156 5742 contigit?
1210 5667 1509 5739 Defecerunt
1555 5675 1834 5724 scrutantes

250 5766 606 5820 servitutium.
638 5762 833 5821 Unde?
879 5762 1015 5828 Quia
1052 5762 1214 5825 dicit,
1251 5761 1374 5828 Quis
1418 5758 1596 5813 videbit
1624 5758 1755 5813 eos?
1778 5756 1832 5812 id

253 5863 359 5923 est,
386 5855 510 5928 quia
538 5870 631 5912 eos
656 5869 814 5911 nemo
840 5853 1071 5910 videbat.
1105 5852 1217 5909 lloc
1252 5851 1498 5908 dicebant
1520 5892 1534 5918 ,
1567 5850 1666 5906 hoc
1689 5847 1830 5922 apud

1330 388 1335 395 ’
1382 405 1775 465 unaunam
1808 409 1878 466 IN
1912 409 2237 472 PSALMUM
2275 416 2454 476 Lxul.

3427 449 3529 507 766

1958 542 2018 586 se
2055 533 2405 636 epulabantur
2633 557 2792 601 nemo
2835 562 2927 605 eos
2967 553 3184 613 videret.
3239 559 3365 619 Vide
3404 567 3528 636 quid

1954 625 2222 724 contingat
2257 630 2450 724 unitate
2474 632 2661 701 malae;
2713 639 2912 696 recedit
2950 658 2983 698 a
3026 646 3145 705 luce
3169 625 3448 724 veritatis,
3474 668 3531 715 ct

1952 715 2070 806 quia
2100 716 2210 786 ipsa
2240 733 2342 775 non
2368 722 2511 779 videt
2537 724 2722 793 Deum,
2754 738 2900 799 putat
2924 747 2982 789 se
3006 751 3110 792 non
3141 740 3304 799 videri
3330 762 3361 800 a
3393 715 3523 806 Deo.

2058 816 2119 863 et
2144 810 2244 908 isti
2262 813 2559 871 medendo
2597 817 2774 875 ierunt
2812 823 2865 877 in
2894 827 3136 884 tenebras
3154 873 3171 898 ,
3200 845 3260 889 ut
3288 838 3394 907 ipsi
3422 803 3527 897 non

1948 1186 2115 1274 quare
2132 1192 2188 1274 se
2206 1180 2506 1274 patiebatur
2528 1189 2695 1243 teneri
2716 1190 2787 1244 ab
2804 1193 2907 1261 eis,
2930 1198 3100 1253 occidi
3125 1200 3193 1256 ab
3217 1202 3335 1258 eis?
3352 1180 3528 1274 Quare

1947 1264 1991 1319 si
2030 1266 2278 1334 videbat,
2307 1273 2473 1330 voluit
2513 1280 2729 1334 consilia
2773 1297 2958 1340 eorum
3000 1293 3289 1358 prievalere
3329 1264 3399 1352 in
3429 1264 3526 1355 sei
3632 1346 3637 1349 τ

1946 1357 2152 1453 Quare!
2185 1364 2315 1429 Quia
2359 1366 2518 1425 homo
2553 1383 2669 1428 erat
2708 1388 2926 1447 propter
2967 1357 3233 1441 hominem
3254 1428 3269 1453 ,
3303 1398 3358 1445 et
3382 1390 3525 1449 Deus

1946 1451 2118 1509 latens
2159 1457 2208 1511 in
2251 1457 2501 1528 homine,
2545 1466 2632 1534 qui
2678 1478 2896 1524 venerat
2934 1451 3295 1535 nescientibus
3340 1497 3523 1539 exem-

1948 1544 2092 1690 plth
2116 1545 2446 1606 fortitudinis
2477 1553 2633 1631 dare;
2666 1557 2785 1614 ideo
2812 1560 2925 1631 ipse
2950 1564 3123 1621 sciens
3161 1572 3337 1626 omnia
3365 1575 3524 1628 susti-

1947 1650 2015 1689 ne
2054 1646 2125 1689 at.

2019 1727 2104 1781 l5.
2134 1725 2291 1799 [vera
2322 1729 2408 1803 8.]
2446 1732 2581 1801 Quid
2618 1738 2758 1791 enim
2793 1742 3069 1811 sequitur?
3089 1747 3297 1802 Accedet
3338 1751 3519 1816 homo,

1946 1825 1993 1868 et
2016 1818 2031 1848 ’
2053 1820 2354 1910 cornuum;
2382 1831 2427 1878 et
2454 1826 2751 1883 excitabitur
2778 1829 2936 1889 Deus.
2972 1834 3045 1889 Illi
3072 1836 3321 1896 dixerunt
3352 1859 3363 1895 :
3391 1843 3521 1910 Quis

1944 1922 2043 1962 nos
2064 1909 2301 1965 videbit?
2332 1912 2629 1982 Defecerunt
2642 1927 2917 1976 scrutantes
2931 1929 3277 1996 conlationes,
3297 1909 3519 1988 consilia

1944 2001 2102 2056 mala.
2138 2004 2372 2061 Accessit
2400 2005 2560 2062 homo
2585 2010 2650 2064 ad
2698 2012 2808 2082 ipsa
2840 2017 3060 2072 consilia
3084 2060 3100 2085 ,
3132 2036 3314 2090 passus
3352 2035 3434 2079 est
3462 2042 3520 2081 se

1945 2095 2111 2150 teneri
2142 2105 2199 2150 ut
2224 2096 2403 2154 homo.
2431 2098 2545 2157 Non
2588 2104 2728 2159 enim
2766 2113 3052 2175 teneretur,
3080 2112 3181 2167 nisi
3208 2112 3401 2181 homo;
3428 2127 3519 2173 aut

1947 2184 2238 2254 videretur,
2267 2190 2366 2244 nisi
2397 2192 2589 2259 homo;
2618 2202 2708 2249 aut
2735 2196 3048 2263 mederetur,
3076 2202 3173 2256 nisi
3205 2203 3397 2271 homo;
3426 2218 3519 2261 aut

1943 2277 2342 2348 cruciﬁgeretur
2361 2291 2453 2336 aut
2479 2294 2777 2341 moreretur
2798 2288 2900 2342 nisi
2928 2289 3107 2345 homo.
3135 2293 3370 2349 Accessit
3392 2312 3520 2366 ergo

1943 2365 2104 2422 homo
2131 2368 2200 2424 ad
2228 2370 2341 2426 illas
2368 2387 2559 2429 omnes
2588 2374 2862 2443 passiones
2883 2419 2899 2444 ,
2928 2394 3047 2450 qua:
3074 2380 3126 2435 in
3156 2381 3246 2437 illo
3272 2382 3401 2438 nihil
3425 2365 3518 2440 va-

1941 2456 2149 2527 lerent,
2180 2462 2281 2517 nisi
2308 2472 2448 2519 esset
2477 2464 2655 2522 homo.
2687 2466 2792 2524 Sed
2822 2470 2866 2524 si
2896 2470 2987 2525 ille
3013 2487 3117 2527 non
3145 2484 3287 2530 esset
3316 2476 3480 2532 homo
3498 2519 3515 2541 ,

1940 2562 2046 2603 non
2078 2550 2391 2609 liberaretur
2420 2556 2602 2610 homo.
2630 2559 2867 2616 Accessit
2895 2562 3044 2617 homo
3067 2604 3080 2627 ,
3125 2575 3171 2618 et
3207 2582 3296 2620 cor
3321 2567 3480 2621 altam
3499 2612 3515 2636 ,

1940 2639 1994 2695 id
2020 2650 2104 2696 est
2139 2658 2233 2698 cor
2258 2656 2522 2702 secretum
2571 2665 2585 2705 :
2633 2649 2889 2719 objiciens
2933 2656 3231 2724 aspectibus
3274 2657 3516 2714 humanis

1940 2733 2206 2791 hominem
2225 2778 2242 2803 ,
2271 2752 2489 2793 servans
2512 2740 2653 2795 intus
2681 2742 2846 2798 Deum
2871 2760 2885 2809 ;
2913 2746 3090 2800 celans
3114 2746 3337 2803 [oratam
3381 2750 3472 2804 Dei
3496 2790 3512 2815 ,

1939 2824 1990 2878 in
2008 2842 2109 2895 qua
2130 2830 2349 2899 a‘qualis
2368 2838 2453 2885 est
2475 2831 2638 2897 Patri,
2662 2842 2715 2888 et
2734 2834 2962 2889 oﬁ‘erens
2984 2836 3206 2892 fartum
3230 2839 3389 2905 servi,
3413 2856 3515 2909 qua

1937 2916 2112 2971 minor
2129 2927 2211 2972 est
2232 2919 2410 2976 Patre.
2441 2921 2557 2990 Ipse
2583 2924 2723 2977 enim
2749 2924 2881 2980 dixit
2905 2935 3185 2997 utrumque
3214 2946 3226 2981 :
3256 2928 3349 2984 sed
3371 2930 3512 2985 aliud

1936 3017 2020 3064 est
2038 3024 2104 3065 ex
2133 3009 2301 3067 forma
2324 3013 2438 3078 Dei,
2461 3014 2603 3070 aliud
2626 3031 2691 3070 ex
2722 3015 2890 3071 forma
2914 3018 3075 3072 servi.
3102 3019 3245 3073 Dixit
3267 3034 3333 3075 ex
3350 3021 3514 3078 forma

1920 3099 2033 3169 ,Dei
2063 3120 2077 3156 :
2106 3098 2223 3173 Ego
2247 3112 2293 3156 et
2326 3102 2479 3157 Pater
2502 3120 2661 3159 unum
2690 3123 2864 3161 ulmus
2893 3106 3082 3179 (Joan.
3116 3125 3184 3174 x,
3218 3107 3342 3181 '50).
3376 3110 3516 3166 Dixit

1934 3207 1999 3251 ex
2022 3195 2190 3250 forma
2220 3195 2379 3259 servi,
2414 3194 2662 3262 Quoniam
2689 3197 2838 3252 Pater
2867 3200 3032 3272 Wr
3054 3216 3133 3254 me
3159 3211 3228 3255 est
3259 3200 3368 3270 (Id.
3397 3217 3511 3269 xiv,

1933 3285 2056 3356 28).
2088 3285 2241 3343 Unde
2268 3302 2333 3343 ex
2359 3286 2530 3343 forma
2561 3282 2688 3355 Dei,
2723 3289 2832 3362 Ego
2855 3300 2902 3344 et
2940 3290 3091 3346 Pater
3118 3309 3274 3347 unum
3297 3310 3470 3347 suam;
3490 3295 3516 3348 .9

1933 3375 2066 3444 Quia
2094 3394 2207 3432 cum
2234 3383 2290 3433 tn
2318 3383 2483 3449 forma
2510 3379 2606 3434 Dei
2633 3390 2757 3435 esset
2796 3382 3091 3437 constitutus
3112 3424 3129 3448 ,
3158 3400 3258 3438 non
3284 3386 3513 3456 rapinam

1932 3470 2202 3525 arbitratus
2226 3480 2300 3526 est
2323 3488 2429 3527 esse
2454 3473 2660 3541 aqualis
2698 3472 2831 3528 Deo.
2866 3473 3017 3530 Unde
3043 3491 3108 3530 cx
3138 3464 3306 3531 forma
3336 3477 3509 3539 servi,

1934 3560 2183 3628 Quonim
2213 3561 2367 3617 Pater
2386 3563 2553 3633 major
2574 3578 2653 3617 nte
2680 3574 2750 3619 est
2773 3565 2798 3617 .9
2825 3565 2956 3632 Quia
2998 3568 3317 3635 senmtipstsm
3341 3568 3512 3621 asina-

1932 3652 2089 3717 niuit,
2112 3654 2332 3724 [mani
2369 3656 2500 3708 servi
2537 3655 2787 3723 accipiens
2821 3653 3085 3727 (Philipp.
3114 3672 3171 3721 tl,
3205 3656 3259 3722 6,
3295 3654 3377 3730 7).
3412 3658 3511 3712 Ac-

1932 3744 2090 3800 cessit
2130 3758 2257 3814 ecgo
2297 3743 2489 3811 homo,
2532 3756 2586 3800 et
2635 3761 2729 3802 cor
2767 3747 2966 3813 altum;
3016 3757 3069 3803 et
3123 3748 3386 3804 exaltatus
3428 3757 3513 3804 est

1933 3834 2096 3891 Deus.
2150 3833 2420 3892 Occiditur
2470 3836 2668 3903 homo,
2724 3846 2779 3893 et
2826 3839 3087 3893 exaltatur
3141 3838 3300 3895 Deus.
3359 3839 3508 3908 Quod

1932 3926 2073 3981 enim
2101 3925 2308 3981 occisus
2335 3938 2417 3983 est
2437 3967 2455 3994 ,
2486 3942 2551 3983 ex
2582 3927 2886 3983 inﬁrmitate
2924 3927 3154 3984 humana
3195 3930 3290 3984 fuit
3320 3946 3332 3982 :
3366 3928 3507 3999 quod

1931 4018 2224 4074 resurrexit
2248 4028 2302 4074 et
2335 4019 2609 4085 ascendit,
2638 4035 2702 4075 ex
2754 4029 3017 4091 potestate
3067 4021 3242 4076 divina
3286 4022 3304 4092 (
3326 4021 3368 4077 ll
3392 4020 3508 4078 Cor.

1932 4124 2024 4164 xiu
2047 4151 2061 4174 ,
2094 4108 2184 4178 l).
2217 4110 2430 4163 Accedet
2454 4111 2601 4164 homo
2627 4152 2638 4169 .
2667 4122 2715 4165 et
2741 4128 2830 4165 cor
2856 4112 3016 4166 altum
3034 4153 3050 4176 ,
3085 4127 3181 4167 cor
3203 4122 3466 4168 secretum
3492 4153 3509 4180 ,

1932 4216 2025 4256 cor
2043 4201 2307 4263 abditum;
2338 4216 2442 4255 non
2473 4203 2760 4258 ostendens
2786 4204 2912 4274 quid
2952 4214 3168 4268 nosset,
3198 4220 3303 4259 non
3331 4214 3509 4259 osten-
3540 4222 3553 4227 ’

1931 4292 2064 4349 deus
2088 4294 2213 4363 quid
2254 4304 2416 4348 esset.
2458 4293 2536 4348 llli
2585 4303 2830 4363 putantes
2877 4296 2977 4351 hoc
3014 4307 3180 4352 totum
3225 4313 3341 4352 esse
3367 4300 3506 4368 quod

1932 4383 2230 4449 videbatur,
2261 4384 2508 4439 occidunt
2537 4384 2808 4441 hominem
2856 4386 2910 4439 in
2936 4386 3098 4441 corde
3127 4388 3254 4453 alto,
3283 4399 3335 4442 ct
3363 4389 3509 4442 exul.

1933 4485 2074 4532 tatur
2101 4478 2240 4532 Deus
2265 4478 2315 4531 in
2344 4477 2506 4532 corde
2528 4477 2709 4532 divino
2739 4496 2753 4531 :
2786 4479 3016 4548 potentia
3044 4479 3184 4531 enim
3218 4478 3507 4549 majestatis

1933 4583 2043 4625 suae
2065 4568 2327 4623 cxaltatus
2368 4575 2470 4626 est.
2502 4567 2570 4623 Et
2612 4582 2719 4637 quo
2758 4569 2851 4622 ivit
2891 4568 3183 4623 exaltatus?
3223 4568 3375 4625 Unde
3403 4587 3505 4625 non

1934 4660 2152 4717 recessit
2176 4658 2501 4715 humiliatus.

2006 4752 2093 4806 li.
2116 4751 2326 4805 Accedet
2353 4752 2519 4816 homo,
2544 4759 2590 4804 et
2614 4766 2701 4804 cor
2720 4750 2921 4816 altum;
2951 4758 2995 4804 et
3023 4750 3320 4804 multabitur
3352 4749 3504 4806 Dens.

1935 4840 2217 4912 Pmpterea
2238 4840 2347 4909 jam
2374 4840 2649 4904 attendite,
2683 4839 2873 4894 fratres
2902 4840 3027 4905 mei,
3079 4856 3173 4908 cor
3217 4841 3380 4895 altum
3406 4840 3505 4895 ho-

1936 4934 2113 4987 minis.
2136 4931 2301 5000 Cujus
2342 4931 2616 4986 hominis?
2648 4930 2812 4984 Μαῖαν
2860 4931 3005 4994 Sion,
3060 4932 3188 4986 dicet
3229 4932 3422 4997 homo;
3460 4942 3505 4986 et

1936 5024 2085 5079 homo
2111 5029 2271 5092 fndus
2300 5033 2375 5078 est
2420 5025 2473 5077 in
2499 5039 2577 5088 ea,
2600 5032 2645 5075 ct
2670 5022 2777 5090 ipse
2799 5022 3027 5091 fundavit
3069 5040 3179 5077 eam
3226 5023 3511 5077 Altissimus

1937 5119 1957 5189 (
1986 5117 2130 5172 Psat.
2156 5131 2385 5181 Lxxxw,
2414 5115 2447 5171 5
2484 5112 2524 5185 ).
2560 5114 2615 5167 In
2636 5101 2747 5183 ipsa
2782 5114 2993 5169 civitate
3022 5113 3190 5168 factus
3213 5124 3294 5168 est
3322 5112 3504 5180 homo,

1936 5225 2095 5281 quam
2142 5207 2280 5262 idem
2310 5207 2423 5275 ipse
2457 5204 2690 5260 fundavit
2732 5206 3054 5270 Altissimus,
3100 5204 3186 5273 qui
3237 5204 3286 5256 in
3324 5217 3386 5257 ea
3432 5204 3508 5256 fa-

1937 5309 2056 5356 ctus
2079 5308 2162 5355 est
2186 5298 2365 5353 homo.
2398 5297 2535 5367 Ergo
2561 5297 2783 5351 accessit
2803 5302 2970 5362 homo,
3001 5304 3048 5348 et
3090 5310 3173 5348 cor
3216 5293 3395 5347 altum.
3423 5290 3509 5347 lu-

1938 5401 2087 5446 tuere
2113 5389 2378 5444 hominem
2400 5388 2451 5443 iu
2480 5387 2644 5444 corde
2691 5388 2799 5443 alto
2832 5387 2986 5442 :vidc
3030 5394 3284 5456 quantum
3327 5395 3501 5456 potes,

1937 5483 1982 5539 si
2008 5491 2179 5553 potes,
2211 5490 2265 5539 et
2294 5481 2458 5536 Deum
2486 5480 2537 5535 in
2557 5480 2719 5536 corde
2768 5480 2894 5534 alto.
2942 5477 3178 5532 Accessit
3224 5478 3382 5529 homo
3415 5495 3428 5531 :
3460 5485 3511 5535 ct

1937 5575 2057 5644 quia
2084 5572 2226 5627 Deus
2249 5580 2382 5639 erat,
2412 5580 2468 5627 et
2492 5571 2611 5640 quia
2650 5583 2899 5639 passurus
2937 5577 3051 5622 erat
3081 5567 3284 5633 volens,
3312 5577 3362 5621 et
3390 5567 3510 5637 quia

1937 5663 2237 5732 exemplum
2256 5661 2571 5732 praebiturus
2592 5659 2835 5725 inﬁrmis,
2857 5668 2909 5713 et
2932 5656 3054 5728 quia
3078 5656 3207 5711 nihil
3239 5654 3287 5711 ei
3329 5654 3512 5714 facturi

1938 5793 2021 5907 eo;
2043 5792 2390 5905 mter-ique
2423 5798 2475 5843 et
2508 5792 2723 5855 potiores
2756 5796 2863 5840 uss.
2892 5790 3034 5853 juxta
3062 5793 3193 5839 uti.
3218 5794 3273 5839 At
3292 5787 3427 5850 me,
3448 5784 3514 5841 ad
