4038 6482
503 431 604 490 767

498 543 762 615 erantqui
805 540 1113 608 saviebant,
1168 547 1418 609 tanquam
1468 549 1686 609 passuro
1744 534 1870 601 Deo,
1901 531 1992 589 sed
2023 533 2074 586 in

497 640 732 705 homine,
755 635 848 692 sed
876 637 928 690 in
964 648 1123 690 carne
1150 651 1166 700 ;
1189 631 1312 704 quid
1343 632 1580 703 sequitur
1605 629 1630 684 ?
1656 627 1870 700 Sagitta
1899 627 2074 696 infan-

499 735 623 788 tium
650 732 797 802 facta
816 738 931 783 sunt
960 728 1123 799 plaga
1151 742 1322 781 eorum
1362 724 1456 797 (a).
1480 723 1582 779 Ubi
1608 729 1690 776 est
1717 720 1802 776 illa
1833 717 2078 775 saevitia?

495 825 583 880 ubi
611 834 690 879 est
717 824 803 878 ille
820 820 1057 877 fremitus
1082 819 1272 884 leonis,
1305 815 1481 888 populi
1529 814 1786 884 rugientis
1809 821 1864 867 et
1889 811 2076 867 dicen-

497 916 582 978 tis,
613 913 879 984 Cruciﬁge,
906 911 1141 982 cruciﬁge
1161 911 1185 964 ?
1209 909 1294 963 ubi
1341 915 1466 963 sunt
1511 905 1712 960 insidiae
1755 919 1935 959 arcum
1963 913 2076 959 ten-

496 1007 783 1064 dentium?
822 1004 1006 1059 Nonne
1045 1003 1239 1074 sagitta
1263 1000 1533 1070 infantium
1583 1003 1733 1070 facta
1768 1005 1885 1050 sunt
1912 996 2078 1067 plaga

495 1115 667 1153 eorum
688 1099 713 1151 ?
738 1095 914 1151 Nostis
938 1090 1380 1164 quemadmodum
1411 1088 1510 1143 sibi
1558 1089 1756 1142 faciunt
1781 1086 1848 1140 de
1891 1085 2076 1140 canni-

500 1190 585 1245 liis
608 1190 825 1260 sagittas
855 1187 1096 1254 infantes.
1125 1182 1261 1250 Quid
1304 1181 1522 1247 feriunt,
1555 1189 1645 1235 aut
1671 1179 1807 1234 unde
1834 1178 2025 1233 feriunt
2051 1176 2077 1230 τ

497 1298 614 1353 qua:
666 1295 871 1345 manus,
922 1288 1012 1332 aut
1052 1276 1190 1346 quod
1230 1275 1578 1344 telum?qu:e
1630 1287 1796 1336 arma,
1837 1279 1927 1324 aut
1959 1285 2076 1341 qua:

495 1372 772 1428 membra?
795 1371 1007 1441 Sagitta
1031 1369 1300 1439 infantium
1329 1372 1476 1438 facta
1494 1376 1609 1420 sunt
1627 1366 1790 1436 plaga
1812 1380 2001 1418 eorum.

566 1464 845 1537 15.[uers.
879 1464 930 1518 9.
956 1463 977 1537 ]
1003 1463 1066 1517 Et
1107 1463 1380 1531 inﬁrmata
1421 1469 1535 1514 sunt
1579 1476 1730 1528 super
1769 1476 1852 1513 eos
1891 1460 2077 1528 lingua

493 1575 680 1613 eorum.
705 1561 909 1612 Acuant
938 1573 1075 1611 nunc
1097 1557 1298 1625 linguas
1355 1567 1477 1606 suas
1516 1561 1764 1619 tanquam
1819 1551 2070 1620 gladium,

494 1649 703 1703 ﬁrment
744 1647 841 1702 sibi
871 1662 1167 1702 sermonem
1221 1643 1532 1714 malignum.
1581 1642 1765 1696 Merito
1809 1641 1907 1696 sibi
1953 1657 2072 1696 eum

495 1739 886 1803 ﬁrmaverunt;
921 1739 1040 1809 quia
1065 1738 1336 1807 inﬁrmata
1376 1744 1491 1789 sunt
1537 1751 1687 1804 super
1750 1751 1830 1788 eos
1891 1735 2076 1805 lingua

439 1820 453 1830 ’
490 1849 685 1886 eorum.
713 1831 976 1900 Numquid
1029 1838 1234 1900 poterat
1275 1843 1393 1883 esse
1441 1827 1542 1880 hoc
1570 1826 1776 1880 ﬁrmum
1823 1826 2074 1880 adversus

490 1926 656 1979 Deum
679 1924 702 1978 ‘?
725 1924 938 1978 Mentita
973 1931 1064 1990 est,
1096 1923 1282 1992 inquit,
1325 1921 1562 1991 iniquitas
1587 1919 1680 1973 sibi
1709 1921 1726 1991 (
1760 1918 1899 1974 Psal.
1926 1936 2071 1986 xxvr,

490 2017 558 2071 12
584 2017 600 2086 )
632 2034 645 2070 :
674 2015 955 2084 Inﬁrmata
978 2024 1094 2069 sunt
1139 2031 1290 2085 super
1318 2029 1400 2067 eos
1455 2011 1642 2082 lingua
1691 2028 1878 2065 eorum.
1937 2011 2074 2068 Ecce

492 2109 783 2162 resurrexit
811 2107 1062 2161 Dominus
1110 2107 1197 2176 qui
1227 2105 1438 2160 occisus
1468 2112 1600 2158 erat.
1627 2103 1946 2158 Transibant
1974 2119 2071 2157 an-

490 2209 542 2256 te
571 2215 804 2268 crucem,
846 2199 927 2251 vel
965 2198 1192 2263 stabant,
1249 2207 1302 2250 et
1359 2194 1699 2248 intuebantur
1728 2195 1897 2260 illum,
1935 2195 2074 2249 sicut

491 2299 638 2344 tanto
677 2299 800 2344 ante
865 2287 1097 2358 psalmus
1147 2285 1506 2357 pradixerat:
1554 2284 1815 2338 Foderuut
1887 2302 2071 2340 manus

487 2397 622 2433 mens
650 2390 697 2433 et
726 2380 875 2448 pedes
900 2395 1034 2432 meos
1064 2395 1082 2443 ;
1131 2378 1566 2430 dimtmeraverunt
1596 2377 1764 2429 omnia
1791 2392 1904 2429 ossa
1932 2393 2060 2430 mea.

488 2469 518 2523 1
522 2472 599 2541 psi
625 2487 738 2524 vero
759 2471 1194 2524 consideraverunt
1222 2478 1268 2522 et
1298 2476 1601 2537 aspexerant
1631 2483 1709 2521 me
1737 2469 1754 2537 (
1790 2467 1929 2520 I’sal.
1955 2483 2068 2533 ιιι,

489 2564 573 2624 l7,
631 2563 760 2632 18).
807 2561 954 2616 Tunc
1002 2569 1163 2629 caput
1204 2560 1472 2630 agitabant
1522 2559 1873 2613 dicentes:Si
1906 2556 2072 2612 Filius

486 2654 582 2708 Dei
608 2663 698 2720 est,
723 2655 986 2709 descendat
1007 2655 1068 2707 de
1095 2669 1263 2706 cruce.
1287 2651 1648 2706 Tentaverunt
1676 2650 2069 2721 quodammodo

487 2755 658 2800 utrum
683 2745 846 2798 Filius
876 2745 966 2798 Dei
995 2753 1154 2806 esset,
1189 2742 1406 2812 etquasi
1443 2742 1758 2796 invenerunt
1783 2740 1921 2810 quod
1963 2755 2068 2796 non

487 2847 649 2902 esset,
674 2835 792 2906 quia
820 2836 1194 2892 insultantibus
1215 2835 1337 2901 illis,
1379 2834 1446 2889 de
1468 2849 1626 2890 cruce
1652 2849 1756 2888 non
1779 2834 2070 2891 descende-

485 2926 574 2980 bat
597 2945 609 2980 :
629 2926 1030 2982 sidescenderet
1056 2927 1122 2980 de
1147 2941 1323 2989 cruce,
1356 2925 1524 2980 Filius
1559 2925 1652 2980 Dei
1683 2935 1827 2980 esset
1855 2926 2066 2995 (Matth.

484 3032 653 3080 nvn,
675 3018 880 3088 40-45).
910 3017 1046 3084 Quid
1077 3017 1170 3071 tibi
1207 3016 1414 3071 videtur
1428 3017 1516 3086 qui
1545 3015 1611 3070 de
1661 3030 1818 3070 cruce
1849 3031 1953 3070 non
1976 3017 2070 3072 de-

485 3109 706 3175 scendit,
731 3121 782 3162 et
810 3109 876 3163 de
901 3109 1144 3178 sepulcro
1169 3107 1402 3162 surrexit
1429 3106 1453 3160 ?
1478 3105 1615 3173 Quid
1645 3120 1771 3176 ergo
1823 3106 2066 3175 profece-

485 3209 604 3255 runt
631 3201 654 3254 ?
682 3200 833 3268 Quod
881 3201 978 3256 etsi
1037 3195 1293 3255 Dominus
1350 3213 1454 3252 non
1493 3200 1893 3265 resurrexisset,
1943 3199 2068 3269 quid

486 3291 852 3363 profecissent,
903 3293 1002 3346 nisi
1050 3291 1190 3362 quod
1234 3289 1570 3362 profecerunt
1614 3299 1668 3346 et
1702 3299 2068 3361 persecutores

484 3392 770 3454 martyrum
795 3384 819 3438 ἲ
865 3382 995 3437 Nam
1017 3391 1069 3437 et
1090 3390 1348 3454 martyres
1366 3382 1600 3437 nondum
1614 3394 1982 3451 surrexerunt,
2010 3393 2066 3439 et

483 3482 657 3529 tamen
700 3475 770 3528 illi
815 3489 919 3529 non
988 3475 1365 3545 profecerunt:
1400 3475 1632 3530 nondum
1676 3477 2064 3546 resurgentium

481 3567 588 3636 jam
621 3567 853 3622 natalitia
883 3569 1234 3623 celebramus.
1267 3565 1371 3624 Ubi
1413 3577 1494 3623 est
1519 3568 1664 3623 furor
1693 3569 2066 3624 saevientium?

486 3659 695 3729 Sagitta
717 3661 986 3730 infantium
1015 3663 1164 3732 facta
1188 3669 1305 3713 sunt
1336 3658 1502 3730 plaga
1544 3674 1736 3721 eorum,
1765 3668 1809 3713 et
1830 3659 2064 3727 inﬁrma-

485 3759 548 3804 ta
575 3761 690 3804 sunt
728 3767 879 3820 super
905 3767 987 3804 eos
1015 3751 1202 3820 lingua
1227 3766 1419 3804 eorum.
1465 3747 1581 3813 Quo
1609 3748 1976 3818 perduxerunt
2001 3749 2064 3804 il-

482 3846 560 3898 las
585 3845 934 3898 scrutationes
953 3857 1096 3908 suas,
1129 3857 1260 3912 quas
1291 3850 1682 3910 perscrutantes
1729 3841 2058 3909 defecerunt,

482 3945 540 3990 ut
565 3936 722 3990 etiam
753 3944 958 3988 mortuo
982 3934 1204 3987 Domino
1217 3941 1269 3986 et
1285 3932 1510 4001 sepulto,
1533 3932 1781 3986 custodes
1796 3941 2060 4002 ponerent

482 4028 548 4083 ad
574 4027 921 4098 sepulcrum?
953 4026 1207 4080 Dixerunt
1256 4024 1397 4078 enim
1429 4023 1618 4088 Pilato,
1648 4023 1896 4077 Seductor
1928 4025 2060 4090 ille;

482 4121 584 4175 hoc
605 4120 966 4190 appellabatur
986 4118 1200 4173 nomine
1227 4117 1481 4172 Dominus
1523 4117 1676 4172 Jesus
1701 4115 1961 4183 Christus,
1995 4118 2060 4173 ad

479 4213 720 4266 solatium
744 4225 1018 4267 servorum
1062 4225 1276 4265 suorum
1303 4209 1515 4279 quando
1540 4207 1787 4264 dicuntur
1813 4208 2059 4264 seducto-

480 4320 566 4360 res
596 4320 760 4376 :crgo
794 4304 866 4358 illi
917 4303 1106 4369 Pilato,
1158 4302 1406 4358 Seductor
1444 4303 1546 4366 ille,
1603 4301 1870 4370 inquiunt,
1925 4302 2055 4356 dixit

477 4396 642 4450 adhuc
667 4397 830 4450 vivens
861 4411 878 4449 :
905 4393 1029 4450 Post
1058 4404 1156 4449 tres
1176 4394 1281 4448 dies
1310 4410 1584 4463 resurgam.
1613 4391 1748 4446 lube
1783 4395 1947 4464 itaque
1971 4410 2059 4448 cu-

474 4489 653 4542 stodiri
689 4488 972 4557 sepulcrum
999 4503 1154 4557 usque
1177 4487 1229 4539 in
1274 4485 1405 4538 diem
1457 4485 1698 4549 tertium;
1741 4501 1803 4539 ne
1821 4489 1950 4556 forte
1969 4502 2056 4541 ue-

477 4580 616 4633 niant
639 4579 873 4648 discipuli
899 4579 1030 4649 ejus,
1053 4586 1098 4631 et
1122 4581 1353 4648 furentur
1399 4593 1530 4640 eum,
1560 4585 1605 4630 et
1653 4577 1823 4630 dicant
1873 4576 2005 4648 plebi
2037 4617 2052 4642 ,

477 4669 709 4724 Surrexit
733 4686 762 4721 α
780 4669 984 4722 mortuis
1009 4686 1027 4733 ;
1057 4677 1102 4722 et
1127 4668 1218 4721 erit
1241 4666 1532 4720 novissimus
1549 4683 1688 4720 error
1712 4668 1854 4738 pejor
1869 4669 2052 4737 priore.

476 4762 560 4814 Ait
589 4760 689 4814 illis
718 4759 915 4814 Pilatus
944 4777 962 4812 :
985 4758 1192 4812 Habetis
1231 4758 1547 4819 custodiam;
1576 4759 1661 4821 ite,
1693 4758 1934 4811 custodite
1948 4758 2053 4812 sic-

477 4861 528 4904 ut
571 4850 724 4903 scitis.
772 4849 861 4902 Illi
915 4859 1078 4903 autem
1129 4849 1365 4902 abeuntes
1410 4849 1694 4900 inunierunt
1743 4848 2050 4916 sepulcrum,

475 4944 728 5011 signantes
767 4940 986 5010 lapidem
1005 4957 1117 4993 cum
1144 4941 1429 4993 custodibus
1460 4937 1642 5009 (Ibid.,
1675 4939 1844 4993 65-66
1883 4938 1923 5008 ).
1956 4939 2057 4992 P0-

473 5035 690 5080 suerunt
748 5023 994 5078 custodes
1060 5025 1252 5079 milites
1298 5024 1362 5078 ad
1417 5022 1736 5092 sepulcrum.
1781 5019 2054 5077 Concussa

474 5127 612 5173 terra
646 5117 898 5172 Dominus
950 5121 1282 5171 resurrexit:
1316 5117 1564 5171 miracula
1611 5115 1747 5170 facta
1785 5125 1909 5170 sunt
1931 5117 2052 5173 talia

472 5213 610 5266 circa
635 5211 956 5282 sepulcrum,
991 5219 1046 5262 ut
1065 5218 1117 5264 et
1139 5210 1234 5278 ipsi
1263 5211 1452 5264 milites
1493 5211 1580 5279 qui
1607 5208 1855 5264 custodes
1883 5209 2047 5265 adve-

475 5311 682 5369 nerant,
707 5311 868 5356 testes
899 5300 1104 5364 ﬁerent,
1154 5301 1196 5353 si
1226 5300 1417 5354 vellent
1467 5315 1590 5354 vera
1641 5301 1920 5365 nuntiare;
1957 5301 2050 5357 sed

471 5396 687 5449 avaritia
719 5395 803 5449 illa
833 5411 950 5465 quin
980 5390 1585 5462 captivavitdiscipulum
1616 5393 1863 5446 comitem
1896 5391 2051 5449 Chri-

471 5490 934 5557 sﬁ,captivavitet
977 5488 1192 5541 militem
1219 5483 1491 5538 custodem
1535 5485 1782 5553 sepulcri.
1833 5485 2042 5554 Damus,

473 5581 730 5648 inquiunt,
761 5581 895 5632 vobis
923 5579 1184 5649 pecuniam
1212 5594 1230 5640 ;
1259 5584 1305 5629 et
1329 5576 1477 5629 dicite
1498 5577 1616 5644 quia
1636 5577 1770 5630 vobis
1792 5577 2047 5633 dormien-

471 5676 597 5728 tibus
635 5681 867 5726 venerunt
904 5671 1134 5742 discipuli
1165 5672 1296 5742 ejus,
1340 5678 1388 5724 et
1430 5668 1737 5723 abstulerunt
1784 5669 1930 5743 eum(
1956 5671 2043 5728 Id.

530 5829 602 5890 (a)
626 5837 734 5877 Haec
758 5839 866 5891 pars
905 5827 954 5889 ᾗ.
977 5826 1009 5877 8
1053 5833 1280 5878 tractatur
1325 5836 1471 5888 supra
1513 5825 1564 5874 in
1593 5827 1729 5873 Enar.
1778 5830 1895 5874 Psat.
1949 5841 2042 5891 va,

469 5925 519 5962 ιι.
552 5912 626 5961 15.

1726 417 1786 476 S.
1825 413 2191 474 AUGUSTINI
2232 416 2530 474 EPISCOPI

3660 421 3765 481 768

2185 549 2368 601 xxvut,
2405 533 2491 601 12,
2525 513 2591 588 13
2621 533 2658 604 ).
2697 533 2832 590 Vere
2872 533 3156 605 defecerunt
3182 543 3461 592 scrutantes
3497 540 3767 594 scrutatio-

2182 643 2286 680 nes.
2309 626 2444 693 Quid
2460 635 2558 694 est,
2592 627 2731 698 quod
2753 627 2952 692 dixisti,
2980 642 3014 683 ο
3033 627 3210 684 infelix
3248 629 3481 684 astutia?
3507 631 3766 687 Tantum-

2183 733 2250 773 ne
2292 717 2496 774 deseris
2544 719 2714 774 lucem
2761 719 2973 774 consilii
3029 719 3258 789 pietatis,
3307 729 3362 776 et
3409 722 3461 775 in
3499 721 3767 793 profunda

2186 811 2431 864 versutia
2463 810 2480 842 ί
2503 809 2846 882 demerget-is,
2876 820 2934 865 ut
2969 809 3071 866 hoc
3096 811 3242 867 dicas
3275 829 3288 866 :
3318 813 3488 870 Dicite
3514 817 3638 886 quia
3666 831 3765 872 vo-

2181 901 2263 957 bis
2289 903 2671 960 dormientibus
2694 911 2955 960 venerunt
2981 904 3224 976 discipuli
3267 906 3401 976 ejus,
3431 916 3486 963 et
3527 908 3767 966 abstule-

2183 1004 2305 1049 runt
2329 997 2490 1051 eum?
2520 998 2851 1053 Dormientes
2905 1007 3066 1054 testes
3102 999 3323 1056 adhibes
3355 1018 3368 1055 :
3408 1017 3536 1058 vere
3561 1012 3615 1056 tu
3651 1004 3768 1074 ipse

2183 1085 2514 1154 obdormisti,
2540 1091 2626 1157 qui
2659 1089 2944 1144 scrutando
2969 1091 3090 1146 talia
3133 1091 3394 1148 defecisti.
3441 1092 3498 1148 Si
3526 1093 3764 1149 dormies

2185 1177 2328 1238 bant.
2350 1180 2474 1253 quid
2498 1181 2675 1237 videre
2696 1185 3024 1252 potuerunt?
3052 1185 3098 1240 si
3148 1185 3278 1240 nihil
3310 1187 3576 1255 viderunt,
3625 1205 3764 1258 quo-

2182 1270 2341 1326 modo
2368 1281 2534 1328 testes
2559 1275 2851 1331 sunt?Sed
2903 1278 3187 1344 defecerunt
3237 1290 3512 1336 scrutantes
3559 1295 3761 1336 scruta-

2182 1364 2384 1418 tiones:
2423 1365 2730 1422 defecerunt
2781 1385 2811 1424 a
2854 1369 2972 1426 luce
3028 1372 3140 1438 Dei,
3190 1372 3496 1429 defecerunt
3546 1377 3596 1429 in
3645 1375 3765 1446 ipso

2182 1455 2369 1511 effectu
2389 1459 2732 1514 consiliorum
2754 1475 2969 1516 suorum
3001 1481 3015 1516 :
3049 1464 3258 1534 quando
3282 1465 3422 1535 quod
3450 1467 3758 1536 voluerunt,

2182 1546 2311 1600 nihil
2340 1549 2595 1617 perﬁcere
2634 1560 2938 1620 potuerunt,
2976 1555 3159 1624 utique
3198 1554 3505 1610 defecerunt
3540 1575 3552 1610 :
3583 1557 3762 1626 Quare

2182 1635 2282 1690 hoc
2309 1636 2333 1690 ?
2357 1638 2484 1706 Quia
2504 1642 2726 1695 accessit
2753 1642 2934 1709 homo,
2958 1654 3010 1699 et
3029 1660 3122 1699 cor
3151 1647 3312 1700 altum
3348 1664 3361 1710 ;
3413 1659 3466 1702 et
3496 1653 3765 1704 exaltatus

2180 1739 2260 1782 est
2282 1729 2439 1784 Deus.
2472 1731 2756 1802 Propterea
2795 1745 2976 1806 postea
3036 1752 3154 1790 cum
3207 1738 3522 1795 innotuisset
3567 1741 3761 1796 Christi

2179 1822 2518 1890 resurrectio,
2550 1832 2603 1879 et
2631 1827 2844 1882 veniens
2870 1828 3098 1899 Spiritus
3122 1841 3333 1886 sanctus
3356 1833 3602 1905 impleret
3632 1835 3765 1889 lidu-

2178 1912 2256 1966 cia
2300 1913 2546 1969 timentes
2586 1917 2841 1987 quosdam
2897 1919 3203 1991 discipulos,
3249 1931 3305 1977 ut
3353 1924 3612 1980 auderent
3650 1927 3760 1996 jam

2179 2014 2401 2060 mortem
2425 2022 2533 2065 non
2559 2009 2804 2064 timentes
2834 2012 3120 2080 prmdicare
3155 2014 3294 2083 quod
3325 2015 3585 2082 viderant,
3613 2020 3764 2073 exal-

2180 2104 2288 2150 tato
2321 2097 2430 2153 Deo
2451 2098 2502 2152 in
2525 2099 2801 2168 majestate
2832 2118 2944 2164 sua,
2979 2105 3066 2174 qui
3091 2115 3305 2176 prepter
3339 2119 3573 2164 nostram
3609 2112 3761 2166 inﬁr-

2178 2187 2412 2243 mitatem
2438 2190 2650 2245 humilis
2674 2191 2942 2262 judicatus
2969 2204 3089 2259 est;
3119 2204 3171 2249 et
3201 2197 3287 2250 ubi
3315 2209 3594 2268 caperuut
3616 2203 3758 2256 tubre

2177 2278 2424 2334 calestes
2455 2297 2742 2350 personare
2778 2283 3013 2353 judicem
3050 2295 3353 2353 venturum,
3387 2305 3541 2358 quem
3593 2293 3761 2359 primo

2175 2369 2416 2424 viderant
2437 2370 2751 2440 iudicatum,
2775 2373 3067 2431 Conturbati
3090 2387 3204 2431 sunt
3220 2395 3389 2433 omnes
3411 2382 3496 2451 qui
3529 2383 3762 2438 videbant

2175 2476 2276 2513 eos.
2322 2460 2564 2517 Exaltato
2614 2464 2740 2531 Deo,
2769 2474 2825 2519 ut
2865 2466 2992 2530 dixi,
3043 2469 3330 2537 praedicata
3381 2469 3607 2537 Christo,
3657 2474 3758 2529 visi

2174 2561 2296 2604 sunt
2320 2551 2488 2607 Judazi
2518 2569 2546 2607 a
2573 2555 2890 2625 quibusdam
2920 2558 3138 2625 Iudaeis,
3163 2560 3262 2615 visi
3308 2573 3427 2615 sunt
3452 2563 3760 2620 deficientes

2174 2642 2659 2702 inscrutatimibus
2701 2650 2828 2704 suis.
2855 2650 3118 2706 Videbunt
3155 2653 3295 2706 enim
3328 2652 3402 2706 illi
3458 2655 3508 2708 in
3546 2657 3762 2711 nomine

2172 2737 2434 2804 cruciﬁxi,
2462 2741 2687 2794 etoccisi
2733 2742 2972 2796 manibus
2989 2744 3118 2809 suis,
3155 2742 3267 2798 ﬁeri
3290 2752 3431 2799 tanta
3472 2746 3757 2803 miracula:

2172 2840 2509 2885 recesserunt
2535 2832 2696 2887 corde
2713 2834 2780 2886 ab
2802 2835 2879 2889 eis
2920 2836 3009 2904 qui
3038 2849 3442 2905 permanserunt
3472 2839 3525 2892 in
3565 2840 3759 2908 impie-

2174 2928 2318 2984 tate;
2347 2921 2615 2992 diSplicuit
2640 2923 2717 2978 eis
2743 2925 2954 2979 illorum
3002 2926 3195 2982 duritia
3225 2945 3240 2994 ;
3274 2929 3594 2998 quaesierunt
3623 2947 3762 2988 con-

2172 3011 2347 3066 silium
2382 3013 2583 3068 salutis
2612 3030 2742 3082 sum,
2775 3025 2828 3070 et
2855 3016 3104 3072 dixerunt
3155 3021 3422 3090 Apostolis
3452 3041 3467 3077 :
3507 3022 3647 3090 Quid
3673 3028 3757 3096 [a-

2171 3106 2358 3160 ciemus
2387 3106 2726 3162 ?Conturbati
2745 3125 2872 3179 ergo
2910 3120 3026 3164 sunt
3052 3128 3222 3167 omnes
3264 3115 3351 3183 qui
3397 3115 3628 3170 uidebant
3673 3134 3762 3172 eos

2173 3197 2192 3270 (
2221 3197 2331 3251 Act.
2360 3213 2418 3265 ιι,
2444 3197 2612 3271 1-57)
2643 3217 2656 3253 :
2691 3201 2742 3254 id
2774 3211 2887 3265 est,
2944 3203 3032 3272 qui
3078 3203 3443 3275 intelligebant
3493 3207 3631 3277 quod
3658 3208 3762 3263 lin-

2170 3304 2286 3359 guae
2313 3305 2495 3344 eorum
2524 3290 2805 3347 inﬁrmata:
2845 3303 2970 3348 sunt
3020 3308 3179 3364 super
3205 3312 3318 3363 eos,
3359 3299 3450 3368 qui
3498 3297 3758 3369 intelligo-

2168 3384 2296 3439 bant
2343 3384 2464 3455 quia
2509 3385 2560 3438 in
2609 3387 2856 3442 omnibus
2900 3386 3010 3442 suis
3053 3388 3206 3444 malis
3249 3391 3758 3459 perscrutationibus

2168 3475 2510 3531 consiliorum
2587 3475 2781 3547 ubique
2849 3477 3183 3535 defecerunt.
3249 3479 3557 3538 Conturbati
3630 3493 3760 3540 sunt

2168 3569 2275 3624 isti.

2239 3661 2327 3718 16.
2357 3661 2528 3735 [uera
2549 3661 2673 3736 10.]
2697 3662 2762 3718 Et
2784 3665 2948 3719 timuit
2984 3665 3145 3721 omnis
3172 3668 3340 3723 homo.
3390 3667 3492 3737 Qui
3534 3684 3638 3726 non
3685 3671 3756 3727 ti-

2167 3763 2433 3822 muerunt,
2457 3771 2556 3811 nec
2586 3756 2829 3813 homines
2872 3758 3105 3814 fuerunt.
3141 3761 3326 3816 Timuit
3370 3765 3531 3819 omnis
3554 3765 3700 3820 homo
3733 3783 3754 3822 :

2167 3847 2216 3902 id
2239 3857 2321 3902 est
2348 3850 2524 3904 omnis
2557 3859 2710 3904 utens
2747 3851 2952 3907 ratione
2979 3852 3044 3906 ad
3076 3853 3410 3925 intelligenda
3453 3873 3572 3927 qua
3610 3857 3752 3914 facta

2166 3947 2335 3994 erant.
2369 3939 2520 3995 Unde
2552 3941 2626 3995 illi
2661 3942 2750 4012 qui
2809 3958 2914 3997 non
2969 3944 3276 4011 timuerunt,
3331 3961 3519 4016 pecora
3571 3949 3754 4020 potius

2163 4031 2466 4086 nominandi
2509 4041 2652 4099 sunt,
2693 4033 2877 4088 bestia:
2932 4036 3108 4105 potius
3152 4036 3410 4094 immanes
3452 4047 3506 4093 et
3548 4048 3748 4096 truces.

2162 4119 2274 4176 Leo
2318 4123 2530 4190 rapiens
2558 4132 2612 4177 et
2641 4123 2875 4195 rugiens,
2924 4125 3012 4180 ille
3050 4125 3222 4181 adhuc
3248 4129 3492 4198 populus.
3524 4130 3591 4184 At
3619 4146 3750 4187 vero

2162 4212 2510 4268 omnishomo
2541 4213 2754 4268 timuit:
2803 4214 2854 4268 id
2902 4225 3012 4280 est,
3062 4217 3150 4285 qui
3185 4217 3403 4273 credere
3442 4219 3743 4286 voluerunt,

2161 4305 2250 4372 qui
2298 4302 2554 4372 judicium
2611 4311 2894 4358 venturum
2951 4314 3405 4363 contremuerunt.
3453 4307 3519 4362 Et
3575 4309 3748 4364 timuit

2161 4395 2322 4448 omnis
2351 4396 2499 4449 homo
2526 4412 2545 4449 :
2571 4404 2616 4448 et
2661 4397 3082 4452 annuntiauerunt
3111 4415 3262 4470 Opera
3293 4400 3404 4454 Dei.
3435 4401 3527 4457 llle
3553 4403 3640 4472 qui
3667 4403 3749 4457 di-

2160 4487 2334 4554 cebat,
2379 4488 2423 4541 Α
2466 4489 2642 4542 timore
2677 4489 2869 4543 inimici
2909 4507 3028 4546 erue
3067 4493 3290 4547 animam
3338 4511 3537 4563 meam,
3581 4499 3746 4552 timuit
3784 4491 3790 4501 ’

2160 4581 2322 4635 omnis
2348 4581 2584 4634 liomo.A
2634 4581 2823 4636 timore
2873 4582 3072 4638 inimici
3101 4585 3387 4642 eruebatur
3429 4586 3523 4641 sed
3567 4587 3746 4644 timori

2162 4671 2254 4726 Dei
2282 4670 2626 4726 subdebatur.
2658 4671 2775 4726 Non
2822 4672 3044 4728 timebat
3070 4689 3184 4742 eos,
3214 4677 3303 4745 qui
3360 4690 3554 4747 corpus
3591 4679 3734 4732 occi-

2159 4763 2310 4829 dunt,
2340 4763 2431 4818 sed
2477 4778 2598 4817 eum
2643 4763 2731 4832 qui
2792 4772 3104 4834 potestatem
3157 4766 3334 4832 habet,
3363 4776 3418 4822 et
3468 4782 3664 4837 corpus
3689 4778 3746 4823 et

2158 4855 2387 4908 animam
2434 4854 2646 4908 mittere
2675 4855 2727 4908 in
2771 4854 3104 4926 gehennam(
3137 4856 3397 4925 Matth.x,
3425 4859 3496 4914 28
3526 4862 3567 4928 ).
3596 4859 3743 4914 Prte-

2158 4946 2469 5000 dicaverunt
2498 4947 2774 5001 Dominum
2812 4964 2824 5001 :
2872 4963 2994 5002 nam
3019 4949 3189 5017 primo
3238 4951 3427 5005 Petrus
3471 4952 3666 5018 timuit,
3689 4961 3744 5008 et

2158 5037 2426 5091 inimicum
2463 5037 2928 5104 timuit;nondum
2956 5047 3072 5094 erat
3098 5040 3272 5095 anima
3318 5042 3432 5110 ejus
3478 5051 3627 5096 eruta
3675 5042 3743 5096 ab

2157 5129 2391 5183 inimico.
2420 5129 2778 5200 Interrogatus
2808 5131 2874 5185 ab
2897 5133 3087 5186 ancilla
3123 5133 3263 5203 quod
3292 5134 3428 5188 inter
3451 5134 3741 5204 discipulos

2156 5221 2271 5289 ejus
2288 5229 2449 5286 esset,
2476 5222 2688 5289 negavit
2731 5222 3012 5275 Dominum
3043 5232 3123 5276 ter
3147 5223 3166 5292 (
3188 5221 3274 5275 Id.
3302 5238 3444 5289 xxvr,
3471 5223 3542 5279 69
3568 5226 3605 5295 ).
3630 5225 3736 5280 Re-

2155 5313 2385 5367 surrexit
2414 5311 2669 5366 Dominus
2690 5353 2705 5377 ,
2759 5311 2987 5366 ﬁrmavit
3025 5314 3327 5368 columnam
3361 5332 3373 5368 :
3401 5315 3509 5385 jam
3551 5315 3740 5371 Petrus

2155 5404 2405 5474 praedicat
2431 5403 2546 5457 sine
2587 5404 2796 5469 timore,
2855 5412 2908 5457 et
2950 5419 3071 5458 cum
3120 5405 3310 5462 timore
3339 5409 3492 5472 ;sine
3547 5407 3739 5462 timore

2154 5512 2338 5551 eorum
2379 5496 2466 5566 qui
2497 5510 2692 5564 corpus
2713 5495 2985 5564 occidunt,
3004 5512 3119 5552 cum
3150 5499 3340 5555 timore
3385 5499 3498 5570 ejus
3527 5502 3616 5570 qui
3641 5499 3737 5553 ha-

2152 5587 2574 5657 betpotestatem
2599 5594 2654 5641 et
2678 5601 2872 5656 corpus
2899 5598 2953 5643 et
2974 5588 3202 5643 animam
3229 5589 3504 5646 occidendi
3547 5590 3600 5645 in
3641 5606 3734 5661 ge-

2153 5677 2325 5733 ltenna
2354 5678 2509 5742 ignis.
2552 5676 2743 5731 Timuit
2790 5681 2952 5735 omnis
2998 5681 3144 5736 homo
3171 5698 3190 5737 :
3215 5692 3264 5736 et
3307 5682 3736 5736 anituntiauerunt

2152 5788 2305 5844 opera
2327 5769 2442 5824 Dei.
2466 5769 2705 5840 Namque
2733 5774 3106 5830 annuntiantes
3129 5777 3258 5831 istos
3297 5773 3582 5845 Apostolos
3609 5788 3736 5845 ope-

2219 5908 2236 5940 ¹
2273 5914 2348 5958 ετ.
2372 5912 2424 5958 et
2443 5905 2624 5970 aliquot
2647 5914 2774 5969 Mss.,
2796 5907 3023 5963 uersutia.
