4038 6464
282 367 386 426 769

275 498 335 540 ra
380 483 496 550 Dei,
539 484 899 541 exbibuerunt
944 488 1044 545 sibi
1087 489 1352 562 principes
1402 496 1757 564 sacerdotum,
1805 509 1861 557 et

271 578 583 634 comminati
611 589 734 634 sunt
770 578 1007 634 dicentes
1043 597 1106 635 ne
1143 583 1196 636 in
1225 585 1424 640 nomine
1452 586 1578 642 Jesu
1607 591 1857 658 pra-dica-

268 680 402 726 rent.
433 671 502 724 Et
529 672 607 725 illi
625 671 858 726 dixerunt
886 688 905 727 :
927 671 1090 728 Dicite
1115 675 1256 730 nobis
1297 678 1376 731 cui
1419 681 1580 750 magis
1605 682 1857 752 obtempe-

266 779 382 817 rare
424 773 673 833 oporteat,
730 763 858 829 Deo,
907 781 974 818 an
1026 765 1306 822 hominibus
1335 766 1489 838 (Act.
1514 787 1567 837 v,
1594 770 1763 827 27—29
1787 772 1856 843 )?

263 855 403 925 Quid
443 858 518 912 illi
563 856 850 913 dicerent?
888 857 1202 914 Hominibus
1259 859 1436 931 potius
1490 877 1646 932 quam
1700 863 1847 918 Deo?

261 949 392 1006 Sine
418 949 581 1006 dubio
622 967 728 1006 non
783 952 1187 1020 responderent,
1238 953 1362 1021 nisi,
1412 954 1522 1008 Deo
1543 956 1737 1024 potius.
1771 955 1849 1010 illi

259 1053 440 1097 autem
463 1042 701 1098 sciebam
728 1059 844 1112 qua:
868 1042 1078 1113 juberet
1131 1044 1291 1111 Deus,
1319 1053 1372 1099 et
1417 1055 1851 1116 contempserunt

256 1137 525 1192 minantes
566 1136 890 1192 sacerdotes.
921 1136 1054 1204 Quia
1105 1151 1233 1208 ergo
1276 1137 1438 1191 timuit
1483 1138 1644 1192 omnis
1674 1138 1844 1203 homo,

256 1243 368 1283 non
401 1229 590 1284 terruit
635 1229 796 1283 homo
829 1247 843 1284 :
873 1237 921 1284 et
975 1230 1398 1284 aununtiaverunt
1442 1246 1596 1298 opera
1644 1227 1761 1283 Dei.
1788 1228 1846 1285 Si

257 1321 410 1376 timet
437 1320 619 1388 homo,
669 1336 774 1376 non
826 1329 1026 1376 terreat
1068 1320 1418 1376 homo:eum
1466 1321 1607 1377 enim
1656 1321 1845 1378 timere

253 1412 416 1468 debet
437 1411 617 1478 homo,
648 1428 680 1468 a
705 1428 810 1483 quo
831 1412 1000 1467 factus
1027 1422 1109 1468 est
1129 1411 1312 1467 homo.
1347 1412 1498 1478 Quod
1552 1427 1711 1482 supra
1747 1413 1843 1469 ho-

211 1485 218 1492 ’
252 1505 426 1559 mines
450 1515 533 1558 est
551 1504 698 1570 time,
725 1513 778 1559 et
803 1503 1047 1559 homines
1068 1512 1118 1558 te
1156 1519 1262 1559 non
1295 1503 1587 1560 terrebunt.
1616 1504 1838 1561 Mortem

251 1598 633 1666 sempiternam
664 1599 809 1662 time,
839 1607 895 1653 et
939 1607 1254 1667 praesentem
1312 1614 1418 1653 non
1471 1597 1702 1654 curabis.
1731 1599 1838 1654 Vo-

249 1689 508 1758 luptatem
553 1689 696 1743 illam
736 1688 1136 1758 incorruptam,
1191 1698 1244 1744 et
1293 1689 1527 1760 quietem
1571 1688 1687 1744 sine
1717 1689 1836 1746 labe

248 1784 684 1853 ooncupisce;et
738 1783 1134 1853 promittentem
1173 1782 1310 1838 dona
1355 1782 1453 1837 ista
1501 1782 1830 1852 temporalia,

246 1884 297 1928 et
321 1882 495 1928 totum
545 1873 798 1929 mundum
853 1873 1140 1929 deridebis.
1190 1876 1320 1929 Ama
1370 1889 1516 1945 ergo,
1549 1883 1603 1929 et
1653 1874 1829 1929 time:

246 1979 362 2018 ama
390 1964 532 2035 quod
564 1965 820 2034 promittit
850 1964 1008 2030 Deus,
1036 1964 1162 2019 time
1194 1964 1332 2035 quod
1379 1965 1601 2018 minatur
1642 1965 1778 2018 Deus
1811 1979 1826 2028 ;

246 2071 342 2111 nec
357 2056 720 2126 corrumperis
745 2070 810 2109 ex
833 2071 899 2111 eo
931 2055 1072 2126 quod
1119 2056 1395 2124 promittit,
1415 2071 1515 2110 nec
1546 2055 1829 2110 terreberis

241 2161 303 2204 ex
332 2163 399 2203 eo
425 2147 570 2217 quod
615 2148 848 2201 minatur
895 2145 1076 2200 homo.
1108 2144 1176 2200 Et
1214 2146 1377 2198 timuit
1415 2147 1576 2200 omnis
1627 2146 1775 2200 homo
1807 2161 1824 2198 τ

239 2247 284 2293 et
301 2241 724 2293 annuntiaverunt
745 2255 899 2307 opera
929 2237 1042 2301 Dei,
1071 2246 1118 2291 et
1149 2237 1284 2306 facta
1303 2239 1415 2307 ejus
1443 2238 1821 2292 intellexerunt.

237 2331 370 2399 Quid
397 2340 502 2394 est,
537 2336 672 2402 facta
723 2332 833 2400 ejus
881 2329 1230 2384 intellexerunt
1262 2329 1286 2382 ?
1316 2329 1424 2384 Hoc
1465 2338 1580 2384 erat.
1615 2329 1760 2395 illud,
1792 2345 1824 2386 0

235 2423 460 2479 Domine
490 2423 614 2479 Jesu
658 2423 889 2487 Christe,
919 2422 1059 2493 quod
1094 2423 1323 2485 tacebas,
1357 2433 1408 2477 et
1452 2424 1588 2478 sicut
1609 2424 1724 2477 ovis
1755 2423 1822 2478 ad

233 2516 505 2571 victimam
530 2515 830 2579 ducebaris,
855 2523 903 2568 et
937 2529 1042 2568 non
1080 2514 1354 2583 aperiebas
1381 2529 1560 2568 coram
1588 2513 1819 2568 tonden-

231 2619 281 2665 te
299 2626 360 2665 os
385 2621 554 2673 tuum,
585 2617 639 2665 et
658 2624 756 2664 nos
782 2618 831 2663 te
849 2609 1160 2679 putabamus
1179 2622 1297 2663 esse
1322 2607 1372 2661 in
1391 2608 1539 2677 plaga
1565 2615 1620 2662 et
1637 2607 1820 2664 dolore

229 2705 483 2773 positum,
540 2711 594 2758 ct
643 2704 898 2758 scientem
951 2704 1090 2757 ferre
1136 2701 1542 2756 infirmitatem?
1581 2701 1816 2758 Hoccinc

229 2806 340 2852 erat
360 2796 503 2867 quod
532 2797 896 2852 abscondebas
914 2797 1142 2864 speciem
1175 2807 1341 2863 tuam,
1369 2796 1614 2866 speciose
1641 2794 1814 2849 forma

227 2903 333 2956 prae
387 2887 510 2942 filiis
561 2887 869 2960 hominuml
895 2887 1038 2942 Psal.
1092 2905 1232 2955 xuv,
1265 2889 1298 2943 5
1323 2889 1342 2955 )
1370 2889 1393 2942 ‘l
1424 2887 1655 2942 Hoccine
1701 2895 1812 2943 erat

226 2978 376 3045 illud,
403 2979 544 3048 quod
575 2980 836 3035 videbaris
859 2996 962 3034 non
1011 2980 1205 3035 habere
1250 2980 1482 3050 speciem
1519 2994 1692 3058 neque
1713 2978 1810 3033 de-

223 3089 403 3128 corem
427 3073 446 3143 (
472 3072 601 3128 Isai.
636 3090 740 3139 Llll,
768 3073 869 3128 2-7
896 3073 1228 3143 )?Portabas
1259 3073 1314 3127 in
1341 3087 1496 3127 cruce
1546 3073 1812 3127 insultan-

224 3174 299 3220 tes
326 3175 380 3219 et
400 3165 638 3220 dicentes
671 3184 685 3220 :
736 3165 796 3221 Si
839 3165 1002 3219 Filius
1033 3165 1124 3219 Dei
1149 3174 1239 3232 est,
1288 3164 1554 3218 descendat
1579 3164 1641 3218 de
1667 3181 1814 3218 cruce

221 3255 454 3327 (Matth.
505 3273 668 3320 xxvu,
718 3256 849 3329 40).
905 3258 1033 3325 Quis
1097 3257 1235 3312 forte
1277 3257 1451 3312 sciens
1490 3263 1809 3326 potestatem

221 3357 362 3404 tuam
386 3365 573 3404 servus
601 3358 742 3414 tuus,
774 3358 825 3405 et
865 3349 1090 3404 dilectus
1137 3358 1279 3416 tuus,
1334 3363 1438 3403 non
1493 3349 1810 3404 exclamavit

218 3442 267 3495 in
294 3441 461 3496 corde
489 3457 606 3507 suo,
631 3452 683 3497 et
708 3442 840 3496 dixit
865 3461 877 3496 :
902 3441 945 3496 Ο
966 3443 1010 3496 si
1041 3441 1198 3496 modo
1243 3441 1618 3507 descenderet,
1644 3451 1697 3496 ct
1717 3441 1803 3496 isti

216 3547 403 3588 omnes
441 3533 534 3601 qui
581 3533 834 3587 insultant
866 3533 1358 3588 confunderenlur?
1389 3532 1492 3588 Sed
1543 3549 1648 3588 non
1692 3540 1809 3588 erat

215 3627 290 3682 sic
319 3645 331 3679 :
362 3625 705 3680 moriendum
733 3635 847 3682 erat
897 3635 1112 3697 pr0ptcr
1171 3626 1482 3692 morituros,
1531 3635 1585 3680 et
1636 3642 1808 3680 resur-

213 3719 444 3789 gendum
474 3728 690 3789 propter
740 3735 949 3789 semper
998 3719 1251 3775 victuros.
1288 3719 1396 3772 lloc
1433 3719 1502 3772 illi
1540 3719 1626 3788 qui
1660 3720 1804 3773 volea

213 3809 338 3865 bant
363 3811 516 3865 illum
543 3811 610 3866 de
633 3827 792 3866 cruce
807 3810 1152 3875 descendere,
1177 3826 1282 3864 non
1313 3810 1677 3879 iutelligcbant
1710 3828 1724 3876 ;
1749 3820 1803 3864 at

212 3903 294 3958 ubi
329 3904 647 3972 resurrexit,
676 3915 731 3958 et
757 3903 1082 3974 glorineatus
1109 3902 1352 3957 ascendit
1389 3901 1442 3955 in
1468 3902 1684 3969 coelum,
1713 3901 1800 3955 in-

213 3996 537 4051 lellexerunt
563 4011 724 4065 opera
758 3993 985 4049 Domini.
1016 3995 1454 4049 Annuntiaverunt
1497 4011 1652 4065 opera
1682 3993 1797 4062 Dei,

210 4097 251 4142 et
275 4093 416 4162 facta
440 4091 553 4161 ejus
576 4088 943 4143 intellexerunt.

276 4183 364 4237 17.
402 4181 572 4254 [υενδ.
600 4177 1026 4252 11.]Ltetabitur
1057 4180 1232 4250 justus
1285 4179 1338 4232 in
1391 4177 1630 4232 Domino.
1679 4177 1795 4232 Jam

210 4288 311 4329 non
340 4282 429 4330 est
451 4273 621 4328 tristis
666 4272 860 4342 justus.
918 4271 1122 4326 Tristes
1160 4272 1301 4327 enim
1353 4279 1506 4326 erant
1551 4269 1798 4338 discipuli

207 4367 463 4423 crucifixo
483 4366 736 4426 Domino;
758 4365 1075 4447 contristati,
1092 4373 1380 4418 maerentes
1397 4363 1756 4416 discesserunt
1780 4378 1795 4427 ;

207 4461 508 4530 perdidisse
553 4475 614 4515 se
654 4473 804 4529 spem
857 4464 1190 4528 putaverunt.
1248 4454 1558 4510 Resurrexit
1595 4454 1795 4519 ;etiam

205 4569 474 4624 apparens
500 4551 915 4607 tristesinvenit.
940 4551 1132 4606 Tenuit
1163 4550 1344 4604 oculos
1377 4548 1600 4603 duorum
1631 4547 1685 4601 in
1712 4547 1797 4602 via

205 4645 617 4712 ambulantium,
651 4660 720 4700 ne
742 4643 810 4698 ab
840 4644 918 4700 eis
960 4651 1358 4714 agnosceretur,
1390 4651 1444 4697 et
1478 4641 1680 4697 invenit
1704 4656 1796 4696 eos

205 4749 485 4808 gementes
511 4746 564 4792 et
593 4737 921 4808 suspirantcs
943 4753 958 4802 ;
979 4745 1034 4790 et
1065 4736 1231 4790 tenuit
1256 4749 1350 4790 eos
1375 4733 1546 4788 donec
1564 4747 1798 4803 expone-

203 4841 282 4888 ret
332 4833 662 4902 Scripturas,
716 4839 771 4886 ct
810 4845 904 4899 per
949 4829 1090 4899 ipsas
1144 4827 1449 4897 Scripturas
1490 4826 1796 4882 ostenderet

202 4927 322 4996 quia
351 4926 426 4980 ita
483 4924 598 4979 fieri
642 4922 922 4993 oportebat
967 4921 1103 4977 sicut
1174 4921 1366 4974 factum
1401 4926 1504 4974 est.
1552 4917 1796 4972 Ostendit

201 5018 345 5072 enim
380 5016 434 5071 in
458 5015 768 5084 Scripturis,
801 5014 924 5084 quia
946 5020 1066 5083 post
1100 5012 1316 5068 tertium
1347 5009 1488 5065 diem
1512 5025 1794 5080 resurgere

203 5109 494 5180 oportebat
522 5106 826 5162 Dominum.
847 5105 916 5160 Et
941 5103 1206 5175 quomodo
1244 5103 1402 5158 tertio
1430 5102 1517 5158 die
1547 5117 1792 5173 resurge-

201 5214 300 5268 ret,
346 5200 486 5257 side
511 5215 667 5255 cruce
715 5197 1105 5255 descenderet?
1134 5196 1288 5252 Modo
1338 5212 1432 5251 vos
1474 5195 1564 5267 qui
1613 5197 1794 5253 tristes

199 5294 330 5348 estis
356 5294 415 5348 in
455 5292 558 5357 via,
592 5290 639 5346 si
669 5289 867 5346 Judae'is
914 5288 1288 5344 iusultantibus
1335 5287 1584 5343 videretis
1610 5286 1792 5342 Domi-

199 5401 327 5441 num
375 5384 447 5439 de
496 5398 655 5438 cruce
699 5381 1077 5448 descendisse,
1123 5387 1376 5450 quantum
1428 5379 1794 5436 ell‘erremini?

197 5476 550 5534 Lzetaremini
570 5475 711 5546 quod
735 5491 828 5531 ora
854 5468 1162 5531 Iudaeorum
1213 5473 1291 5529 sic
1334 5472 1653 5529 obturasset.
1687 5472 1795 5528 Ex-

196 5578 446 5640 spectate
461 5568 744 5624 consilium
769 5565 961 5622 medici
986 5583 1000 5620 :
1029 5564 1172 5637 quod
1198 5579 1302 5619 non
1323 5563 1618 5629 descendit,
1650 5563 1791 5635 quod

196 5663 370 5719 occidi
402 5661 558 5728 vult,
602 5659 894 5716 antidotum
952 5658 1096 5715 terit.
1140 5658 1277 5713 Ecce
1316 5656 1428 5727 jam
1478 5657 1790 5725 resurrexit,

195 5769 323 5812 ecce
358 5754 477 5825 jam
528 5753 794 5824 loquitur:
830 5751 1067 5808 nondum
1123 5750 1427 5823 agnoscitur
1456 5790 1471 5816 ,
1521 5757 1579 5804 ut
1621 5748 1792 5805 lzetius

192 5851 545 5918 agnoscatur.
589 5843 781 5901 Postea
805 5843 1012 5916 aperuit
1033 5842 1218 5902 oculos
1237 5856 1424 5899 eorum
1450 5841 1505 5899 in
1531 5841 1792 5902 fractione

1381 377 1779 458 ENARRATIO
1919 385 2246 449 PSALMUM
2284 393 2462 452 LXIII.

3445 420 3552 478 770

1967 502 2119 600 panis
2147 523 2159 558 :
2191 520 2484 578 agnoscunt
2504 527 2624 568 eum
2652 514 2671 588 (
2690 515 2817 572 Luc.
2841 536 2985 588 xxiv,
3011 523 3182 582 16—46
3198 524 3242 600 ),
3274 527 3539 599 laetantur,

1963 597 2277 653 exclamant.
2335 601 2608 659 Laetabitur
2637 609 2808 680 justus
2864 613 2919 666 in
2964 597 3206 678 Domino.
3250 597 3534 680 Nuntiatur

1962 685 2170 742 cuidam
2190 689 2413 758 duriori,
2455 694 2611 752 Visus
2661 710 2744 755 est
2788 702 3062 774 Dominus,
3099 715 3404 769 resurrexit’
3435 717 3544 771 Do-

1961 774 2138 874 minus
2173 796 2185 831 :
2217 781 2388 837 adhuc
2428 785 2514 840 ille
2541 788 2705 844 tristis
2724 802 2825 857 est,
2849 810 2955 850 non
2971 799 3156 854 credit.
3183 801 3299 857 Nisi
3336 807 3538 877 misero,

1960 869 2144 935 inquit,
2164 887 2368 928 manum
2396 893 2575 943 meam,
2625 893 2672 935 et
2705 885 2909 954 tetigero
2953 888 3204 946 cicatrices
3256 869 3536 964 clavorum,

1957 970 2057 1010 non
2077 960 2592 1024 credam.Pra:betur
2634 982 2688 1026 et
2732 988 2926 1044 corpus
2987 981 3324 1052 tangendum,
3378 960 3540 1045 mittit

1955 1062 2190 1119 manum,
2219 1065 2531 1125 contrectat,
2566 1064 2846 1129 exclamat,
2878 1067 3126 1126 Dominus
3154 1089 3292 1130 meus
3334 1087 3380 1131 et
3405 1079 3538 1136 Deus

1954 1143 2135 1239 meus!
2184 1145 2458 1204 Lwtabitur
2478 1155 2650 1224 justus
2688 1159 2741 1212 in
2783 1159 3022 1219 Domino.
3070 1164 3150 1224 Illi
3197 1180 3324 1239 ergo
3374 1171 3536 1229 lzetati

1952 1243 2075 1334 sunt
2087 1235 2213 1304 justi
2240 1240 2290 1294 in
2319 1242 2563 1334 Domino,
2593 1250 2681 1318 qui
2707 1251 2972 1322 viderunt,
3001 1235 3305 1329 tetigerunt,
3335 1271 3393 1318 et
3414 1280 3530 1320 cre-

1949 1322 2198 1420 diderunt
2223 1348 2236 1383 :
2265 1333 2388 1400 quid
2414 1334 2543 1404 justi
2572 1340 2662 1409 qui
2710 1343 2867 1399 modo
2895 1354 3018 1400 sunt
3050 1322 3122 1414 ‘,v
3139 1351 3258 1420 quia
3295 1322 3409 1407 non
3453 1356 3532 1409 vi-

1949 1415 2113 1485 dent,
2145 1423 2267 1491 quia
2309 1440 2413 1482 non
2475 1437 2712 1501 tangunt,
2745 1451 2851 1490 non
2885 1437 3134 1495 laetantur
3155 1415 3227 1496 ‘iu
3258 1443 3482 1502 Domino
3511 1448 3534 1500 ἲ

1945 1505 2014 1600 Et
2039 1510 2126 1566 ubi
2153 1523 2233 1567 est
2263 1515 2347 1569 illa
2378 1533 2481 1574 vox
2505 1521 2712 1578 Domini
2755 1526 2821 1581 ad
2874 1527 3043 1597 ipsum
3075 1531 3366 1588 Thomam:
3397 1536 3532 1600 Quia

1943 1599 2111 1654 vidisti
2128 1620 2223 1668 me,
2252 1607 2512 1664 credidisti
2533 1628 2552 1667 :
2595 1612 2724 1668 beati
2751 1617 2838 1686 qui
2863 1635 2963 1672 non
2996 1621 3244 1690 viderunt,
3275 1634 3322 1678 et
3368 1599 3530 1681 credi-

1941 1691 2162 1765 derunt(
2189 1696 2344 1752 Joan.
2373 1717 2470 1769 xx,
2515 1703 2604 1759 25-
2619 1705 2688 1762 29
2715 1706 2734 1777 )
2765 1708 2789 1761 ?
2821 1710 2957 1779 Ergo
2987 1728 3172 1768 omnes
3202 1715 3444 1771 lietemur
3473 1719 3527 1774 in

1939 1780 2165 1840 Domino
2191 1803 2206 1852 ;
2239 1804 2425 1846 omnes
2453 1795 2746 1852 secundum
2790 1797 2948 1855 ﬁdem
2978 1818 3111 1858 unus
3131 1804 3306 1873 justus
3335 1809 3520 1876 simus,

1936 1888 2227 1948 omnesque
2249 1881 2299 1934 in
2332 1898 2438 1938 uno
2459 1900 2681 1956 corpore
2733 1905 2895 1945 unum
2944 1905 3102 1963 caput
3135 1895 3440 1963 habeamus,
3470 1907 3526 1954 et

1935 1967 2177 2026 laetemur
2206 1974 2257 2028 in
2285 1975 2531 2044 Domino,
2555 1996 2660 2036 non
2705 1982 2759 2036 in
2806 1986 2992 2051 nobis;
3024 1988 3144 2058 quia
3184 1989 3378 2044 bonum
3421 2009 3521 2046 no-

1933 2069 2099 2153 strum
2125 2081 2230 2120 non
2259 2083 2356 2122 nos
2395 2071 2568 2137 nobis,
2628 2074 2720 2129 sed
2766 2075 2852 2131 ille
2875 2079 2962 2148 qui
2993 2079 3116 2134 fecit
3146 2096 3261 2135 nos.
3299 2083 3414 2153 Ipse
3439 2092 3523 2139 est

1930 2150 2127 2209 bonum
2163 2166 2399 2213 nostrum
2429 2162 2494 2216 ad
2526 2163 2870 2222 laetificandos
2894 2185 3011 2224 nos.
3047 2170 3110 2224 Et
3139 2187 3295 2226 nemo
3313 2150 3520 2230 laetetur

1931 2241 1983 2298 in
2013 2261 2091 2310 se,
2126 2264 2284 2304 nemo
2313 2265 2618 2321 praasumat,
2655 2273 2812 2312 nemo
2855 2260 3102 2330 desperet
3147 2263 3215 2318 de
3247 2279 3328 2329 se,
3360 2281 3516 2322 nemo

1928 2335 1996 2390 de
2022 2353 2287 2411 quoquam
2321 2343 2552 2408 homine,
2574 2363 2730 2416 quem
2760 2350 2918 2407 debet
2961 2353 3229 2411 adducere
3252 2364 3309 2410 ut
3335 2357 3512 2412 socius

1926 2428 1995 2484 sit
2022 2432 2133 2500 spei
2168 2433 2350 2502 ipsius,
2405 2453 2509 2491 non
2532 2437 2687 2495 dator
2704 2443 2839 2510 spei.

1998 2521 2084 2575 18.
2119 2521 2394 2581 Ltetabitur
2408 2527 2580 2597 justus
2608 2531 2660 2584 in
2684 2530 2902 2587 Domino
2919 2575 2934 2598 ,
2962 2545 3010 2590 et
3031 2537 3250 2606 sperabit
3275 2539 3327 2593 in
3352 2557 3463 2594 eum
3494 2556 3514 2606 ,'

1924 2620 1972 2666 et
2015 2612 2360 2670 laudabuntur
2405 2635 2575 2674 omnes
2600 2611 2685 2689 qui
2723 2626 2844 2677 recti
2887 2635 3002 2679 sunt
3043 2628 3211 2682 corde.
3241 2629 3357 2684 Jam
3388 2633 3510 2701 quia

1924 2702 2180 2760 Dominus
2224 2712 2555 2777 resurrexit,
2580 2711 2690 2782 jam
2731 2714 2854 2784 quia
2897 2719 3138 2773 ascendit
3189 2719 3241 2775 in
3270 2722 3463 2776 caelum
3488 2763 3504 2788 ,

1916 2792 2028 2863 jam
2057 2796 2177 2866 quia
2204 2799 2438 2854 ostendit
2477 2816 2597 2857 esse
2625 2803 2782 2859 aliam
2812 2805 2971 2861 vitam
2991 2849 3004 2871 ,
3035 2808 3143 2877 jam
3175 2810 3298 2880 quia
3329 2813 3504 2868 maui-

1919 2885 2111 2943 f'estum
2140 2899 2220 2945 est
2248 2894 2468 2948 consilia
2509 2896 2625 2964 ejus
2659 2898 2851 2967 quibus
2886 2900 3038 2954 latuit
3058 2902 3220 2958 corde
3243 2905 3352 2960 alto
3395 2921 3505 2961 non

1921 2979 2083 3036 fuisse
2114 2983 2313 3050 inania,
2341 2986 2462 3054 quia
2491 2985 2609 3042 ideo
2633 2991 2848 3059 sanguis
2885 2991 2973 3046 ille
3003 2990 3152 3047 fusus
3173 3003 3256 3049 est
3279 3005 3336 3049 ut
3362 3003 3505 3052 esset

1918 3073 2146 3142 pretium
2188 3077 2616 3146 redemptorum;
2639 3081 2748 3151 jam
2778 3085 2898 3152 quia
2925 3087 3202 3142 manifesta
3233 3098 3358 3143 sunt
3381 3104 3502 3145 om-

1917 3165 2003 3220 nia
2026 3207 2041 3231 ,
2069 3168 2190 3237 quia
2232 3169 2515 3240 pra'dicata
2541 3174 2562 3204 ¹
2587 3183 2710 3228 sunt
2738 3176 2916 3230 omnia
2943 3218 2962 3245 ,
2989 3177 3109 3248 quia
3141 3179 3338 3238 credita
3378 3190 3502 3237 sunt

1915 3257 2114 3323 omnia,
2139 3259 2237 3314 sub
2264 3263 2407 3316 omni
2448 3264 2586 3319 ctelo
2624 3265 2879 3321 laetabitur
2903 3271 3077 3340 justus
3102 3272 3154 3325 in
3174 3270 3422 3340 Domino,
3451 3284 3500 3329 et

1913 3349 2133 3416 sperabit
2161 3351 2212 3403 in
2253 3363 2472 3417 eum;et
2523 3355 2865 3411 laudabuntur
2903 3376 3073 3415 omnes
3112 3364 3200 3431 qui
3225 3365 3347 3418 recti
3380 3374 3498 3418 sunt

1911 3440 2081 3494 corde.
2115 3442 2211 3507 Qui
2241 3453 2364 3497 sunt
2389 3447 2520 3500 recti
2547 3448 2710 3503 corde
2732 3450 2755 3501 'l
2776 3450 2868 3504 Eia
2902 3451 3094 3508 fratres
3123 3457 3249 3522 mei,
3279 3471 3496 3527 semper

1911 3529 2136 3584 dicimus
2161 3574 2176 3598 ,
2206 3541 2259 3588 et
2286 3534 2482 3590 bonum
2519 3547 2602 3593 est
2631 3548 2687 3593 ut
2723 3542 2996 3598 noveritis.
3047 3543 3146 3610 Qui
3187 3555 3312 3601 sunt
3354 3547 3490 3604 recti

1909 3626 2110 3680 corde?
2136 3627 2236 3695 Qui
2265 3630 2444 3684 omnia
2473 3647 2819 3704 quaecumque
2847 3635 2900 3688 in
2928 3634 3026 3690 hac
3053 3637 3156 3691 vita
3185 3639 3455 3708 patiuntur
3473 3679 3490 3707 ,

1909 3733 2016 3772 non
2039 3735 2100 3774 ea
2125 3721 2358 3777 tribuunt
2391 3723 2707 3794 insipientiae
2727 3768 2742 3793 ,
2775 3727 2867 3782 sed
2913 3730 3137 3785 consilio
3170 3731 3261 3787 Dei
3283 3731 3348 3786 ad
3370 3748 3489 3789 me-

1909 3811 2137 3866 dicinam
2182 3828 2372 3880 suam;
2401 3831 2500 3872 nec
2543 3829 2868 3887 praesumunt
2913 3821 2982 3877 de
3021 3822 3228 3892 justitia
3265 3841 3393 3891 sua,
3433 3835 3493 3883 ut

1908 3913 2094 3972 putent
2119 3921 2178 3960 se
2209 3905 2401 3976 injuste
2444 3909 2550 3978 pati
2579 3910 2721 3980 quod
2767 3912 3040 3980 patiuntur
3060 3955 3074 3977 ,
3102 3922 3197 3970 aut
3227 3916 3344 3972 ideo
3369 3932 3491 3975 esse

1909 3993 2076 4050 Deum
2101 3997 2376 4065 injustum,
2403 4000 2524 4068 quia
2557 4017 2662 4055 non
2688 4002 2838 4071 plura
2870 4005 3067 4072 patitur
3097 4005 3184 4075 qui
3217 4006 3334 4077 plus
3362 4022 3486 4077 pec-

1903 4096 2009 4142 cat.
2045 4087 2252 4156 Videte,
2286 4091 2505 4156 fratres;
2537 4092 2651 4148 haec
2677 4109 2819 4164 sape
2841 4095 3088 4151 dicimus.
3119 4097 3334 4166 Aliquid
3360 4113 3487 4154 sen-

1903 4178 1992 4245 tis,
2019 4180 2130 4234 sive
2154 4180 2443 4235 secundum
2463 4197 2674 4253 corpus,
2695 4186 2807 4240 sive
2834 4187 3124 4242 secundum
3147 4187 3479 4256 dispendium

1903 4271 1981 4324 rei
2015 4271 2323 4336 familiaris,
2355 4273 2466 4328 sive
2503 4291 2599 4345 per
2636 4277 2918 4332 orbitatem
2957 4278 3184 4348 aliquam
3220 4279 3485 4336 charissio.

1901 4377 2109 4416 morum
2151 4370 2364 4416 tuorum
2399 4365 2544 4419 :noli
2592 4365 2858 4434 respicere
2886 4381 2980 4422 eos
3017 4383 3150 4437 quos
3194 4369 3330 4424 nosti
3377 4369 3482 4423 ini-

1901 4457 2115 4527 quiores
2142 4465 2192 4511 te
2221 4455 2363 4530 (non
2393 4458 2535 4513 enim
2578 4457 2714 4514 forte
2737 4458 2902 4514 audes
2942 4459 3121 4516 dicere
3157 4460 3358 4529 justum
3392 4468 3442 4515 te
3466 4501 3481 4527 ,

1900 4547 1994 4602 sed
2036 4549 2172 4602 nosti
2201 4549 2412 4617 pejores
2434 4547 2528 4620 te),
2557 4557 2612 4603 et
2637 4548 2828 4603 florere
2862 4549 2916 4603 in
2944 4549 3076 4616 istis,
3105 4557 3281 4604 etnon
3305 4550 3486 4620 ﬂagel-

1901 4639 2035 4706 lari;
2087 4647 2145 4694 ut
2168 4638 2444 4708 displiceat
2484 4638 2578 4694 tibi
2603 4640 2882 4695 consilium
2914 4639 3006 4696 Dei
3038 4647 3092 4695 et
3127 4640 3311 4696 dicas:
3345 4639 3486 4696 Ecce

1901 4742 2026 4802 puta
2060 4743 2307 4802 peccator
2327 4747 2444 4787 sum
2465 4773 2480 4800 ,
2509 4744 2565 4789 et
2592 4744 2870 4805 propterea
2908 4734 3182 4804 flagellor;
3210 4750 3375 4805 quare
3396 4735 3486 4792 ille

1900 4842 2006 4882 non
2045 4825 2344 4898 flagellatur
2368 4867 2384 4894 ,
2412 4826 2563 4898 cujus
2592 4827 2715 4881 novi
2748 4835 2890 4882 tanta
2921 4826 3158 4896 flagitia?
3185 4826 3484 4894 Quantum-

1900 4935 2128 4990 cumque
2157 4920 2281 4976 mali
2323 4921 2541 4975 fecerim
2571 4934 2700 4991 ego,
2731 4919 2987 4990 numquid
3013 4935 3112 4991 ego
3141 4928 3343 4977 tantum
3383 4921 3482 4978 feci

1899 5021 2158 5082 quantum
2189 5011 2323 5067 ille?
2355 5012 2645 5068 Distortum
2689 5019 2772 5066 cst
2798 5025 2894 5066 cor
2930 5019 3099 5068 tuum.
3124 5012 3291 5081 Quam
3313 5013 3485 5074 bonus

1900 5102 2040 5158 Deus
2085 5102 2289 5170 Israel;
2320 5103 2413 5158 sed
2451 5103 2614 5159 rectis
2659 5100 2820 5158 corde
2859 5103 2872 5158 !
2905 5103 3004 5159 Tui
3037 5113 3212 5160 autem
3236 5103 3484 5159 labuntur

1898 5193 2084 5264 pedes,
2113 5193 2235 5263 quia
2260 5193 2400 5249 zelas
2437 5195 2491 5248 in
2533 5202 2840 5264 peccatores
2868 5235 2882 5260 ,
2913 5210 3096 5267 pacem
3139 5204 3483 5265 peccatorum

1899 5287 2112 5342 intuens
2157 5285 2326 5359 (Psal.
2355 5303 2497 5342 Lxxn
2520 5328 2537 5354 ,
2569 5288 2710 5359 1-3).
2740 5288 2868 5344 Sine
2912 5303 3136 5353 curare;
3169 5288 3318 5342 novit
3355 5287 3482 5357 quid

1897 5389 2036 5450 agat,
2082 5379 2171 5450 qui
2201 5380 2394 5434 vulnus
2438 5379 2607 5436 novit.
2648 5379 2763 5437 Non
2792 5388 3004 5437 secatur
3041 5379 3197 5436 alius.
3245 5379 3404 5447 Quid,
3435 5378 3482 5440 si

1898 5469 2250 5541 desperatur?
2273 5469 2400 5540 quid
2430 5471 2475 5527 si
2521 5480 2804 5543 propterea
2837 5481 2893 5528 tu
2933 5471 3133 5528 secaris
3154 5513 3170 5539 ,
3201 5471 3324 5542 quia
3372 5487 3481 5533 non

1897 5561 2234 5632 desperaris?
2262 5563 2450 5620 Patere
2491 5579 2619 5636 ergo
2658 5565 2909 5636 quidquid
2948 5566 3145 5636 pateris
3183 5573 3332 5622 recto
3361 5580 3479 5622 cor-

1899 5652 1967 5710 de
1993 5671 2007 5710 :
2039 5653 2186 5708 novit
2211 5653 2353 5710 Deus
2381 5641 2507 5726 quid
2550 5656 2644 5712 tibi
2670 5656 2868 5724 donet,
2897 5655 3026 5730 quid
3063 5657 3158 5715 tibi
3181 5655 3476 5716 subtrahat.

1962 5790 1983 5862 ξ
2015 5786 2658 5862 Ρζᾳιιὶᾳιῃᾳ-ιιεεηφιὶιῃωάο
2676 5804 2777 5845 esse
2797 5790 3048 5847 volucria.
3493 5829 3496 5832 .

1963 5854 1984 5885 ³
2018 5851 2206 5916 Aliquot
2217 5860 2346 5917 lss.,
2364 5851 2618 5917 ﬁrwdicta.
3422 5891 3441 5919 ι
3495 5900 3523 5912 ,.
