4038 6470
474 438 620 510 ,πί

511 550 665 620 Quod
703 548 794 606 tibi
840 546 1041 614 donat,
1071 543 1141 600 ad
1177 541 1597 600 consolationem
1639 539 1813 592 valeat
1835 578 1849 603 ,
1882 549 1986 590 non
2023 533 2090 588 ad

511 642 943 712 corruptionem;
970 645 1025 693 et
1051 634 1193 708 quod
1216 632 1311 689 tibi
1335 629 1633 695 subtrahit,
1662 627 1727 683 ad
1759 625 2091 681 tolerantiam

511 733 703 800 valeat,
733 746 838 785 non
877 729 944 784 ad
969 725 1376 798 blasphemiam.
1421 721 1477 778 Si
1513 729 1689 775 autem
1715 716 2089 787 blasphemas,

512 838 565 882 et
590 825 830 895 displicet
855 822 949 879 tibi
979 825 1135 886 Deus,
1163 828 1216 874 et
1234 827 1289 873 tu
1312 816 1403 871 tibi
1425 815 1605 886 places
1624 830 1639 879 ;
1661 824 1912 883 perverso
1932 806 2093 864 corde

458 910 463 913 ’
511 930 565 975 et
592 908 818 974 distorto
833 904 896 973 es
922 934 934 968 :
965 924 1019 970 et
1056 913 1157 968 hoc
1200 911 1350 983 pejus
1375 951 1388 973 ,
1420 907 1541 980 quia
1574 921 1669 962 cor
1695 904 1786 959 Dei
1815 903 1892 957 vis
1918 900 2089 957 corri-

513 1027 641 1082 gere
668 1008 735 1064 ad
763 1025 856 1065 cor
887 1016 1055 1074 tuum,
1078 1013 1136 1058 ut
1158 1005 1257 1058 hoc
1286 1002 1374 1056 ille
1402 999 1560 1054 faciat
1579 995 1718 1068 quod
1741 1005 1795 1050 tu
1823 995 1941 1059 vis;
1971 1006 2091 1047 cum

516 1081 572 1157 tu
599 1102 795 1157 debeas
839 1098 1012 1154 facere
1053 1095 1193 1167 quod
1223 1092 1314 1148 ille
1338 1090 1468 1145 vult.
1497 1087 1633 1158 Quid
1669 1085 1835 1158 ergo?
1864 1084 1954 1139 Vis
1995 1081 2092 1137 de-

518 1204 768 1265 torquere
794 1208 887 1247 cor
915 1190 1028 1257 Dei,
1057 1186 1198 1261 quod
1247 1200 1459 1255 semper
1486 1191 1689 1238 rectum
1717 1188 1801 1235 est
1823 1220 1837 1243 ,
1859 1178 1929 1233 ad
1967 1192 2091 1248 pra-

517 1286 732 1342 vitatem
772 1282 949 1338 cordis
985 1279 1105 1334 tui?
1128 1278 1337 1346 Quanto
1376 1274 1568 1329 melius
1614 1271 1683 1326 ad
1720 1269 2092 1325 rectitudinem

516 1380 610 1434 Dei
647 1377 869 1448 corrigis
893 1389 985 1430 cor
1007 1373 1191 1428 tuum?
1216 1369 1401 1426 Nonne
1430 1367 1534 1423 hoc
1555 1375 1608 1421 te
1638 1364 1821 1420 docuit
1841 1362 2094 1417 Dominus

517 1481 639 1525 tuus
660 1512 674 1536 ,
706 1468 774 1524 de
813 1466 964 1538 cujus
999 1464 1247 1537 passione
1283 1459 1442 1516 modo
1484 1454 1872 1528 loquebamur?
1910 1452 2096 1508 Nonne

519 1560 879 1617 inﬁrmitatem
909 1568 1049 1612 tuam
1076 1555 1356 1626 portabat,
1378 1551 1591 1623 quando
1615 1548 1748 1605 dixit
1772 1566 1783 1601 :
1809 1544 1993 1601 Tristis
2022 1552 2095 1598 est

516 1652 688 1705 anima
730 1665 842 1703 mea
882 1664 1040 1719 usque
1076 1646 1145 1700 ad
1184 1644 1433 1699 mortem?
1464 1641 1651 1696 Nonne
1689 1639 1917 1708 teipsum
1959 1636 2011 1689 in
2038 1648 2096 1690 se

518 1740 796 1811 figurabat,
825 1754 945 1793 cum
969 1736 1176 1791 dicebat
1204 1750 1218 1787 :
1248 1732 1426 1797 Pater,
1456 1731 1502 1785 si
1525 1729 1637 1798 ﬁeri
1659 1735 1849 1798 potest,
1877 1732 2098 1778 transeat

518 1851 549 1888 a
577 1850 655 1887 me
684 1831 821 1886 calix
843 1830 979 1885 iste?
1005 1826 1121 1883 Non
1143 1826 1285 1882 enim
1317 1824 1423 1879 duo
1447 1821 1613 1900 corda
1650 1829 1705 1875 et
1723 1819 1930 1874 diversa
1956 1858 1972 1884 ,
1995 1814 2098 1871 Pa-

518 1926 635 1992 tris,
657 1933 711 1979 et
734 1923 850 1977 Filii
879 1939 894 1987 ;
921 1921 1015 1976 sed
1040 1920 1093 1975 in
1120 1918 1288 1974 forma
1313 1916 1450 1971 servi
1472 1913 1706 1985 portavit
1731 1927 1821 1967 cor
1850 1921 2019 1976 tuum,
2042 1902 2100 1963 ut

520 2016 738 2071 doceret
775 2012 906 2070 illud
934 2010 1179 2080 exemplo
1217 2016 1335 2063 suo.
1369 2004 1484 2061 Jam
1513 2018 1639 2060 ecce
1668 2001 1818 2074 quasi
1842 1999 1984 2056 aliud
2007 2013 2100 2053 cor

522 2116 669 2163 tuum
692 2106 896 2161 invenit
919 2103 1212 2168 tribulatio,
1243 2100 1428 2155 volens
1456 2099 1473 2130 ¹
1506 2097 1729 2152 transire
1754 2094 1896 2167 quod
1923 2092 2100 2149 immi-

522 2202 722 2257 nebat:
764 2199 861 2254 scd
908 2196 1078 2251 noluit
1125 2194 1286 2249 Deus.
1316 2191 1430 2247 Non
1476 2189 1739 2246 consentit
1771 2188 1912 2243 Deus
1949 2184 2103 2243 cordi

524 2301 648 2357 tuo;
674 2289 915 2346 censenti
951 2297 1006 2342 tu
1035 2284 1181 2342 cordi
1212 2284 1325 2338 Dei.
1371 2281 1507 2336 Audi
1548 2294 1732 2335 vocem
1764 2274 1928 2348 ipsius
1960 2296 1972 2331 :
2004 2273 2106 2331 Ve-

523 2399 638 2438 rum
659 2399 760 2436 non
786 2380 921 2452 quod
945 2395 1037 2450 ego
1065 2377 1176 2432 volo
1196 2416 1210 2441 ,
1242 2375 1330 2430 sed
1354 2375 1488 2445 quod
1504 2382 1557 2426 tu
1586 2372 1680 2437 vis,
1705 2369 1862 2424 Pater
1888 2366 2098 2440 (Hau/3.

529 2489 681 2539 XXVI,
710 2471 799 2537 '58,
833 2469 945 2541 '59).

598 2564 684 2620 i9.
718 2560 1088 2618 Laudabuntur
1110 2571 1238 2629 ergo
1275 2572 1446 2611 omnes
1492 2554 1614 2609 recti
1638 2551 1808 2607 corde.
1851 2549 1989 2620 Quid
2015 2563 2103 2605 se-

524 2634 738 2727 quitur?
786 2638 842 2710 Si
871 2651 1211 2707 laudabuntur
1238 2665 1408 2703 omnes
1430 2647 1555 2701 νεὸιὶ
1578 2644 1757 2710 corde,
1775 2643 2107 2698 damnabun-

524 2757 613 2803 tur
655 2746 893 2818 perversi
926 2743 1107 2800 corde.
1150 2743 1267 2798 Duo
1305 2740 1398 2796 tibi
1440 2738 1597 2794 modo
1632 2736 1905 2810 proposita
1944 2744 2101 2800 sunt;

527 2839 664 2909 elige
691 2852 811 2894 cum
843 2846 1052 2905 tempus
1080 2842 1181 2888 est.
1209 2832 1266 2888 Si
1293 2839 1438 2887 recto
1463 2829 1625 2884 corde
1647 2826 1812 2882 fueris
1836 2867 1850 2893 ,
1875 2824 1949 2879 ad"
1970 2825 2103 2879 dex-

526 2938 695 2985 teram
716 2929 849 2994 eris,
878 2936 931 2982 et
956 2923 1272 2980 laudaberis.
1305 2918 1625 2988 Quomodo?
1660 2916 1833 2970 Venite
1857 2957 1871 2983 ,
1894 2914 2102 2974 benedi-

528 3021 593 3074 cti
635 3017 807 3073 Patris
835 3018 964 3084 mei;
991 3014 1233 3087 percipite
1275 3027 1485 3085 regnum
1521 3008 1657 3081 quod
1678 3008 1833 3062 ‘vobis
1871 3017 2105 3078 paratum

530 3121 603 3167 est
632 3111 693 3165 ab
714 3110 906 3181 origine
932 3107 1127 3162 mundi.
1161 3106 1423 3161 Perverso
1448 3111 1625 3157 autem
1647 3100 1808 3155 corde
1838 3101 1881 3155 si
1906 3099 2100 3165 fueris;

528 3204 573 3258 si
600 3200 1010 3257 subsannaveris
1043 3198 1213 3253 Deum
1244 3237 1261 3262 ,
1290 3197 1336 3252 si
1368 3192 1750 3265 providentiam
1777 3191 1892 3261 ejus
1922 3191 2105 3245 irrise-

529 3295 623 3361 ris,
647 3295 692 3348 si
719 3292 918 3348 dixeris
942 3291 992 3346 in
1020 3290 1199 3345 animo
1230 3298 1318 3342 tuo
1337 3329 1352 3353 ,
1378 3286 1520 3342 Vere
1548 3301 1654 3340 non
1675 3291 1831 3341 curat
1860 3280 1999 3339 Deus
2018 3294 2105 3337 res

529 3384 790 3438 humanas
818 3399 830 3436 :
858 3383 902 3437 si
932 3389 1141 3436 curaret
1180 3393 1266 3435 res
1289 3378 1577 3444 humanas,
1610 3376 1698 3431 ille
1724 3376 1862 3431 latro
1900 3382 2103 3429 tantum

532 3475 795 3540 haberet,
824 3483 878 3529 et
898 3488 998 3545 ego
1026 3474 1279 3526 innocens
1307 3468 1640 3540 indigerem?
1668 3481 1923 3539 perverso
1944 3465 2105 3521 corde

530 3567 699 3621 factus
738 3579 817 3621 es.
848 3565 1035 3621 Veniet
1073 3562 1330 3634 judicium
1375 3560 1540 3627 illud;
1570 3559 1900 3630 apparebunt
1926 3559 2106 3613 omnia

532 3665 749 3727 propter
790 3671 907 3726 qua:
952 3656 1049 3710 ista
1093 3655 1269 3709 omnia
1304 3652 1464 3708 faciat
1509 3652 1682 3717 Deus;
1710 3660 1764 3706 et
1790 3659 1845 3704 tu
1877 3650 1965 3719 qui
2005 3664 2105 3703 no-

444 3742 447 3751 “
532 3745 673 3799 l‘uisti
704 3746 756 3800 in
788 3735 884 3799 hac
902 3737 1008 3798 vita
1034 3743 1299 3814 corrigere
1339 3757 1434 3798 cor
1459 3750 1605 3796 tuum
1631 3741 1697 3796 ad
1727 3738 2101 3795 rectitudinem

534 3828 661 3902 Dei,
685 3845 738 3891 et
762 3846 811 3890 te
850 3836 914 3890 ad
959 3835 1231 3890 dexteram
1271 3848 1609 3905 prmpamre,
1641 3833 1725 3888 ubi
1771 3832 2109 3886 laudabuntur

532 3943 701 3981 omnes
724 3926 1034 3992 recti'corde,
1060 3927 1167 3980 eris
1195 3925 1259 3980 ad
1288 3924 1579 3991 sinistram,
1609 3923 1697 3978 ubi
1731 3932 1855 3977 tunc
1878 3921 2063 3977 audies
2088 3941 2102 3977 :

533 4018 616 4072 Ite
648 4020 698 4072 in
734 4019 896 4090 ignem
931 4027 1204 4083 internum,
1245 4018 1330 4087 qui
1368 4025 1682 4088 pra’paratus
1709 4025 1782 4070 est
1823 4014 2025 4070 diabolo
2062 4024 2110 4071 et

533 4113 727 4183 angelis
773 4112 881 4182 ejus
920 4108 1030 4181 (Id.
1081 4125 1214 4171 xxv,
1262 4109 1365 4176 54,
1406 4108 1521 4181 41).
1575 4108 1640 4163 Et
1692 4107 1947 4178 numquid
2006 4109 2109 4163 erit

537 4216 661 4259 tunc
685 4210 890 4272 tempus
915 4201 1182 4271 corrigere
1201 4200 1325 4255 cor?
1354 4199 1506 4260 Modo,
1532 4215 1659 4269 ergo
1684 4199 1933 4269 corrigite
1959 4240 1972 4263 ,
1996 4198 2105 4253 fra-

541 4306 681 4361 tres;
710 4295 867 4349 modo
895 4293 1162 4363 corrigite.
1208 4294 1336 4360 Quis
1357 4291 1642 4364 prohibet?
1668 4292 1923 4345 Cantatur
1960 4291 2109 4346 Psal-

532 4400 670 4451 mus,
698 4384 889 4455 legitur
909 4382 1273 4453 Evangelium,
1304 4392 1457 4437 sonat
1477 4382 1663 4449 lector,
1694 4390 1844 4436 sonat
1865 4381 2107 4450 disputa-

536 4488 617 4533 tor
642 4495 655 4531 :
685 4477 890 4547 patiens
934 4484 1014 4530 est
1042 4472 1330 4538 Dominus;
1357 4471 1579 4544 peccas,
1606 4482 1659 4529 et
1703 4475 1903 4543 parcit;
1932 4473 2107 4529 adhuc

533 4581 741 4638 peccas,
766 4565 936 4621 adhuc
955 4564 1137 4635 parcit,
1162 4574 1216 4619 et
1240 4562 1410 4619 adhuc
1425 4563 1593 4619 addis.
1620 4563 1879 4632 Quamdiu
1902 4564 2105 4635 patiens

531 4656 815 4713 cstDeus?
851 4656 1058 4712 Senties
1085 4666 1138 4711 et
1171 4655 1372 4726 justum
1418 4656 1605 4711 Deum.
1636 4656 1918 4712 Terremus
1940 4698 1954 4721 ,
1984 4657 2105 4726 quia

535 4748 815 4810 timemus;
852 4748 1040 4803 docete
1063 4762 1162 4802 nos
1188 4762 1293 4803 non
1341 4746 1560 4813 timere,
1592 4756 1645 4801 et
1674 4762 1779 4801 non
1818 4755 2102 4803 terremus.

534 4837 643 4894 Sed
684 4836 873 4893 melius
899 4854 998 4894 nos
1028 4839 1165 4893 Deus
1206 4838 1363 4895 docet
1397 4832 1582 4892 timere
1605 4878 1619 4903 ,
1641 4852 1797 4908 quam
1827 4839 2104 4909 quisquam

539 4930 810 4985 hominum
844 4945 946 4983 non
982 4930 1189 4985 timere.
1219 4929 1409 4984 Timuit
1453 4929 1594 4985 enim
1636 4930 1799 4984 omnis
1839 4930 1987 4985 homo
2013 4947 2032 4985 :
2060 4940 2106 4985 et

536 5023 952 5077 αηηιιηιίαυεηιηι
993 5038 1146 5093 opera
1181 5022 1296 5078 Dei.
1349 5022 1495 5078 Inter
1538 5021 1658 5077 illos
1702 5036 1801 5077 nos
1836 5032 2107 5093 computet

536 5112 694 5180 Deus,
727 5114 817 5185 qui
847 5115 1168 5180 timuerunt,
1197 5123 1253 5169 et
1289 5114 1753 5169 annuntiaverunt.
1784 5112 1915 5183 Quia
1948 5114 2104 5171 time-

530 5222 667 5274 mus,
695 5207 1067 5262 annuntiamus
1095 5205 1262 5271 vobis,
1280 5205 1492 5261 fratres.
1510 5205 1761 5261 Videmus
1780 5205 2105 5260 alacritatem

533 5306 761 5351 vestram
803 5294 868 5351 ad
898 5294 1227 5349 audiendum
1244 5295 1483 5361 verbum,
1511 5304 1567 5350 et
1596 5294 1670 5351 ad
1688 5294 2005 5365 exigendum
2027 5295 2107 5349 vi-

530 5384 730 5441 demus
759 5395 889 5440 vote
910 5394 1086 5440 vestra
1108 5425 1124 5451 ,
1155 5383 1395 5438 videmus
1428 5383 1648 5439 affectus
1688 5391 1913 5439 vestros.
1962 5385 2105 5441 Bene

532 5477 854 5548 conipluiter
902 5486 1075 5545 terra;
1127 5477 1422 5544 humenta,
1460 5493 1567 5532 non
1617 5478 1798 5549 spinas
1848 5485 2103 5548 generet:

531 5566 815 5624 frumentis
844 5568 1092 5625 horreum
1132 5576 1378 5639 paratur;
1412 5568 1548 5637 ignis
1575 5568 1761 5638 spinis.
1793 5568 1942 5623 Nosti
1979 5568 2105 5640 quid

536 5658 699 5718 facias
744 5660 813 5716 de
847 5676 973 5731 agro
1017 5670 1142 5727 tuo;
1171 5669 1227 5717 et
1268 5661 1436 5716 nescit
1482 5660 1625 5715 Deus
1656 5660 1783 5730 quid
1835 5660 1993 5717 faciat
2036 5660 2104 5715 de

592 5875 613 5908 ⁸
646 5874 868 5933 Plerique
891 5884 1011 5936 Mss.,
1031 5876 1186 5928 uelles.

1755 424 1812 478 S.
1854 406 2216 478 AUGUSTlNi
2259 420 2558 478 EPISCOPI

3676 420 3787 477 772

2199 552 2354 593 servo
2378 554 2474 593 suo
2488 537 2534 592 εἳ
2552 526 2704 605 Quod
2726 536 2859 607 pluit
2879 537 2932 592 in
2950 551 3133 607 agrum
3153 536 3399 603 uberem,
3414 537 3569 594 dulce
3591 545 3679 595 est.
3700 550 3793 603 :et

2198 629 2340 699 quod
2369 630 2499 700 pluit
2545 630 2598 684 in
2628 645 2812 702 agrum
2857 628 3133 698 spinosum
3155 669 3172 693 ,
3203 627 3361 684 dulce
3382 640 3485 684 est.
3515 628 3788 700 Numquid

2198 719 2430 790 pluviam
2480 729 2693 776 accusat
2736 720 2825 790 qui
2855 722 2875 751 ²
2907 718 3087 790 spinas
3128 720 3412 789 genuerit?
3450 719 3637 781 Nonne
3676 720 3782 774 erit

2198 812 2375 882 pluvia
2401 812 2489 866 illa
2520 811 2672 867 testis
2696 812 2748 866 in
2789 810 2989 881 judicio
3022 810 3150 875 Dei;
3182 819 3238 866 et
3259 810 3436 868 dicet:
3469 810 3584 882 Ego
3612 811 3789 866 dulcis

2198 915 2359 971 super
2384 917 2570 957 omnes
2593 901 2613 933 ³
2644 901 2797 956 veni?
2824 898 2905 957 Tu
2947 915 3074 972 ergo
3111 901 3236 971 quid
3271 900 3511 970 proferas
3528 901 3653 959 vide
3678 943 3695 967 ,
3729 909 3791 961 ut

2199 992 2324 1063 quid
2357 992 2447 1047 tibi
2483 1000 2695 1062 paretur
2738 991 3004 1048 attendas.
3029 991 3243 1047 Profers
3270 993 3629 1058 frumentum;
3654 993 3784 1047 hor-

2199 1099 2350 1141 reum
2390 1100 2583 1154 spera:
2617 1084 2823 1156 profers
2847 1085 3066 1156 spinas;
3099 1084 3274 1155 ignem
3312 1099 3490 1154 spera.
3518 1083 3629 1139 Sed
3650 1099 3788 1140 non-

2199 1176 2328 1233 dum
2373 1182 2517 1232 venit
2563 1184 2653 1232 aut
2702 1185 2910 1248 tempus
2959 1174 3176 1243 horrei,
3208 1184 3302 1229 aut
3354 1185 3564 1246 tempus
3605 1175 3783 1246 ignis:

2199 1266 2360 1323 modo
2402 1281 2530 1338 ergo
2576 1275 2834 1338 paretur,
2881 1276 2936 1322 et
2968 1280 3073 1320 non
3113 1262 3405 1320 timebitur.
3460 1264 3517 1320 In
3567 1266 3787 1327 nomine

2199 1358 2401 1415 Christi
2425 1368 2481 1414 et
2504 1360 2594 1430 qui
2635 1358 2902 1429 loquimur
2927 1360 3189 1423 vivimus,
3211 1368 3266 1413 et
3289 1358 3479 1429 quibus
3507 1358 3780 1431 loquimur

2201 1451 2378 1506 vivitis
2402 1468 2414 1503 :
2444 1450 2697 1521 numquid
2723 1446 2931 1505 consilii
2957 1448 3256 1520 corrigendi
3283 1459 3337 1504 et
3370 1448 3640 1505 mutanda:
3663 1450 3786 1505 vita:

2201 1542 2356 1597 malm
2386 1542 2438 1596 in
2457 1542 2653 1596 bonam
2679 1557 2785 1596 non
2804 1550 2886 1596 est
2912 1541 3077 1608 locus,
3103 1556 3207 1596 non
3226 1551 3308 1596 est
3334 1542 3579 1615 tempus?
3596 1540 3789 1599 Nonne

2202 1632 2249 1686 si
2278 1634 2374 1697 vis,
2410 1631 2566 1687 hodie
2590 1631 2695 1686 ﬁt?
2714 1648 2892 1687 nonne
2910 1632 2955 1687 si
2981 1632 3080 1699 vis,
3112 1632 3271 1687 modo
3299 1632 3390 1687 lit?
3411 1632 3551 1703 Quid
3576 1645 3788 1705 emptu-

2202 1736 2294 1778 rus
2318 1738 2377 1778 es
2402 1731 2462 1777 ut
2498 1721 2664 1777 facias
2682 1723 2711 1777 ?
2730 1738 2849 1793 quae
2890 1721 3175 1795 symplasia
3199 1722 3220 1754 ⁸
3242 1723 3563 1795 quzesiturus
3590 1740 3651 1781 es
3669 1726 3695 1779 ‘l
3722 1725 3786 1782 ad

2202 1827 2338 1882 quos
2363 1811 2521 1868 Indos
2548 1812 2920 1884 navigaturus?
2945 1829 3102 1885 quam
3153 1814 3328 1868 navim
3358 1816 3788 1891 prmparaturus?

2205 1904 2343 1960 Ecce
2361 1919 2481 1960 cum
2509 1904 2697 1974 loquor
2720 1945 2735 1971 ,
2762 1914 2904 1959 muta
2933 1920 3056 1971 cor;
3085 1913 3141 1961 et
3167 1904 3363 1961 factum
3390 1914 3472 1961 est
3508 1905 3653 1978 quod
3683 1917 3785 1961 tam

2205 2010 2347 2068 saepe
2371 2005 2424 2051 et
2464 1996 2661 2051 tamdiu
2699 1995 2959 2052 clamatur
2993 2006 3053 2053 ut
3097 1996 3208 2066 ﬁat,
3252 2008 3305 2055 et
3350 1998 3490 2070 quod
3520 1986 3786 2055 “aeternam

2208 2102 2422 2160 pinnam
2453 2088 2695 2158 parturit,
2730 2088 2775 2143 si
2803 2103 2909 2144 non
2936 2089 3044 2144 fiat.

2550 2358 2556 2365 .
2623 2298 2711 2361 ΙΝ
2750 2298 3129 2363 PSALMUM
3170 2300 3373 2363 LXIV

2794 2417 3214 2474 ENNRRATIO.

2737 2545 2907 2585 SERIO
2933 2546 3002 2585 AD
3034 2544 3258 2585 PLEBEI.

2284 2642 2335 2695 t.
2366 2636 2516 2713 [vers.
2550 2639 2635 2714 1.]
2654 2642 3001 2712 Agnosceuda
3027 2652 3108 2698 est
3135 2658 3236 2698 vox
3263 2652 3458 2699 sanctae
3489 2644 3789 2716 prophetiae

2211 2746 2276 2786 ex
2305 2732 2419 2800 ipso
2461 2732 2615 2787 titulo
2657 2733 2846 2801 psalmi
2888 2732 3068 2804 hujus.
3107 2735 3416 2790 lnscribitur
3449 2754 3462 2790 :
3495 2734 3562 2791 In
3589 2738 3744 2806 ﬁnem
3774 2780 3790 2805 ,

2213 2819 2454 2876 Psalmus
2480 2821 2667 2891 David,
2687 2821 2951 2879 Canticum
2973 2823 3209 2881 Ieremia:
3232 2835 3281 2881 et
3305 2822 3586 2884 Ezechielis
3610 2845 3673 2883 ea:
3698 2845 3791 2898 po-

2212 2915 2333 2985 pulo
2364 2917 2837 2988 transmigrationis,
2862 2934 2974 2972 cum
2994 2918 3269 2990 inciperent
3293 2920 3450 2976 exire.
3471 2919 3581 2977 Res
3609 2936 3793 2992 quem-

2209 3005 2497 3062 admodum
2552 3015 2699 3077 gesta
2754 3008 2823 3062 sit
2879 3008 3018 3079 apud
3073 3019 3252 3080 patres
3297 3019 3509 3065 nostros
3554 3019 3794 3081 tempore

2211 3098 2694 3167 transmigrationis
2719 3096 3047 3171 Babyloniae,
3079 3114 3184 3155 non
3211 3101 3459 3157 omnibus
3482 3110 3664 3157 notum
3686 3111 3791 3169 est,

2212 3189 2309 3245 sed
2350 3188 2432 3243 llis
2460 3189 2547 3258 qui
2574 3187 2874 3259 Scripturas
2903 3202 3117 3248 sanctas
3153 3192 3435 3265 diligenter
3465 3194 3792 3263 advertunt,

2210 3280 2297 3336 vel
2321 3280 2615 3349 audiendo,
2658 3282 2744 3336 vel
2773 3282 3016 3354 legendo.
3049 3283 3357 3355 Captivat‘us
3390 3285 3536 3342 enim
3564 3287 3794 3358 populus

2211 3368 2392 3437 Israel,
2422 3388 2486 3430 ex
2510 3373 2722 3429 civitate
2747 3374 3041 3440 Jerusalem
3069 3375 3261 3432 ductus
3286 3387 3367 3433 est
3397 3377 3449 3432 in
3478 3378 3791 3435 servitutem

2212 3463 2513 3538 Babyloni-.e
2542 3464 2629 3537 (IV
2662 3465 2789 3537 Reg.
2817 3481 2965 3532 xxrv,
2987 3466 3102 3538 25).
3133 3468 3478 3538 Prophetavit
3505 3479 3678 3524 autem
3708 3470 3794 3525 Je-

2212 3556 2407 3611 remias
2430 3566 2663 3620 sanctus,
2693 3567 2809 3626 post
2834 3560 3163 3631 septuaginta
3184 3574 3353 3614 annos
3374 3560 3664 3616 rediturum
3692 3577 3792 3631 po-

2211 3650 2392 3721 pulum
2444 3648 2512 3704 de
2556 3651 2901 3719 captivitate,
2951 3663 3006 3708 et
3060 3653 3469 3707 instauraturum
3525 3648 3790 3709 civitatem

2212 3743 2381 3813 ipsam
2406 3741 2701 3798 Jerusalem
2723 3785 2737 3810 ,
2768 3759 2922 3813 quam
2956 3744 3221 3800 devictam
3253 3745 3319 3799 ab
3348 3740 3592 3800 hostibus
3634 3747 3792 3817 plan-

2211 3843 2361 3891 xerat
2389 3834 2595 3907 (λετ-ειη.
2625 3851 2731 3889 xxv
2752 3878 2766 3902 ,
2796 3837 2856 3891 H
2882 3880 2894 3902 ,
2924 3847 2968 3891 et
2996 3853 3116 3891 xm
3143 3880 3157 3902 ,
3188 3835 3303 3909 i0).
3333 3837 3425 3905 lllo
3453 3849 3628 3893 autem
3659 3848 3794 3893 tem-

2212 3942 2342 3997 pore
2369 3927 2577 3981 fuerunt
2603 3926 2895 3996 prophetae,
2925 3929 2976 3982 in
3009 3928 3095 4007 illa
3128 3929 3429 3998 captivitate
3458 3931 3635 4001 populi
3664 3944 3794 4005 con-

2212 4018 2378 4072 stituti
2410 4018 2460 4071 in
2491 4017 2807 4088 Babylonia;
2840 4019 2985 4077 inter,
2999 4032 3134 4088 quos
3163 4029 3277 4073 erat
3299 4029 3352 4075 et
3382 4018 3629 4075 Ezechiel
3663 4036 3788 4090 pro-

2213 4108 2395 4178 pheta.
2422 4107 2777 4179 Exspectabat
2810 4117 2985 4162 autem
3014 4109 3101 4162 ille
3139 4109 3365 4181 populUs
3395 4109 3565 4164 donec
3605 4110 3794 4180 imple«

2214 4211 2398 4256 rentur
2423 4210 2659 4270 tempora
2685 4200 3017 4270 septuaginta
3041 4214 3323 4266 annorum,
3353 4200 3644 4256 secundum
3666 4216 3787 4272 pro-

2214 4292 2447 4363 phetiam
2475 4290 2741 4347 Jeremiae.
2773 4288 2990 4345 Factum
3018 4299 3101 4345 est
3142 4291 3421 4360 completis
3462 4292 3794 4361 septuaginta
3835 4316 3857 4400 ὲ

2213 4386 2400 4452 annis,
2427 4385 2727 4439 restitutum
2766 4392 2847 4438 est
2879 4383 3129 4452 templum
3163 4382 3305 4452 quod
3335 4382 3600 4451 dejectum
3637 4391 3791 4448 erat;
3836 4382 3859 4433 '.

2213 4484 2267 4531 et
2295 4489 2534 4545 regressa
2564 4482 2647 4528 est
2687 4473 2753 4528 de
2781 4457 3086 4542 captivitate
3128 4486 3313 4542 magna
3358 4485 3478 4541 pars
3514 4468 3656 4526 illius
3694 4487 3793 4542 po-
3842 4460 3859 4526 Ῑ

2212 4565 2344 4637 puli.
2369 4564 2475 4619 Sed
2504 4564 2749 4634 quoniam
2773 4563 2901 4617 dicit
2917 4564 3225 4633 Apostolus,
3253 4560 3379 4616 Haec
3404 4562 3456 4615 in
3477 4562 3645 4633 ﬁgura
3673 4579 3794 4617 con-

2214 4656 2468 4728 tingebant
2494 4657 2547 4709 in
2578 4654 2717 4720 illis;
2761 4655 2951 4725 scripta
2994 4664 3110 4710 sunt
3148 4663 3315 4708 autent
3353 4664 3562 4726 prapter
3587 4672 3710 4721 nos,
3741 4656 3795 4709 in

2211 4764 2336 4817 quos
2360 4747 2477 4818 ﬁnis
2499 4747 2798 4802 surculorum
2823 4746 3020 4802 obvenit
3040 4747 3081 4819 (Ι
3116 4745 3235 4802 Cor.
3266 4764 3331 4809 χ,
3365 4745 3488 4818 if);
3532 4747 3795 4804 debemus

2212 4849 2266 4896 et
2291 4853 2388 4893 nos
2418 4852 2574 4894 nosse
2605 4839 2748 4909 prius
2767 4839 3125 4909 captivitatem
3156 4849 3411 4905 nostram,
3440 4837 3636 4894 deinde
3656 4839 3791 4894 libe-

2212 4929 2471 4986 rationem
2514 4938 2789 4994 nostram;
2835 4929 3093 4984 debemus
3130 4945 3290 4986 nesse
3326 4929 3707 5001 Babyloniam,
3741 4931 3791 4982 in

2211 5034 2311 5090 qua
2339 5021 2531 5089 captivi
2561 5036 2743 5079 sumus
2763 5064 2776 5086 ,
2811 5030 2866 5081 et
2901 5021 3228 5083 Jerusalem,
3271 5022 3337 5075 ad
3374 5023 3528 5091 cujus
3560 5022 3790 5077 reditum

2211 5111 2559 5179 suspiramus.
2594 5111 2713 5166 lstte
2735 5113 2931 5183 quippe
2953 5112 3072 5167 dum
3091 5112 3351 5177 civitates,
3380 5112 3679 5168 secundum
3706 5115 3791 5167 lit-

2211 5211 2376 5258 teram
2407 5216 2592 5256 revera
2623 5201 2741 5257 dua:
2760 5203 3021 5258 civitates.
3050 5203 3115 5257 Et
3137 5202 3222 5257 illa
3250 5202 3461 5273 quidem
3492 5202 3791 5259 Jerusalem

2209 5294 2370 5351 modo
2395 5310 2425 5350 a
2449 5293 2653 5350 Iudaeis
2684 5308 2789 5350 non
2834 5295 3102 5350 incolitur.
3132 5295 3259 5351 Post
3295 5295 3606 5351 cruciﬁxum
3647 5296 3791 5351 enim

2274 5449 2291 5480 ί
2316 5445 2533 5518 nonnulli
2561 5454 2684 5507 Mss,
2708 5447 2768 5496 de
2805 5460 2923 5511 agro
2953 5459 3195 5515 serwsuo
3236 5448 3787 5515 :etquidanydeagn.

2208 5521 2911 5643 Ὕξῗιίεε-Αιεάαηφεράο
2981 5639 3017 5643 ,,
3753 5632 3763 5641 .

2208 5633 2390 5743 υωὶείο
2422 5631 2574 5680 nostri
2612 5645 2785 5682 omnes
2815 5638 2921 5683 is.
2968 5639 3026 5687 At
3061 5632 3209 5694 Edd.,
3243 5631 3403 5685 dulcis
3441 5646 3589 5697 super
3632 5632 3796 5685 anulis
