4038 6460
223 403 324 462 773

232 522 536 586 hominum,
566 517 892 575 vindicatum
918 525 999 571 est
1029 515 1081 570 in
1112 514 1229 570 ilius
1248 512 1457 585 ﬂagello
1481 527 1707 583 magno;
1752 520 1807 567 et

230 614 480 668 rradicati
510 612 580 668 ab
608 625 674 667 eo
701 610 849 675 loco,
893 608 982 663 ubi
1022 607 1181 677 impia
1221 605 1463 662 libertate
1500 603 1682 660 furiosi
1713 602 1807 659 ad-

230 724 414 762 versus
442 704 709 761 medicum
734 703 1076 764 insanierunt,
1101 699 1325 770 dispersi
1351 706 1475 754 sunt
1503 713 1599 769 per
1624 712 1810 752 omnes

230 810 419 871 gentes
442 840 460 864 ,
490 808 544 853 et
572 796 694 851 data
724 803 805 851 est
836 794 920 848 illa
950 802 1090 848 terra
1119 790 1433 848 Christianis
1458 808 1471 843 :
1502 790 1811 861 impletum-

228 906 330 961 que
353 898 439 945 est
464 887 609 959 quod
635 886 713 942 eis
740 885 950 941 dixerat
980 883 1235 937 Dominus
1254 924 1268 946 ,
1300 880 1577 951 Propterea
1607 884 1809 949 aufere-

230 994 313 1036 tur
348 999 383 1034 a
410 980 551 1034 uobis
589 994 797 1049 regnum
821 1016 838 1042 ,
872 983 921 1031 et
949 975 1152 1029 dabitur
1174 975 1308 1045 genti
1334 970 1537 1045 facienti
1559 973 1815 1044 justitiam

231 1071 442 1144 (Hatlh.
481 1086 571 1126 xxi
594 1114 607 1137 ,
645 1070 757 1141 45).
798 1068 932 1123 Cum
974 1076 1151 1121 autem
1194 1064 1434 1121 viderent
1472 1074 1596 1119 tunc
1624 1064 1814 1119 multas

232 1164 419 1218 turbas
449 1162 528 1217 ire
557 1169 676 1232 post
707 1159 1009 1223 Dominum,
1045 1156 1420 1228 praedicantem
1448 1170 1671 1226 regnum
1700 1169 1814 1210 caa-

232 1256 428 1319 lorum,
461 1264 516 1310 et
545 1251 804 1308 mirabilia
835 1250 1116 1306 facientem
1134 1290 1149 1315 ,
1179 1249 1435 1305 dixerunt
1458 1247 1725 1318 principes
1748 1246 1814 1301 il-

232 1349 334 1403 lius
364 1348 596 1403 civitatis
625 1364 638 1400 :
670 1345 729 1400 Si
755 1342 1092 1399 dimiserimus
1135 1359 1247 1398 eum
1274 1385 1288 1409 ,
1334 1358 1505 1397 omnes
1534 1342 1676 1395 ibunt
1704 1346 1817 1412 post

232 1441 422 1504 illum;
450 1449 497 1494 et
521 1438 721 1494 venient
743 1436 998 1503 Romani,
1026 1446 1073 1490 et
1098 1435 1273 1491 tollent
1294 1436 1434 1489 nobis
1458 1444 1503 1489 et
1529 1436 1695 1489 locum
1716 1475 1728 1498 ,
1771 1440 1819 1487 et

235 1538 433 1601 gentem
456 1529 636 1599 (Joan.
669 1543 726 1582 χι
752 1570 767 1595 ,
800 1526 910 1598 48).
956 1525 1034 1581 Ne
1072 1527 1247 1581 locum
1289 1523 1605 1593 perderent,
1637 1524 1819 1579 Domi-

237 1637 365 1676 num
407 1619 755 1682 occiderunt;
793 1626 847 1671 et
880 1617 1000 1672 ideo
1028 1615 1404 1687 perdiderunt,
1436 1614 1557 1683 quia
1600 1613 1816 1669 occide-

237 1721 378 1767 runt.
422 1709 622 1766 Civitas
646 1724 774 1779 ergo
797 1707 1040 1779 quaedam
1075 1707 1162 1762 illa
1192 1717 1403 1761 terrena
1431 1704 1707 1775 cujusdam
1738 1705 1818 1759 ci-

238 1805 417 1859 vitatis
445 1811 661 1859 eterna!
691 1802 743 1855 in
771 1801 924 1857 caelis
952 1800 1193 1855 umbram
1219 1798 1473 1871 gerebat;
1513 1807 1567 1852 at
1595 1797 1683 1852 ubi
1708 1812 1821 1853 ete-

240 1896 314 1967 pit
343 1896 439 1950 ilia
460 1908 585 1965 qua
606 1892 1022 1964 signiﬁcabatur,
1044 1890 1341 1946 evidentius
1368 1888 1678 1960 praedicari;
1705 1902 1822 1942 um-

239 1987 329 2043 bra
373 2002 485 2057 qua
509 1984 904 2057 signiﬁcabatur
932 2025 946 2048 ,
999 1982 1204 2053 deiecta
1245 1989 1329 2037 est
1375 1998 1389 2035 :
1423 1988 1702 2052 propterea
1744 1979 1817 2034 ibi

240 2076 399 2132 nodo
441 2076 705 2146 templum
741 2088 849 2129 non
878 2081 998 2138 est,
1039 2071 1182 2143 quod
1216 2070 1526 2127 fabricatum
1552 2069 1725 2125 fuerat
1765 2069 1825 2126 in

242 2166 524 2237 imaginem
557 2164 715 2220 futuri
742 2162 986 2234 corporis
1025 2160 1256 2217 Domini.
1295 2160 1562 2216 Tenemus
1600 2160 1817 2226 lucem;

242 2260 423 2316 multra
453 2258 700 2314 transivit
727 2274 740 2311 :
774 2266 949 2312 tamen
976 2255 1147 2311 adhuc
1176 2255 1230 2310 iu
1259 2254 1488 2326 quadam
1515 2253 1822 2323 captivitate

240 2366 422 2406 sum
451 2367 468 2405 ε
500 2348 759 2415 Quamdiu
783 2363 978 2413 sumus,
1012 2348 1203 2418 inquit,
1228 2347 1283 2400 in
1310 2361 1524 2416 corpore
1542 2386 1557 2412 ,
1596 2345 1821 2416 Ρενεθνί⁰

237 2458 423 2496 παίδων
441 2457 481 2494 a
505 2439 722 2494 Domitio
747 2439 814 2509 (ll
842 2437 960 2494 Cor.
982 2454 1041 2503 v,
1072 2437 1151 2511 6).

304 2530 361 2587 2.
390 2533 457 2587 Et
506 2531 682 2587 videte
727 2532 941 2586 nomina
986 2530 1212 2585 duarum
1254 2529 1474 2585 istarum
1524 2529 1819 2596 civitatum,

238 2625 526 2696 Babylonis
554 2633 609 2679 et
630 2624 946 2680 JerusaJem.
995 2623 1233 2695 Babylon
1261 2622 1515 2677 Confusio
1562 2623 1824 2693 interpre-

235 2728 394 2780 tatur,
421 2717 723 2774 Jerusalem
754 2717 886 2771 visio
916 2717 1077 2786 pacis.
1098 2714 1361 2771 lnteudite
1395 2729 1534 2770 nunc
1554 2715 1819 2771 civitatem

233 2814 587 2881 confusionis,
607 2823 661 2867 nt
690 2812 994 2883 intelligetis
1017 2812 1277 2866 visionem
1298 2811 1443 2880 pacis
1467 2828 1481 2864 :
1501 2812 1656 2865 istam
1687 2811 1819 2865 tole-

236 2907 384 2969 retis,
413 2905 495 2959 ad-
515 2904 659 2959 illam
690 2904 989 2975 suspiretis.
1020 2903 1172 2961 Unde
1198 2902 1438 2974 dignosci
1458 2911 1681 2974 possunt
1706 2903 1820 2958 istan

234 2997 353 3053 duo
385 2997 669 3052 civitates?
698 2996 969 3067 Numquid
1012 3010 1294 3066 possumus
1333 3009 1427 3050 eas
1465 2994 1625 3049 modo
1662 3009 1820 3064 sepa-

234 3106 352 3145 rare
396 3089 473 3144 ab
496 3089 1060 3145 invicem‘tl’ermixtze
1112 3098 1253 3153 sunt,
1286 3089 1432 3144 etab
1464 3089 1577 3157 ipso
1599 3087 1820 3143 exordio

231 3182 447 3254 generis
497 3180 715 3236 humni
754 3180 1030 3251 permixta:
1082 3188 1302 3235 currunt
1351 3194 1520 3251 usque
1567 3181 1619 3233 in
1659 3179 1818 3234 ﬁnem

231 3273 432 3328 seculi.
460 3272 758 3328 Jerusalem
784 3273 988 3342 accepit
1012 3271 1290 3327 exordium
1321 3286 1419 3341 per
1447 3271 1611 3337 A-bek
1641 3271 1819 3343 Baby-

232 3365 323 3420 lon
351 3380 449 3435 per
502 3364 631 3419 Cain
663 3363 922 3419 :aedilicia
968 3364 1163 3433 quippe
1207 3363 1415 3418 urbium
1469 3372 1653 3432 postea
1680 3361 1821 3419 facta

230 3467 374 3512 amt.
404 3456 503 3510 Hb
526 3454 823 3512 Jerusalem
853 3455 906 3509 in
951 3463 1091 3510 terra
1117 3453 1518 3519 Jebusmorum;
1560 3466 1683 3507 nam
1712 3454 1821 3523 pri-

231 3563 325 3605 mo
363 3547 535 3605 Johns
559 3547 834 3604 dicebatur
856 3548 921 3619 (ll
954 3547 1085 3618 Reg.
1108 3563 1159 3613 ν,
1178 3545 1234 3612 6,
1251 3555 1297 3599 et
1325 3544 1485 3600 Josue
1504 3560 1654 3611 xvnt,
1676 3543 1769 3617 28)
1799 3562 1815 3599 :

232 3641 353 3697 inde
376 3656 517 3712 gens
532 3639 898 3695 Jebusaeorum
927 3640 1092 3709 ejecta
1110 3648 1213 3702 est,
1234 3637 1448 3707 quando
1469 3637 1695 3707 populus
1723 3637 1818 3692 Dei

231 3734 489 3789 liberatus
507 3743 593 3788 est
618 3733 685 3789 de
704 3732 951 3805 Egypto,
981 3743 1035 3787 et
1076 3732 1408 3787 introductus
1437 3739 1519 3786 est
1548 3730 1601 3785 in
1623 3740 1818 3787 terram

234 3827 621 3897 promissionis.
652 3826 885 3897 Babylon
917 3835 1095 3881 autem
1125 3823 1336 3879 condita
1381 3833 1465 3880 est
1510 3823 1563 3879 in
1619 3823 1821 3879 intimis

232 3918 473 3974 Persidis
489 3917 817 3988 regionibus,
849 3930 967 3987 qua:
992 3915 1245 3969 diuturno
1275 3925 1515 3986 tempore
1538 3922 1698 3985 caput
1722 3929 1820 3969 ex-

234 4012 353 4067 tulit
374 4026 541 4081 super
570 4019 791 4065 caeteras
815 4016 1019 4079 gentes.
1054 4009 1183 4063 Duae
1204 4022 1333 4080 ergo
1363 4008 1478 4062 ista:
1513 4008 1674 4062 urbes
1699 4023 1819 4062 cer-

233 4106 300 4162 tis
318 4105 659 4176 temporibus
679 4103 908 4159 conditae
933 4111 1079 4169 sunt,
1111 4111 1171 4157 ut
1199 4101 1629 4158 manifestaretur
1656 4101 1821 4173 ﬁgura

230 4199 458 4255 duarum
484 4199 754 4254 civitatum
781 4197 906 4253 olim
936 4205 1250 4266 captarum,
1288 4202 1342 4249 et
1368 4209 1534 4263 usque
1578 4194 1629 4247 in
1660 4193 1819 4249 ﬁnem

231 4294 282 4349 in
314 4294 425 4349 isto
445 4292 644 4347 saeculo
667 4304 1039 4346 mansuramm
1064 4329 1079 4355 ,
1120 4287 1213 4343 sed
1242 4291 1294 4341 In
1345 4285 1449 4341 ﬁne
1491 4286 1821 4355 separanda-

230 4400 372 4440 rum.
397 4383 561 4440 Unde
586 4397 714 4452 ergo
736 4392 1020 4452 possumus
1044 4393 1137 4435 eas
1161 4378 1320 4433 modo
1358 4376 1661 4440 ostendere,
1701 4391 1823 4447 quae

230 4478 518 4549 permixta:
546 4475 703 4531 sunt?
725 4473 983 4530 Ostendet
1029 4481 1154 4527 tunc
1202 4470 1476 4533 Dominus,
1515 4482 1635 4523 cum
1687 4468 1827 4524 alios

230 4580 401 4641 ponet
427 4568 499 4623 ad
519 4567 817 4631 dexteram,
847 4566 984 4621 alios
1008 4564 1075 4621 ad
1104 4564 1398 4619 sinistram.
1420 4560 1715 4617 Jerusalem
1753 4559 1825 4614 ad

229 4665 513 4719 dexteram
542 4660 675 4725 erit;
706 4657 942 4730 Babylon
972 4656 1040 4710 ad
1070 4655 1359 4710 sinistram.
1390 4652 1683 4708 Jerusalem
1725 4666 1821 4706 au-

228 4756 406 4812 ditura
460 4763 543 4809 est
573 4771 586 4807 :
630 4751 821 4815 Venite,
852 4750 1092 4806 benedicti
1120 4748 1291 4803 Patris
1330 4749 1464 4813 mei;
1494 4747 1733 4818 percipite
1752 4764 1826 4801 re-

228 4864 390 4921 gnum
416 4846 557 4917 quod
578 4845 715 4900 vobis
736 4855 966 4915 paratum
988 4852 1061 4898 est
1085 4843 1149 4897 ab
1192 4842 1384 4912 origine
1425 4842 1618 4895 mundi.
1652 4841 1825 4913 Baby-

253 4956 325 4996 on
352 4939 605 4995 auditura
633 4947 715 4993 est
742 4954 755 4990 :
786 4936 866 4991 Ite
898 4938 952 4990 in
998 4938 1164 5008 ignem
1196 4945 1438 4990 teternum
1456 4976 1471 5002 ,
1502 4935 1586 5005 qui
1616 4944 1825 5006 paratus

228 5045 300 5091 est
328 5033 541 5089 diabolo
560 5042 604 5085 et
628 5032 820 5102 angelis
841 5032 948 5103 ejus
970 5029 1179 5101 (Matth.
1209 5045 1335 5093 xxv,
1359 5029 1448 5096 δι,
1478 5028 1592 5097 tl).
1622 5028 1823 5083 Possu-

229 5146 350 5184 mus
386 5138 565 5182 tatncn
595 5135 647 5180 et
675 5124 869 5195 aliquid
899 5123 1108 5191 alferre,
1136 5132 1389 5194 quantum
1428 5122 1683 5177 Dominus
1724 5122 1822 5176 do-

228 5233 345 5290 nat,
376 5220 521 5275 nnde
568 5218 958 5289 distinguantur
988 5218 1057 5287 pii
1098 5216 1304 5281 ﬁdeles,
1335 5217 1491 5271 etiam
1532 5215 1633 5271 hoc
1685 5225 1823 5270 tem-

228 5331 385 5388 pore,
414 5315 561 5367 cives
585 5311 882 5368 Jerusalem
913 5326 941 5364 a
969 5309 1176 5365 civibus
1189 5309 1511 5380 Babyloniae.
1542 5307 1825 5363 Duasistas

225 5408 483 5465 civitates
512 5400 712 5458 facitmt
732 5402 840 5457 duo
865 5415 1079 5456 amores
1110 5418 1124 5455 :
1150 5399 1442 5454 Jerusalem
1499 5397 1625 5453 facit
1673 5414 1825 5453 amor

229 5500 323 5553 Dei
351 5516 369 5564 ;
403 5495 749 5567 Babyloniam
777 5492 905 5548 facit
933 5506 1085 5547 amor
1129 5491 1332 5546 steculi.
1374 5489 1670 5560 interroget
1698 5505 1826 5561 ergo

224 5606 286 5647 Se
310 5590 544 5661 quisque
571 5585 696 5658 quid
725 5594 886 5649 amet,
911 5593 966 5641 et
998 5584 1232 5640 inveniet
1248 5581 1391 5638 unde
1409 5583 1479 5638 sit
1501 5582 1633 5637 civis
1662 5600 1675 5635 :
1697 5592 1751 5637 et
1779 5581 1825 5636 si

225 5698 286 5739 se
312 5680 590 5738 invenerit
608 5681 777 5734 civem
805 5675 1132 5749 Babylonius,
1162 5675 1421 5744 exstirpet
1447 5674 1787 5744 cupiditatem
1804 5717 1821 5744 ,

225 5776 443 5847 plantet
461 5771 812 5837 charitatem;
837 5770 883 5825 si
904 5778 1082 5824 autem
1113 5783 1169 5823 se
1182 5766 1444 5822 invenerit
1466 5766 1634 5820 civem
1663 5764 1822 5822 Jeru-

223 5870 426 5939 salem,
449 5858 666 5923 'toleret
713 5864 1097 5935 captivitatem,
1118 5870 1296 5933 speret
1323 5860 1639 5917 libertatem.
1678 5857 1825 5915 Multi

1361 396 1756 455 ENARRATIO
1794 396 1860 455 ΙΝ
1897 399 2217 457 PSALM'UM
2256 399 2438 458 LXIV.

1920 515 2060 571 enim
2085 516 2228 572 cives
2248 525 2445 572 sanctae
2464 517 2647 571 matris
2676 516 2970 574 Jerusalem
2994 520 3367 590 cupiditatibus
3397 504 3527 578 Bal

1916 608 2144 680 bylonite
2167 610 2400 681 corrupti
2418 609 2752 676 tenebantur,
2779 617 2832 664 et
2858 611 2968 680 ipsa
2990 613 3328 685 corruptione
3349 615 3499 684 cupi-

1919 702 2137 758 ditatum
2156 713 2403 775 tanquam
2422 703 2563 759 cives
2586 700 2709 757 inde
2736 702 2856 758 facti
2878 715 3059 769 erant;
3084 714 3134 759 et
3156 706 3306 759 multi
3326 705 3500 760 adhuc

1920 795 1990 849 ita
2008 803 2149 861 sunt,
2172 796 2386 859 etmulti
2410 803 2528 865 post
2550 809 2647 850 nos
2676 795 2726 848 in
2744 793 2845 848 hac
2866 803 3006 849 terra
3029 794 3187 849 futuri
3210 797 3280 851 ita
3300 805 3457 852 erunt
3482 815 3498 855 :

1919 885 2013 940 sed
2031 886 2178 940 novit
2191 884 2466 953 Dominus,
2488 885 2732 940 conditor
2746 883 3061 953 Jerusalem,
3080 900 3213 955 quos
3232 886 3375 941 cives
3388 885 3503 957 ejus

1922 975 2392 1045 praedestinaverit,
2421 990 2556 1048 quos
2576 975 2753 1032 videat
2776 974 2949 1030 adhuc
2977 975 3075 1030 sub
3094 975 3368 1031 dominatu
3389 975 3502 1031 dia.

1922 1066 2031 1121 buli
2052 1067 2387 1122 redimendos
2404 1068 2660 1137 sanguine
2680 1066 2894 1133 Christi,
2914 1067 3062 1121 novit
3083 1066 3203 1121 illos
3221 1067 3335 1137 ipse
3350 1076 3503 1122 ante-

1922 1175 2082 1232 quam
2111 1174 2168 1215 se
2200 1161 2298 1230 ipsi
2329 1162 2595 1216 noverint.
2621 1158 2733 1215 Sub
2761 1159 2860 1214 hac
2902 1174 3027 1231 ergo
3063 1157 3233 1231 ﬁgura
3256 1168 3501 1215 cantatur

1923 1251 2010 1306 hic
2036 1251 2292 1321 psalmus.
2329 1250 2385 1305 In
2428 1251 2578 1321 cujus
2625 1250 2775 1305 titulo
2822 1251 2979 1321 positi
3026 1260 3149 1306 sunt
3189 1250 3353 1306 etiam
3398 1250 3504 1306 duo

1924 1342 2216 1414 prophetae,
2245 1343 2334 1415 qui
2366 1343 2454 1397 illo
2486 1352 2722 1413 tempore
2757 1341 2809 1397 in
2831 1342 3134 1414 captivitate
3159 1340 3393 1409 fuerunt,
3412 1340 3503 1397 Je-

1924 1436 2118 1491 remias
2146 1444 2199 1491 et
2248 1434 2509 1501 Ezechiel,
2537 1443 2590 1490 et
2615 1434 2900 1490 cantabant
2924 1434 3188 1505 qumdam,
3219 1450 3336 1488 cum
3366 1433 3497 1487 inci-

1926 1537 2097 1596 perent
2116 1528 2271 1582 exire.
2307 1526 2490 1597 Incipit
2527 1528 2673 1584 exire
2717 1528 2805 1598 qui
2848 1527 3031 1597 incipit
3058 1541 3258 1582 amare.
3293 1525 3507 1581 Exeunt

1925 1621 2064 1676 enim
2091 1620 2241 1677 multi
2269 1620 2511 1683 latenter,
2537 1630 2587 1675 et
2614 1620 2925 1675 exeuntium
2975 1619 3139 1690 pedes
3183 1628 3306 1674 sunt
3329 1618 3507 1675 cordis

1926 1711 2147 1767 affectus
2182 1729 2194 1764 :
2226 1720 2423 1767 exeunt
2450 1721 2626 1769 autem
2678 1711 2743 1767 de
2772 1711 3083 1783 Babylonia.
3131 1710 3270 1779 Quid
3313 1720 3394 1767 est
3440 1710 3507 1766 de

1924 1803 2215 1875 Babylonia
2240 1803 2263 1856 ‘t
2294 1803 2368 1858 De
2386 1801 2716 1857 confusione.
2741 1801 3018 1868 Quomodo
3046 1801 3223 1857 exitur
3245 1801 3311 1856 de
3336 1799 3507 1871 Baby-

1926 1895 2069 1962 lone,
2103 1895 2154 1949 id
2180 1904 2261 1955 est
2295 1894 2363 1950 de
2383 1893 2737 1949 confusione?
2762 1893 2861 1960 Qui
2906 1895 3075 1963 primo
3110 1892 3319 1948 confusi
3357 1900 3509 1947 erant

1926 1986 2188 2041 similibus
2216 1985 2610 2056 cupiditatibus,
2641 1985 2900 2055 incipiunt
2924 1984 3183 2039 charitate
3210 1982 3460 2054 distingui
3489 1999 3505 2049 ;

1923 2078 2031 2148 jam
2057 2077 2312 2144 distincti,
2338 2091 2440 2133 non
2479 2083 2605 2132 sunt
2647 2076 2875 2132 confusi.
2906 2075 3017 2130 Etsi
3067 2073 3242 2129 adhuc
3285 2086 3509 2143 corpore

1926 2170 2173 2240 permixti
2201 2179 2346 2237 sunt,
2373 2167 2637 2224 desiderio
2667 2176 2841 2222 tamen
2874 2173 3060 2221 sancto
3102 2164 3508 2229 discernuntur;

1927 2269 1981 2316 et
2019 2268 2234 2331 propter
2269 2259 2675 2330 permixtionem
2729 2257 3058 2327 corporalem
3103 2255 3340 2311 nondum
3368 2256 3512 2310 exic-

1927 2361 2079 2413 runt;
2111 2360 2327 2422 propter
2354 2348 2602 2406 aﬁ‘ectum
2630 2348 2808 2405 cordis
2854 2350 3000 2404 exire
3047 2356 3345 2419 coeperunt.
3393 2346 3512 2402 Jam

1927 2459 2056 2515 ergo
2103 2444 2399 2512 audiamus,
2428 2443 2652 2509 fratres;
2692 2442 3002 2507 audiamus,
3031 2452 3084 2496 et
3130 2450 3426 2505 cantemus,
3460 2449 3513 2497 et

1926 2536 2292 2592 desideremus
2321 2535 2461 2590 unde
2487 2535 2634 2589 cives
2662 2547 2865 2588 sumus.
2898 2532 2963 2587 Et
3004 2547 3121 2604 qua:
3154 2532 3344 2603 gaudia
3390 2547 3514 2587 cau-

1929 2638 2104 2683 tantur
2129 2626 2325 2683 nobis?
2359 2625 2637 2695 Quomodo
2681 2626 2734 2679 in
2787 2623 2940 2679 nobis
2983 2623 3309 2678 reformatur
3353 2638 3506 2677 amor

1926 2719 2154 2775 civitatis
2182 2727 2399 2783 nosti-te,
2422 2731 2579 2788 quam
2608 2715 2857 2771 diuturna
2905 2714 3331 2785 peregrinatione
3358 2713 3508 2769 obliti

1928 2808 2233 2866 fueramus?
2261 2808 2367 2865 Sed
2393 2809 2535 2863 misit
2562 2807 2683 2863 inde
2708 2806 2773 2861 ad
2803 2821 2899 2861 nos
2927 2806 3182 2877 epistolas
3229 2805 3387 2861 Pater
3417 2820 3511 2861 no-

1925 2911 2054 2966 ster,
2087 2901 2404 2956 ministravit
2429 2898 2583 2955 nobis
2631 2898 2931 2968 Scripturas
2972 2898 3111 2952 Deus
3139 2940 3153 2965 ,
3178 2896 3371 2968 quibus
3396 2897 3513 2967 epi-

1925 2993 2077 3049 stolis
2107 2993 2256 3048 fieret
2284 2992 2335 3047 in
2363 2991 2516 3047 nobis
2542 2988 3138 3047 redeundidesiderium
3164 3007 3178 3056 ;
3220 2989 3340 3060 quia
3387 3004 3511 3059 per-

1924 3089 2307 3161 egrinationem
2328 3095 2561 3142 nostram
2588 3083 2878 3157 diligendo,
2906 3083 2974 3139 ad
2998 3084 3177 3139 hostes
3208 3083 3394 3139 faciem
3422 3098 3513 3153 po-

1924 3196 2224 3248 sueramus,
2246 3189 2300 3237 et
2318 3180 2537 3237 dorsum
2564 3179 2631 3235 ad
2664 3179 2910 3249 patriam.
2942 3177 3080 3248 Quid
3113 3193 3241 3250 ergo
3276 3177 3363 3234 hic
3388 3193 3514 3235 can-

1924 3284 2067 3332 tatur
2079 3274 2105 3328 i

1994 3371 2047 3425 5.
2073 3367 2223 3443 [verm
2245 3365 2328 3441 2.]
2353 3363 2429 3421 Te
2452 3365 2591 3421 decet
2616 3366 2855 3436 hymnus,
2889 3362 3053 3432 Deus,
3075 3364 3128 3417 in
3160 3362 3306 3418 Sion.
3337 3362 3513 3418 Patria

1924 3461 2013 3516 illa
2042 3469 2125 3515 est
2154 3459 2281 3515 Sion
2318 3476 2332 3512 :
2362 3460 2476 3529 ipsa
2506 3466 2589 3513 est
2615 3455 2910 3512 Jerusalem
2956 3471 3075 3526 qua:
3098 3454 3223 3511 Sion
3245 3472 3259 3520 ;
3282 3464 3338 3511 et
3360 3455 3515 3525 hujus

1924 3552 2155 3606 nominis
2202 3549 2695 3619 interpretationem
2728 3562 2884 3603 nosse
2911 3546 3138 3602 debetis.
3169 3546 3319 3602 Sicut
3358 3545 3515 3600 Jeru-

1923 3641 2088 3697 salem
2116 3640 2501 3711 interpretatur
2524 3637 2674 3693 Visio
2702 3637 2846 3708 pacis
2866 3678 2882 3704 ,
2934 3636 3008 3691 ita
3033 3634 3161 3692 Sion
3189 3635 3512 3706 Speculatin,

1930 3734 1981 3789 id
2010 3743 2094 3789 est
2119 3734 2253 3788 visio
2276 3744 2328 3788 et
2358 3730 2756 3802 contemplatio.
2793 3729 2987 3786 Nescio
3025 3730 3166 3801 quod
3210 3729 3363 3786 nobis
3396 3745 3511 3785 ma-

1923 3844 2083 3901 gnum
2106 3826 2467 3898 spectaculum
2498 3824 2851 3897 promittitur;
2880 3831 2937 3880 et
2972 3823 3076 3879 hoc
3100 3824 3215 3893 ipse
3252 3822 3390 3878 Deus
3428 3830 3511 3877 est

1924 3921 2016 3992 qui
2057 3918 2296 3975 condidit
2346 3918 2641 3973 civitatem.
2694 3915 2928 3971 Pulchra
2962 3924 3018 3971 et
3066 3913 3261 3969 decora
3303 3912 3513 3981 civitas,

1925 4026 2082 4083 quam
2131 4012 2489 4083 pulchriorem
2548 4010 2707 4064 habet
2737 4008 3104 4064 conditorem!
3137 4004 3209 4061 Te
3254 4006 3393 4061 decet
3419 4007 3517 4076 hg-

1925 4119 2094 4169 mnus,
2128 4101 2264 4156 Deus
2286 4144 2301 4168 ,
2325 4101 2511 4172 inquit.
2540 4099 2647 4155 Sed
2678 4099 2809 4155 ubi?
2837 4097 2904 4152 In
2943 4097 3071 4153 Sion
3099 4113 3116 4151 :
3146 4097 3198 4151 in
3246 4096 3517 4168 Babylone

1926 4211 2031 4249 non
2080 4195 2254 4249 decet.
2310 4192 2519 4247 Etenim
2562 4192 2786 4261 quisque
2823 4206 2943 4245 cum
2994 4189 3215 4258 coeperit
3250 4189 3511 4257 innovari,

1921 4288 2030 4358 jam
2048 4286 2210 4341 corde
2229 4285 2279 4340 in
2297 4284 2591 4340 Jerusalem
2608 4291 2805 4347 cantat,
2831 4282 3042 4336 dicente
3064 4280 3321 4349 Apostolo
3346 4297 3357 4332 :
3382 4277 3517 4335 Con-

1926 4378 2137 4431 versatio
2160 4384 2332 4431 nostra
2371 4376 2424 4428 in
2450 4374 2588 4428 cretis
2616 4382 2688 4427 est
2708 4370 2967 4443 (Philipp.
2998 4386 3074 4436 Ill,
3100 4369 3215 4440 20).
3264 4368 3331 4422 In
3359 4385 3512 4424 carne

1928 4471 2060 4525 enim
2081 4469 2413 4532 ambulantes,
2446 4466 2635 4537 inquit,
2659 4480 2757 4519 nou
2786 4454 3061 4518 secundum
3100 4476 3303 4515 carnem
3323 4460 3509 4514 milita-
3545 4456 3570 4542 ξ

1927 4579 2039 4616 mus
2070 4561 2136 4636 (ll
2160 4562 2277 4618 Cor.
2303 4578 2358 4631 x,
2386 4559 2463 4633 ὅ).
2493 4558 2607 4615 Jam
2636 4557 2899 4615 desiderio
2925 4556 2994 4611 ibi
3018 4569 3219 4623 sumus,
3234 4554 3344 4625 jam
3361 4567 3515 4625 spem

1928 4658 1980 4713 in
2006 4656 2147 4711 illam
2172 4665 2394 4723 terram,
2418 4654 2568 4723 quasi
2607 4650 2899 4707 anchoram
2947 4647 3299 4718 prtemisimus
3320 4688 3336 4714 ,
3365 4661 3434 4703 ne
3462 4646 3518 4703 in

1930 4750 2031 4805 isto
2073 4748 2208 4803 mari
2229 4746 2422 4803 turbati
2446 4743 2838 4815 naufragemus.
2885 4738 3345 4808 Quemadmodum
3389 4753 3520 4809 ergo

1929 4842 1995 4897 de
2039 4841 2158 4895 navi
2188 4854 2307 4911 qua:
2352 4838 2405 4893 in
2432 4837 2681 4893 anchoris
2733 4844 2849 4899 est,
2910 4843 3056 4889 recte
3099 4831 3327 4888 dicimus
3373 4831 3515 4903 quod
3537 4886 3544 4918 ί

1925 4932 2033 5003 jam
2064 4933 2115 4987 in
2142 4940 2280 4987 terra
2313 4931 2418 4997 sit;
2465 4928 2641 4985 adhuc
2677 4926 2817 4982 enim
2864 4924 3105 4993 ﬂuctuat,
3138 4923 3232 4980 sed
3273 4924 3325 4980 in
3376 4933 3516 4978 terra

1929 5026 2319 5098 quodammodo
2366 5022 2554 5079 educta
2605 5028 2688 5077 est
2733 5027 2918 5075 contra
2971 5028 3196 5084 ventos,
3228 5024 3283 5072 et
3327 5003 3513 5071 contra

1932 5126 2277 5189 tempestates
2312 5133 2325 5169 :
2358 5117 2435 5171 sic
2463 5122 2647 5169 contra
2675 5111 2996 5167 tentationes
3024 5109 3179 5180 hujus
3207 5105 3519 5179 peregrina-

1931 5213 2089 5268 tionis
2116 5220 2330 5274 nostrae,
2360 5223 2483 5279 spes
2505 5215 2686 5261 nostra
2711 5203 2924 5260 fundata
2949 5205 3000 5258 in
3020 5203 3107 5258 illa
3125 5201 3339 5257 civitate
3354 5197 3514 5255 λετυ-

1932 5305 2095 5359 salem
2121 5301 2243 5357 facit
2264 5314 2362 5355 nos
2385 5313 2490 5354 non
2509 5298 2680 5368 abripi
2704 5298 2753 5351 in
2778 5312 2923 5351 saxa.
2950 5293 3051 5363 Qui
3073 5306 3199 5362 ergo
3221 5286 3511 5346 secundum

1934 5396 2069 5449 hanc
2111 5404 2261 5463 spem
2307 5400 2505 5460 cantat,
2538 5390 2611 5446 ibi
2658 5398 2837 5445 cantat
2869 5401 3033 5457 :ergo
3084 5383 3249 5450 dicat,
3280 5378 3350 5436 Te
3374 5380 3518 5435 decet

1932 5488 2168 5557 hymnus,
2194 5484 2348 5551 Deus,
2382 5484 2433 5537 in
2464 5482 2611 5539 Sion.
2661 5479 2729 5535 In
2778 5480 2925 5544 Sion,
2966 5490 3073 5531 non
3111 5474 3163 5529 in
3218 5470 3512 5544 Babylone.

1930 5578 2035 5635 Sed
2065 5578 2224 5633 modo
2251 5575 2320 5632 ibi
2343 5591 2403 5632 es
2422 5574 2597 5631 adhuc
2622 5574 2676 5628 in
2707 5568 3010 5641 Babylone?
3039 5565 3136 5632 lbi,
3162 5563 3351 5634 inquit,
3369 5576 3515 5628 sum;

1931 5680 2138 5727 amator
2158 5671 2279 5738 iste,
2311 5679 2366 5725 et
2401 5668 2533 5723 civis
2572 5668 2671 5722 iste
2701 5663 2805 5720 :ibi
2851 5675 3004 5727 sum;
3030 5700 3035 5703 -
3057 5657 3149 5714 sed
3176 5669 3339 5713 carne
3359 5696 3375 5723 ,
3407 5668 3518 5710 non

1935 5762 2113 5820 corde.
2156 5760 2289 5818 Cum
2315 5770 2494 5818 autem
2548 5758 2654 5816 duo
2697 5753 2940 5827 quredam
2984 5750 3231 5818 dixerim,
3261 5747 3386 5821 quia
3437 5746 3521 5805 ibi
3575 5750 3597 5818 ,⁸

1935 5871 2051 5914 sum
2073 5870 2254 5923 carne,
2272 5869 2378 5910 non
2401 5852 2592 5917 corde;
2624 5846 2768 5904 unde
2787 5852 2965 5912 canto,
2991 5859 3097 5899 non
3127 5842 3199 5899 ibi
3216 5860 3228 5897 :
3245 5838 3517 5897 non-enim

2568 6018 2651 6031 των(
