  <div class='ocr_page' id='page_1' title='image "/cluster/home/n/w/nwhite01/storage/ocr_20150623/36/hvd.32044015471469/393.png"; bbox 0 0 4038 6510; ppageno 0'>
   <div class='ocr_carea' id='block_1_1' title="bbox 470 407 577 464">
    <p class='ocr_par' dir='ltr' id='par_1_1' title="bbox 470 407 577 464">
     <span class='ocr_line' id='line_1_1' title="bbox 470 407 577 464; baseline 0 0"><span class='ocrx_word' id='word_1_1' title='bbox 470 407 577 464; x_wconf 72' lang='grc'><strong>’175</strong></span> 
     </span>
    </p>
   </div>
   <div class='ocr_carea' id='block_1_2' title="bbox 392 502 2052 584">
    <p class='ocr_par' dir='ltr' id='par_1_2' title="bbox 392 502 2052 584">
     <span class='ocr_line' id='line_1_2' title="bbox 392 502 2052 584; baseline -0.013 -7"><span class='ocrx_word' id='word_1_2' title='bbox 392 581 395 584; x_wconf 55' lang='grc'>,</span> <span class='ocrx_word' id='word_1_3' title='bbox 469 531 634 576; x_wconf 81' lang='lat' dir='ltr'><strong>carne</strong></span> <span class='ocrx_word' id='word_1_4' title='bbox 657 520 852 579; x_wconf 85' lang='lat' dir='ltr'><strong>canto,</strong></span> <span class='ocrx_word' id='word_1_5' title='bbox 880 509 975 568; x_wconf 87' lang='lat' dir='ltr'><strong>sed</strong></span> <span class='ocrx_word' id='word_1_6' title='bbox 999 508 1184 566; x_wconf 86' lang='lat' dir='ltr'><strong>corde.</strong></span> <span class='ocrx_word' id='word_1_7' title='bbox 1226 507 1456 564; x_wconf 80' lang='lat' dir='ltr'><strong>Carnem</strong></span> <span class='ocrx_word' id='word_1_8' title='bbox 1511 502 1724 576; x_wconf 87' lang='lat' dir='ltr'><strong>quidem</strong></span> <span class='ocrx_word' id='word_1_9' title='bbox 1774 510 2052 558; x_wconf 76' lang='lat' dir='ltr'><strong>sonantem</strong></span> 
     </span>
    </p>
   </div>
   <div class='ocr_carea' id='block_1_3' title="bbox 473 599 2058 674">
    <p class='ocr_par' dir='ltr' id='par_1_3' title="bbox 473 599 2058 674">
     <span class='ocr_line' id='line_1_3' title="bbox 473 599 2058 674; baseline -0.013 -7"><span class='ocrx_word' id='word_1_10' title='bbox 473 610 696 666; x_wconf 91' lang='lat' dir='ltr'><strong>audiunt</strong></span> <span class='ocrx_word' id='word_1_11' title='bbox 719 617 774 665; x_wconf 89' lang='lat' dir='ltr'><strong>et</strong></span> <span class='ocrx_word' id='word_1_12' title='bbox 797 606 945 664; x_wconf 85' lang='lat' dir='ltr'><strong>cives</strong></span> <span class='ocrx_word' id='word_1_13' title='bbox 972 602 1315 674; x_wconf 65' lang='lat' dir='ltr'><strong>Babyloniae;</strong></span> <span class='ocrx_word' id='word_1_14' title='bbox 1341 599 1518 656; x_wconf 84' lang='lat' dir='ltr'><strong>cordis</strong></span> <span class='ocrx_word' id='word_1_15' title='bbox 1543 607 1719 652; x_wconf 90' lang='lat' dir='ltr'><strong>autem</strong></span> <span class='ocrx_word' id='word_1_16' title='bbox 1747 610 1936 651; x_wconf 90' lang='lat' dir='ltr'><strong>sonum</strong></span> <span class='ocrx_word' id='word_1_17' title='bbox 1963 609 2058 649; x_wconf 85' lang='lat' dir='ltr'><strong>au-</strong></span> 
     </span>
    </p>
   </div>
   <div class='ocr_carea' id='block_1_4' title="bbox 473 686 2059 759">
    <p class='ocr_par' dir='ltr' id='par_1_4' title="bbox 473 686 2059 759">
     <span class='ocr_line' id='line_1_4' title="bbox 473 686 2059 759; baseline -0.011 -2"><span class='ocrx_word' id='word_1_18' title='bbox 473 703 550 757; x_wconf 90' lang='lat' dir='ltr'><strong>dit</strong></span> <span class='ocrx_word' id='word_1_19' title='bbox 569 699 814 757; x_wconf 88' lang='lat' dir='ltr'><strong>conditor</strong></span> <span class='ocrx_word' id='word_1_20' title='bbox 841 696 1159 754; x_wconf 85' lang='lat' dir='ltr'><strong>Jerusalem.</strong></span> <span class='ocrx_word' id='word_1_21' title='bbox 1189 692 1344 750; x_wconf 85' lang='lat' dir='ltr'><strong>Unde</strong></span> <span class='ocrx_word' id='word_1_22' title='bbox 1370 691 1498 746; x_wconf 91' lang='lat' dir='ltr'><strong>dicit</strong></span> <span class='ocrx_word' id='word_1_23' title='bbox 1530 687 1835 759; x_wconf 73' lang='lat' dir='ltr'><strong>Apostolus,</strong></span> <span class='ocrx_word' id='word_1_24' title='bbox 1865 686 2059 741; x_wconf 87' lang='lat' dir='ltr'><strong>exhor-</strong></span> 
     </span>
    </p>
   </div>
   <div class='ocr_carea' id='block_1_5' title="bbox 475 776 2058 864">
    <p class='ocr_par' dir='ltr' id='par_1_5' title="bbox 475 776 2058 864">
     <span class='ocr_line' id='line_1_5' title="bbox 475 776 2058 864; baseline -0.012 -14"><span class='ocrx_word' id='word_1_25' title='bbox 475 803 593 850; x_wconf 88' lang='lat' dir='ltr'><strong>tans</strong></span> <span class='ocrx_word' id='word_1_26' title='bbox 618 794 763 864; x_wconf 89' lang='lat' dir='ltr'><strong>ipsos</strong></span> <span class='ocrx_word' id='word_1_27' title='bbox 780 791 926 848; x_wconf 85' lang='lat' dir='ltr'><strong>cives</strong></span> <span class='ocrx_word' id='word_1_28' title='bbox 945 789 1010 844; x_wconf 90' lang='lat' dir='ltr'><strong>ad</strong></span> <span class='ocrx_word' id='word_1_29' title='bbox 1036 785 1292 844; x_wconf 88' lang='lat' dir='ltr'><strong>amatoria</strong></span> <span class='ocrx_word' id='word_1_30' title='bbox 1319 782 1561 854; x_wconf 70' lang='lat' dir='ltr'><strong>quaedam</strong></span> <span class='ocrx_word' id='word_1_31' title='bbox 1591 780 1818 844; x_wconf 89' lang='lat' dir='ltr'><strong>cantica,</strong></span> <span class='ocrx_word' id='word_1_32' title='bbox 1839 785 1893 834; x_wconf 88' lang='lat' dir='ltr'><strong>et</strong></span> <span class='ocrx_word' id='word_1_33' title='bbox 1919 776 2058 832; x_wconf 90' lang='lat' dir='ltr'><strong>desi-</strong></span> 
     </span>
    </p>
   </div>
   <div class='ocr_carea' id='block_1_6' title="bbox 474 868 2058 947">
    <p class='ocr_par' dir='ltr' id='par_1_6' title="bbox 474 868 2058 947">
     <span class='ocr_line' id='line_1_6' title="bbox 474 868 2058 947; baseline -0.012 -7"><span class='ocrx_word' id='word_1_34' title='bbox 474 883 624 940; x_wconf 89' lang='lat' dir='ltr'><strong>deria</strong></span> <span class='ocrx_word' id='word_1_35' title='bbox 652 881 909 939; x_wconf 83' lang='lat' dir='ltr'><strong>redeundi</strong></span> <span class='ocrx_word' id='word_1_36' title='bbox 935 880 1002 936; x_wconf 88' lang='lat' dir='ltr'><strong>ad</strong></span> <span class='ocrx_word' id='word_1_37' title='bbox 1029 880 1170 935; x_wconf 83' lang='lat' dir='ltr'><strong>illam</strong></span> <span class='ocrx_word' id='word_1_38' title='bbox 1213 873 1624 947; x_wconf 85' lang='lat' dir='ltr'><strong>pulcherrimam</strong></span> <span class='ocrx_word' id='word_1_39' title='bbox 1653 871 1940 935; x_wconf 87' lang='lat' dir='ltr'><strong>civitatem,</strong></span> <span class='ocrx_word' id='word_1_40' title='bbox 1974 868 2058 923; x_wconf 82' lang='lat' dir='ltr'><strong>vi-</strong></span> 
     </span>
    </p>
   </div>
   <div class='ocr_carea' id='block_1_7' title="bbox 474 962 2060 1045">
    <p class='ocr_par' dir='ltr' id='par_1_7' title="bbox 474 962 2060 1045">
     <span class='ocr_line' id='line_1_7' title="bbox 474 962 2060 1045; baseline -0.009 -15"><span class='ocrx_word' id='word_1_41' title='bbox 474 975 680 1031; x_wconf 88' lang='lat' dir='ltr'><strong>sionem</strong></span> <span class='ocrx_word' id='word_1_42' title='bbox 728 975 874 1045; x_wconf 87' lang='lat' dir='ltr'><strong>pacis</strong></span> <span class='ocrx_word' id='word_1_43' title='bbox 927 991 940 1028; x_wconf 92' lang='lat'><strong>:</strong></span> <span class='ocrx_word' id='word_1_44' title='bbox 986 971 1289 1036; x_wconf 74' lang='lat' dir='ltr'><strong>Cantantes,</strong></span> <span class='ocrx_word' id='word_1_45' title='bbox 1327 967 1538 1038; x_wconf 87' lang='lat' dir='ltr'><strong>inquit,</strong></span> <span class='ocrx_word' id='word_1_46' title='bbox 1584 975 1632 1019; x_wconf 91' lang='lat' dir='ltr'><strong>et</strong></span> <span class='ocrx_word' id='word_1_47' title='bbox 1691 964 1961 1036; x_wconf 74' lang='lat' dir='ltr'><strong>psallentes</strong></span> <span class='ocrx_word' id='word_1_48' title='bbox 2005 962 2060 1016; x_wconf 85' lang='lat' dir='ltr'><strong>in</strong></span> 
     </span>
    </p>
   </div>
   <div class='ocr_carea' id='block_1_8' title="bbox 476 1057 2059 1135">
    <p class='ocr_par' dir='ltr' id='par_1_8' title="bbox 476 1057 2059 1135">
     <span class='ocr_line' id='line_1_8' title="bbox 476 1057 2059 1135; baseline -0.008 -12"><span class='ocrx_word' id='word_1_49' title='bbox 476 1068 710 1123; x_wconf 84' lang='lat' dir='ltr'><strong>cordibus</strong></span> <span class='ocrx_word' id='word_1_50' title='bbox 735 1066 910 1122; x_wconf 82' lang='lat' dir='ltr'><strong>vestris</strong></span> <span class='ocrx_word' id='word_1_51' title='bbox 937 1065 1156 1120; x_wconf 89' lang='lat' dir='ltr'><strong>Domino</strong></span> <span class='ocrx_word' id='word_1_52' title='bbox 1179 1062 1396 1135; x_wconf 85' lang='lat' dir='ltr'><strong>(Ephes.</strong></span> <span class='ocrx_word' id='word_1_53' title='bbox 1425 1077 1479 1129; x_wconf 91' lang='lat' dir='ltr'><strong>v,</strong></span> <span class='ocrx_word' id='word_1_54' title='bbox 1503 1058 1616 1130; x_wconf 74' lang='lat' dir='ltr'><strong>i9).</strong></span> <span class='ocrx_word' id='word_1_55' title='bbox 1643 1057 1779 1128; x_wconf 83' lang='lat' dir='ltr'><strong>Quid</strong></span> <span class='ocrx_word' id='word_1_56' title='bbox 1805 1067 1908 1125; x_wconf 90' lang='lat' dir='ltr'><strong>est,</strong></span> <span class='ocrx_word' id='word_1_57' title='bbox 1933 1073 2059 1111; x_wconf 86' lang='lat' dir='ltr'><strong>can-</strong></span> 
     </span>
    </p>
   </div>
   <div class='ocr_carea' id='block_1_9' title="bbox 482 1147 2064 1217">
    <p class='ocr_par' dir='ltr' id='par_1_9' title="bbox 482 1147 2064 1217">
     <span class='ocr_line' id='line_1_9' title="bbox 482 1147 2064 1217; baseline -0.01 -1"><span class='ocrx_word' id='word_1_58' title='bbox 482 1172 645 1217; x_wconf 84' lang='lat' dir='ltr'><strong>tantes</strong></span> <span class='ocrx_word' id='word_1_59' title='bbox 675 1162 728 1215; x_wconf 90' lang='lat' dir='ltr'><strong>in</strong></span> <span class='ocrx_word' id='word_1_60' title='bbox 755 1159 988 1214; x_wconf 76' lang='lat' dir='ltr'><strong>cordibus</strong></span> <span class='ocrx_word' id='word_1_61' title='bbox 1016 1156 1226 1212; x_wconf 77' lang='lat' dir='ltr'><strong>uestris?</strong></span> <span class='ocrx_word' id='word_1_62' title='bbox 1249 1154 1326 1208; x_wconf 91' lang='lat' dir='ltr'><strong>Ne</strong></span> <span class='ocrx_word' id='word_1_63' title='bbox 1348 1151 1470 1208; x_wconf 90' lang='lat' dir='ltr'><strong>inde</strong></span> <span class='ocrx_word' id='word_1_64' title='bbox 1497 1150 1743 1217; x_wconf 88' lang='lat' dir='ltr'><strong>cautetis,</strong></span> <span class='ocrx_word' id='word_1_65' title='bbox 1775 1148 1916 1204; x_wconf 88' lang='lat' dir='ltr'><strong>unde</strong></span> <span class='ocrx_word' id='word_1_66' title='bbox 1932 1147 2064 1203; x_wconf 91' lang='lat' dir='ltr'><strong>estis</strong></span> 
     </span>
    </p>
   </div>
   <div class='ocr_carea' id='block_1_10' title="bbox 475 1239 2063 1324">
    <p class='ocr_par' dir='ltr' id='par_1_10' title="bbox 475 1239 2063 1324">
     <span class='ocr_line' id='line_1_10' title="bbox 475 1239 2063 1324; baseline -0.011 -16"><span class='ocrx_word' id='word_1_67' title='bbox 475 1253 528 1308; x_wconf 88' lang='lat' dir='ltr'><strong>in</strong></span> <span class='ocrx_word' id='word_1_68' title='bbox 551 1252 878 1324; x_wconf 85' lang='lat' dir='ltr'><strong>Babylonia;</strong></span> <span class='ocrx_word' id='word_1_69' title='bbox 908 1247 1003 1304; x_wconf 91' lang='lat' dir='ltr'><strong>sed</strong></span> <span class='ocrx_word' id='word_1_70' title='bbox 1027 1247 1150 1302; x_wconf 89' lang='lat' dir='ltr'><strong>inde</strong></span> <span class='ocrx_word' id='word_1_71' title='bbox 1178 1253 1412 1310; x_wconf 86' lang='lat' dir='ltr'><strong>cantate,</strong></span> <span class='ocrx_word' id='word_1_72' title='bbox 1437 1242 1577 1299; x_wconf 91' lang='lat' dir='ltr'><strong>unde</strong></span> <span class='ocrx_word' id='word_1_73' title='bbox 1618 1256 1828 1296; x_wconf 88' lang='lat' dir='ltr'><strong>sursum</strong></span> <span class='ocrx_word' id='word_1_74' title='bbox 1856 1239 2063 1294; x_wconf 87' lang='lat' dir='ltr'><strong>habita-</strong></span> 
     </span>
    </p>
   </div>
   <div class='ocr_carea' id='block_1_11' title="bbox 476 1331 2062 1414">
    <p class='ocr_par' dir='ltr' id='par_1_11' title="bbox 476 1331 2062 1414">
     <span class='ocr_line' id='line_1_11' title="bbox 476 1331 2062 1414; baseline -0.009 -15"><span class='ocrx_word' id='word_1_75' title='bbox 476 1346 565 1400; x_wconf 86' lang='lat' dir='ltr'><strong>tis.</strong></span> <span class='ocrx_word' id='word_1_76' title='bbox 597 1345 757 1414; x_wconf 88' lang='lat' dir='ltr'><strong>Ergo,</strong></span> <span class='ocrx_word' id='word_1_77' title='bbox 785 1340 858 1396; x_wconf 90' lang='lat' dir='ltr'><strong>Te</strong></span> <span class='ocrx_word' id='word_1_78' title='bbox 877 1341 1014 1394; x_wconf 84' lang='lat' dir='ltr'><strong>decet</strong></span> <span class='ocrx_word' id='word_1_79' title='bbox 1045 1339 1282 1410; x_wconf 89' lang='lat' dir='ltr'><strong>hymnus,</strong></span> <span class='ocrx_word' id='word_1_80' title='bbox 1317 1336 1475 1402; x_wconf 88' lang='lat' dir='ltr'><strong>Deus,</strong></span> <span class='ocrx_word' id='word_1_81' title='bbox 1499 1336 1554 1389; x_wconf 89' lang='lat' dir='ltr'><strong>in</strong></span> <span class='ocrx_word' id='word_1_82' title='bbox 1577 1333 1725 1389; x_wconf 88' lang='lat' dir='ltr'><strong>Sion.</strong></span> <span class='ocrx_word' id='word_1_83' title='bbox 1759 1331 1817 1387; x_wconf 91' lang='lat' dir='ltr'><strong>ln</strong></span> <span class='ocrx_word' id='word_1_84' title='bbox 1859 1331 1986 1388; x_wconf 88' lang='lat' dir='ltr'><strong>Sion</strong></span> <span class='ocrx_word' id='word_1_85' title='bbox 2012 1339 2062 1385; x_wconf 93' lang='lat' dir='ltr'><strong>te</strong></span> 
     </span>
    </p>
   </div>
   <div class='ocr_carea' id='block_1_12' title="bbox 475 1425 2060 1507">
    <p class='ocr_par' dir='ltr' id='par_1_12' title="bbox 475 1425 2060 1507">
     <span class='ocr_line' id='line_1_12' title="bbox 475 1425 2060 1507; baseline -0.009 -14"><span class='ocrx_word' id='word_1_86' title='bbox 475 1437 630 1493; x_wconf 90' lang='lat' dir='ltr'><strong>decet</strong></span> <span class='ocrx_word' id='word_1_87' title='bbox 651 1437 900 1507; x_wconf 86' lang='lat' dir='ltr'><strong>hymnus,</strong></span> <span class='ocrx_word' id='word_1_88' title='bbox 932 1449 1038 1488; x_wconf 90' lang='lat' dir='ltr'><strong>non</strong></span> <span class='ocrx_word' id='word_1_89' title='bbox 1066 1433 1116 1487; x_wconf 94' lang='lat' dir='ltr'><strong>in</strong></span> <span class='ocrx_word' id='word_1_90' title='bbox 1147 1431 1458 1503; x_wconf 80' lang='lat' dir='ltr'><strong>Babylonia.</strong></span> <span class='ocrx_word' id='word_1_91' title='bbox 1482 1427 1584 1495; x_wconf 85' lang='lat' dir='ltr'><strong>Qui</strong></span> <span class='ocrx_word' id='word_1_92' title='bbox 1613 1435 1830 1483; x_wconf 83' lang='lat' dir='ltr'><strong>cantant</strong></span> <span class='ocrx_word' id='word_1_93' title='bbox 1879 1426 1930 1480; x_wconf 91' lang='lat' dir='ltr'><strong>iu</strong></span> <span class='ocrx_word' id='word_1_94' title='bbox 1955 1425 2060 1479; x_wconf 89' lang='lat' dir='ltr'><strong>Ba-</strong></span> 
     </span>
    </p>
   </div>
   <div class='ocr_carea' id='block_1_13' title="bbox 476 1515 2062 1597">
    <p class='ocr_par' dir='ltr' id='par_1_13' title="bbox 476 1515 2062 1597">
     <span class='ocr_line' id='line_1_13' title="bbox 476 1515 2062 1597; baseline -0.009 -15"><span class='ocrx_word' id='word_1_95' title='bbox 476 1525 712 1597; x_wconf 84' lang='lat' dir='ltr'><strong>bylonia,</strong></span> <span class='ocrx_word' id='word_1_96' title='bbox 748 1525 893 1580; x_wconf 86' lang='lat' dir='ltr'><strong>cives</strong></span> <span class='ocrx_word' id='word_1_97' title='bbox 941 1522 1280 1593; x_wconf 75' lang='lat' dir='ltr'><strong>Babylonizn,</strong></span> <span class='ocrx_word' id='word_1_98' title='bbox 1309 1521 1469 1575; x_wconf 89' lang='lat' dir='ltr'><strong>etiam</strong></span> <span class='ocrx_word' id='word_1_99' title='bbox 1509 1518 1767 1590; x_wconf 84' lang='lat' dir='ltr'><strong>hymnum</strong></span> <span class='ocrx_word' id='word_1_100' title='bbox 1817 1515 1912 1570; x_wconf 93' lang='lat' dir='ltr'><strong>Dei</strong></span> <span class='ocrx_word' id='word_1_101' title='bbox 1955 1531 2062 1570; x_wconf 86' lang='lat' dir='ltr'><strong>non</strong></span> 
     </span>
    </p>
   </div>
   <div class='ocr_carea' id='block_1_14' title="bbox 474 1605 2063 1682">
    <p class='ocr_par' dir='ltr' id='par_1_14' title="bbox 474 1605 2063 1682">
     <span class='ocr_line' id='line_1_14' title="bbox 474 1605 2063 1682; baseline -0.008 -11"><span class='ocrx_word' id='word_1_102' title='bbox 474 1615 727 1672; x_wconf 88' lang='lat' dir='ltr'><strong>decenter</strong></span> <span class='ocrx_word' id='word_1_103' title='bbox 755 1622 990 1670; x_wconf 87' lang='lat' dir='ltr'><strong>cantant.</strong></span> <span class='ocrx_word' id='word_1_104' title='bbox 1021 1613 1167 1682; x_wconf 69' lang='lat' dir='ltr'><strong>{Audi</strong></span> <span class='ocrx_word' id='word_1_105' title='bbox 1220 1626 1404 1666; x_wconf 87' lang='lat' dir='ltr'><strong>vocem</strong></span> <span class='ocrx_word' id='word_1_106' title='bbox 1453 1609 1782 1679; x_wconf 72' lang='lat' dir='ltr'><strong>Scriptum:</strong></span> <span class='ocrx_word' id='word_1_107' title='bbox 1818 1605 1940 1660; x_wconf 88' lang='lat' dir='ltr'><strong>Non</strong></span> <span class='ocrx_word' id='word_1_108' title='bbox 1992 1613 2063 1660; x_wconf 83' lang='lat' dir='ltr'><strong>est</strong></span> 
     </span>
    </p>
   </div>
   <div class='ocr_carea' id='block_1_15' title="bbox 472 1696 2064 1780">
    <p class='ocr_par' dir='ltr' id='par_1_15' title="bbox 472 1696 2064 1780">
     <span class='ocr_line' id='line_1_15' title="bbox 472 1696 2064 1780; baseline -0.009 -16"><span class='ocrx_word' id='word_1_109' title='bbox 472 1709 699 1780; x_wconf 83' lang='lat' dir='ltr'><strong>speciosa</strong></span> <span class='ocrx_word' id='word_1_110' title='bbox 726 1708 838 1762; x_wconf 80' lang='lat' dir='ltr'><strong>laus</strong></span> <span class='ocrx_word' id='word_1_111' title='bbox 859 1707 912 1761; x_wconf 89' lang='lat' dir='ltr'><strong>in</strong></span> <span class='ocrx_word' id='word_1_112' title='bbox 935 1723 1022 1760; x_wconf 90' lang='lat' dir='ltr'><strong>ore</strong></span> <span class='ocrx_word' id='word_1_113' title='bbox 1051 1705 1330 1776; x_wconf 81' lang='lat' dir='ltr'><strong>peccatoris</strong></span> <span class='ocrx_word' id='word_1_114' title='bbox 1370 1701 1559 1775; x_wconf 86' lang='lat' dir='ltr'><strong>(Eccli.</strong></span> <span class='ocrx_word' id='word_1_115' title='bbox 1591 1716 1680 1765; x_wconf 93' lang='lat' dir='ltr'><strong>xv,</strong></span> <span class='ocrx_word' id='word_1_116' title='bbox 1704 1698 1782 1771; x_wconf 89' lang='lat'><strong>9).</strong></span> <span class='ocrx_word' id='word_1_117' title='bbox 1807 1696 1881 1753; x_wconf 89' lang='lat' dir='ltr'><strong>Te</strong></span> <span class='ocrx_word' id='word_1_118' title='bbox 1921 1697 2064 1751; x_wconf 87' lang='lat' dir='ltr'><strong>decet</strong></span> 
     </span>
    </p>
   </div>
   <div class='ocr_carea' id='block_1_16' title="bbox 477 1797 1147 1871">
    <p class='ocr_par' dir='ltr' id='par_1_16' title="bbox 477 1797 1147 1871">
     <span class='ocr_line' id='line_1_16' title="bbox 477 1797 1147 1871; baseline -0.006 -17"><span class='ocrx_word' id='word_1_119' title='bbox 477 1800 716 1871; x_wconf 84' lang='lat' dir='ltr'><strong>hymnus,</strong></span> <span class='ocrx_word' id='word_1_120' title='bbox 741 1798 902 1864; x_wconf 86' lang='lat' dir='ltr'><strong>Deus,</strong></span> <span class='ocrx_word' id='word_1_121' title='bbox 924 1798 978 1852; x_wconf 88' lang='lat' dir='ltr'><strong>in</strong></span> <span class='ocrx_word' id='word_1_122' title='bbox 1000 1797 1147 1853; x_wconf 83' lang='lat' dir='ltr'><strong>Sion.</strong></span> 
     </span>
    </p>
   </div>
   <div class='ocr_carea' id='block_1_17' title="bbox 547 1881 2064 1947">
    <p class='ocr_par' dir='ltr' id='par_1_17' title="bbox 547 1881 2064 1947">
     <span class='ocr_line' id='line_1_17' title="bbox 547 1881 2064 1947; baseline -0.008 0"><span class='ocrx_word' id='word_1_123' title='bbox 547 1893 600 1947; x_wconf 69' lang='grc'><strong>4.</strong></span> <span class='ocrx_word' id='word_1_124' title='bbox 636 1891 702 1946; x_wconf 80' lang='lat' dir='ltr'><strong>Et</strong></span> <span class='ocrx_word' id='word_1_125' title='bbox 729 1891 819 1944; x_wconf 87' lang='lat' dir='ltr'><strong>tibi</strong></span> <span class='ocrx_word' id='word_1_126' title='bbox 840 1891 858 1922; x_wconf 67' lang='grc' dir='ltr'><strong>ι</strong></span> <span class='ocrx_word' id='word_1_127' title='bbox 879 1889 1117 1944; x_wconf 84' lang='lat' dir='ltr'><strong>reddetur</strong></span> <span class='ocrx_word' id='word_1_128' title='bbox 1155 1897 1326 1941; x_wconf 80' lang='lat' dir='ltr'><strong>uotum</strong></span> <span class='ocrx_word' id='word_1_129' title='bbox 1363 1885 1416 1940; x_wconf 90' lang='lat' dir='ltr'><strong>in</strong></span> <span class='ocrx_word' id='word_1_130' title='bbox 1442 1883 1750 1940; x_wconf 85' lang='lat' dir='ltr'><strong>Jerusalem.</strong></span> <span class='ocrx_word' id='word_1_131' title='bbox 1781 1881 1879 1937; x_wconf 70' lang='lat' dir='ltr'><strong>llic</strong></span> <span class='ocrx_word' id='word_1_132' title='bbox 1907 1893 2064 1935; x_wconf 88' lang='lat' dir='ltr'><strong>vove-</strong></span> 
     </span>
    </p>
   </div>
   <div class='ocr_carea' id='block_1_18' title="bbox 477 1972 2069 2049">
    <p class='ocr_par' dir='ltr' id='par_1_18' title="bbox 477 1972 2069 2049">
     <span class='ocr_line' id='line_1_18' title="bbox 477 1972 2069 2049; baseline -0.008 -9"><span class='ocrx_word' id='word_1_133' title='bbox 477 1999 616 2049; x_wconf 88' lang='lat' dir='ltr'><strong>mus,</strong></span> <span class='ocrx_word' id='word_1_134' title='bbox 649 1992 704 2039; x_wconf 88' lang='lat' dir='ltr'><strong>et</strong></span> <span class='ocrx_word' id='word_1_135' title='bbox 728 1984 927 2038; x_wconf 92' lang='lat' dir='ltr'><strong>bonum</strong></span> <span class='ocrx_word' id='word_1_136' title='bbox 957 1989 1040 2037; x_wconf 93' lang='lat' dir='ltr'><strong>est</strong></span> <span class='ocrx_word' id='word_1_137' title='bbox 1070 1988 1128 2035; x_wconf 91' lang='lat' dir='ltr'><strong>ut</strong></span> <span class='ocrx_word' id='word_1_138' title='bbox 1157 1979 1229 2034; x_wconf 89' lang='lat' dir='ltr'><strong>ibi</strong></span> <span class='ocrx_word' id='word_1_139' title='bbox 1255 1977 1562 2034; x_wconf 88' lang='lat' dir='ltr'><strong>reddamus.</strong></span> <span class='ocrx_word' id='word_1_140' title='bbox 1605 1975 1706 2044; x_wconf 92' lang='lat' dir='ltr'><strong>Qui</strong></span> <span class='ocrx_word' id='word_1_141' title='bbox 1753 1981 1932 2029; x_wconf 90' lang='lat' dir='ltr'><strong>autem</strong></span> <span class='ocrx_word' id='word_1_142' title='bbox 1981 1972 2069 2028; x_wconf 89' lang='lat' dir='ltr'><strong>hic</strong></span> 
     </span>
    </p>
   </div>
   <div class='ocr_carea' id='block_1_19' title="bbox 476 2070 2070 2141">
    <p class='ocr_par' dir='ltr' id='par_1_19' title="bbox 476 2070 2070 2141">
     <span class='ocr_line' id='line_1_19' title="bbox 476 2070 2070 2141; baseline -0.008 -9"><span class='ocrx_word' id='word_1_143' title='bbox 476 2085 694 2141; x_wconf 85' lang='lat' dir='ltr'><strong>vovent,</strong></span> <span class='ocrx_word' id='word_1_144' title='bbox 727 2083 781 2130; x_wconf 89' lang='lat' dir='ltr'><strong>et</strong></span> <span class='ocrx_word' id='word_1_145' title='bbox 815 2090 922 2129; x_wconf 94' lang='lat' dir='ltr'><strong>non</strong></span> <span class='ocrx_word' id='word_1_146' title='bbox 952 2070 1224 2128; x_wconf 91' lang='lat' dir='ltr'><strong>reddunt?</strong></span> <span class='ocrx_word' id='word_1_147' title='bbox 1253 2071 1352 2138; x_wconf 92' lang='lat' dir='ltr'><strong>Qui</strong></span> <span class='ocrx_word' id='word_1_148' title='bbox 1381 2085 1485 2124; x_wconf 91' lang='lat' dir='ltr'><strong>non</strong></span> <span class='ocrx_word' id='word_1_149' title='bbox 1513 2074 1860 2138; x_wconf 88' lang='lat' dir='ltr'><strong>perseverant</strong></span> <span class='ocrx_word' id='word_1_150' title='bbox 1901 2078 2070 2135; x_wconf 88' lang='lat' dir='ltr'><strong>usque</strong></span> 
     </span>
    </p>
   </div>
   <div class='ocr_carea' id='block_1_20' title="bbox 479 2157 2071 2235">
    <p class='ocr_par' dir='ltr' id='par_1_20' title="bbox 479 2157 2071 2235">
     <span class='ocr_line' id='line_1_20' title="bbox 479 2157 2071 2235; baseline -0.007 -14"><span class='ocrx_word' id='word_1_151' title='bbox 479 2166 534 2221; x_wconf 88' lang='lat' dir='ltr'><strong>in</strong></span> <span class='ocrx_word' id='word_1_152' title='bbox 566 2167 726 2222; x_wconf 85' lang='lat' dir='ltr'><strong>ﬁnem</strong></span> <span class='ocrx_word' id='word_1_153' title='bbox 752 2166 805 2221; x_wconf 92' lang='lat' dir='ltr'><strong>in</strong></span> <span class='ocrx_word' id='word_1_154' title='bbox 834 2180 900 2221; x_wconf 91' lang='lat' dir='ltr'><strong>eo</strong></span> <span class='ocrx_word' id='word_1_155' title='bbox 926 2164 1068 2235; x_wconf 93' lang='lat' dir='ltr'><strong>quod</strong></span> <span class='ocrx_word' id='word_1_156' title='bbox 1089 2171 1374 2218; x_wconf 90' lang='lat' dir='ltr'><strong>voverunt.</strong></span> <span class='ocrx_word' id='word_1_157' title='bbox 1406 2161 1555 2217; x_wconf 85' lang='lat' dir='ltr'><strong>[lude</strong></span> <span class='ocrx_word' id='word_1_158' title='bbox 1597 2160 1724 2214; x_wconf 93' lang='lat' dir='ltr'><strong>dicit</strong></span> <span class='ocrx_word' id='word_1_159' title='bbox 1767 2159 1903 2213; x_wconf 88' lang='lat' dir='ltr'><strong>alius</strong></span> <span class='ocrx_word' id='word_1_160' title='bbox 1927 2157 2071 2229; x_wconf 88' lang='lat' dir='ltr'><strong>psal-</strong></span> 
     </span>
    </p>
   </div>
   <div class='ocr_carea' id='block_1_21' title="bbox 478 2252 2071 2327">
    <p class='ocr_par' dir='ltr' id='par_1_21' title="bbox 478 2252 2071 2327">
     <span class='ocr_line' id='line_1_21' title="bbox 478 2252 2071 2327; baseline -0.005 -13"><span class='ocrx_word' id='word_1_161' title='bbox 478 2275 620 2327; x_wconf 88' lang='lat' dir='ltr'><strong>mus,</strong></span> <span class='ocrx_word' id='word_1_162' title='bbox 661 2259 862 2326; x_wconf 81' lang='lat' dir='ltr'><strong>Vooete,</strong></span> <span class='ocrx_word' id='word_1_163' title='bbox 887 2269 931 2312; x_wconf 89' lang='lat' dir='ltr'><strong>et</strong></span> <span class='ocrx_word' id='word_1_164' title='bbox 948 2257 1141 2312; x_wconf 86' lang='lat' dir='ltr'><strong>reddite</strong></span> <span class='ocrx_word' id='word_1_165' title='bbox 1166 2255 1380 2311; x_wconf 90' lang='lat' dir='ltr'><strong>Domino</strong></span> <span class='ocrx_word' id='word_1_166' title='bbox 1398 2255 1506 2309; x_wconf 90' lang='lat' dir='ltr'><strong>Deo</strong></span> <span class='ocrx_word' id='word_1_167' title='bbox 1525 2265 1688 2308; x_wconf 83' lang='lat' dir='ltr'><strong>vestro</strong></span> <span class='ocrx_word' id='word_1_168' title='bbox 1710 2252 1882 2324; x_wconf 83' lang='lat' dir='ltr'><strong>(Psal.</strong></span> <span class='ocrx_word' id='word_1_169' title='bbox 1906 2267 2071 2319; x_wconf 84' lang='lat' dir='ltr'><strong>Lxxv,</strong></span> 
     </span>
    </p>
   </div>
   <div class='ocr_carea' id='block_1_22' title="bbox 481 2343 2073 2420">
    <p class='ocr_par' dir='ltr' id='par_1_22' title="bbox 481 2343 2073 2420">
     <span class='ocr_line' id='line_1_22' title="bbox 481 2343 2073 2420; baseline -0.006 -14"><span class='ocrx_word' id='word_1_170' title='bbox 481 2351 594 2420; x_wconf 67' lang='grc' dir='ltr'><strong>η).</strong></span> <span class='ocrx_word' id='word_1_171' title='bbox 629 2349 694 2404; x_wconf 87' lang='lat' dir='ltr'><strong>Et</strong></span> <span class='ocrx_word' id='word_1_172' title='bbox 714 2351 800 2404; x_wconf 86' lang='lat' dir='ltr'><strong>tibi</strong></span> <span class='ocrx_word' id='word_1_173' title='bbox 849 2349 1088 2404; x_wconf 87' lang='lat' dir='ltr'><strong>reddetur</strong></span> <span class='ocrx_word' id='word_1_174' title='bbox 1128 2357 1298 2402; x_wconf 81' lang='lat' dir='ltr'><strong>uotum</strong></span> <span class='ocrx_word' id='word_1_175' title='bbox 1341 2347 1396 2399; x_wconf 89' lang='lat' dir='ltr'><strong>in</strong></span> <span class='ocrx_word' id='word_1_176' title='bbox 1448 2343 1754 2399; x_wconf 79' lang='lat' dir='ltr'><strong>Jerusalem.</strong></span> <span class='ocrx_word' id='word_1_177' title='bbox 1806 2344 1882 2399; x_wconf 90' lang='lat' dir='ltr'><strong>lbi</strong></span> <span class='ocrx_word' id='word_1_178' title='bbox 1927 2343 2073 2399; x_wconf 89' lang='lat' dir='ltr'><strong>enim</strong></span> 
     </span>
    </p>
   </div>
   <div class='ocr_carea' id='block_1_23' title="bbox 482 2435 2072 2510">
    <p class='ocr_par' dir='ltr' id='par_1_23' title="bbox 482 2435 2072 2510">
     <span class='ocr_line' id='line_1_23' title="bbox 482 2435 2072 2510; baseline -0.005 -11"><span class='ocrx_word' id='word_1_179' title='bbox 482 2443 685 2499; x_wconf 87' lang='lat' dir='ltr'><strong>erimus</strong></span> <span class='ocrx_word' id='word_1_180' title='bbox 718 2442 838 2508; x_wconf 92' lang='lat' dir='ltr'><strong>toti,</strong></span> <span class='ocrx_word' id='word_1_181' title='bbox 869 2441 925 2495; x_wconf 86' lang='lat' dir='ltr'><strong>id</strong></span> <span class='ocrx_word' id='word_1_182' title='bbox 955 2449 1038 2496; x_wconf 90' lang='lat' dir='ltr'><strong>est</strong></span> <span class='ocrx_word' id='word_1_183' title='bbox 1059 2439 1249 2510; x_wconf 82' lang='lat' dir='ltr'><strong>integri</strong></span> <span class='ocrx_word' id='word_1_184' title='bbox 1298 2439 1350 2492; x_wconf 93' lang='lat' dir='ltr'><strong>in</strong></span> <span class='ocrx_word' id='word_1_185' title='bbox 1377 2437 1768 2492; x_wconf 89' lang='lat' dir='ltr'><strong>resurrectione</strong></span> <span class='ocrx_word' id='word_1_186' title='bbox 1784 2435 2072 2507; x_wconf 87' lang='lat' dir='ltr'><strong>justorum:</strong></span> 
     </span>
    </p>
   </div>
   <div class='ocr_carea' id='block_1_24' title="bbox 483 2530 2070 2597">
    <p class='ocr_par' dir='ltr' id='par_1_24' title="bbox 483 2530 2070 2597">
     <span class='ocr_line' id='line_1_24' title="bbox 483 2530 2070 2597; baseline -0.004 -7"><span class='ocrx_word' id='word_1_187' title='bbox 483 2533 556 2590; x_wconf 85' lang='lat' dir='ltr'><strong>ibi</strong></span> <span class='ocrx_word' id='word_1_188' title='bbox 587 2533 837 2589; x_wconf 89' lang='lat' dir='ltr'><strong>reddetur</strong></span> <span class='ocrx_word' id='word_1_189' title='bbox 864 2543 1044 2587; x_wconf 90' lang='lat' dir='ltr'><strong>votum</strong></span> <span class='ocrx_word' id='word_1_190' title='bbox 1077 2541 1246 2586; x_wconf 88' lang='lat' dir='ltr'><strong>totum</strong></span> <span class='ocrx_word' id='word_1_191' title='bbox 1285 2538 1561 2596; x_wconf 91' lang='lat' dir='ltr'><strong>nostrum;</strong></span> <span class='ocrx_word' id='word_1_192' title='bbox 1595 2545 1699 2585; x_wconf 90' lang='lat' dir='ltr'><strong>non</strong></span> <span class='ocrx_word' id='word_1_193' title='bbox 1730 2530 1841 2584; x_wconf 92' lang='lat' dir='ltr'><strong>sola</strong></span> <span class='ocrx_word' id='word_1_194' title='bbox 1869 2530 2070 2597; x_wconf 90' lang='lat' dir='ltr'><strong>anima,</strong></span> 
     </span>
    </p>
   </div>
   <div class='ocr_carea' id='block_1_25' title="bbox 483 2623 2073 2696">
    <p class='ocr_par' dir='ltr' id='par_1_25' title="bbox 483 2623 2073 2696">
     <span class='ocr_line' id='line_1_25' title="bbox 483 2623 2073 2696; baseline -0.004 -14"><span class='ocrx_word' id='word_1_195' title='bbox 483 2625 580 2682; x_wconf 84' lang='lat' dir='ltr'><strong>sed</strong></span> <span class='ocrx_word' id='word_1_196' title='bbox 601 2627 714 2696; x_wconf 86' lang='lat' dir='ltr'><strong>ipsa</strong></span> <span class='ocrx_word' id='word_1_197' title='bbox 741 2625 900 2680; x_wconf 92' lang='lat' dir='ltr'><strong>etiam</strong></span> <span class='ocrx_word' id='word_1_198' title='bbox 926 2641 1052 2680; x_wconf 89' lang='lat' dir='ltr'><strong>caro</strong></span> <span class='ocrx_word' id='word_1_199' title='bbox 1073 2625 1183 2695; x_wconf 91' lang='lat' dir='ltr'><strong>jam</strong></span> <span class='ocrx_word' id='word_1_200' title='bbox 1238 2639 1343 2678; x_wconf 92' lang='lat' dir='ltr'><strong>non</strong></span> <span class='ocrx_word' id='word_1_201' title='bbox 1391 2623 1770 2693; x_wconf 87' lang='lat' dir='ltr'><strong>corruptibilis,</strong></span> <span class='ocrx_word' id='word_1_202' title='bbox 1801 2623 1923 2694; x_wconf 87' lang='lat' dir='ltr'><strong>quia</strong></span> <span class='ocrx_word' id='word_1_203' title='bbox 1965 2623 2073 2692; x_wconf 90' lang='lat' dir='ltr'><strong>jam</strong></span> 
     </span>
    </p>
   </div>
   <div class='ocr_carea' id='block_1_26' title="bbox 485 2715 2077 2788">
    <p class='ocr_par' dir='ltr' id='par_1_26' title="bbox 485 2715 2077 2788">
     <span class='ocr_line' id='line_1_26' title="bbox 485 2715 2077 2788; baseline -0.002 -17"><span class='ocrx_word' id='word_1_204' title='bbox 485 2733 594 2771; x_wconf 90' lang='lat' dir='ltr'><strong>non</strong></span> <span class='ocrx_word' id='word_1_205' title='bbox 621 2718 673 2772; x_wconf 92' lang='lat' dir='ltr'><strong>in</strong></span> <span class='ocrx_word' id='word_1_206' title='bbox 718 2717 1030 2788; x_wconf 82' lang='lat' dir='ltr'><strong>Babylonia,</strong></span> <span class='ocrx_word' id='word_1_207' title='bbox 1062 2716 1156 2771; x_wconf 86' lang='lat' dir='ltr'><strong>sed</strong></span> <span class='ocrx_word' id='word_1_208' title='bbox 1189 2715 1298 2786; x_wconf 88' lang='lat' dir='ltr'><strong>jam</strong></span> <span class='ocrx_word' id='word_1_209' title='bbox 1327 2731 1520 2787; x_wconf 91' lang='lat' dir='ltr'><strong>corpus</strong></span> <span class='ocrx_word' id='word_1_210' title='bbox 1560 2716 1778 2771; x_wconf 79' lang='lat' dir='ltr'><strong>caeleste</strong></span> <span class='ocrx_word' id='word_1_211' title='bbox 1831 2715 2077 2769; x_wconf 88' lang='lat' dir='ltr'><strong>immuta-</strong></span> 
     </span>
    </p>
   </div>
   <div class='ocr_carea' id='block_1_27' title="bbox 485 2806 2076 2878">
    <p class='ocr_par' dir='ltr' id='par_1_27' title="bbox 485 2806 2076 2878">
     <span class='ocr_line' id='line_1_27' title="bbox 485 2806 2076 2878; baseline -0.002 -15"><span class='ocrx_word' id='word_1_212' title='bbox 485 2816 618 2864; x_wconf 92' lang='lat' dir='ltr'><strong>tum.</strong></span> <span class='ocrx_word' id='word_1_213' title='bbox 649 2808 830 2874; x_wconf 87' lang='lat' dir='ltr'><strong>Qualis</strong></span> <span class='ocrx_word' id='word_1_214' title='bbox 871 2809 1095 2863; x_wconf 89' lang='lat' dir='ltr'><strong>mutatio</strong></span> <span class='ocrx_word' id='word_1_215' title='bbox 1122 2809 1488 2878; x_wconf 66' lang='lat' dir='ltr'><strong>promittitur?</strong></span> <span class='ocrx_word' id='word_1_216' title='bbox 1519 2806 1704 2862; x_wconf 82' lang='lat' dir='ltr'><strong>Omnes</strong></span> <span class='ocrx_word' id='word_1_217' title='bbox 1726 2808 1859 2862; x_wconf 90' lang='lat' dir='ltr'><strong>enim</strong></span> <span class='ocrx_word' id='word_1_218' title='bbox 1902 2823 2076 2862; x_wconf 80' lang='lat' dir='ltr'><strong>resur-</strong></span> 
     </span>
    </p>
   </div>
   <div class='ocr_carea' id='block_1_28' title="bbox 485 2899 2072 2972">
    <p class='ocr_par' dir='ltr' id='par_1_28' title="bbox 485 2899 2072 2972">
     <span class='ocr_line' id='line_1_28' title="bbox 485 2899 2072 2972; baseline 0 -17"><span class='ocrx_word' id='word_1_219' title='bbox 485 2917 678 2971; x_wconf 76' lang='lat' dir='ltr'><strong>gamus,</strong></span> <span class='ocrx_word' id='word_1_220' title='bbox 710 2902 783 2956; x_wconf 86' lang='lat' dir='ltr'><strong>ait</strong></span> <span class='ocrx_word' id='word_1_221' title='bbox 809 2902 1122 2972; x_wconf 91' lang='lat' dir='ltr'><strong>Apostolus,</strong></span> <span class='ocrx_word' id='word_1_222' title='bbox 1172 2900 1262 2955; x_wconf 90' lang='lat' dir='ltr'><strong>sed</strong></span> <span class='ocrx_word' id='word_1_223' title='bbox 1303 2916 1405 2956; x_wconf 85' lang='lat' dir='ltr'><strong>non</strong></span> <span class='ocrx_word' id='word_1_224' title='bbox 1451 2917 1626 2955; x_wconf 79' lang='lat' dir='ltr'><strong>omnes</strong></span> <span class='ocrx_word' id='word_1_225' title='bbox 1672 2899 2072 2956; x_wconf 85' lang='lat' dir='ltr'><strong>immutabimur.</strong></span> 
     </span>
    </p>
   </div>
   <div class='ocr_carea' id='block_1_29' title="bbox 486 2991 2074 3063">
    <p class='ocr_par' dir='ltr' id='par_1_29' title="bbox 486 2991 2074 3063">
     <span class='ocr_line' id='line_1_29' title="bbox 486 2991 2074 3063; baseline 0.001 -17"><span class='ocrx_word' id='word_1_226' title='bbox 486 2991 587 3059; x_wconf 87' lang='lat' dir='ltr'><strong>Qui</strong></span> <span class='ocrx_word' id='word_1_227' title='bbox 610 2994 630 3024; x_wconf 77' lang='grc'><em>³</em></span> <span class='ocrx_word' id='word_1_228' title='bbox 678 3001 855 3048; x_wconf 89' lang='lat' dir='ltr'><strong>autem</strong></span> <span class='ocrx_word' id='word_1_229' title='bbox 898 2994 1320 3050; x_wconf 89' lang='lat' dir='ltr'><strong>immutabuutur</strong></span> <span class='ocrx_word' id='word_1_230' title='bbox 1345 2995 1457 3063; x_wconf 89' lang='lat' dir='ltr'><strong>ipse</strong></span> <span class='ocrx_word' id='word_1_231' title='bbox 1488 2993 1622 3048; x_wconf 80' lang='lat' dir='ltr'><strong>dixit</strong></span> <span class='ocrx_word' id='word_1_232' title='bbox 1650 3011 1662 3046; x_wconf 93' lang='lat'>:</span> <span class='ocrx_word' id='word_1_233' title='bbox 1691 2991 1761 3047; x_wconf 88' lang='lat' dir='ltr'><strong>In</strong></span> <span class='ocrx_word' id='word_1_234' title='bbox 1788 2995 1890 3047; x_wconf 87' lang='lat' dir='ltr'><strong>ictu</strong></span> <span class='ocrx_word' id='word_1_235' title='bbox 1919 2994 2074 3062; x_wconf 88' lang='lat' dir='ltr'><strong>oculi,</strong></span> 
     </span>
    </p>
   </div>
   <div class='ocr_carea' id='block_1_30' title="bbox 486 3083 2081 3152">
    <p class='ocr_par' dir='ltr' id='par_1_30' title="bbox 486 3083 2081 3152">
     <span class='ocr_line' id='line_1_30' title="bbox 486 3083 2081 3152; baseline 0.001 -14"><span class='ocrx_word' id='word_1_236' title='bbox 486 3083 542 3138; x_wconf 80' lang='lat' dir='ltr'><strong>in</strong></span> <span class='ocrx_word' id='word_1_237' title='bbox 567 3085 837 3138; x_wconf 63' lang='lat' dir='ltr'><strong>novissima</strong></span> <span class='ocrx_word' id='word_1_238' title='bbox 881 3084 1000 3139; x_wconf 89' lang='lat' dir='ltr'><strong>tuba</strong></span> <span class='ocrx_word' id='word_1_239' title='bbox 1027 3100 1047 3140; x_wconf 82' lang='lat'><strong>.&#39;</strong></span> <span class='ocrx_word' id='word_1_240' title='bbox 1076 3094 1222 3140; x_wconf 86' lang='lat' dir='ltr'><strong>canet</strong></span> <span class='ocrx_word' id='word_1_241' title='bbox 1264 3085 1396 3139; x_wconf 88' lang='lat' dir='ltr'><strong>enim</strong></span> <span class='ocrx_word' id='word_1_242' title='bbox 1428 3087 1573 3152; x_wconf 87' lang='lat' dir='ltr'><strong>tuba,</strong></span> <span class='ocrx_word' id='word_1_243' title='bbox 1616 3093 1663 3139; x_wconf 91' lang='lat' dir='ltr'><strong>et</strong></span> <span class='ocrx_word' id='word_1_244' title='bbox 1703 3086 1887 3138; x_wconf 86' lang='lat' dir='ltr'><strong>mortui</strong></span> <span class='ocrx_word' id='word_1_245' title='bbox 1911 3102 2081 3140; x_wconf 82' lang='lat' dir='ltr'><strong>resur-</strong></span> 
     </span>
    </p>
   </div>
   <div class='ocr_carea' id='block_1_31' title="bbox 488 3178 2077 3250">
    <p class='ocr_par' dir='ltr' id='par_1_31' title="bbox 488 3178 2077 3250">
     <span class='ocr_line' id='line_1_31' title="bbox 488 3178 2077 3250; baseline 0.001 -19"><span class='ocrx_word' id='word_1_246' title='bbox 488 3187 604 3250; x_wconf 83' lang='lat' dir='ltr'><strong>gent</strong></span> <span class='ocrx_word' id='word_1_247' title='bbox 630 3179 950 3250; x_wconf 81' lang='lat' dir='ltr'><strong>incorrupti,</strong></span> <span class='ocrx_word' id='word_1_248' title='bbox 986 3178 1038 3233; x_wconf 90' lang='lat' dir='ltr'><strong>id</strong></span> <span class='ocrx_word' id='word_1_249' title='bbox 1077 3187 1160 3232; x_wconf 90' lang='lat' dir='ltr'><strong>est</strong></span> <span class='ocrx_word' id='word_1_250' title='bbox 1202 3179 1415 3249; x_wconf 78' lang='lat' dir='ltr'><strong>integri,</strong></span> <span class='ocrx_word' id='word_1_251' title='bbox 1447 3188 1493 3231; x_wconf 88' lang='lat' dir='ltr'><strong>et</strong></span> <span class='ocrx_word' id='word_1_252' title='bbox 1542 3195 1634 3232; x_wconf 88' lang='lat' dir='ltr'><strong>nos</strong></span> <span class='ocrx_word' id='word_1_253' title='bbox 1680 3180 2077 3234; x_wconf 83' lang='lat' dir='ltr'><strong>immulabimur.</strong></span> 
     </span>
    </p>
   </div>
   <div class='ocr_carea' id='block_1_32' title="bbox 491 3271 2077 3341">
    <p class='ocr_par' dir='ltr' id='par_1_32' title="bbox 491 3271 2077 3341">
     <span class='ocr_line' id='line_1_32' title="bbox 491 3271 2077 3341; baseline -0.001 -14"><span class='ocrx_word' id='word_1_254' title='bbox 491 3272 675 3340; x_wconf 84' lang='lat' dir='ltr'><strong>Qualis</strong></span> <span class='ocrx_word' id='word_1_255' title='bbox 700 3283 876 3328; x_wconf 89' lang='lat' dir='ltr'><strong>autem</strong></span> <span class='ocrx_word' id='word_1_256' title='bbox 906 3273 1010 3326; x_wconf 87' lang='lat' dir='ltr'><strong>erit</strong></span> <span class='ocrx_word' id='word_1_257' title='bbox 1035 3273 1122 3326; x_wconf 89' lang='lat' dir='ltr'><strong>illa</strong></span> <span class='ocrx_word' id='word_1_258' title='bbox 1168 3272 1501 3338; x_wconf 89' lang='lat' dir='ltr'><strong>immutatio,</strong></span> <span class='ocrx_word' id='word_1_259' title='bbox 1529 3271 1766 3341; x_wconf 88' lang='lat' dir='ltr'><strong>sequitur</strong></span> <span class='ocrx_word' id='word_1_260' title='bbox 1814 3281 1870 3327; x_wconf 89' lang='lat' dir='ltr'><strong>et</strong></span> <span class='ocrx_word' id='word_1_261' title='bbox 1913 3272 2077 3328; x_wconf 88' lang='lat' dir='ltr'><strong>dicit:</strong></span> 
     </span>
    </p>
   </div>
   <div class='ocr_carea' id='block_1_33' title="bbox 501 3361 2081 3434">
    <p class='ocr_par' dir='ltr' id='par_1_33' title="bbox 501 3361 2081 3434">
     <span class='ocr_line' id='line_1_33' title="bbox 501 3361 2081 3434; baseline 0.001 -17"><span class='ocrx_word' id='word_1_262' title='bbox 501 3381 522 3416; x_wconf 73' lang='grc' dir='ltr'>ι</span> <span class='ocrx_word' id='word_1_263' title='bbox 554 3361 777 3434; x_wconf 89' lang='lat' dir='ltr'><strong>Oportet</strong></span> <span class='ocrx_word' id='word_1_264' title='bbox 805 3363 947 3418; x_wconf 92' lang='lat' dir='ltr'><strong>enim</strong></span> <span class='ocrx_word' id='word_1_265' title='bbox 975 3362 1320 3432; x_wconf 90' lang='lat' dir='ltr'><strong>corruptibile</strong></span> <span class='ocrx_word' id='word_1_266' title='bbox 1347 3361 1449 3416; x_wconf 93' lang='lat' dir='ltr'><strong>hoc</strong></span> <span class='ocrx_word' id='word_1_267' title='bbox 1475 3361 1695 3417; x_wconf 89' lang='lat' dir='ltr'><strong>induere</strong></span> <span class='ocrx_word' id='word_1_268' title='bbox 1717 3361 2081 3432; x_wconf 88' lang='lat' dir='ltr'><strong>incorruptio-</strong></span> 
     </span>
    </p>
   </div>
   <div class='ocr_carea' id='block_1_34' title="bbox 502 3453 2080 3510">
    <p class='ocr_par' dir='ltr' id='par_1_34' title="bbox 502 3453 2080 3510">
     <span class='ocr_line' id='line_1_34' title="bbox 502 3453 2080 3510; baseline 0.001 -3"><span class='ocrx_word' id='word_1_269' title='bbox 502 3473 522 3507; x_wconf 73' lang='grc' dir='ltr'><strong><em>ι</em></strong></span> <span class='ocrx_word' id='word_1_270' title='bbox 563 3471 683 3510; x_wconf 92' lang='lat' dir='ltr'><strong>nem</strong></span> <span class='ocrx_word' id='word_1_271' title='bbox 738 3462 794 3510; x_wconf 92' lang='lat' dir='ltr'><strong>et</strong></span> <span class='ocrx_word' id='word_1_272' title='bbox 853 3454 1077 3510; x_wconf 90' lang='lat' dir='ltr'><strong>mortale</strong></span> <span class='ocrx_word' id='word_1_273' title='bbox 1131 3455 1231 3510; x_wconf 91' lang='lat' dir='ltr'><strong>hoc</strong></span> <span class='ocrx_word' id='word_1_274' title='bbox 1298 3453 1518 3509; x_wconf 88' lang='lat' dir='ltr'><strong>induere</strong></span> <span class='ocrx_word' id='word_1_275' title='bbox 1581 3453 2080 3509; x_wconf 82' lang='lat' dir='ltr'><strong>immortalitatem:</strong></span> 
     </span>
    </p>
   </div>
   <div class='ocr_carea' id='block_1_35' title="bbox 501 3545 2086 3618">
    <p class='ocr_par' dir='ltr' id='par_1_35' title="bbox 501 3545 2086 3618">
     <span class='ocr_line' id='line_1_35' title="bbox 501 3545 2086 3618; baseline -0.001 -15"><span class='ocrx_word' id='word_1_276' title='bbox 501 3566 525 3602; x_wconf 74' lang='grc' dir='ltr'><strong>σ</strong></span> <span class='ocrx_word' id='word_1_277' title='bbox 556 3564 676 3603; x_wconf 92' lang='lat' dir='ltr'><strong>cum</strong></span> <span class='ocrx_word' id='word_1_278' title='bbox 708 3556 886 3603; x_wconf 90' lang='lat' dir='ltr'><strong>autem</strong></span> <span class='ocrx_word' id='word_1_279' title='bbox 908 3546 1251 3618; x_wconf 90' lang='lat' dir='ltr'><strong>eorruptihile</strong></span> <span class='ocrx_word' id='word_1_280' title='bbox 1295 3545 1398 3601; x_wconf 86' lang='lat' dir='ltr'><strong>hoc</strong></span> <span class='ocrx_word' id='word_1_281' title='bbox 1440 3545 1674 3601; x_wconf 90' lang='lat' dir='ltr'><strong>induerit</strong></span> <span class='ocrx_word' id='word_1_282' title='bbox 1725 3547 2086 3616; x_wconf 86' lang='lat' dir='ltr'><strong>incorruptio-</strong></span> 
     </span>
    </p>
   </div>
   <div class='ocr_carea' id='block_1_36' title="bbox 502 3637 2087 3705">
    <p class='ocr_par' dir='ltr' id='par_1_36' title="bbox 502 3637 2087 3705">
     <span class='ocr_line' id='line_1_36' title="bbox 502 3637 2087 3705; baseline 0 -12"><span class='ocrx_word' id='word_1_283' title='bbox 502 3659 522 3693; x_wconf 71' lang='grc' dir='ltr'>ι</span> <span class='ocrx_word' id='word_1_284' title='bbox 559 3656 703 3705; x_wconf 90' lang='lat' dir='ltr'><strong>nem,</strong></span> <span class='ocrx_word' id='word_1_285' title='bbox 731 3649 784 3695; x_wconf 88' lang='lat' dir='ltr'><strong>et</strong></span> <span class='ocrx_word' id='word_1_286' title='bbox 809 3640 1032 3695; x_wconf 88' lang='lat' dir='ltr'><strong>mortale</strong></span> <span class='ocrx_word' id='word_1_287' title='bbox 1055 3639 1156 3694; x_wconf 89' lang='lat' dir='ltr'><strong>hoc</strong></span> <span class='ocrx_word' id='word_1_288' title='bbox 1192 3637 1424 3694; x_wconf 88' lang='lat' dir='ltr'><strong>induerit</strong></span> <span class='ocrx_word' id='word_1_289' title='bbox 1460 3637 1934 3701; x_wconf 82' lang='lat' dir='ltr'><strong>immortalitatem,</strong></span> <span class='ocrx_word' id='word_1_290' title='bbox 1960 3647 2087 3693; x_wconf 92' lang='lat' dir='ltr'><strong>tunc</strong></span> 
     </span>
    </p>
   </div>
   <div class='ocr_carea' id='block_1_37' title="bbox 503 3729 2086 3802">
    <p class='ocr_par' dir='ltr' id='par_1_37' title="bbox 503 3729 2086 3802">
     <span class='ocr_line' id='line_1_37' title="bbox 503 3729 2086 3802; baseline -0.003 -16"><span class='ocrx_word' id='word_1_291' title='bbox 503 3749 524 3786; x_wconf 78' lang='grc' dir='ltr'>ι</span> <span class='ocrx_word' id='word_1_292' title='bbox 559 3732 648 3787; x_wconf 86' lang='lat' dir='ltr'><strong>lict</strong></span> <span class='ocrx_word' id='word_1_293' title='bbox 680 3746 858 3787; x_wconf 86' lang='lat' dir='ltr'><strong>sermo</strong></span> <span class='ocrx_word' id='word_1_294' title='bbox 905 3732 995 3802; x_wconf 91' lang='lat' dir='ltr'><strong>qui</strong></span> <span class='ocrx_word' id='word_1_295' title='bbox 1017 3731 1246 3799; x_wconf 90' lang='lat' dir='ltr'><strong>scriptus</strong></span> <span class='ocrx_word' id='word_1_296' title='bbox 1271 3739 1353 3784; x_wconf 90' lang='lat' dir='ltr'><strong>est</strong></span> <span class='ocrx_word' id='word_1_297' title='bbox 1382 3746 1396 3782; x_wconf 87' lang='lat'><strong>:</strong></span> <span class='ocrx_word' id='word_1_298' title='bbox 1426 3729 1694 3797; x_wconf 85' lang='lat' dir='ltr'><strong>Absorpta</strong></span> <span class='ocrx_word' id='word_1_299' title='bbox 1733 3737 1816 3782; x_wconf 90' lang='lat' dir='ltr'><strong>est</strong></span> <span class='ocrx_word' id='word_1_300' title='bbox 1845 3743 1987 3782; x_wconf 85' lang='lat' dir='ltr'><strong>mors</strong></span> <span class='ocrx_word' id='word_1_301' title='bbox 2032 3729 2086 3782; x_wconf 91' lang='lat' dir='ltr'><strong>in</strong></span> 
     </span>
    </p>
   </div>
   <div class='ocr_carea' id='block_1_38' title="bbox 504 3819 2086 3892">
    <p class='ocr_par' dir='ltr' id='par_1_38' title="bbox 504 3819 2086 3892">
     <span class='ocr_line' id='line_1_38' title="bbox 504 3819 2086 3892; baseline -0.001 -16"><span class='ocrx_word' id='word_1_302' title='bbox 504 3841 527 3876; x_wconf 72' lang='grc' dir='ltr'>ι</span> <span class='ocrx_word' id='word_1_303' title='bbox 562 3823 861 3878; x_wconf 86' lang='lat' dir='ltr'><strong>victoriam.</strong></span> <span class='ocrx_word' id='word_1_304' title='bbox 891 3823 992 3878; x_wconf 87' lang='lat' dir='ltr'><strong>Ubi</strong></span> <span class='ocrx_word' id='word_1_305' title='bbox 1023 3830 1123 3887; x_wconf 89' lang='lat' dir='ltr'><strong>est,</strong></span> <span class='ocrx_word' id='word_1_306' title='bbox 1150 3836 1315 3886; x_wconf 90' lang='lat' dir='ltr'><strong>mors,</strong></span> <span class='ocrx_word' id='word_1_307' title='bbox 1339 3821 1558 3874; x_wconf 91' lang='lat' dir='ltr'><strong>aculeus</strong></span> <span class='ocrx_word' id='word_1_308' title='bbox 1581 3828 1701 3873; x_wconf 92' lang='lat' dir='ltr'><strong>tuus</strong></span> <span class='ocrx_word' id='word_1_309' title='bbox 1731 3838 1750 3871; x_wconf 74' lang='grc' dir='ltr'><strong><em>ι</em></strong></span> <span class='ocrx_word' id='word_1_310' title='bbox 1787 3819 1826 3892; x_wconf 96' lang='lat' dir='ltr'><strong>(l</strong></span> <span class='ocrx_word' id='word_1_311' title='bbox 1854 3819 1971 3874; x_wconf 84' lang='lat' dir='ltr'><strong>Cor.</strong></span> <span class='ocrx_word' id='word_1_312' title='bbox 1995 3836 2086 3887; x_wconf 86' lang='lat' dir='ltr'><strong>xv,</strong></span> 
     </span>
    </p>
   </div>
   <div class='ocr_carea' id='block_1_39' title="bbox 504 3894 2089 3985">
    <p class='ocr_par' dir='ltr' id='par_1_39' title="bbox 504 3894 2089 3985">
     <span class='ocr_line' id='line_1_39' title="bbox 504 3894 2089 3985; baseline -0.003 -14"><span class='ocrx_word' id='word_1_313' title='bbox 504 3916 732 3985; x_wconf 64' lang='lat'><strong>51.55)?</strong></span> <span class='ocrx_word' id='word_1_314' title='bbox 784 3915 939 3970; x_wconf 79' lang='lat' dir='ltr'><strong>Modo</strong></span> <span class='ocrx_word' id='word_1_315' title='bbox 989 3913 1132 3970; x_wconf 91' lang='lat' dir='ltr'><strong>enim</strong></span> <span class='ocrx_word' id='word_1_316' title='bbox 1197 3894 1458 3968; x_wconf 75' lang='lat' dir='ltr'><strong>inchoatis</strong></span> <span class='ocrx_word' id='word_1_317' title='bbox 1532 3911 1584 3965; x_wconf 93' lang='lat' dir='ltr'><strong>in</strong></span> <span class='ocrx_word' id='word_1_318' title='bbox 1639 3911 1790 3966; x_wconf 89' lang='lat' dir='ltr'><strong>nobis</strong></span> <span class='ocrx_word' id='word_1_319' title='bbox 1844 3912 2089 3981; x_wconf 83' lang='lat' dir='ltr'><strong>primitiis</strong></span> 
     </span>
    </p>
   </div>
   <div class='ocr_carea' id='block_1_40' title="bbox 501 4001 2090 4070">
    <p class='ocr_par' dir='ltr' id='par_1_40' title="bbox 501 4001 2090 4070">
     <span class='ocr_line' id='line_1_40' title="bbox 501 4001 2090 4070; baseline -0.003 -7"><span class='ocrx_word' id='word_1_320' title='bbox 501 4007 716 4070; x_wconf 83' lang='lat' dir='ltr'><strong>mentis,</strong></span> <span class='ocrx_word' id='word_1_321' title='bbox 740 4005 880 4061; x_wconf 93' lang='lat' dir='ltr'><strong>unde</strong></span> <span class='ocrx_word' id='word_1_322' title='bbox 899 4004 1268 4060; x_wconf 88' lang='lat' dir='ltr'><strong>desideramus</strong></span> <span class='ocrx_word' id='word_1_323' title='bbox 1296 4002 1588 4058; x_wconf 84' lang='lat' dir='ltr'><strong>Jerusalem</strong></span> <span class='ocrx_word' id='word_1_324' title='bbox 1609 4043 1625 4070; x_wconf 93' lang='lat'><strong>,</strong></span> <span class='ocrx_word' id='word_1_325' title='bbox 1653 4001 1820 4057; x_wconf 90' lang='lat' dir='ltr'><strong>multa</strong></span> <span class='ocrx_word' id='word_1_326' title='bbox 1847 4018 1910 4057; x_wconf 84' lang='lat' dir='ltr'><strong>ex</strong></span> <span class='ocrx_word' id='word_1_327' title='bbox 1931 4017 2090 4058; x_wconf 89' lang='lat' dir='ltr'><strong>carne</strong></span> 
     </span>
    </p>
   </div>
   <div class='ocr_carea' id='block_1_41' title="bbox 501 4095 2089 4168">
    <p class='ocr_par' dir='ltr' id='par_1_41' title="bbox 501 4095 2089 4168">
     <span class='ocr_line' id='line_1_41' title="bbox 501 4095 2089 4168; baseline -0.004 -13"><span class='ocrx_word' id='word_1_328' title='bbox 501 4095 833 4168; x_wconf 89' lang='lat' dir='ltr'><strong>corruptibili</strong></span> <span class='ocrx_word' id='word_1_329' title='bbox 862 4095 1193 4151; x_wconf 88' lang='lat' dir='ltr'><strong>contendunt</strong></span> <span class='ocrx_word' id='word_1_330' title='bbox 1221 4095 1504 4151; x_wconf 89' lang='lat' dir='ltr'><strong>adversum</strong></span> <span class='ocrx_word' id='word_1_331' title='bbox 1527 4109 1646 4160; x_wconf 93' lang='lat' dir='ltr'><strong>nos,</strong></span> <span class='ocrx_word' id='word_1_332' title='bbox 1677 4109 1796 4164; x_wconf 64' lang='lat' dir='ltr'><strong>qua:</strong></span> <span class='ocrx_word' id='word_1_333' title='bbox 1826 4109 1931 4149; x_wconf 90' lang='lat' dir='ltr'><strong>non</strong></span> <span class='ocrx_word' id='word_1_334' title='bbox 1957 4109 2089 4149; x_wconf 81' lang='lat' dir='ltr'><strong>con-</strong></span> 
     </span>
    </p>
   </div>
   <div class='ocr_carea' id='block_1_42' title="bbox 502 4183 2090 4256">
    <p class='ocr_par' dir='ltr' id='par_1_42' title="bbox 502 4183 2090 4256">
     <span class='ocr_line' id='line_1_42' title="bbox 502 4183 2090 4256; baseline -0.003 -12"><span class='ocrx_word' id='word_1_335' title='bbox 502 4188 741 4253; x_wconf 88' lang='lat' dir='ltr'><strong>tendent,</strong></span> <span class='ocrx_word' id='word_1_336' title='bbox 775 4203 895 4242; x_wconf 92' lang='lat' dir='ltr'><strong>cum</strong></span> <span class='ocrx_word' id='word_1_337' title='bbox 923 4187 1247 4242; x_wconf 83' lang='lat' dir='ltr'><strong>fueritmors</strong></span> <span class='ocrx_word' id='word_1_338' title='bbox 1273 4186 1522 4256; x_wconf 87' lang='lat' dir='ltr'><strong>absorpta</strong></span> <span class='ocrx_word' id='word_1_339' title='bbox 1551 4186 1601 4239; x_wconf 91' lang='lat' dir='ltr'><strong>in</strong></span> <span class='ocrx_word' id='word_1_340' title='bbox 1633 4184 1929 4240; x_wconf 89' lang='lat' dir='ltr'><strong>victoriam.</strong></span> <span class='ocrx_word' id='word_1_341' title='bbox 1959 4183 2090 4240; x_wconf 82' lang='lat' dir='ltr'><strong>Viti-</strong></span> 
     </span>
    </p>
   </div>
   <div class='ocr_carea' id='block_1_43' title="bbox 501 4276 2089 4353">
    <p class='ocr_par' dir='ltr' id='par_1_43' title="bbox 501 4276 2089 4353">
     <span class='ocr_line' id='line_1_43' title="bbox 501 4276 2089 4353; baseline -0.006 -15"><span class='ocrx_word' id='word_1_342' title='bbox 501 4291 586 4338; x_wconf 91' lang='lat' dir='ltr'><strong>cet</strong></span> <span class='ocrx_word' id='word_1_343' title='bbox 615 4297 736 4353; x_wconf 86' lang='lat' dir='ltr'><strong>pax,</strong></span> <span class='ocrx_word' id='word_1_344' title='bbox 764 4289 818 4335; x_wconf 93' lang='lat' dir='ltr'><strong>et</strong></span> <span class='ocrx_word' id='word_1_345' title='bbox 842 4278 1059 4335; x_wconf 84' lang='lat' dir='ltr'><strong>ﬁnietur</strong></span> <span class='ocrx_word' id='word_1_346' title='bbox 1083 4279 1303 4335; x_wconf 90' lang='lat' dir='ltr'><strong>bellum.</strong></span> <span class='ocrx_word' id='word_1_347' title='bbox 1327 4277 1550 4346; x_wconf 87' lang='lat' dir='ltr'><strong>Quando</strong></span> <span class='ocrx_word' id='word_1_348' title='bbox 1565 4286 1742 4332; x_wconf 89' lang='lat' dir='ltr'><strong>autem</strong></span> <span class='ocrx_word' id='word_1_349' title='bbox 1769 4276 1943 4331; x_wconf 86' lang='lat' dir='ltr'><strong>vincet</strong></span> <span class='ocrx_word' id='word_1_350' title='bbox 1965 4291 2089 4346; x_wconf 85' lang='lat' dir='ltr'><strong>pax,</strong></span> 
     </span>
    </p>
   </div>
   <div class='ocr_carea' id='block_1_44' title="bbox 503 4367 2093 4442">
    <p class='ocr_par' dir='ltr' id='par_1_44' title="bbox 503 4367 2093 4442">
     <span class='ocr_line' id='line_1_44' title="bbox 503 4367 2093 4442; baseline -0.004 -14"><span class='ocrx_word' id='word_1_351' title='bbox 503 4374 678 4428; x_wconf 86' lang='lat' dir='ltr'><strong>vincet</strong></span> <span class='ocrx_word' id='word_1_352' title='bbox 698 4373 785 4428; x_wconf 88' lang='lat' dir='ltr'><strong>illa</strong></span> <span class='ocrx_word' id='word_1_353' title='bbox 810 4372 998 4427; x_wconf 85' lang='lat' dir='ltr'><strong>civitas</strong></span> <span class='ocrx_word' id='word_1_354' title='bbox 1043 4387 1163 4442; x_wconf 76' lang='lat' dir='ltr'><strong>qua:</strong></span> <span class='ocrx_word' id='word_1_355' title='bbox 1189 4370 1380 4426; x_wconf 91' lang='lat' dir='ltr'><strong>dicitur</strong></span> <span class='ocrx_word' id='word_1_356' title='bbox 1407 4369 1554 4424; x_wconf 81' lang='lat' dir='ltr'><strong>Visio</strong></span> <span class='ocrx_word' id='word_1_357' title='bbox 1579 4368 1747 4440; x_wconf 90' lang='lat' dir='ltr'><strong>pacis.</strong></span> <span class='ocrx_word' id='word_1_358' title='bbox 1782 4367 1934 4422; x_wconf 88' lang='lat' dir='ltr'><strong>Nulla</strong></span> <span class='ocrx_word' id='word_1_359' title='bbox 1963 4381 2093 4438; x_wconf 90' lang='lat' dir='ltr'><strong>ergo</strong></span> 
     </span>
    </p>
   </div>
   <div class='ocr_carea' id='block_1_45' title="bbox 503 4463 2092 4532">
    <p class='ocr_par' dir='ltr' id='par_1_45' title="bbox 503 4463 2092 4532">
     <span class='ocr_line' id='line_1_45' title="bbox 503 4463 2092 4532; baseline -0.005 -9"><span class='ocrx_word' id='word_1_360' title='bbox 503 4469 604 4523; x_wconf 88' lang='lat' dir='ltr'><strong>erit</strong></span> <span class='ocrx_word' id='word_1_361' title='bbox 628 4484 655 4520; x_wconf 90' lang='lat' dir='ltr'><strong>a</strong></span> <span class='ocrx_word' id='word_1_362' title='bbox 687 4476 859 4522; x_wconf 89' lang='lat' dir='ltr'><strong>morte</strong></span> <span class='ocrx_word' id='word_1_363' title='bbox 884 4465 1176 4522; x_wconf 88' lang='lat' dir='ltr'><strong>contentio.</strong></span> <span class='ocrx_word' id='word_1_364' title='bbox 1207 4463 1363 4519; x_wconf 85' lang='lat' dir='ltr'><strong>Modo</strong></span> <span class='ocrx_word' id='word_1_365' title='bbox 1389 4478 1511 4518; x_wconf 92' lang='lat' dir='ltr'><strong>cum</strong></span> <span class='ocrx_word' id='word_1_366' title='bbox 1550 4471 1722 4517; x_wconf 89' lang='lat' dir='ltr'><strong>morte</strong></span> <span class='ocrx_word' id='word_1_367' title='bbox 1747 4470 1940 4532; x_wconf 80' lang='lat' dir='ltr'><strong>quanta</strong></span> <span class='ocrx_word' id='word_1_368' title='bbox 1961 4475 2092 4515; x_wconf 86' lang='lat' dir='ltr'><strong>con-</strong></span> 
     </span>
    </p>
   </div>
   <div class='ocr_carea' id='block_1_46' title="bbox 505 4553 2093 4624">
    <p class='ocr_par' dir='ltr' id='par_1_46' title="bbox 505 4553 2093 4624">
     <span class='ocr_line' id='line_1_46' title="bbox 505 4553 2093 4624; baseline -0.003 -12"><span class='ocrx_word' id='word_1_369' title='bbox 505 4558 806 4613; x_wconf 83' lang='lat' dir='ltr'><strong>tendimus!</strong></span> <span class='ocrx_word' id='word_1_370' title='bbox 834 4556 962 4612; x_wconf 92' lang='lat' dir='ltr'><strong>lnde</strong></span> <span class='ocrx_word' id='word_1_371' title='bbox 986 4566 1112 4611; x_wconf 90' lang='lat' dir='ltr'><strong>sunt</strong></span> <span class='ocrx_word' id='word_1_372' title='bbox 1139 4555 1468 4610; x_wconf 83' lang='lat' dir='ltr'><strong>deiectiones</strong></span> <span class='ocrx_word' id='word_1_373' title='bbox 1508 4554 1770 4618; x_wconf 90' lang='lat' dir='ltr'><strong>carnales,</strong></span> <span class='ocrx_word' id='word_1_374' title='bbox 1800 4569 1918 4624; x_wconf 70' lang='lat' dir='ltr'><strong>quae</strong></span> <span class='ocrx_word' id='word_1_375' title='bbox 1938 4553 2093 4607; x_wconf 87' lang='lat' dir='ltr'><strong>nobis</strong></span> 
     </span>
    </p>
   </div>
   <div class='ocr_carea' id='block_1_47' title="bbox 505 4646 2090 4719">
    <p class='ocr_par' dir='ltr' id='par_1_47' title="bbox 505 4646 2090 4719">
     <span class='ocr_line' id='line_1_47' title="bbox 505 4646 2090 4719; baseline -0.003 -15"><span class='ocrx_word' id='word_1_376' title='bbox 505 4651 665 4704; x_wconf 88' lang='lat' dir='ltr'><strong>etiam</strong></span> <span class='ocrx_word' id='word_1_377' title='bbox 695 4650 874 4705; x_wconf 84' lang='lat' dir='ltr'><strong>illicito</strong></span> <span class='ocrx_word' id='word_1_378' title='bbox 922 4651 1085 4704; x_wconf 90' lang='lat' dir='ltr'><strong>multa</strong></span> <span class='ocrx_word' id='word_1_379' title='bbox 1135 4656 1422 4719; x_wconf 83' lang='lat' dir='ltr'><strong>suggerunt</strong></span> <span class='ocrx_word' id='word_1_380' title='bbox 1453 4665 1466 4702; x_wconf 88' lang='lat'>:</span> <span class='ocrx_word' id='word_1_381' title='bbox 1493 4646 1687 4718; x_wconf 88' lang='lat' dir='ltr'><strong>quibus</strong></span> <span class='ocrx_word' id='word_1_382' title='bbox 1731 4660 1835 4700; x_wconf 90' lang='lat' dir='ltr'><strong>non</strong></span> <span class='ocrx_word' id='word_1_383' title='bbox 1861 4660 2090 4700; x_wconf 86' lang='lat' dir='ltr'><strong>consen-</strong></span> 
     </span>
    </p>
   </div>
   <div class='ocr_carea' id='block_1_48' title="bbox 508 4735 2090 4802">
    <p class='ocr_par' dir='ltr' id='par_1_48' title="bbox 508 4735 2090 4802">
     <span class='ocr_line' id='line_1_48' title="bbox 508 4735 2090 4802; baseline -0.004 -5"><span class='ocrx_word' id='word_1_384' title='bbox 508 4743 706 4802; x_wconf 74' lang='lat' dir='ltr'><strong>timus,</strong></span> <span class='ocrx_word' id='word_1_385' title='bbox 736 4741 830 4795; x_wconf 91' lang='lat' dir='ltr'><strong>sed</strong></span> <span class='ocrx_word' id='word_1_386' title='bbox 886 4750 1059 4795; x_wconf 90' lang='lat' dir='ltr'><strong>tamen</strong></span> <span class='ocrx_word' id='word_1_387' title='bbox 1115 4755 1220 4793; x_wconf 88' lang='lat' dir='ltr'><strong>non</strong></span> <span class='ocrx_word' id='word_1_388' title='bbox 1274 4737 1656 4794; x_wconf 89' lang='lat' dir='ltr'><strong>consentiendo</strong></span> <span class='ocrx_word' id='word_1_389' title='bbox 1701 4735 2090 4791; x_wconf 89' lang='lat' dir='ltr'><strong>contendimus.</strong></span> 
     </span>
    </p>
   </div>
   <div class='ocr_carea' id='block_1_49' title="bbox 513 4828 2094 4901">
    <p class='ocr_par' dir='ltr' id='par_1_49' title="bbox 513 4828 2094 4901">
     <span class='ocr_line' id='line_1_49' title="bbox 513 4828 2094 4901; baseline -0.003 -13"><span class='ocrx_word' id='word_1_390' title='bbox 513 4832 692 4888; x_wconf 86' lang='lat' dir='ltr'><strong>Primo</strong></span> <span class='ocrx_word' id='word_1_391' title='bbox 735 4845 862 4901; x_wconf 85' lang='lat' dir='ltr'><strong>ergo</strong></span> <span class='ocrx_word' id='word_1_392' title='bbox 903 4828 1330 4900; x_wconf 88' lang='lat' dir='ltr'><strong>concupiscentia</strong></span> <span class='ocrx_word' id='word_1_393' title='bbox 1379 4830 1555 4883; x_wconf 87' lang='lat' dir='ltr'><strong>carnis</strong></span> <span class='ocrx_word' id='word_1_394' title='bbox 1608 4836 1894 4897; x_wconf 89' lang='lat' dir='ltr'><strong>sequentes</strong></span> <span class='ocrx_word' id='word_1_395' title='bbox 1945 4828 2094 4884; x_wconf 88' lang='lat' dir='ltr'><strong>duxit</strong></span> 
     </span>
    </p>
   </div>
   <div class='ocr_carea' id='block_1_50' title="bbox 508 4919 2097 4990">
    <p class='ocr_par' dir='ltr' id='par_1_50' title="bbox 508 4919 2097 4990">
     <span class='ocr_line' id='line_1_50' title="bbox 508 4919 2097 4990; baseline -0.001 -14"><span class='ocrx_word' id='word_1_396' title='bbox 508 4937 628 4985; x_wconf 91' lang='lat' dir='ltr'><strong>nos,</strong></span> <span class='ocrx_word' id='word_1_397' title='bbox 663 4929 844 4990; x_wconf 89' lang='lat' dir='ltr'><strong>postea</strong></span> <span class='ocrx_word' id='word_1_398' title='bbox 866 4922 1154 4976; x_wconf 83' lang='lat' dir='ltr'><strong>renitentes</strong></span> <span class='ocrx_word' id='word_1_399' title='bbox 1183 4921 1339 4975; x_wconf 82' lang='lat' dir='ltr'><strong>traxit</strong></span> <span class='ocrx_word' id='word_1_400' title='bbox 1363 4934 1488 4986; x_wconf 91' lang='lat' dir='ltr'><strong>nos;</strong></span> <span class='ocrx_word' id='word_1_401' title='bbox 1519 4919 1713 4974; x_wconf 90' lang='lat' dir='ltr'><strong>deinde</strong></span> <span class='ocrx_word' id='word_1_402' title='bbox 1739 4931 1953 4989; x_wconf 90' lang='lat' dir='ltr'><strong>accepta</strong></span> <span class='ocrx_word' id='word_1_403' title='bbox 1975 4936 2097 4990; x_wconf 84' lang='lat' dir='ltr'><strong>gra-</strong></span> 
     </span>
    </p>
   </div>
   <div class='ocr_carea' id='block_1_51' title="bbox 509 5009 2096 5083">
    <p class='ocr_par' dir='ltr' id='par_1_51' title="bbox 509 5009 2096 5083">
     <span class='ocr_line' id='line_1_51' title="bbox 509 5009 2096 5083; baseline -0.001 -15"><span class='ocrx_word' id='word_1_404' title='bbox 509 5013 581 5068; x_wconf 89' lang='lat' dir='ltr'><strong>tia</strong></span> <span class='ocrx_word' id='word_1_405' title='bbox 612 5011 774 5083; x_wconf 73' lang='lat' dir='ltr'><strong>coepit</strong></span> <span class='ocrx_word' id='word_1_406' title='bbox 821 5025 921 5066; x_wconf 90' lang='lat' dir='ltr'><strong>nos</strong></span> <span class='ocrx_word' id='word_1_407' title='bbox 963 5026 1062 5066; x_wconf 91' lang='lat' dir='ltr'><strong>nec</strong></span> <span class='ocrx_word' id='word_1_408' title='bbox 1112 5012 1326 5075; x_wconf 88' lang='lat' dir='ltr'><strong>ducere,</strong></span> <span class='ocrx_word' id='word_1_409' title='bbox 1373 5027 1472 5067; x_wconf 91' lang='lat' dir='ltr'><strong>nec</strong></span> <span class='ocrx_word' id='word_1_410' title='bbox 1523 5010 1753 5074; x_wconf 84' lang='lat' dir='ltr'><strong>trahere,</strong></span> <span class='ocrx_word' id='word_1_411' title='bbox 1786 5009 1878 5065; x_wconf 90' lang='lat' dir='ltr'><strong>sed</strong></span> <span class='ocrx_word' id='word_1_412' title='bbox 1922 5010 2096 5067; x_wconf 89' lang='lat' dir='ltr'><strong>adhuc</strong></span> 
     </span>
    </p>
   </div>
   <div class='ocr_carea' id='block_1_52' title="bbox 511 5102 2097 5172">
    <p class='ocr_par' dir='ltr' id='par_1_52' title="bbox 511 5102 2097 5172">
     <span class='ocr_line' id='line_1_52' title="bbox 511 5102 2097 5172; baseline -0.002 -12"><span class='ocrx_word' id='word_1_413' title='bbox 511 5103 836 5160; x_wconf 78' lang='lat' dir='ltr'><strong>contendere</strong></span> <span class='ocrx_word' id='word_1_414' title='bbox 877 5102 1153 5156; x_wconf 90' lang='lat' dir='ltr'><strong>nobiseum</strong></span> <span class='ocrx_word' id='word_1_415' title='bbox 1187 5121 1200 5156; x_wconf 90' lang='lat'>:</span> <span class='ocrx_word' id='word_1_416' title='bbox 1236 5111 1354 5172; x_wconf 90' lang='lat' dir='ltr'><strong>post</strong></span> <span class='ocrx_word' id='word_1_417' title='bbox 1395 5103 1791 5159; x_wconf 91' lang='lat' dir='ltr'><strong>contentionem</strong></span> <span class='ocrx_word' id='word_1_418' title='bbox 1818 5104 1920 5157; x_wconf 86' lang='lat' dir='ltr'><strong>erit</strong></span> <span class='ocrx_word' id='word_1_419' title='bbox 1944 5112 1998 5158; x_wconf 91' lang='lat' dir='ltr'><strong>et</strong></span> <span class='ocrx_word' id='word_1_420' title='bbox 2017 5104 2097 5158; x_wconf 90' lang='lat' dir='ltr'><strong>vi-</strong></span> 
     </span>
    </p>
   </div>
   <div class='ocr_carea' id='block_1_53' title="bbox 513 5193 2098 5267">
    <p class='ocr_par' dir='ltr' id='par_1_53' title="bbox 513 5193 2098 5267">
     <span class='ocr_line' id='line_1_53' title="bbox 513 5193 2098 5267; baseline 0.001 -16"><span class='ocrx_word' id='word_1_421' title='bbox 513 5197 702 5251; x_wconf 88' lang='lat' dir='ltr'><strong>ctoria.</strong></span> <span class='ocrx_word' id='word_1_422' title='bbox 728 5193 885 5250; x_wconf 85' lang='lat' dir='ltr'><strong>Modo</strong></span> <span class='ocrx_word' id='word_1_423' title='bbox 916 5202 966 5249; x_wconf 92' lang='lat' dir='ltr'><strong>te</strong></span> <span class='ocrx_word' id='word_1_424' title='bbox 993 5193 1093 5248; x_wconf 86' lang='lat' dir='ltr'><strong>etsi</strong></span> <span class='ocrx_word' id='word_1_425' title='bbox 1119 5204 1404 5266; x_wconf 84' lang='lat' dir='ltr'><strong>oppugnat,</strong></span> <span class='ocrx_word' id='word_1_426' title='bbox 1433 5211 1538 5251; x_wconf 91' lang='lat' dir='ltr'><strong>non</strong></span> <span class='ocrx_word' id='word_1_427' title='bbox 1579 5205 1847 5267; x_wconf 80' lang='lat' dir='ltr'><strong>expugnet</strong></span> <span class='ocrx_word' id='word_1_428' title='bbox 1872 5213 1884 5249; x_wconf 90' lang='lat'><strong>:</strong></span> <span class='ocrx_word' id='word_1_429' title='bbox 1913 5205 2098 5266; x_wconf 88' lang='lat' dir='ltr'><strong>postea</strong></span> 
     </span>
    </p>
   </div>
   <div class='ocr_carea' id='block_1_54' title="bbox 514 5284 2101 5359">
    <p class='ocr_par' dir='ltr' id='par_1_54' title="bbox 514 5284 2101 5359">
     <span class='ocr_line' id='line_1_54' title="bbox 514 5284 2101 5359; baseline 0 -15"><span class='ocrx_word' id='word_1_430' title='bbox 514 5303 638 5344; x_wconf 89' lang='lat' dir='ltr'><strong>cum</strong></span> <span class='ocrx_word' id='word_1_431' title='bbox 685 5287 933 5357; x_wconf 84' lang='lat' dir='ltr'><strong>absorpta</strong></span> <span class='ocrx_word' id='word_1_432' title='bbox 964 5284 1122 5340; x_wconf 78' lang='lat' dir='ltr'><strong>fuerit</strong></span> <span class='ocrx_word' id='word_1_433' title='bbox 1146 5301 1291 5341; x_wconf 90' lang='lat' dir='ltr'><strong>mors</strong></span> <span class='ocrx_word' id='word_1_434' title='bbox 1321 5287 1372 5341; x_wconf 91' lang='lat' dir='ltr'><strong>in</strong></span> <span class='ocrx_word' id='word_1_435' title='bbox 1421 5288 1692 5343; x_wconf 84' lang='lat' dir='ltr'><strong>victoriam</strong></span> <span class='ocrx_word' id='word_1_436' title='bbox 1717 5331 1730 5356; x_wconf 93' lang='lat'><strong>,</strong></span> <span class='ocrx_word' id='word_1_437' title='bbox 1758 5298 1813 5344; x_wconf 91' lang='lat' dir='ltr'><strong>et</strong></span> <span class='ocrx_word' id='word_1_438' title='bbox 1866 5303 2101 5359; x_wconf 86' lang='lat' dir='ltr'><strong>pugnare</strong></span> 
     </span>
    </p>
   </div>
   <div class='ocr_carea' id='block_1_55' title="bbox 515 5378 2103 5448">
    <p class='ocr_par' dir='ltr' id='par_1_55' title="bbox 515 5378 2103 5448">
     <span class='ocr_line' id='line_1_55' title="bbox 515 5378 2103 5448; baseline -0.001 -11"><span class='ocrx_word' id='word_1_439' title='bbox 515 5381 774 5439; x_wconf 85' lang='lat' dir='ltr'><strong>cessabit.</strong></span> <span class='ocrx_word' id='word_1_440' title='bbox 787 5381 921 5448; x_wconf 87' lang='lat' dir='ltr'><strong>Quid</strong></span> <span class='ocrx_word' id='word_1_441' title='bbox 938 5380 1138 5435; x_wconf 88' lang='lat' dir='ltr'><strong>dictum</strong></span> <span class='ocrx_word' id='word_1_442' title='bbox 1153 5379 1269 5435; x_wconf 85' lang='lat' dir='ltr'><strong>est?</strong></span> <span class='ocrx_word' id='word_1_443' title='bbox 1288 5378 1571 5436; x_wconf 83' lang='lat' dir='ltr'><strong>Novissima</strong></span> <span class='ocrx_word' id='word_1_444' title='bbox 1598 5382 1800 5436; x_wconf 85' lang='lat' dir='ltr'><strong>inimica</strong></span> <span class='ocrx_word' id='word_1_445' title='bbox 1821 5382 2103 5436; x_wconf 87' lang='lat' dir='ltr'><strong>destruetur</strong></span> 
     </span>
    </p>
   </div>
   <div class='ocr_carea' id='block_1_56' title="bbox 517 5472 2104 5547">
    <p class='ocr_par' dir='ltr' id='par_1_56' title="bbox 517 5472 2104 5547">
     <span class='ocr_line' id='line_1_56' title="bbox 517 5472 2104 5547; baseline 0.001 -19"><span class='ocrx_word' id='word_1_446' title='bbox 517 5473 765 5546; x_wconf 84' lang='lat' dir='ltr'><strong>mors(Id.</strong></span> <span class='ocrx_word' id='word_1_447' title='bbox 778 5474 868 5547; x_wconf 72' lang='lat'><strong>26)</strong></span> <span class='ocrx_word' id='word_1_448' title='bbox 880 5514 893 5528; x_wconf 96' lang='lat'><strong>.</strong></span> <span class='ocrx_word' id='word_1_449' title='bbox 908 5472 1148 5529; x_wconf 82' lang='lat' dir='ltr'><strong>Reddam</strong></span> <span class='ocrx_word' id='word_1_450' title='bbox 1165 5481 1342 5527; x_wconf 92' lang='lat' dir='ltr'><strong>votum</strong></span> <span class='ocrx_word' id='word_1_451' title='bbox 1362 5488 1557 5528; x_wconf 92' lang='lat' dir='ltr'><strong>meum.</strong></span> <span class='ocrx_word' id='word_1_452' title='bbox 1575 5474 1725 5543; x_wconf 91' lang='lat' dir='ltr'><strong>Quod</strong></span> <span class='ocrx_word' id='word_1_453' title='bbox 1742 5475 1945 5530; x_wconf 86' lang='lat' dir='ltr'><strong>votum?</strong></span> <span class='ocrx_word' id='word_1_454' title='bbox 1961 5474 2104 5543; x_wconf 86' lang='lat' dir='ltr'><strong>Qua-</strong></span> 
     </span>
    </p>
   </div>
   <div class='ocr_carea' id='block_1_57' title="bbox 519 5566 2104 5641">
    <p class='ocr_par' dir='ltr' id='par_1_57' title="bbox 519 5566 2104 5641">
     <span class='ocr_line' id='line_1_57' title="bbox 519 5566 2104 5641; baseline 0.002 -18"><span class='ocrx_word' id='word_1_455' title='bbox 519 5566 563 5623; x_wconf 88' lang='lat' dir='ltr'><strong>si</strong></span> <span class='ocrx_word' id='word_1_456' title='bbox 575 5566 962 5624; x_wconf 87' lang='lat' dir='ltr'><strong>holocaustum.</strong></span> <span class='ocrx_word' id='word_1_457' title='bbox 977 5568 1356 5624; x_wconf 83' lang='lat' dir='ltr'><strong>ﬂolocaustum</strong></span> <span class='ocrx_word' id='word_1_458' title='bbox 1369 5568 1511 5622; x_wconf 90' lang='lat' dir='ltr'><strong>enim</strong></span> <span class='ocrx_word' id='word_1_459' title='bbox 1528 5577 1651 5624; x_wconf 92' lang='lat' dir='ltr'><strong>tunc</strong></span> <span class='ocrx_word' id='word_1_460' title='bbox 1663 5568 1873 5638; x_wconf 89' lang='lat' dir='ltr'><strong>dicitur,</strong></span> <span class='ocrx_word' id='word_1_461' title='bbox 1890 5568 2104 5641; x_wconf 88' lang='lat' dir='ltr'><strong>quando</strong></span> 
     </span>
    </p>
   </div>
   <div class='ocr_carea' id='block_1_58' title="bbox 525 5747 2105 5816">
    <p class='ocr_par' dir='ltr' id='par_1_58' title="bbox 525 5747 2105 5816">
     <span class='ocr_line' id='line_1_58' title="bbox 525 5747 2105 5816; baseline 0.009 -25"><span class='ocrx_word' id='word_1_462' title='bbox 525 5789 527 5791; x_wconf 81' lang='grc'><strong><em>,</em></strong></span> <span class='ocrx_word' id='word_1_463' title='bbox 587 5750 611 5816; x_wconf 56' lang='grc' dir='ltr'><strong>ξ</strong></span> <span class='ocrx_word' id='word_1_464' title='bbox 633 5747 968 5816; x_wconf 61' lang='grc' dir='ltr'><strong>Αιὶῳριμεεη</strong></span> <span class='ocrx_word' id='word_1_465' title='bbox 1002 5750 1166 5816; x_wconf 65' lang='lat' dir='ltr'><strong>etibi.</strong></span> <span class='ocrx_word' id='word_1_466' title='bbox 1191 5757 1246 5802; x_wconf 81' lang='lat' dir='ltr'><strong>Et</strong></span> <span class='ocrx_word' id='word_1_467' title='bbox 1267 5763 1386 5801; x_wconf 89' lang='lat' dir='ltr'><strong>vero</strong></span> <span class='ocrx_word' id='word_1_468' title='bbox 1409 5750 1725 5816; x_wconf 74' lang='lat' dir='ltr'><strong>considerata</strong></span> <span class='ocrx_word' id='word_1_469' title='bbox 1752 5751 2105 5816; x_wconf 82' lang='lat' dir='ltr'><strong>interpretandi</strong></span> 
     </span>
    </p>
   </div>
   <div class='ocr_carea' id='block_1_59' title="bbox 522 5811 1916 5878">
    <p class='ocr_par' dir='ltr' id='par_1_59' title="bbox 522 5811 1916 5878">
     <span class='ocr_line' id='line_1_59' title="bbox 522 5811 1916 5878; baseline 0.001 -16"><span class='ocrx_word' id='word_1_470' title='bbox 522 5811 735 5878; x_wconf 71' lang='lat' dir='ltr'><strong>ratione;</strong></span> <span class='ocrx_word' id='word_1_471' title='bbox 754 5811 895 5878; x_wconf 76' lang='lat' dir='ltr'><strong>facile</strong></span> <span class='ocrx_word' id='word_1_472' title='bbox 916 5813 1264 5878; x_wconf 83' lang='lat' dir='ltr'><strong>crediderimus</strong></span> <span class='ocrx_word' id='word_1_473' title='bbox 1288 5815 1601 5878; x_wconf 52' lang='lat' dir='ltr'><strong>Augustinum</strong></span> <span class='ocrx_word' id='word_1_474' title='bbox 1625 5817 1692 5866; x_wconf 84' lang='lat' dir='ltr'><strong>ita</strong></span> <span class='ocrx_word' id='word_1_475' title='bbox 1715 5811 1916 5878; x_wconf 78' lang='lat' dir='ltr'><strong>legisse.</strong></span> 
     </span>
    </p>
   </div>
   <div class='ocr_carea' id='block_1_60' title="bbox 598 5874 1343 5938">
    <p class='ocr_par' dir='ltr' id='par_1_60' title="bbox 598 5874 1343 5938">
     <span class='ocr_line' id='line_1_60' title="bbox 598 5874 1343 5938; baseline 0 -12"><span class='ocrx_word' id='word_1_476' title='bbox 598 5880 621 5910; x_wconf 76' lang='grc' dir='ltr'><strong><em>ι</em></strong></span> <span class='ocrx_word' id='word_1_477' title='bbox 638 5874 714 5926; x_wconf 81' lang='lat' dir='ltr'><strong>sic</strong></span> <span class='ocrx_word' id='word_1_478' title='bbox 731 5875 838 5926; x_wconf 67' lang='lat' dir='ltr'><strong>MSS.</strong></span> <span class='ocrx_word' id='word_1_479' title='bbox 863 5880 920 5928; x_wconf 73' lang='lat' dir='ltr'><strong>At</strong></span> <span class='ocrx_word' id='word_1_480' title='bbox 937 5874 1072 5936; x_wconf 66' lang='lat' dir='ltr'><strong>ma,</strong></span> <span class='ocrx_word' id='word_1_481' title='bbox 1093 5874 1343 5938; x_wconf 87' lang='lat' dir='ltr'><strong>quomodo.</strong></span> 
     </span>
    </p>
   </div>
   <div class='ocr_carea' id='block_1_61' title="bbox 1707 380 2526 452">
    <p class='ocr_par' dir='ltr' id='par_1_61' title="bbox 1707 380 2526 452">
     <span class='ocr_line' id='line_1_61' title="bbox 1707 380 2526 452; baseline -0.006 -6"><span class='ocrx_word' id='word_1_482' title='bbox 1707 389 1765 446; x_wconf 90' lang='lat' dir='ltr'><strong>S.</strong></span> <span class='ocrx_word' id='word_1_483' title='bbox 1803 381 2169 445; x_wconf 79' lang='lat' dir='ltr'><strong>AUGUSTINI</strong></span> <span class='ocrx_word' id='word_1_484' title='bbox 2206 380 2526 452; x_wconf 37' lang='lat' dir='ltr'><strong>EPISCOPI,</strong></span> 
     </span>
    </p>
   </div>
   <div class='ocr_carea' id='block_1_62' title="bbox 3647 385 3758 442">
    <p class='ocr_par' dir='ltr' id='par_1_62' title="bbox 3647 385 3758 442">
     <span class='ocr_line' id='line_1_62' title="bbox 3647 385 3758 442; baseline 0 0"><span class='ocrx_word' id='word_1_485' title='bbox 3647 385 3758 442; x_wconf 84' lang='lat'><strong>776</strong></span> 
     </span>
    </p>
   </div>
   <div class='ocr_carea' id='block_1_63' title="bbox 2167 495 3759 568">
    <p class='ocr_par' dir='ltr' id='par_1_63' title="bbox 2167 495 3759 568">
     <span class='ocr_line' id='line_1_63' title="bbox 2167 495 3759 568; baseline 0.001 -16"><span class='ocrx_word' id='word_1_486' title='bbox 2167 505 2333 552; x_wconf 91' lang='lat' dir='ltr'><strong>totum</strong></span> <span class='ocrx_word' id='word_1_487' title='bbox 2357 497 2492 568; x_wconf 90' lang='lat' dir='ltr'><strong>ignis</strong></span> <span class='ocrx_word' id='word_1_488' title='bbox 2515 497 2744 553; x_wconf 88' lang='lat' dir='ltr'><strong>absumit</strong></span> <span class='ocrx_word' id='word_1_489' title='bbox 2772 514 2787 552; x_wconf 89' lang='lat'><strong>:</strong></span> <span class='ocrx_word' id='word_1_490' title='bbox 2809 495 3177 553; x_wconf 88' lang='lat' dir='ltr'><strong>holocaustum</strong></span> <span class='ocrx_word' id='word_1_491' title='bbox 3203 496 3516 553; x_wconf 84' lang='lat' dir='ltr'><strong>sacriﬁcium</strong></span> <span class='ocrx_word' id='word_1_492' title='bbox 3539 506 3622 553; x_wconf 91' lang='lat' dir='ltr'><strong>est</strong></span> <span class='ocrx_word' id='word_1_493' title='bbox 3663 500 3759 554; x_wconf 88' lang='lat' dir='ltr'><strong>ubi</strong></span> 
     </span>
    </p>
   </div>
   <div class='ocr_carea' id='block_1_64' title="bbox 2163 591 3760 659">
    <p class='ocr_par' dir='ltr' id='par_1_64' title="bbox 2163 591 3760 659">
     <span class='ocr_line' id='line_1_64' title="bbox 2163 591 3760 659; baseline 0.002 -15"><span class='ocrx_word' id='word_1_494' title='bbox 2163 597 2331 644; x_wconf 91' lang='lat' dir='ltr'><strong>totum</strong></span> <span class='ocrx_word' id='word_1_495' title='bbox 2353 591 2716 657; x_wconf 90' lang='lat' dir='ltr'><strong>consumitur;</strong></span> <span class='ocrx_word' id='word_1_496' title='bbox 2741 598 2844 646; x_wconf 75' lang='grc' dir='ltr'><strong>ὅλον</strong></span> <span class='ocrx_word' id='word_1_497' title='bbox 2869 591 3010 647; x_wconf 91' lang='lat' dir='ltr'><strong>enim</strong></span> <span class='ocrx_word' id='word_1_498' title='bbox 3035 601 3199 654; x_wconf 91' lang='lat' dir='ltr'><strong>totum</strong></span> <span class='ocrx_word' id='word_1_499' title='bbox 3217 591 3428 659; x_wconf 90' lang='lat' dir='ltr'><strong>dicitur,</strong></span> <span class='ocrx_word' id='word_1_500' title='bbox 3458 603 3645 658; x_wconf 79' lang='grc' dir='ltr'><strong>καῦσις,</strong></span> <span class='ocrx_word' id='word_1_501' title='bbox 3670 593 3760 647; x_wconf 90' lang='lat' dir='ltr'><strong>in-</strong></span> 
     </span>
    </p>
   </div>
   <div class='ocr_carea' id='block_1_65' title="bbox 2163 683 3760 755">
    <p class='ocr_par' dir='ltr' id='par_1_65' title="bbox 2163 683 3760 755">
     <span class='ocr_line' id='line_1_65' title="bbox 2163 683 3760 755; baseline 0 -17"><span class='ocrx_word' id='word_1_502' title='bbox 2163 684 2364 738; x_wconf 89' lang='lat' dir='ltr'><strong>censio.</strong></span> <span class='ocrx_word' id='word_1_503' title='bbox 2391 683 2770 741; x_wconf 88' lang='lat' dir='ltr'><strong>Holocaustum</strong></span> <span class='ocrx_word' id='word_1_504' title='bbox 2803 693 2975 740; x_wconf 93' lang='lat' dir='ltr'><strong>totum</strong></span> <span class='ocrx_word' id='word_1_505' title='bbox 3007 685 3302 739; x_wconf 90' lang='lat' dir='ltr'><strong>incensum.</strong></span> <span class='ocrx_word' id='word_1_506' title='bbox 3346 685 3580 753; x_wconf 80' lang='lat' dir='ltr'><strong>Arripiat</strong></span> <span class='ocrx_word' id='word_1_507' title='bbox 3627 699 3760 755; x_wconf 87' lang='lat' dir='ltr'><strong>ergo</strong></span> 
     </span>
    </p>
   </div>
   <div class='ocr_carea' id='block_1_66' title="bbox 2164 775 3760 846">
    <p class='ocr_par' dir='ltr' id='par_1_66' title="bbox 2164 775 3760 846">
     <span class='ocr_line' id='line_1_66' title="bbox 2164 775 3760 846; baseline 0.001 -17"><span class='ocrx_word' id='word_1_508' title='bbox 2164 789 2263 829; x_wconf 91' lang='lat' dir='ltr'><strong>nos</strong></span> <span class='ocrx_word' id='word_1_509' title='bbox 2296 775 2452 846; x_wconf 80' lang='lat' dir='ltr'><strong>ignis,</strong></span> <span class='ocrx_word' id='word_1_510' title='bbox 2502 777 2636 846; x_wconf 81' lang='lat' dir='ltr'><strong>ignis</strong></span> <span class='ocrx_word' id='word_1_511' title='bbox 2687 777 2902 832; x_wconf 89' lang='lat' dir='ltr'><strong>divinus</strong></span> <span class='ocrx_word' id='word_1_512' title='bbox 2961 777 3012 831; x_wconf 92' lang='lat' dir='ltr'><strong>in</strong></span> <span class='ocrx_word' id='word_1_513' title='bbox 3064 775 3358 832; x_wconf 85' lang='lat' dir='ltr'><strong>Jerusalem</strong></span> <span class='ocrx_word' id='word_1_514' title='bbox 3393 795 3407 831; x_wconf 91' lang='lat'><strong>:</strong></span> <span class='ocrx_word' id='word_1_515' title='bbox 3439 776 3760 846; x_wconf 89' lang='lat' dir='ltr'><strong>incipiamus</strong></span> 
     </span>
    </p>
   </div>
   <div class='ocr_carea' id='block_1_67' title="bbox 2164 855 3760 935">
    <p class='ocr_par' dir='ltr' id='par_1_67' title="bbox 2164 855 3760 935">
     <span class='ocr_line' id='line_1_67' title="bbox 2164 855 3760 935; baseline 0.002 -16"><span class='ocrx_word' id='word_1_516' title='bbox 2164 865 2357 922; x_wconf 85' lang='lat' dir='ltr'><strong>ardere</strong></span> <span class='ocrx_word' id='word_1_517' title='bbox 2374 867 2650 934; x_wconf 89' lang='lat' dir='ltr'><strong>charitate,</strong></span> <span class='ocrx_word' id='word_1_518' title='bbox 2675 869 2847 925; x_wconf 92' lang='lat' dir='ltr'><strong>donec</strong></span> <span class='ocrx_word' id='word_1_519' title='bbox 2875 878 3042 923; x_wconf 91' lang='lat' dir='ltr'><strong>totum</strong></span> <span class='ocrx_word' id='word_1_520' title='bbox 3063 871 3287 924; x_wconf 88' lang='lat' dir='ltr'><strong>mortale</strong></span> <span class='ocrx_word' id='word_1_521' title='bbox 3303 855 3673 935; x_wconf 89' lang='lat' dir='ltr'><strong>consumatur,</strong></span> <span class='ocrx_word' id='word_1_522' title='bbox 3703 877 3760 923; x_wconf 89' lang='lat' dir='ltr'><strong>et</strong></span> 
     </span>
    </p>
   </div>
   <div class='ocr_carea' id='block_1_68' title="bbox 2166 958 3755 1027">
    <p class='ocr_par' dir='ltr' id='par_1_68' title="bbox 2166 958 3755 1027">
     <span class='ocr_line' id='line_1_68' title="bbox 2166 958 3755 1027; baseline 0.002 -14"><span class='ocrx_word' id='word_1_523' title='bbox 2166 958 2304 1027; x_wconf 92' lang='lat' dir='ltr'><strong>quod</strong></span> <span class='ocrx_word' id='word_1_524' title='bbox 2327 969 2510 1014; x_wconf 90' lang='lat' dir='ltr'><strong>contra</strong></span> <span class='ocrx_word' id='word_1_525' title='bbox 2556 975 2653 1015; x_wconf 92' lang='lat' dir='ltr'><strong>uos</strong></span> <span class='ocrx_word' id='word_1_526' title='bbox 2696 959 2983 1025; x_wconf 80' lang='lat' dir='ltr'><strong>fuerit,eat</strong></span> <span class='ocrx_word' id='word_1_527' title='bbox 3031 961 3084 1015; x_wconf 91' lang='lat' dir='ltr'><strong>in</strong></span> <span class='ocrx_word' id='word_1_528' title='bbox 3131 960 3453 1016; x_wconf 85' lang='lat' dir='ltr'><strong>sacriﬁcium</strong></span> <span class='ocrx_word' id='word_1_529' title='bbox 3506 960 3755 1016; x_wconf 90' lang='lat' dir='ltr'><strong>Domino.</strong></span> 
     </span>
    </p>
   </div>
   <div class='ocr_carea' id='block_1_69' title="bbox 2167 1047 3760 1123">
    <p class='ocr_par' dir='ltr' id='par_1_69' title="bbox 2167 1047 3760 1123">
     <span class='ocr_line' id='line_1_69' title="bbox 2167 1047 3760 1123; baseline 0.003 -20"><span class='ocrx_word' id='word_1_530' title='bbox 2167 1047 2321 1104; x_wconf 93' lang='lat' dir='ltr'><strong>Unde</strong></span> <span class='ocrx_word' id='word_1_531' title='bbox 2349 1049 2470 1104; x_wconf 91' lang='lat' dir='ltr'><strong>alibi</strong></span> <span class='ocrx_word' id='word_1_532' title='bbox 2497 1050 2692 1106; x_wconf 89' lang='lat' dir='ltr'><strong>dicitur</strong></span> <span class='ocrx_word' id='word_1_533' title='bbox 2721 1069 2734 1109; x_wconf 90' lang='lat'><strong>:</strong></span> <span class='ocrx_word' id='word_1_534' title='bbox 2775 1071 2794 1104; x_wconf 86' lang='grc'><strong>‹</strong></span> <span class='ocrx_word' id='word_1_535' title='bbox 2827 1052 3062 1123; x_wconf 83' lang='lat' dir='ltr'><strong>Benigne</strong></span> <span class='ocrx_word' id='word_1_536' title='bbox 3113 1051 3218 1118; x_wconf 87' lang='lat' dir='ltr'><strong>fac,</strong></span> <span class='ocrx_word' id='word_1_537' title='bbox 3253 1053 3497 1116; x_wconf 89' lang='lat' dir='ltr'><strong>Domine,</strong></span> <span class='ocrx_word' id='word_1_538' title='bbox 3521 1054 3575 1108; x_wconf 92' lang='lat' dir='ltr'><strong>in</strong></span> <span class='ocrx_word' id='word_1_539' title='bbox 3616 1055 3760 1109; x_wconf 85' lang='lat' dir='ltr'><strong>bona</strong></span> 
     </span>
    </p>
   </div>
   <div class='ocr_carea' id='block_1_70' title="bbox 2174 1142 3757 1210">
    <p class='ocr_par' dir='ltr' id='par_1_70' title="bbox 2174 1142 3757 1210">
     <span class='ocr_line' id='line_1_70' title="bbox 2174 1142 3757 1210; baseline 0.004 -16"><span class='ocrx_word' id='word_1_540' title='bbox 2174 1159 2194 1194; x_wconf 72' lang='grc' dir='ltr'><strong><em>ι</em></strong></span> <span class='ocrx_word' id='word_1_541' title='bbox 2230 1142 2499 1198; x_wconf 86' lang='lat' dir='ltr'><strong>voluntate</strong></span> <span class='ocrx_word' id='word_1_542' title='bbox 2525 1153 2610 1199; x_wconf 90' lang='lat' dir='ltr'><strong>tua</strong></span> <span class='ocrx_word' id='word_1_543' title='bbox 2638 1144 2788 1210; x_wconf 92' lang='lat' dir='ltr'><strong>Sion,</strong></span> <span class='ocrx_word' id='word_1_544' title='bbox 2814 1154 2873 1200; x_wconf 90' lang='lat' dir='ltr'><strong>ut</strong></span> <span class='ocrx_word' id='word_1_545' title='bbox 2898 1145 3227 1200; x_wconf 75' lang='lat' dir='ltr'><strong>a-diﬁcentur</strong></span> <span class='ocrx_word' id='word_1_546' title='bbox 3259 1147 3394 1200; x_wconf 89' lang='lat' dir='ltr'><strong>muri</strong></span> <span class='ocrx_word' id='word_1_547' title='bbox 3418 1146 3714 1202; x_wconf 82' lang='lat' dir='ltr'><strong>Jerusalem</strong></span> <span class='ocrx_word' id='word_1_548' title='bbox 3742 1164 3757 1200; x_wconf 91' lang='lat'><strong>:</strong></span> 
     </span>
    </p>
   </div>
   <div class='ocr_carea' id='block_1_71' title="bbox 2175 1238 3759 1310">
    <p class='ocr_par' dir='ltr' id='par_1_71' title="bbox 2175 1238 3759 1310">
     <span class='ocr_line' id='line_1_71' title="bbox 2175 1238 3759 1310; baseline 0.007 -24"><span class='ocrx_word' id='word_1_549' title='bbox 2175 1253 2194 1286; x_wconf 73' lang='grc' dir='ltr'><strong><em>ι</em></strong></span> <span class='ocrx_word' id='word_1_550' title='bbox 2233 1245 2356 1291; x_wconf 88' lang='lat' dir='ltr'><strong>tunc</strong></span> <span class='ocrx_word' id='word_1_551' title='bbox 2377 1239 2678 1308; x_wconf 87' lang='lat' dir='ltr'><strong>acceptabis</strong></span> <span class='ocrx_word' id='word_1_552' title='bbox 2717 1238 3034 1294; x_wconf 82' lang='lat' dir='ltr'><strong>sacriﬁcium</strong></span> <span class='ocrx_word' id='word_1_553' title='bbox 3079 1238 3318 1310; x_wconf 64' lang='lat' dir='ltr'><strong>justitizn,</strong></span> <span class='ocrx_word' id='word_1_554' title='bbox 3358 1241 3658 1296; x_wconf 88' lang='lat' dir='ltr'><strong>oblationes</strong></span> <span class='ocrx_word' id='word_1_555' title='bbox 3704 1249 3759 1296; x_wconf 83' lang='lat' dir='ltr'><strong>et</strong></span> 
     </span>
    </p>
   </div>
   <div class='ocr_carea' id='block_1_72' title="bbox 2175 1328 3758 1403">
    <p class='ocr_par' dir='ltr' id='par_1_72' title="bbox 2175 1328 3758 1403">
     <span class='ocr_line' id='line_1_72' title="bbox 2175 1328 3758 1403; baseline 0.006 -23"><span class='ocrx_word' id='word_1_556' title='bbox 2175 1345 2194 1380; x_wconf 72' lang='grc' dir='ltr'>ι</span> <span class='ocrx_word' id='word_1_557' title='bbox 2229 1328 2538 1386; x_wconf 85' lang='lat' dir='ltr'><strong>holocausta</strong></span> <span class='ocrx_word' id='word_1_558' title='bbox 2589 1330 2759 1402; x_wconf 83' lang='lat' dir='ltr'><strong>(Psal.</strong></span> <span class='ocrx_word' id='word_1_559' title='bbox 2809 1349 2859 1396; x_wconf 77' lang='grc' dir='ltr'><strong>ι,</strong></span> <span class='ocrx_word' id='word_1_560' title='bbox 2912 1331 3002 1396; x_wconf 74' lang='lat'><strong>20,</strong></span> <span class='ocrx_word' id='word_1_561' title='bbox 3035 1331 3152 1402; x_wconf 75' lang='lat'><strong>2|).</strong></span> <span class='ocrx_word' id='word_1_562' title='bbox 3188 1332 3264 1388; x_wconf 89' lang='lat' dir='ltr'><strong>Te</strong></span> <span class='ocrx_word' id='word_1_563' title='bbox 3321 1331 3475 1388; x_wconf 86' lang='lat' dir='ltr'><strong>decet</strong></span> <span class='ocrx_word' id='word_1_564' title='bbox 3504 1333 3758 1403; x_wconf 79' lang='lat' dir='ltr'><strong>hymnus,</strong></span> 
     </span>
    </p>
   </div>
   <div class='ocr_carea' id='block_1_73' title="bbox 2177 1420 3762 1489">
    <p class='ocr_par' dir='ltr' id='par_1_73' title="bbox 2177 1420 3762 1489">
     <span class='ocr_line' id='line_1_73' title="bbox 2177 1420 3762 1489; baseline 0.004 -16"><span class='ocrx_word' id='word_1_565' title='bbox 2177 1438 2196 1472; x_wconf 75' lang='grc' dir='ltr'>ι</span> <span class='ocrx_word' id='word_1_566' title='bbox 2232 1420 2374 1476; x_wconf 92' lang='lat' dir='ltr'><strong>Deus</strong></span> <span class='ocrx_word' id='word_1_567' title='bbox 2400 1422 2452 1475; x_wconf 94' lang='lat' dir='ltr'><strong>in</strong></span> <span class='ocrx_word' id='word_1_568' title='bbox 2482 1422 2608 1476; x_wconf 87' lang='lat' dir='ltr'><strong>Sion</strong></span> <span class='ocrx_word' id='word_1_569' title='bbox 2640 1439 2655 1489; x_wconf 92' lang='lat'><strong>;</strong></span> <span class='ocrx_word' id='word_1_570' title='bbox 2686 1431 2741 1477; x_wconf 91' lang='lat' dir='ltr'><strong>et</strong></span> <span class='ocrx_word' id='word_1_571' title='bbox 2786 1423 2880 1477; x_wconf 92' lang='lat' dir='ltr'><strong>tibi</strong></span> <span class='ocrx_word' id='word_1_572' title='bbox 2920 1423 3174 1480; x_wconf 88' lang='lat' dir='ltr'><strong>reddetur</strong></span> <span class='ocrx_word' id='word_1_573' title='bbox 3214 1435 3392 1479; x_wconf 90' lang='lat' dir='ltr'><strong>votum</strong></span> <span class='ocrx_word' id='word_1_574' title='bbox 3441 1425 3495 1479; x_wconf 93' lang='lat' dir='ltr'><strong>in</strong></span> <span class='ocrx_word' id='word_1_575' title='bbox 3543 1425 3762 1480; x_wconf 84' lang='lat' dir='ltr'><strong>Jerusa-</strong></span> 
     </span>
    </p>
   </div>
   <div class='ocr_carea' id='block_1_74' title="bbox 2177 1511 3761 1586">
    <p class='ocr_par' dir='ltr' id='par_1_74' title="bbox 2177 1511 3761 1586">
     <span class='ocr_line' id='line_1_74' title="bbox 2177 1511 3761 1586; baseline 0.006 -24"><span class='ocrx_word' id='word_1_576' title='bbox 2177 1528 2196 1562; x_wconf 70' lang='grc' dir='ltr'><strong>ε</strong></span> <span class='ocrx_word' id='word_1_577' title='bbox 2231 1511 2390 1566; x_wconf 67' lang='lat' dir='ltr'><strong>lem.)</strong></span> <span class='ocrx_word' id='word_1_578' title='bbox 2421 1511 2718 1579; x_wconf 83' lang='lat' dir='ltr'><strong>Quaerimus</strong></span> <span class='ocrx_word' id='word_1_579' title='bbox 2744 1513 2852 1582; x_wconf 90' lang='lat' dir='ltr'><strong>hic,</strong></span> <span class='ocrx_word' id='word_1_580' title='bbox 2885 1530 2952 1570; x_wconf 92' lang='lat' dir='ltr'><strong>ne</strong></span> <span class='ocrx_word' id='word_1_581' title='bbox 2977 1515 3112 1570; x_wconf 84' lang='lat' dir='ltr'><strong>forte</strong></span> <span class='ocrx_word' id='word_1_582' title='bbox 3148 1515 3263 1570; x_wconf 81' lang='lat' dir='ltr'><strong>Rex</strong></span> <span class='ocrx_word' id='word_1_583' title='bbox 3298 1515 3451 1570; x_wconf 93' lang='lat' dir='ltr'><strong>nobis</strong></span> <span class='ocrx_word' id='word_1_584' title='bbox 3493 1517 3658 1586; x_wconf 91' lang='lat' dir='ltr'><strong>ipsius</strong></span> <span class='ocrx_word' id='word_1_585' title='bbox 3679 1517 3761 1572; x_wconf 81' lang='lat' dir='ltr'><strong>ci-</strong></span> 
     </span>
    </p>
   </div>
   <div class='ocr_carea' id='block_1_75' title="bbox 2171 1603 3762 1670">
    <p class='ocr_par' dir='ltr' id='par_1_75' title="bbox 2171 1603 3762 1670">
     <span class='ocr_line' id='line_1_75' title="bbox 2171 1603 3762 1670; baseline 0.006 -13"><span class='ocrx_word' id='word_1_586' title='bbox 2171 1603 2347 1660; x_wconf 89' lang='lat' dir='ltr'><strong>vitatis</strong></span> <span class='ocrx_word' id='word_1_587' title='bbox 2366 1605 2791 1670; x_wconf 89' lang='lat' dir='ltr'><strong>commendetur,</strong></span> <span class='ocrx_word' id='word_1_588' title='bbox 2826 1607 3082 1663; x_wconf 89' lang='lat' dir='ltr'><strong>Dominus</strong></span> <span class='ocrx_word' id='word_1_589' title='bbox 3111 1617 3167 1663; x_wconf 92' lang='lat' dir='ltr'><strong>et</strong></span> <span class='ocrx_word' id='word_1_590' title='bbox 3192 1609 3438 1664; x_wconf 87' lang='lat' dir='ltr'><strong>Salvator</strong></span> <span class='ocrx_word' id='word_1_591' title='bbox 3467 1619 3650 1664; x_wconf 88' lang='lat' dir='ltr'><strong>noster</strong></span> <span class='ocrx_word' id='word_1_592' title='bbox 3673 1610 3762 1666; x_wconf 83' lang='lat' dir='ltr'><strong>Je-</strong></span> 
     </span>
    </p>
   </div>
   <div class='ocr_carea' id='block_1_76' title="bbox 2171 1695 3762 1770">
    <p class='ocr_par' dir='ltr' id='par_1_76' title="bbox 2171 1695 3762 1770">
     <span class='ocr_line' id='line_1_76' title="bbox 2171 1695 3762 1770; baseline 0.004 -21"><span class='ocrx_word' id='word_1_593' title='bbox 2171 1708 2262 1750; x_wconf 90' lang='lat' dir='ltr'><strong>sus</strong></span> <span class='ocrx_word' id='word_1_594' title='bbox 2297 1695 2543 1750; x_wconf 88' lang='lat' dir='ltr'><strong>Christus</strong></span> <span class='ocrx_word' id='word_1_595' title='bbox 2579 1712 2592 1748; x_wconf 90' lang='lat'><strong>:</strong></span> <span class='ocrx_word' id='word_1_596' title='bbox 2625 1707 2902 1753; x_wconf 89' lang='lat' dir='ltr'><strong>cantemus</strong></span> <span class='ocrx_word' id='word_1_597' title='bbox 2947 1715 3074 1770; x_wconf 90' lang='lat' dir='ltr'><strong>ergo</strong></span> <span class='ocrx_word' id='word_1_598' title='bbox 3116 1699 3286 1756; x_wconf 88' lang='lat' dir='ltr'><strong>donec</strong></span> <span class='ocrx_word' id='word_1_599' title='bbox 3331 1699 3398 1755; x_wconf 89' lang='lat' dir='ltr'><strong>ad</strong></span> <span class='ocrx_word' id='word_1_600' title='bbox 3431 1701 3762 1756; x_wconf 87' lang='lat' dir='ltr'><strong>evidentiora</strong></span> 
     </span>
    </p>
   </div>
   <div class='ocr_carea' id='block_1_77' title="bbox 2172 1791 3764 1865">
    <p class='ocr_par' dir='ltr' id='par_1_77' title="bbox 2172 1791 3764 1865">
     <span class='ocr_line' id='line_1_77' title="bbox 2172 1791 3764 1865; baseline 0.005 -21"><span class='ocrx_word' id='word_1_601' title='bbox 2172 1791 2560 1860; x_wconf 89' lang='lat' dir='ltr'><strong>perveniamus.</strong></span> <span class='ocrx_word' id='word_1_602' title='bbox 2591 1791 2812 1848; x_wconf 90' lang='lat' dir='ltr'><strong>Possem</strong></span> <span class='ocrx_word' id='word_1_603' title='bbox 2853 1793 2994 1848; x_wconf 91' lang='lat' dir='ltr'><strong>enim</strong></span> <span class='ocrx_word' id='word_1_604' title='bbox 3036 1793 3146 1865; x_wconf 91' lang='lat' dir='ltr'><strong>jam</strong></span> <span class='ocrx_word' id='word_1_605' title='bbox 3189 1794 3369 1850; x_wconf 88' lang='lat' dir='ltr'><strong>dicere</strong></span> <span class='ocrx_word' id='word_1_606' title='bbox 3421 1795 3598 1864; x_wconf 92' lang='lat' dir='ltr'><strong>ipsum</strong></span> <span class='ocrx_word' id='word_1_607' title='bbox 3640 1810 3764 1852; x_wconf 88' lang='lat' dir='ltr'><strong>esse</strong></span> 
     </span>
    </p>
   </div>
   <div class='ocr_carea' id='block_1_78' title="bbox 2172 1882 3764 1957">
    <p class='ocr_par' dir='ltr' id='par_1_78' title="bbox 2172 1882 3764 1957">
     <span class='ocr_line' id='line_1_78' title="bbox 2172 1882 3764 1957; baseline 0.001 -18"><span class='ocrx_word' id='word_1_608' title='bbox 2172 1884 2257 1939; x_wconf 89' lang='lat' dir='ltr'><strong>cui</strong></span> <span class='ocrx_word' id='word_1_609' title='bbox 2305 1883 2532 1938; x_wconf 88' lang='lat' dir='ltr'><strong>dicitur:</strong></span> <span class='ocrx_word' id='word_1_610' title='bbox 2568 1882 2636 1938; x_wconf 88' lang='lat' dir='ltr'><strong>Te</strong></span> <span class='ocrx_word' id='word_1_611' title='bbox 2661 1885 2797 1940; x_wconf 88' lang='lat' dir='ltr'><strong>decet</strong></span> <span class='ocrx_word' id='word_1_612' title='bbox 2839 1887 3055 1957; x_wconf 80' lang='lat' dir='ltr'><strong>hymnus</strong></span> <span class='ocrx_word' id='word_1_613' title='bbox 3077 1927 3093 1954; x_wconf 96' lang='lat'><strong>,</strong></span> <span class='ocrx_word' id='word_1_614' title='bbox 3138 1886 3297 1954; x_wconf 84' lang='lat' dir='ltr'><strong>Deus,</strong></span> <span class='ocrx_word' id='word_1_615' title='bbox 3324 1888 3378 1942; x_wconf 86' lang='lat' dir='ltr'><strong>in</strong></span> <span class='ocrx_word' id='word_1_616' title='bbox 3413 1887 3583 1956; x_wconf 85' lang='lat' dir='ltr'><strong>Sion;</strong></span> <span class='ocrx_word' id='word_1_617' title='bbox 3605 1899 3650 1942; x_wconf 90' lang='lat' dir='ltr'><strong>et</strong></span> <span class='ocrx_word' id='word_1_618' title='bbox 3675 1888 3764 1941; x_wconf 72' lang='lat' dir='ltr'><strong>tibi</strong></span> 
     </span>
    </p>
   </div>
   <div class='ocr_carea' id='block_1_79' title="bbox 2173 1975 3764 2046">
    <p class='ocr_par' dir='ltr' id='par_1_79' title="bbox 2173 1975 3764 2046">
     <span class='ocr_line' id='line_1_79' title="bbox 2173 1975 3764 2046; baseline 0.004 -18"><span class='ocrx_word' id='word_1_619' title='bbox 2173 1975 2409 2030; x_wconf 85' lang='lat' dir='ltr'><strong>reddetur</strong></span> <span class='ocrx_word' id='word_1_620' title='bbox 2443 1986 2614 2030; x_wconf 79' lang='lat' dir='ltr'><strong>votum</strong></span> <span class='ocrx_word' id='word_1_621' title='bbox 2655 1978 2709 2031; x_wconf 89' lang='lat' dir='ltr'><strong>in</strong></span> <span class='ocrx_word' id='word_1_622' title='bbox 2751 1977 3055 2033; x_wconf 81' lang='lat' dir='ltr'><strong>Jerusalem.</strong></span> <span class='ocrx_word' id='word_1_623' title='bbox 3086 1978 3193 2036; x_wconf 86' lang='lat' dir='ltr'><strong>Sed</strong></span> <span class='ocrx_word' id='word_1_624' title='bbox 3247 1980 3292 2034; x_wconf 87' lang='lat' dir='ltr'><strong>si</strong></span> <span class='ocrx_word' id='word_1_625' title='bbox 3343 1979 3601 2046; x_wconf 87' lang='lat' dir='ltr'><strong>dicerem,</strong></span> <span class='ocrx_word' id='word_1_626' title='bbox 3629 1980 3764 2034; x_wconf 87' lang='lat' dir='ltr'><strong>mihi</strong></span> 
     </span>
    </p>
   </div>
   <div class='ocr_carea' id='block_1_80' title="bbox 2173 2069 3764 2140">
    <p class='ocr_par' dir='ltr' id='par_1_80' title="bbox 2173 2069 3764 2140">
     <span class='ocr_line' id='line_1_80' title="bbox 2173 2069 3764 2140; baseline 0.006 -18"><span class='ocrx_word' id='word_1_627' title='bbox 2173 2069 2350 2139; x_wconf 92' lang='lat' dir='ltr'><strong>potius</strong></span> <span class='ocrx_word' id='word_1_628' title='bbox 2373 2084 2532 2139; x_wconf 86' lang='lat' dir='ltr'><strong>quam</strong></span> <span class='ocrx_word' id='word_1_629' title='bbox 2565 2069 2855 2140; x_wconf 64' lang='lat' dir='ltr'><strong>Scriptura:</strong></span> <span class='ocrx_word' id='word_1_630' title='bbox 2883 2072 3224 2137; x_wconf 88' lang='lat' dir='ltr'><strong>crederetur;</strong></span> <span class='ocrx_word' id='word_1_631' title='bbox 3253 2082 3309 2128; x_wconf 90' lang='lat' dir='ltr'><strong>et</strong></span> <span class='ocrx_word' id='word_1_632' title='bbox 3331 2072 3452 2129; x_wconf 88' lang='lat' dir='ltr'><strong>ideo</strong></span> <span class='ocrx_word' id='word_1_633' title='bbox 3476 2073 3614 2131; x_wconf 78' lang='lat' dir='ltr'><strong>forte</strong></span> <span class='ocrx_word' id='word_1_634' title='bbox 3655 2090 3764 2130; x_wconf 87' lang='lat' dir='ltr'><strong>non</strong></span> 
     </span>
    </p>
   </div>
   <div class='ocr_carea' id='block_1_81' title="bbox 2175 2159 3298 2235">
    <p class='ocr_par' dir='ltr' id='par_1_81' title="bbox 2175 2159 3298 2235">
     <span class='ocr_line' id='line_1_81' title="bbox 2175 2159 3298 2235; baseline 0.005 -21"><span class='ocrx_word' id='word_1_635' title='bbox 2175 2159 2304 2215; x_wconf 89' lang='lat' dir='ltr'><strong>mihi</strong></span> <span class='ocrx_word' id='word_1_636' title='bbox 2326 2160 2652 2216; x_wconf 90' lang='lat' dir='ltr'><strong>crederetur.</strong></span> <span class='ocrx_word' id='word_1_637' title='bbox 2683 2163 2972 2218; x_wconf 83' lang='lat' dir='ltr'><strong>Audiamus</strong></span> <span class='ocrx_word' id='word_1_638' title='bbox 3004 2165 3298 2235; x_wconf 87' lang='lat' dir='ltr'><strong>sequentia.</strong></span> 
     </span>
    </p>
   </div>
   <div class='ocr_carea' id='block_1_82' title="bbox 2248 2251 3766 2328">
    <p class='ocr_par' dir='ltr' id='par_1_82' title="bbox 2248 2251 3766 2328">
     <span class='ocr_line' id='line_1_82' title="bbox 2248 2251 3766 2328; baseline 0.004 -20"><span class='ocrx_word' id='word_1_639' title='bbox 2248 2253 2302 2308; x_wconf 86' lang='lat'><strong>5.</strong></span> <span class='ocrx_word' id='word_1_640' title='bbox 2334 2251 2482 2326; x_wconf 55' lang='lat' dir='ltr'><strong>[verm</strong></span> <span class='ocrx_word' id='word_1_641' title='bbox 2511 2252 2590 2327; x_wconf 80' lang='lat'><strong>3.]</strong></span> <span class='ocrx_word' id='word_1_642' title='bbox 2619 2253 2848 2321; x_wconf 73' lang='lat' dir='ltr'><strong>Exaudi,</strong></span> <span class='ocrx_word' id='word_1_643' title='bbox 2876 2257 3070 2328; x_wconf 90' lang='lat' dir='ltr'><strong>inquit,</strong></span> <span class='ocrx_word' id='word_1_644' title='bbox 3100 2259 3379 2312; x_wconf 84' lang='lat' dir='ltr'><strong>orationem</strong></span> <span class='ocrx_word' id='word_1_645' title='bbox 3403 2274 3563 2312; x_wconf 85' lang='lat' dir='ltr'><strong>nteam</strong></span> <span class='ocrx_word' id='word_1_646' title='bbox 3588 2274 3607 2312; x_wconf 88' lang='lat'><strong><em>:</em></strong></span> <span class='ocrx_word' id='word_1_647' title='bbox 3633 2260 3700 2312; x_wconf 89' lang='lat' dir='ltr'><strong>ad</strong></span> <span class='ocrx_word' id='word_1_648' title='bbox 3718 2268 3766 2314; x_wconf 88' lang='lat' dir='ltr'><strong>te</strong></span> 
     </span>
    </p>
   </div>
   <div class='ocr_carea' id='block_1_83' title="bbox 2178 2345 3764 2419">
    <p class='ocr_par' dir='ltr' id='par_1_83' title="bbox 2178 2345 3764 2419">
     <span class='ocr_line' id='line_1_83' title="bbox 2178 2345 3764 2419; baseline 0.004 -20"><span class='ocrx_word' id='word_1_649' title='bbox 2178 2345 2340 2400; x_wconf 85' lang='lat' dir='ltr'><strong>omnis</strong></span> <span class='ocrx_word' id='word_1_650' title='bbox 2382 2363 2502 2401; x_wconf 89' lang='lat' dir='ltr'><strong>caro</strong></span> <span class='ocrx_word' id='word_1_651' title='bbox 2540 2349 2717 2402; x_wconf 84' lang='lat' dir='ltr'><strong>veniet.</strong></span> <span class='ocrx_word' id='word_1_652' title='bbox 2767 2348 2837 2404; x_wconf 90' lang='lat' dir='ltr'><strong>Et</strong></span> <span class='ocrx_word' id='word_1_653' title='bbox 2878 2349 3134 2406; x_wconf 87' lang='lat' dir='ltr'><strong>habemus</strong></span> <span class='ocrx_word' id='word_1_654' title='bbox 3166 2351 3446 2406; x_wconf 90' lang='lat' dir='ltr'><strong>Dominum</strong></span> <span class='ocrx_word' id='word_1_655' title='bbox 3474 2351 3764 2419; x_wconf 86' lang='lat' dir='ltr'><strong>dicentem,</strong></span> 
     </span>
    </p>
   </div>
   <div class='ocr_carea' id='block_1_84' title="bbox 2179 2436 3762 2516">
    <p class='ocr_par' dir='ltr' id='par_1_84' title="bbox 2179 2436 3762 2516">
     <span class='ocr_line' id='line_1_84' title="bbox 2179 2436 3762 2516; baseline 0.001 -24"><span class='ocrx_word' id='word_1_656' title='bbox 2179 2436 2357 2492; x_wconf 88' lang='lat' dir='ltr'><strong>datam</strong></span> <span class='ocrx_word' id='word_1_657' title='bbox 2383 2437 2484 2494; x_wconf 88' lang='lat' dir='ltr'><strong>sibi</strong></span> <span class='ocrx_word' id='word_1_658' title='bbox 2525 2448 2842 2509; x_wconf 84' lang='lat' dir='ltr'><strong>potestatem</strong></span> <span class='ocrx_word' id='word_1_659' title='bbox 2886 2445 3059 2496; x_wconf 89' lang='lat' dir='ltr'><strong>omnis</strong></span> <span class='ocrx_word' id='word_1_660' title='bbox 3101 2443 3279 2499; x_wconf 87' lang='lat' dir='ltr'><strong>carnis</strong></span> <span class='ocrx_word' id='word_1_661' title='bbox 3310 2441 3481 2516; x_wconf 86' lang='lat' dir='ltr'><strong>(Joan.</strong></span> <span class='ocrx_word' id='word_1_662' title='bbox 3516 2459 3648 2508; x_wconf 85' lang='lat' dir='ltr'><strong>xvu,</strong></span> <span class='ocrx_word' id='word_1_663' title='bbox 3677 2440 3762 2513; x_wconf 75' lang='lat'><strong>2).</strong></span> 
     </span>
    </p>
   </div>
   <div class='ocr_carea' id='block_1_85' title="bbox 2178 2527 3762 2602">
    <p class='ocr_par' dir='ltr' id='par_1_85' title="bbox 2178 2527 3762 2602">
     <span class='ocr_line' id='line_1_85' title="bbox 2178 2527 3762 2602; baseline 0.003 -20"><span class='ocrx_word' id='word_1_664' title='bbox 2178 2527 2353 2598; x_wconf 74' lang='lat' dir='ltr'><strong>Cmpit</strong></span> <span class='ocrx_word' id='word_1_665' title='bbox 2395 2544 2522 2598; x_wconf 86' lang='lat' dir='ltr'><strong>ergo</strong></span> <span class='ocrx_word' id='word_1_666' title='bbox 2565 2545 2826 2600; x_wconf 86' lang='lat' dir='ltr'><strong>apparere</strong></span> <span class='ocrx_word' id='word_1_667' title='bbox 2867 2531 2976 2602; x_wconf 86' lang='lat' dir='ltr'><strong>jam</strong></span> <span class='ocrx_word' id='word_1_668' title='bbox 3005 2532 3121 2588; x_wconf 82' lang='lat' dir='ltr'><strong>Rex</strong></span> <span class='ocrx_word' id='word_1_669' title='bbox 3148 2533 3270 2601; x_wconf 92' lang='lat' dir='ltr'><strong>ille,</strong></span> <span class='ocrx_word' id='word_1_670' title='bbox 3311 2549 3430 2588; x_wconf 91' lang='lat' dir='ltr'><strong>cum</strong></span> <span class='ocrx_word' id='word_1_671' title='bbox 3471 2533 3762 2599; x_wconf 83' lang='lat' dir='ltr'><strong>diceretur,</strong></span> 
     </span>
    </p>
   </div>
   <div class='ocr_carea' id='block_1_86' title="bbox 2180 2619 3770 2694">
    <p class='ocr_par' dir='ltr' id='par_1_86' title="bbox 2180 2619 3770 2694">
     <span class='ocr_line' id='line_1_86' title="bbox 2180 2619 3770 2694; baseline 0.004 -22"><span class='ocrx_word' id='word_1_672' title='bbox 2180 2619 2248 2672; x_wconf 90' lang='lat' dir='ltr'><strong>ad</strong></span> <span class='ocrx_word' id='word_1_673' title='bbox 2272 2629 2319 2673; x_wconf 92' lang='lat' dir='ltr'><strong>te</strong></span> <span class='ocrx_word' id='word_1_674' title='bbox 2345 2620 2509 2674; x_wconf 80' lang='lat' dir='ltr'><strong>omnis</strong></span> <span class='ocrx_word' id='word_1_675' title='bbox 2535 2637 2653 2675; x_wconf 86' lang='lat' dir='ltr'><strong>caro</strong></span> <span class='ocrx_word' id='word_1_676' title='bbox 2681 2623 2858 2676; x_wconf 87' lang='lat' dir='ltr'><strong>veniet.</strong></span> <span class='ocrx_word' id='word_1_677' title='bbox 2890 2623 2969 2677; x_wconf 81' lang='lat' dir='ltr'><strong>Ad</strong></span> <span class='ocrx_word' id='word_1_678' title='bbox 2998 2634 3074 2689; x_wconf 89' lang='lat' dir='ltr'><strong>te,</strong></span> <span class='ocrx_word' id='word_1_679' title='bbox 3110 2624 3316 2694; x_wconf 92' lang='lat' dir='ltr'><strong>inquit,</strong></span> <span class='ocrx_word' id='word_1_680' title='bbox 3349 2625 3508 2678; x_wconf 87' lang='lat' dir='ltr'><strong>omnis</strong></span> <span class='ocrx_word' id='word_1_681' title='bbox 3536 2641 3653 2678; x_wconf 87' lang='lat' dir='ltr'><strong>caro</strong></span> <span class='ocrx_word' id='word_1_682' title='bbox 3681 2641 3770 2678; x_wconf 80' lang='lat' dir='ltr'><strong>ve-</strong></span> 
     </span>
    </p>
   </div>
   <div class='ocr_carea' id='block_1_87' title="bbox 2181 2712 3770 2783">
    <p class='ocr_par' dir='ltr' id='par_1_87' title="bbox 2181 2712 3770 2783">
     <span class='ocr_line' id='line_1_87' title="bbox 2181 2712 3770 2783; baseline 0.003 -18"><span class='ocrx_word' id='word_1_683' title='bbox 2181 2712 2302 2766; x_wconf 86' lang='lat' dir='ltr'><strong>niet.</strong></span> <span class='ocrx_word' id='word_1_684' title='bbox 2333 2713 2507 2780; x_wconf 79' lang='lat' dir='ltr'><strong>Quare</strong></span> <span class='ocrx_word' id='word_1_685' title='bbox 2537 2714 2605 2768; x_wconf 91' lang='lat' dir='ltr'><strong>ad</strong></span> <span class='ocrx_word' id='word_1_686' title='bbox 2631 2714 2776 2769; x_wconf 90' lang='lat' dir='ltr'><strong>illum</strong></span> <span class='ocrx_word' id='word_1_687' title='bbox 2803 2716 2975 2769; x_wconf 92' lang='lat' dir='ltr'><strong>omnis</strong></span> <span class='ocrx_word' id='word_1_688' title='bbox 3003 2730 3128 2771; x_wconf 89' lang='lat' dir='ltr'><strong>caro</strong></span> <span class='ocrx_word' id='word_1_689' title='bbox 3162 2715 3373 2770; x_wconf 86' lang='lat' dir='ltr'><strong>veniet?</strong></span> <span class='ocrx_word' id='word_1_690' title='bbox 3399 2715 3530 2783; x_wconf 88' lang='lat' dir='ltr'><strong>Quia</strong></span> <span class='ocrx_word' id='word_1_691' title='bbox 3551 2729 3770 2770; x_wconf 77' lang='lat' dir='ltr'><strong>carnem</strong></span> 
     </span>
    </p>
   </div>
   <div class='ocr_carea' id='block_1_88' title="bbox 2180 2807 3764 2878">
    <p class='ocr_par' dir='ltr' id='par_1_88' title="bbox 2180 2807 3764 2878">
     <span class='ocr_line' id='line_1_88' title="bbox 2180 2807 3764 2878; baseline -0.001 -16"><span class='ocrx_word' id='word_1_692' title='bbox 2180 2807 2488 2877; x_wconf 83' lang='lat' dir='ltr'><strong>assumpsit.</strong></span> <span class='ocrx_word' id='word_1_693' title='bbox 2521 2808 2637 2877; x_wconf 90' lang='lat' dir='ltr'><strong>Quo</strong></span> <span class='ocrx_word' id='word_1_694' title='bbox 2667 2808 2845 2864; x_wconf 91' lang='lat' dir='ltr'><strong>veniet</strong></span> <span class='ocrx_word' id='word_1_695' title='bbox 2871 2809 3046 2863; x_wconf 90' lang='lat' dir='ltr'><strong>omnis</strong></span> <span class='ocrx_word' id='word_1_696' title='bbox 3065 2808 3230 2864; x_wconf 86' lang='lat' dir='ltr'><strong>caro?</strong></span> <span class='ocrx_word' id='word_1_697' title='bbox 3269 2809 3410 2863; x_wconf 88' lang='lat' dir='ltr'><strong>Tulit</strong></span> <span class='ocrx_word' id='word_1_698' title='bbox 3435 2809 3558 2862; x_wconf 91' lang='lat' dir='ltr'><strong>inde</strong></span> <span class='ocrx_word' id='word_1_699' title='bbox 3579 2808 3764 2878; x_wconf 61' lang='lat' dir='ltr'><strong>primio</strong></span> 
     </span>
    </p>
   </div>
   <div class='ocr_carea' id='block_1_89' title="bbox 2183 2899 3774 2971">
    <p class='ocr_par' dir='ltr' id='par_1_89' title="bbox 2183 2899 3774 2971">
     <span class='ocr_line' id='line_1_89' title="bbox 2183 2899 3774 2971; baseline 0.003 -19"><span class='ocrx_word' id='word_1_700' title='bbox 2183 2899 2286 2955; x_wconf 87' lang='lat' dir='ltr'><strong>tias</strong></span> <span class='ocrx_word' id='word_1_701' title='bbox 2332 2915 2400 2955; x_wconf 85' lang='lat' dir='ltr'><strong>ex</strong></span> <span class='ocrx_word' id='word_1_702' title='bbox 2445 2909 2595 2955; x_wconf 92' lang='lat' dir='ltr'><strong>utero</strong></span> <span class='ocrx_word' id='word_1_703' title='bbox 2635 2900 2879 2970; x_wconf 79' lang='lat' dir='ltr'><strong>virginali</strong></span> <span class='ocrx_word' id='word_1_704' title='bbox 2913 2923 2926 2954; x_wconf 85' lang='lat'><strong>:</strong></span> <span class='ocrx_word' id='word_1_705' title='bbox 2956 2900 3244 2971; x_wconf 85' lang='lat' dir='ltr'><strong>assumptis</strong></span> <span class='ocrx_word' id='word_1_706' title='bbox 3286 2900 3532 2969; x_wconf 89' lang='lat' dir='ltr'><strong>primitiis</strong></span> <span class='ocrx_word' id='word_1_707' title='bbox 3576 2909 3774 2956; x_wconf 57' lang='lat' dir='ltr'><strong>caetera</strong></span> 
     </span>
    </p>
   </div>
   <div class='ocr_carea' id='block_1_90' title="bbox 2185 2992 3771 3064">
    <p class='ocr_par' dir='ltr' id='par_1_90' title="bbox 2185 2992 3771 3064">
     <span class='ocr_line' id='line_1_90' title="bbox 2185 2992 3771 3064; baseline 0 -17"><span class='ocrx_word' id='word_1_708' title='bbox 2185 3004 2597 3064; x_wconf 87' lang='lat' dir='ltr'><strong>consequentur,</strong></span> <span class='ocrx_word' id='word_1_709' title='bbox 2628 3003 2685 3047; x_wconf 93' lang='lat' dir='ltr'><strong>ut</strong></span> <span class='ocrx_word' id='word_1_710' title='bbox 2705 2993 3073 3049; x_wconf 89' lang='lat' dir='ltr'><strong>holocaustum</strong></span> <span class='ocrx_word' id='word_1_711' title='bbox 3087 2994 3432 3064; x_wconf 88' lang='lat' dir='ltr'><strong>compleatur.</strong></span> <span class='ocrx_word' id='word_1_712' title='bbox 3450 2992 3606 3048; x_wconf 83' lang='lat' dir='ltr'><strong>Unde</strong></span> <span class='ocrx_word' id='word_1_713' title='bbox 3618 3007 3771 3062; x_wconf 86' lang='lat' dir='ltr'><strong>ergo,</strong></span> 
     </span>
    </p>
   </div>
   <div class='ocr_carea' id='block_1_91' title="bbox 2185 3082 3774 3149">
    <p class='ocr_par' dir='ltr' id='par_1_91' title="bbox 2185 3082 3774 3149">
     <span class='ocr_line' id='line_1_91' title="bbox 2185 3082 3774 3149; baseline -0.003 -10"><span class='ocrx_word' id='word_1_714' title='bbox 2185 3084 2349 3139; x_wconf 86' lang='lat' dir='ltr'><strong>omnis</strong></span> <span class='ocrx_word' id='word_1_715' title='bbox 2385 3085 2545 3138; x_wconf 81' lang='lat' dir='ltr'><strong>caro?</strong></span> <span class='ocrx_word' id='word_1_716' title='bbox 2590 3083 2776 3138; x_wconf 88' lang='lat' dir='ltr'><strong>Omnis</strong></span> <span class='ocrx_word' id='word_1_717' title='bbox 2821 3084 3001 3139; x_wconf 91' lang='lat' dir='ltr'><strong>homo.</strong></span> <span class='ocrx_word' id='word_1_718' title='bbox 3052 3085 3122 3138; x_wconf 91' lang='lat' dir='ltr'><strong>Et</strong></span> <span class='ocrx_word' id='word_1_719' title='bbox 3149 3083 3327 3149; x_wconf 90' lang='lat' dir='ltr'><strong>unde,</strong></span> <span class='ocrx_word' id='word_1_720' title='bbox 3367 3085 3544 3139; x_wconf 91' lang='lat' dir='ltr'><strong>omnis</strong></span> <span class='ocrx_word' id='word_1_721' title='bbox 3569 3082 3774 3138; x_wconf 90' lang='lat' dir='ltr'><strong>homo?</strong></span> 
     </span>
    </p>
   </div>
   <div class='ocr_carea' id='block_1_92' title="bbox 2185 3175 3773 3250">
    <p class='ocr_par' dir='ltr' id='par_1_92' title="bbox 2185 3175 3773 3250">
     <span class='ocr_line' id='line_1_92' title="bbox 2185 3175 3773 3250; baseline -0.001 -18"><span class='ocrx_word' id='word_1_722' title='bbox 2185 3177 2451 3246; x_wconf 87' lang='lat' dir='ltr'><strong>Numquid</strong></span> <span class='ocrx_word' id='word_1_723' title='bbox 2491 3191 2679 3232; x_wconf 89' lang='lat' dir='ltr'><strong>omnes</strong></span> <span class='ocrx_word' id='word_1_724' title='bbox 2705 3177 2961 3233; x_wconf 91' lang='lat' dir='ltr'><strong>credituri</strong></span> <span class='ocrx_word' id='word_1_725' title='bbox 3001 3178 3339 3250; x_wconf 70' lang='lat' dir='ltr'><strong>prmnuntiati</strong></span> <span class='ocrx_word' id='word_1_726' title='bbox 3373 3187 3499 3232; x_wconf 86' lang='lat' dir='ltr'><strong>sunt</strong></span> <span class='ocrx_word' id='word_1_727' title='bbox 3525 3180 3577 3232; x_wconf 90' lang='lat' dir='ltr'><strong>in</strong></span> <span class='ocrx_word' id='word_1_728' title='bbox 3603 3175 3773 3232; x_wconf 82' lang='lat' dir='ltr'><strong>Chri-</strong></span> 
     </span>
    </p>
   </div>
   <div class='ocr_carea' id='block_1_93' title="bbox 2187 3267 3776 3343">
    <p class='ocr_par' dir='ltr' id='par_1_93' title="bbox 2187 3267 3776 3343">
     <span class='ocr_line' id='line_1_93' title="bbox 2187 3267 3776 3343; baseline -0.001 -20"><span class='ocrx_word' id='word_1_729' title='bbox 2187 3269 2372 3323; x_wconf 89' lang='lat' dir='ltr'><strong>stum?</strong></span> <span class='ocrx_word' id='word_1_730' title='bbox 2414 3268 2608 3343; x_wconf 69' lang='lat' dir='ltr'><strong>Nonne</strong></span> <span class='ocrx_word' id='word_1_731' title='bbox 2649 3269 2802 3323; x_wconf 89' lang='lat' dir='ltr'><strong>multi</strong></span> <span class='ocrx_word' id='word_1_732' title='bbox 2847 3269 2994 3341; x_wconf 89' lang='lat' dir='ltr'><strong>impii</strong></span> <span class='ocrx_word' id='word_1_733' title='bbox 3030 3270 3119 3340; x_wconf 89' lang='lat' dir='ltr'><strong>qui</strong></span> <span class='ocrx_word' id='word_1_734' title='bbox 3146 3270 3306 3326; x_wconf 90' lang='lat' dir='ltr'><strong>etiam</strong></span> <span class='ocrx_word' id='word_1_735' title='bbox 3345 3267 3776 3324; x_wconf 75' lang='lat' dir='ltr'><strong>damnabuntur?</strong></span> 
     </span>
    </p>
   </div>
   <div class='ocr_carea' id='block_1_94' title="bbox 2186 3359 3772 3430">
    <p class='ocr_par' dir='ltr' id='par_1_94' title="bbox 2186 3359 3772 3430">
     <span class='ocr_line' id='line_1_94' title="bbox 2186 3359 3772 3430; baseline -0.001 -15"><span class='ocrx_word' id='word_1_736' title='bbox 2186 3359 2372 3415; x_wconf 88' lang='lat' dir='ltr'><strong>Nonne</strong></span> <span class='ocrx_word' id='word_1_737' title='bbox 2398 3360 2634 3430; x_wconf 89' lang='lat' dir='ltr'><strong>quotidie</strong></span> <span class='ocrx_word' id='word_1_738' title='bbox 2679 3362 2832 3416; x_wconf 91' lang='lat' dir='ltr'><strong>multi</strong></span> <span class='ocrx_word' id='word_1_739' title='bbox 2859 3377 2962 3416; x_wconf 86' lang='lat' dir='ltr'><strong>non</strong></span> <span class='ocrx_word' id='word_1_740' title='bbox 2993 3360 3275 3416; x_wconf 90' lang='lat' dir='ltr'><strong>credentes</strong></span> <span class='ocrx_word' id='word_1_741' title='bbox 3300 3404 3313 3427; x_wconf 90' lang='lat'><strong>,</strong></span> <span class='ocrx_word' id='word_1_742' title='bbox 3347 3361 3400 3418; x_wconf 91' lang='lat' dir='ltr'><strong>in</strong></span> <span class='ocrx_word' id='word_1_743' title='bbox 3421 3376 3514 3415; x_wconf 90' lang='lat' dir='ltr'><strong>sua</strong></span> <span class='ocrx_word' id='word_1_744' title='bbox 3545 3359 3772 3414; x_wconf 72' lang='lat' dir='ltr'><strong>infideli-</strong></span> 
     </span>
    </p>
   </div>
   <div class='ocr_carea' id='block_1_95' title="bbox 2189 3454 3773 3525">
    <p class='ocr_par' dir='ltr' id='par_1_95' title="bbox 2189 3454 3773 3525">
     <span class='ocr_line' id='line_1_95' title="bbox 2189 3454 3773 3525; baseline 0.002 -18"><span class='ocrx_word' id='word_1_745' title='bbox 2189 3461 2294 3508; x_wconf 86' lang='lat' dir='ltr'><strong>tate</strong></span> <span class='ocrx_word' id='word_1_746' title='bbox 2339 3454 2682 3509; x_wconf 83' lang='lat' dir='ltr'><strong>moriuntur?</strong></span> <span class='ocrx_word' id='word_1_747' title='bbox 2733 3454 3038 3510; x_wconf 88' lang='lat' dir='ltr'><strong>Secundum</strong></span> <span class='ocrx_word' id='word_1_748' title='bbox 3079 3455 3202 3525; x_wconf 90' lang='lat' dir='ltr'><strong>quid</strong></span> <span class='ocrx_word' id='word_1_749' title='bbox 3241 3470 3368 3525; x_wconf 87' lang='lat' dir='ltr'><strong>ergo</strong></span> <span class='ocrx_word' id='word_1_750' title='bbox 3407 3455 3773 3524; x_wconf 78' lang='lat' dir='ltr'><strong>intelligimus,</strong></span> 
     </span>
    </p>
   </div>
   <div class='ocr_carea' id='block_1_96' title="bbox 2189 3545 3776 3619">
    <p class='ocr_par' dir='ltr' id='par_1_96' title="bbox 2189 3545 3776 3619">
     <span class='ocr_line' id='line_1_96' title="bbox 2189 3545 3776 3619; baseline 0.004 -21"><span class='ocrx_word' id='word_1_751' title='bbox 2189 3545 2256 3598; x_wconf 87' lang='lat' dir='ltr'><strong>ad</strong></span> <span class='ocrx_word' id='word_1_752' title='bbox 2289 3557 2334 3599; x_wconf 90' lang='lat' dir='ltr'><strong>te</strong></span> <span class='ocrx_word' id='word_1_753' title='bbox 2367 3547 2529 3600; x_wconf 86' lang='lat' dir='ltr'><strong>omnis</strong></span> <span class='ocrx_word' id='word_1_754' title='bbox 2559 3563 2679 3600; x_wconf 91' lang='lat' dir='ltr'><strong>caro</strong></span> <span class='ocrx_word' id='word_1_755' title='bbox 2716 3549 2920 3602; x_wconf 81' lang='lat' dir='ltr'><strong>veniet?</strong></span> <span class='ocrx_word' id='word_1_756' title='bbox 2953 3546 3129 3601; x_wconf 86' lang='lat' dir='ltr'><strong>Omnis</strong></span> <span class='ocrx_word' id='word_1_757' title='bbox 3154 3564 3272 3601; x_wconf 88' lang='lat' dir='ltr'><strong>caro</strong></span> <span class='ocrx_word' id='word_1_758' title='bbox 3292 3547 3454 3611; x_wconf 86' lang='lat' dir='ltr'><strong>dixit,</strong></span> <span class='ocrx_word' id='word_1_759' title='bbox 3487 3549 3660 3603; x_wconf 87' lang='lat' dir='ltr'><strong>omnis</strong></span> <span class='ocrx_word' id='word_1_760' title='bbox 3677 3563 3776 3619; x_wconf 81' lang='lat' dir='ltr'><strong>ge-</strong></span> 
     </span>
    </p>
   </div>
   <div class='ocr_carea' id='block_1_97' title="bbox 2191 3639 3774 3710">
    <p class='ocr_par' dir='ltr' id='par_1_97' title="bbox 2191 3639 3774 3710">
     <span class='ocr_line' id='line_1_97' title="bbox 2191 3639 3774 3710; baseline 0.002 -18"><span class='ocrx_word' id='word_1_761' title='bbox 2191 3639 2334 3694; x_wconf 89' lang='lat' dir='ltr'><strong>neris</strong></span> <span class='ocrx_word' id='word_1_762' title='bbox 2370 3655 2496 3694; x_wconf 87' lang='lat' dir='ltr'><strong>caro</strong></span> <span class='ocrx_word' id='word_1_763' title='bbox 2531 3657 2637 3695; x_wconf 91' lang='lat' dir='ltr'><strong>:ex</strong></span> <span class='ocrx_word' id='word_1_764' title='bbox 2673 3641 2817 3695; x_wconf 93' lang='lat' dir='ltr'><strong>omni</strong></span> <span class='ocrx_word' id='word_1_765' title='bbox 2857 3656 3052 3710; x_wconf 86' lang='lat' dir='ltr'><strong>genere</strong></span> <span class='ocrx_word' id='word_1_766' title='bbox 3090 3641 3266 3695; x_wconf 87' lang='lat' dir='ltr'><strong>earnis</strong></span> <span class='ocrx_word' id='word_1_767' title='bbox 3313 3641 3557 3695; x_wconf 88' lang='lat' dir='ltr'><strong>venietur</strong></span> <span class='ocrx_word' id='word_1_768' title='bbox 3596 3639 3661 3694; x_wconf 86' lang='lat' dir='ltr'><strong>ad</strong></span> <span class='ocrx_word' id='word_1_769' title='bbox 3700 3651 3774 3696; x_wconf 89' lang='lat' dir='ltr'><strong>te.</strong></span> 
     </span>
    </p>
   </div>
   <div class='ocr_carea' id='block_1_98' title="bbox 2191 3732 3779 3804">
    <p class='ocr_par' dir='ltr' id='par_1_98' title="bbox 2191 3732 3779 3804">
     <span class='ocr_line' id='line_1_98' title="bbox 2191 3732 3779 3804; baseline 0 -18"><span class='ocrx_word' id='word_1_770' title='bbox 2191 3732 2328 3801; x_wconf 84' lang='lat' dir='ltr'><strong>Quid</strong></span> <span class='ocrx_word' id='word_1_771' title='bbox 2351 3742 2467 3799; x_wconf 83' lang='lat' dir='ltr'><strong>est,</strong></span> <span class='ocrx_word' id='word_1_772' title='bbox 2497 3749 2566 3789; x_wconf 91' lang='lat' dir='ltr'><strong>ex</strong></span> <span class='ocrx_word' id='word_1_773' title='bbox 2593 3734 2738 3789; x_wconf 91' lang='lat' dir='ltr'><strong>omni</strong></span> <span class='ocrx_word' id='word_1_774' title='bbox 2769 3750 2966 3804; x_wconf 87' lang='lat' dir='ltr'><strong>genere</strong></span> <span class='ocrx_word' id='word_1_775' title='bbox 2993 3734 3205 3788; x_wconf 82' lang='lat' dir='ltr'><strong>carnis?</strong></span> <span class='ocrx_word' id='word_1_776' title='bbox 3228 3732 3495 3803; x_wconf 85' lang='lat' dir='ltr'><strong>Numquid</strong></span> <span class='ocrx_word' id='word_1_777' title='bbox 3519 3741 3779 3788; x_wconf 85' lang='lat' dir='ltr'><strong>venerunt</strong></span> 
     </span>
    </p>
   </div>
   <div class='ocr_carea' id='block_1_99' title="bbox 2193 3823 3780 3893">
    <p class='ocr_par' dir='ltr' id='par_1_99' title="bbox 2193 3823 3780 3893">
     <span class='ocr_line' id='line_1_99' title="bbox 2193 3823 3780 3893; baseline 0.001 -16"><span class='ocrx_word' id='word_1_778' title='bbox 2193 3839 2452 3893; x_wconf 89' lang='lat' dir='ltr'><strong>pauperes</strong></span> <span class='ocrx_word' id='word_1_779' title='bbox 2476 3866 2490 3890; x_wconf 98' lang='lat'><strong>,</strong></span> <span class='ocrx_word' id='word_1_780' title='bbox 2535 3834 2597 3879; x_wconf 90' lang='lat' dir='ltr'><strong>et-</strong></span> <span class='ocrx_word' id='word_1_781' title='bbox 2614 3841 2720 3879; x_wconf 92' lang='lat' dir='ltr'><strong>non</strong></span> <span class='ocrx_word' id='word_1_782' title='bbox 2764 3833 3025 3880; x_wconf 89' lang='lat' dir='ltr'><strong>venerunt</strong></span> <span class='ocrx_word' id='word_1_783' title='bbox 3051 3823 3282 3880; x_wconf 79' lang='lat' dir='ltr'><strong>divites?</strong></span> <span class='ocrx_word' id='word_1_784' title='bbox 3329 3823 3580 3893; x_wconf 89' lang='lat' dir='ltr'><strong>numquid</strong></span> <span class='ocrx_word' id='word_1_785' title='bbox 3613 3839 3780 3879; x_wconf 77' lang='lat' dir='ltr'><strong>vene-</strong></span> 
     </span>
    </p>
   </div>
   <div class='ocr_carea' id='block_1_100' title="bbox 2194 3915 3780 3985">
    <p class='ocr_par' dir='ltr' id='par_1_100' title="bbox 2194 3915 3780 3985">
     <span class='ocr_line' id='line_1_100' title="bbox 2194 3915 3780 3985; baseline -0.001 -14"><span class='ocrx_word' id='word_1_786' title='bbox 2194 3925 2318 3971; x_wconf 89' lang='lat' dir='ltr'><strong>runt</strong></span> <span class='ocrx_word' id='word_1_787' title='bbox 2349 3916 2606 3983; x_wconf 87' lang='lat' dir='ltr'><strong>humiles,</strong></span> <span class='ocrx_word' id='word_1_788' title='bbox 2647 3927 2702 3972; x_wconf 90' lang='lat' dir='ltr'><strong>et</strong></span> <span class='ocrx_word' id='word_1_789' title='bbox 2743 3933 2847 3971; x_wconf 86' lang='lat' dir='ltr'><strong>non</strong></span> <span class='ocrx_word' id='word_1_790' title='bbox 2890 3926 3153 3973; x_wconf 90' lang='lat' dir='ltr'><strong>venerunt</strong></span> <span class='ocrx_word' id='word_1_791' title='bbox 3195 3917 3483 3972; x_wconf 86' lang='lat' dir='ltr'><strong>sublimes?</strong></span> <span class='ocrx_word' id='word_1_792' title='bbox 3524 3915 3780 3985; x_wconf 89' lang='lat' dir='ltr'><strong>numquid</strong></span> 
     </span>
    </p>
   </div>
   <div class='ocr_carea' id='block_1_101' title="bbox 2194 4007 3779 4078">
    <p class='ocr_par' dir='ltr' id='par_1_101' title="bbox 2194 4007 3779 4078">
     <span class='ocr_line' id='line_1_101' title="bbox 2194 4007 3779 4078; baseline -0.003 -13"><span class='ocrx_word' id='word_1_793' title='bbox 2194 4019 2455 4065; x_wconf 90' lang='lat' dir='ltr'><strong>venerunt</strong></span> <span class='ocrx_word' id='word_1_794' title='bbox 2491 4010 2725 4078; x_wconf 89' lang='lat' dir='ltr'><strong>indocti,</strong></span> <span class='ocrx_word' id='word_1_795' title='bbox 2777 4020 2831 4065; x_wconf 90' lang='lat' dir='ltr'><strong>et</strong></span> <span class='ocrx_word' id='word_1_796' title='bbox 2861 4026 2965 4066; x_wconf 92' lang='lat' dir='ltr'><strong>non</strong></span> <span class='ocrx_word' id='word_1_797' title='bbox 3006 4017 3264 4066; x_wconf 84' lang='lat' dir='ltr'><strong>venerunt</strong></span> <span class='ocrx_word' id='word_1_798' title='bbox 3296 4009 3474 4064; x_wconf 91' lang='lat' dir='ltr'><strong>docti?</strong></span> <span class='ocrx_word' id='word_1_799' title='bbox 3523 4007 3779 4078; x_wconf 87' lang='lat' dir='ltr'><strong>numquid</strong></span> 
     </span>
    </p>
   </div>
   <div class='ocr_carea' id='block_1_102' title="bbox 2195 4101 3784 4172">
    <p class='ocr_par' dir='ltr' id='par_1_102' title="bbox 2195 4101 3784 4172">
     <span class='ocr_line' id='line_1_102' title="bbox 2195 4101 3784 4172; baseline 0.001 -17"><span class='ocrx_word' id='word_1_800' title='bbox 2195 4111 2456 4156; x_wconf 90' lang='lat' dir='ltr'><strong>venerunt</strong></span> <span class='ocrx_word' id='word_1_801' title='bbox 2486 4102 2606 4169; x_wconf 90' lang='lat' dir='ltr'><strong>viri,</strong></span> <span class='ocrx_word' id='word_1_802' title='bbox 2635 4111 2689 4157; x_wconf 92' lang='lat' dir='ltr'><strong>et</strong></span> <span class='ocrx_word' id='word_1_803' title='bbox 2708 4117 2814 4157; x_wconf 94' lang='lat' dir='ltr'><strong>non</strong></span> <span class='ocrx_word' id='word_1_804' title='bbox 2844 4111 3102 4158; x_wconf 90' lang='lat' dir='ltr'><strong>venerunt</strong></span> <span class='ocrx_word' id='word_1_805' title='bbox 3130 4102 3381 4158; x_wconf 75' lang='lat' dir='ltr'><strong>feminae?</strong></span> <span class='ocrx_word' id='word_1_806' title='bbox 3406 4101 3662 4172; x_wconf 91' lang='lat' dir='ltr'><strong>numquid</strong></span> <span class='ocrx_word' id='word_1_807' title='bbox 3688 4116 3784 4157; x_wconf 85' lang='lat' dir='ltr'><strong>ve-</strong></span> 
     </span>
    </p>
   </div>
   <div class='ocr_carea' id='block_1_103' title="bbox 2195 4193 3783 4265">
    <p class='ocr_par' dir='ltr' id='par_1_103' title="bbox 2195 4193 3783 4265">
     <span class='ocr_line' id='line_1_103' title="bbox 2195 4193 3783 4265; baseline -0.001 -15"><span class='ocrx_word' id='word_1_808' title='bbox 2195 4203 2391 4250; x_wconf 89' lang='lat' dir='ltr'><strong>nerunt</strong></span> <span class='ocrx_word' id='word_1_809' title='bbox 2417 4195 2656 4260; x_wconf 87' lang='lat' dir='ltr'><strong>domini,</strong></span> <span class='ocrx_word' id='word_1_810' title='bbox 2685 4204 2741 4251; x_wconf 91' lang='lat' dir='ltr'><strong>et</strong></span> <span class='ocrx_word' id='word_1_811' title='bbox 2767 4210 2872 4250; x_wconf 91' lang='lat' dir='ltr'><strong>non</strong></span> <span class='ocrx_word' id='word_1_812' title='bbox 2904 4203 3164 4251; x_wconf 87' lang='lat' dir='ltr'><strong>venerunt</strong></span> <span class='ocrx_word' id='word_1_813' title='bbox 3193 4195 3374 4252; x_wconf 84' lang='lat' dir='ltr'><strong>servi?</strong></span> <span class='ocrx_word' id='word_1_814' title='bbox 3404 4193 3658 4265; x_wconf 92' lang='lat' dir='ltr'><strong>numquid</strong></span> <span class='ocrx_word' id='word_1_815' title='bbox 3683 4209 3783 4249; x_wconf 90' lang='lat' dir='ltr'><strong>ve-</strong></span> 
     </span>
    </p>
   </div>
   <div class='ocr_carea' id='block_1_104' title="bbox 2199 4287 3782 4357">
    <p class='ocr_par' dir='ltr' id='par_1_104' title="bbox 2199 4287 3782 4357">
     <span class='ocr_line' id='line_1_104' title="bbox 2199 4287 3782 4357; baseline -0.001 -15"><span class='ocrx_word' id='word_1_816' title='bbox 2199 4295 2394 4342; x_wconf 90' lang='lat' dir='ltr'><strong>nerunt</strong></span> <span class='ocrx_word' id='word_1_817' title='bbox 2423 4302 2600 4354; x_wconf 88' lang='lat' dir='ltr'><strong>senes,</strong></span> <span class='ocrx_word' id='word_1_818' title='bbox 2628 4297 2684 4341; x_wconf 90' lang='lat' dir='ltr'><strong>et</strong></span> <span class='ocrx_word' id='word_1_819' title='bbox 2708 4302 2812 4341; x_wconf 91' lang='lat' dir='ltr'><strong>non</strong></span> <span class='ocrx_word' id='word_1_820' title='bbox 2839 4296 3101 4342; x_wconf 89' lang='lat' dir='ltr'><strong>venerunt</strong></span> <span class='ocrx_word' id='word_1_821' title='bbox 3121 4287 3379 4357; x_wconf 83' lang='lat' dir='ltr'><strong>juvenes?</strong></span> <span class='ocrx_word' id='word_1_822' title='bbox 3404 4297 3495 4340; x_wconf 89' lang='lat' dir='ltr'><strong>aut</strong></span> <span class='ocrx_word' id='word_1_823' title='bbox 3519 4294 3782 4341; x_wconf 82' lang='lat' dir='ltr'><strong>venerunt</strong></span> 
     </span>
    </p>
   </div>
   <div class='ocr_carea' id='block_1_105' title="bbox 2191 4381 3784 4454">
    <p class='ocr_par' dir='ltr' id='par_1_105' title="bbox 2191 4381 3784 4454">
     <span class='ocr_line' id='line_1_105' title="bbox 2191 4381 3784 4454; baseline -0.002 -17"><span class='ocrx_word' id='word_1_824' title='bbox 2191 4381 2438 4454; x_wconf 89' lang='lat' dir='ltr'><strong>juvenes,</strong></span> <span class='ocrx_word' id='word_1_825' title='bbox 2469 4390 2523 4437; x_wconf 92' lang='lat' dir='ltr'><strong>et</strong></span> <span class='ocrx_word' id='word_1_826' title='bbox 2553 4396 2662 4436; x_wconf 91' lang='lat' dir='ltr'><strong>non</strong></span> <span class='ocrx_word' id='word_1_827' title='bbox 2687 4391 2946 4437; x_wconf 90' lang='lat' dir='ltr'><strong>venerunt</strong></span> <span class='ocrx_word' id='word_1_828' title='bbox 2975 4381 3379 4437; x_wconf 86' lang='lat' dir='ltr'><strong>adolescentes?</strong></span> <span class='ocrx_word' id='word_1_829' title='bbox 3405 4389 3497 4435; x_wconf 89' lang='lat' dir='ltr'><strong>aut</strong></span> <span class='ocrx_word' id='word_1_830' title='bbox 3522 4387 3784 4436; x_wconf 86' lang='lat' dir='ltr'><strong>venerunt</strong></span> 
     </span>
    </p>
   </div>
   <div class='ocr_carea' id='block_1_106' title="bbox 2196 4474 3786 4544">
    <p class='ocr_par' dir='ltr' id='par_1_106' title="bbox 2196 4474 3786 4544">
     <span class='ocr_line' id='line_1_106' title="bbox 2196 4474 3786 4544; baseline -0.001 -14"><span class='ocrx_word' id='word_1_831' title='bbox 2196 4475 2594 4538; x_wconf 89' lang='lat' dir='ltr'><strong>adolescentes,</strong></span> <span class='ocrx_word' id='word_1_832' title='bbox 2643 4482 2702 4529; x_wconf 91' lang='lat' dir='ltr'><strong>et</strong></span> <span class='ocrx_word' id='word_1_833' title='bbox 2729 4490 2833 4529; x_wconf 91' lang='lat' dir='ltr'><strong>non</strong></span> <span class='ocrx_word' id='word_1_834' title='bbox 2863 4483 3118 4530; x_wconf 87' lang='lat' dir='ltr'><strong>venerunt</strong></span> <span class='ocrx_word' id='word_1_835' title='bbox 3158 4474 3351 4544; x_wconf 84' lang='lat' dir='ltr'><strong>pueri?</strong></span> <span class='ocrx_word' id='word_1_836' title='bbox 3397 4482 3488 4528; x_wconf 90' lang='lat' dir='ltr'><strong>aut</strong></span> <span class='ocrx_word' id='word_1_837' title='bbox 3513 4482 3786 4530; x_wconf 85' lang='lat' dir='ltr'><strong>venerunt</strong></span> 
     </span>
    </p>
   </div>
   <div class='ocr_carea' id='block_1_107' title="bbox 2200 4564 3786 4636">
    <p class='ocr_par' dir='ltr' id='par_1_107' title="bbox 2200 4564 3786 4636">
     <span class='ocr_line' id='line_1_107' title="bbox 2200 4564 3786 4636; baseline 0 -16"><span class='ocrx_word' id='word_1_838' title='bbox 2200 4566 2366 4636; x_wconf 90' lang='lat' dir='ltr'><strong>pueri,</strong></span> <span class='ocrx_word' id='word_1_839' title='bbox 2399 4574 2453 4620; x_wconf 90' lang='lat' dir='ltr'><strong>et</strong></span> <span class='ocrx_word' id='word_1_840' title='bbox 2479 4579 2582 4619; x_wconf 93' lang='lat' dir='ltr'><strong>non</strong></span> <span class='ocrx_word' id='word_1_841' title='bbox 2610 4565 2754 4619; x_wconf 89' lang='lat' dir='ltr'><strong>allati</strong></span> <span class='ocrx_word' id='word_1_842' title='bbox 2785 4574 2907 4620; x_wconf 91' lang='lat' dir='ltr'><strong>sunt</strong></span> <span class='ocrx_word' id='word_1_843' title='bbox 2936 4565 3200 4620; x_wconf 80' lang='lat' dir='ltr'><strong>infantes?</strong></span> <span class='ocrx_word' id='word_1_844' title='bbox 3219 4565 3501 4621; x_wconf 89' lang='lat' dir='ltr'><strong>Postremo</strong></span> <span class='ocrx_word' id='word_1_845' title='bbox 3526 4564 3786 4636; x_wconf 88' lang='lat' dir='ltr'><strong>numquid</strong></span> 
     </span>
    </p>
   </div>
   <div class='ocr_carea' id='block_1_108' title="bbox 2197 4656 3785 4730">
    <p class='ocr_par' dir='ltr' id='par_1_108' title="bbox 2197 4656 3785 4730">
     <span class='ocr_line' id='line_1_108' title="bbox 2197 4656 3785 4730; baseline 0.001 -19"><span class='ocrx_word' id='word_1_846' title='bbox 2197 4666 2464 4712; x_wconf 91' lang='lat' dir='ltr'><strong>venerunt</strong></span> <span class='ocrx_word' id='word_1_847' title='bbox 2481 4656 2650 4712; x_wconf 67' lang='lat' dir='ltr'><strong>Judaei</strong></span> <span class='ocrx_word' id='word_1_848' title='bbox 2684 4656 2828 4730; x_wconf 90' lang='lat' dir='ltr'><strong>(nam</strong></span> <span class='ocrx_word' id='word_1_849' title='bbox 2859 4657 2984 4714; x_wconf 90' lang='lat' dir='ltr'><strong>inde</strong></span> <span class='ocrx_word' id='word_1_850' title='bbox 3009 4667 3161 4713; x_wconf 90' lang='lat' dir='ltr'><strong>erant</strong></span> <span class='ocrx_word' id='word_1_851' title='bbox 3185 4658 3447 4728; x_wconf 85' lang='lat' dir='ltr'><strong>Apostoli,</strong></span> <span class='ocrx_word' id='word_1_852' title='bbox 3470 4659 3593 4714; x_wconf 88' lang='lat' dir='ltr'><strong>inde</strong></span> <span class='ocrx_word' id='word_1_853' title='bbox 3620 4659 3785 4713; x_wconf 88' lang='lat' dir='ltr'><strong>multa</strong></span> 
     </span>
    </p>
   </div>
   <div class='ocr_carea' id='block_1_109' title="bbox 2198 4749 3775 4823">
    <p class='ocr_par' dir='ltr' id='par_1_109' title="bbox 2198 4749 3775 4823">
     <span class='ocr_line' id='line_1_109' title="bbox 2198 4749 3775 4823; baseline 0 -19"><span class='ocrx_word' id='word_1_854' title='bbox 2198 4749 2362 4805; x_wconf 91' lang='lat' dir='ltr'><strong>millia</strong></span> <span class='ocrx_word' id='word_1_855' title='bbox 2386 4751 2556 4820; x_wconf 91' lang='lat' dir='ltr'><strong>primo</strong></span> <span class='ocrx_word' id='word_1_856' title='bbox 2587 4749 2927 4818; x_wconf 86' lang='lat' dir='ltr'><strong>tradentium,</strong></span> <span class='ocrx_word' id='word_1_857' title='bbox 2961 4760 3143 4821; x_wconf 90' lang='lat' dir='ltr'><strong>postea</strong></span> <span class='ocrx_word' id='word_1_858' title='bbox 3171 4751 3558 4823; x_wconf 90' lang='lat' dir='ltr'><strong>credentium);</strong></span> <span class='ocrx_word' id='word_1_859' title='bbox 3587 4760 3644 4805; x_wconf 89' lang='lat' dir='ltr'><strong>et</strong></span> <span class='ocrx_word' id='word_1_860' title='bbox 3673 4766 3775 4807; x_wconf 90' lang='lat' dir='ltr'><strong>non</strong></span> 
     </span>
    </p>
   </div>
   <div class='ocr_carea' id='block_1_110' title="bbox 2198 4841 3788 4910">
    <p class='ocr_par' dir='ltr' id='par_1_110' title="bbox 2198 4841 3788 4910">
     <span class='ocr_line' id='line_1_110' title="bbox 2198 4841 3788 4910; baseline 0 -13"><span class='ocrx_word' id='word_1_861' title='bbox 2198 4852 2462 4898; x_wconf 89' lang='lat' dir='ltr'><strong>venerunt</strong></span> <span class='ocrx_word' id='word_1_862' title='bbox 2490 4841 2702 4898; x_wconf 63' lang='lat' dir='ltr'><strong>Graeci?</strong></span> <span class='ocrx_word' id='word_1_863' title='bbox 2754 4852 2845 4898; x_wconf 91' lang='lat' dir='ltr'><strong>aut</strong></span> <span class='ocrx_word' id='word_1_864' title='bbox 2867 4853 3126 4898; x_wconf 79' lang='lat' dir='ltr'><strong>venerunt</strong></span> <span class='ocrx_word' id='word_1_865' title='bbox 3153 4843 3325 4899; x_wconf 60' lang='lat' dir='ltr'><strong>Graeci</strong></span> <span class='ocrx_word' id='word_1_866' title='bbox 3349 4886 3364 4910; x_wconf 96' lang='lat'><strong>,</strong></span> <span class='ocrx_word' id='word_1_867' title='bbox 3401 4853 3455 4899; x_wconf 90' lang='lat' dir='ltr'><strong>et</strong></span> <span class='ocrx_word' id='word_1_868' title='bbox 3484 4859 3590 4897; x_wconf 92' lang='lat' dir='ltr'><strong>non</strong></span> <span class='ocrx_word' id='word_1_869' title='bbox 3618 4860 3788 4900; x_wconf 85' lang='lat' dir='ltr'><strong>vene-</strong></span> 
     </span>
    </p>
   </div>
   <div class='ocr_carea' id='block_1_111' title="bbox 2199 4936 3792 5004">
    <p class='ocr_par' dir='ltr' id='par_1_111' title="bbox 2199 4936 3792 5004">
     <span class='ocr_line' id='line_1_111' title="bbox 2199 4936 3792 5004; baseline -0.001 -14"><span class='ocrx_word' id='word_1_870' title='bbox 2199 4944 2324 4990; x_wconf 88' lang='lat' dir='ltr'><strong>runt</strong></span> <span class='ocrx_word' id='word_1_871' title='bbox 2351 4936 2618 4991; x_wconf 87' lang='lat' dir='ltr'><strong>Romani?</strong></span> <span class='ocrx_word' id='word_1_872' title='bbox 2647 4946 2737 4991; x_wconf 90' lang='lat' dir='ltr'><strong>aut</strong></span> <span class='ocrx_word' id='word_1_873' title='bbox 2765 4947 3026 4992; x_wconf 90' lang='lat' dir='ltr'><strong>venerunt</strong></span> <span class='ocrx_word' id='word_1_874' title='bbox 3049 4937 3298 5004; x_wconf 80' lang='lat' dir='ltr'><strong>Romani,</strong></span> <span class='ocrx_word' id='word_1_875' title='bbox 3322 4945 3377 4992; x_wconf 89' lang='lat' dir='ltr'><strong>et</strong></span> <span class='ocrx_word' id='word_1_876' title='bbox 3399 4951 3505 4990; x_wconf 92' lang='lat' dir='ltr'><strong>non</strong></span> <span class='ocrx_word' id='word_1_877' title='bbox 3529 4945 3792 4991; x_wconf 70' lang='lat' dir='ltr'><strong>venerunt</strong></span> 
     </span>
    </p>
   </div>
   <div class='ocr_carea' id='block_1_112' title="bbox 2203 5025 3792 5099">
    <p class='ocr_par' dir='ltr' id='par_1_112' title="bbox 2203 5025 3792 5099">
     <span class='ocr_line' id='line_1_112' title="bbox 2203 5025 3792 5099; baseline -0.002 -19"><span class='ocrx_word' id='word_1_878' title='bbox 2203 5025 2462 5080; x_wconf 83' lang='lat' dir='ltr'><strong>Barbari?</strong></span> <span class='ocrx_word' id='word_1_879' title='bbox 2487 5027 2554 5080; x_wconf 86' lang='lat' dir='ltr'><strong>Et</strong></span> <span class='ocrx_word' id='word_1_880' title='bbox 2581 5027 2698 5096; x_wconf 90' lang='lat' dir='ltr'><strong>quis</strong></span> <span class='ocrx_word' id='word_1_881' title='bbox 2725 5037 2968 5083; x_wconf 86' lang='lat' dir='ltr'><strong>numeret</strong></span> <span class='ocrx_word' id='word_1_882' title='bbox 2994 5043 3184 5082; x_wconf 89' lang='lat' dir='ltr'><strong>omnes</strong></span> <span class='ocrx_word' id='word_1_883' title='bbox 3209 5038 3395 5099; x_wconf 86' lang='lat' dir='ltr'><strong>gentes</strong></span> <span class='ocrx_word' id='word_1_884' title='bbox 3423 5025 3705 5082; x_wconf 86' lang='lat' dir='ltr'><strong>venientes</strong></span> <span class='ocrx_word' id='word_1_885' title='bbox 3729 5025 3792 5079; x_wconf 83' lang='lat' dir='ltr'><strong>ad</strong></span> 
     </span>
    </p>
   </div>
   <div class='ocr_carea' id='block_1_113' title="bbox 2203 5117 3794 5190">
    <p class='ocr_par' dir='ltr' id='par_1_113' title="bbox 2203 5117 3794 5190">
     <span class='ocr_line' id='line_1_113' title="bbox 2203 5117 3794 5190; baseline -0.002 -17"><span class='ocrx_word' id='word_1_886' title='bbox 2203 5134 2323 5174; x_wconf 88' lang='lat' dir='ltr'><strong>eum</strong></span> <span class='ocrx_word' id='word_1_887' title='bbox 2345 5119 2431 5172; x_wconf 87' lang='lat' dir='ltr'><strong>cui</strong></span> <span class='ocrx_word' id='word_1_888' title='bbox 2456 5117 2653 5173; x_wconf 80' lang='lat' dir='ltr'><strong>dictum</strong></span> <span class='ocrx_word' id='word_1_889' title='bbox 2680 5128 2762 5174; x_wconf 88' lang='lat' dir='ltr'><strong>est</strong></span> <span class='ocrx_word' id='word_1_890' title='bbox 2791 5138 2802 5174; x_wconf 94' lang='lat'>:</span> <span class='ocrx_word' id='word_1_891' title='bbox 2837 5120 2915 5172; x_wconf 84' lang='lat' dir='ltr'><strong>Ad</strong></span> <span class='ocrx_word' id='word_1_892' title='bbox 2946 5128 2994 5174; x_wconf 89' lang='lat' dir='ltr'><strong>le</strong></span> <span class='ocrx_word' id='word_1_893' title='bbox 3018 5121 3181 5174; x_wconf 87' lang='lat' dir='ltr'><strong>omnis</strong></span> <span class='ocrx_word' id='word_1_894' title='bbox 3209 5136 3328 5174; x_wconf 90' lang='lat' dir='ltr'><strong>caro</strong></span> <span class='ocrx_word' id='word_1_895' title='bbox 3354 5120 3552 5190; x_wconf 71' lang='lat' dir='ltr'><strong>ueniet?</strong></span> <span class='ocrx_word' id='word_1_896' title='bbox 3582 5118 3794 5174; x_wconf 73' lang='lat' dir='ltr'><strong>Exaudi</strong></span> 
     </span>
    </p>
   </div>
   <div class='ocr_carea' id='block_1_114' title="bbox 2205 5212 3406 5290">
    <p class='ocr_par' dir='ltr' id='par_1_114' title="bbox 2205 5212 3406 5290">
     <span class='ocr_line' id='line_1_114' title="bbox 2205 5212 3406 5290; baseline 0 -26"><span class='ocrx_word' id='word_1_897' title='bbox 2205 5212 2477 5264; x_wconf 85' lang='lat' dir='ltr'><strong>orationem</strong></span> <span class='ocrx_word' id='word_1_898' title='bbox 2505 5228 2664 5264; x_wconf 87' lang='lat' dir='ltr'><strong>meam</strong></span> <span class='ocrx_word' id='word_1_899' title='bbox 2693 5227 2710 5264; x_wconf 89' lang='lat'><strong><em>:</em></strong></span> <span class='ocrx_word' id='word_1_900' title='bbox 2735 5212 2802 5264; x_wconf 86' lang='lat' dir='ltr'><strong>ad</strong></span> <span class='ocrx_word' id='word_1_901' title='bbox 2827 5222 2874 5265; x_wconf 87' lang='lat' dir='ltr'><strong>te</strong></span> <span class='ocrx_word' id='word_1_902' title='bbox 2893 5213 3203 5290; x_wconf 52' lang='lat' dir='ltr'><strong>omnis.caro</strong></span> <span class='ocrx_word' id='word_1_903' title='bbox 3228 5214 3406 5267; x_wconf 80' lang='lat' dir='ltr'><strong>veniet.</strong></span> 
     </span>
    </p>
   </div>
   <div class='ocr_carea' id='block_1_115' title="bbox 2276 5303 3797 5377">
    <p class='ocr_par' dir='ltr' id='par_1_115' title="bbox 2276 5303 3797 5377">
     <span class='ocr_line' id='line_1_115' title="bbox 2276 5303 3797 5377; baseline -0.003 -17"><span class='ocrx_word' id='word_1_904' title='bbox 2276 5306 2329 5360; x_wconf 88' lang='lat'><strong>6.</strong></span> <span class='ocrx_word' id='word_1_905' title='bbox 2360 5303 2506 5376; x_wconf 83' lang='lat' dir='ltr'><strong>[vers.</strong></span> <span class='ocrx_word' id='word_1_906' title='bbox 2536 5303 2613 5377; x_wconf 71' lang='grc'><strong>4.]</strong></span> <span class='ocrx_word' id='word_1_907' title='bbox 2643 5305 2911 5360; x_wconf 90' lang='lat' dir='ltr'><strong>Sermones</strong></span> <span class='ocrx_word' id='word_1_908' title='bbox 2941 5306 3226 5376; x_wconf 89' lang='lat' dir='ltr'><strong>iniquorum</strong></span> <span class='ocrx_word' id='word_1_909' title='bbox 3249 5305 3619 5377; x_wconf 69' lang='lat' dir='ltr'><strong>prmaluerunt</strong></span> <span class='ocrx_word' id='word_1_910' title='bbox 3647 5321 3797 5374; x_wconf 65' lang='lat' dir='ltr'><strong>super</strong></span> 
     </span>
    </p>
   </div>
   <div class='ocr_carea' id='block_1_116' title="bbox 2207 5397 3796 5470">
    <p class='ocr_par' dir='ltr' id='par_1_116' title="bbox 2207 5397 3796 5470">
     <span class='ocr_line' id='line_1_116' title="bbox 2207 5397 3796 5470; baseline -0.002 -17"><span class='ocrx_word' id='word_1_911' title='bbox 2207 5414 2334 5463; x_wconf 86' lang='lat' dir='ltr'><strong>nos;</strong></span> <span class='ocrx_word' id='word_1_912' title='bbox 2362 5407 2405 5452; x_wconf 91' lang='lat' dir='ltr'><strong>et</strong></span> <span class='ocrx_word' id='word_1_913' title='bbox 2432 5398 2712 5468; x_wconf 86' lang='lat' dir='ltr'><strong>impietates</strong></span> <span class='ocrx_word' id='word_1_914' title='bbox 2739 5408 2936 5453; x_wconf 78' lang='lat' dir='ltr'><strong>nostras</strong></span> <span class='ocrx_word' id='word_1_915' title='bbox 2971 5409 3023 5452; x_wconf 86' lang='lat' dir='ltr'><strong>tu</strong></span> <span class='ocrx_word' id='word_1_916' title='bbox 3061 5399 3410 5470; x_wconf 84' lang='lat' dir='ltr'><strong>propitiaberis</strong></span> <span class='ocrx_word' id='word_1_917' title='bbox 3440 5399 3482 5451; x_wconf 76' lang='grc'><strong>⁸.</strong></span> <span class='ocrx_word' id='word_1_918' title='bbox 3528 5397 3664 5467; x_wconf 89' lang='lat' dir='ltr'><strong>Quid</strong></span> <span class='ocrx_word' id='word_1_919' title='bbox 3695 5407 3796 5459; x_wconf 76' lang='lat' dir='ltr'><strong>est,</strong></span> 
     </span>
    </p>
   </div>
   <div class='ocr_carea' id='block_1_117' title="bbox 2210 5491 3796 5564">
    <p class='ocr_par' dir='ltr' id='par_1_117' title="bbox 2210 5491 3796 5564">
     <span class='ocr_line' id='line_1_117' title="bbox 2210 5491 3796 5564; baseline -0.003 -17"><span class='ocrx_word' id='word_1_920' title='bbox 2210 5492 2477 5547; x_wconf 87' lang='lat' dir='ltr'><strong>Sermones</strong></span> <span class='ocrx_word' id='word_1_921' title='bbox 2501 5491 2785 5562; x_wconf 84' lang='lat' dir='ltr'><strong>iniquorum</strong></span> <span class='ocrx_word' id='word_1_922' title='bbox 2820 5493 3188 5562; x_wconf 75' lang='lat' dir='ltr'><strong>prwvaluerunt</strong></span> <span class='ocrx_word' id='word_1_923' title='bbox 3207 5509 3360 5564; x_wconf 83' lang='lat' dir='ltr'><strong>super</strong></span> <span class='ocrx_word' id='word_1_924' title='bbox 3379 5509 3470 5546; x_wconf 77' lang='lat' dir='ltr'><strong>nos</strong></span> <span class='ocrx_word' id='word_1_925' title='bbox 3483 5509 3501 5558; x_wconf 82' lang='lat'><strong>,°</strong></span> <span class='ocrx_word' id='word_1_926' title='bbox 3543 5503 3590 5547; x_wconf 82' lang='lat' dir='ltr'><strong>et</strong></span> <span class='ocrx_word' id='word_1_927' title='bbox 3614 5493 3796 5559; x_wconf 55' lang='lat' dir='ltr'><strong>impie-</strong></span> 
     </span>
    </p>
   </div>
   <div class='ocr_carea' id='block_1_118' title="bbox 2210 5583 3798 5654">
    <p class='ocr_par' dir='ltr' id='par_1_118' title="bbox 2210 5583 3798 5654">
     <span class='ocr_line' id='line_1_118' title="bbox 2210 5583 3798 5654; baseline -0.001 -17"><span class='ocrx_word' id='word_1_928' title='bbox 2210 5593 2332 5638; x_wconf 83' lang='lat' dir='ltr'><strong>tates</strong></span> <span class='ocrx_word' id='word_1_929' title='bbox 2353 5594 2552 5638; x_wconf 84' lang='lat' dir='ltr'><strong>nostras</strong></span> <span class='ocrx_word' id='word_1_930' title='bbox 2583 5593 2634 5637; x_wconf 90' lang='lat' dir='ltr'><strong>tu</strong></span> <span class='ocrx_word' id='word_1_931' title='bbox 2657 5585 3004 5654; x_wconf 80' lang='lat' dir='ltr'><strong>propitiaberis</strong></span> <span class='ocrx_word' id='word_1_932' title='bbox 3027 5586 3052 5639; x_wconf 72' lang='lat'><strong>.9</strong></span> <span class='ocrx_word' id='word_1_933' title='bbox 3079 5585 3230 5654; x_wconf 92' lang='lat' dir='ltr'><strong>Quod</strong></span> <span class='ocrx_word' id='word_1_934' title='bbox 3261 5586 3368 5639; x_wconf 89' lang='lat' dir='ltr'><strong>nati</strong></span> <span class='ocrx_word' id='word_1_935' title='bbox 3398 5601 3584 5640; x_wconf 90' lang='lat' dir='ltr'><strong>sumus</strong></span> <span class='ocrx_word' id='word_1_936' title='bbox 3617 5587 3667 5638; x_wconf 90' lang='lat' dir='ltr'><strong>in</strong></span> <span class='ocrx_word' id='word_1_937' title='bbox 3701 5583 3798 5638; x_wconf 85' lang='lat' dir='ltr'><strong>hac</strong></span> 
     </span>
    </p>
   </div>
   <div class='ocr_carea' id='block_1_119' title="bbox 2212 5675 3797 5750">
    <p class='ocr_par' dir='ltr' id='par_1_119' title="bbox 2212 5675 3797 5750">
     <span class='ocr_line' id='line_1_119' title="bbox 2212 5675 3797 5750; baseline -0.003 -17"><span class='ocrx_word' id='word_1_938' title='bbox 2212 5685 2382 5744; x_wconf 89' lang='lat' dir='ltr'><strong>terra,</strong></span> <span class='ocrx_word' id='word_1_939' title='bbox 2425 5675 2635 5747; x_wconf 91' lang='lat' dir='ltr'><strong>iniquos</strong></span> <span class='ocrx_word' id='word_1_940' title='bbox 2670 5677 2969 5734; x_wconf 89' lang='lat' dir='ltr'><strong>invenimus</strong></span> <span class='ocrx_word' id='word_1_941' title='bbox 3001 5693 3139 5750; x_wconf 90' lang='lat' dir='ltr'><strong>quos</strong></span> <span class='ocrx_word' id='word_1_942' title='bbox 3169 5679 3448 5750; x_wconf 90' lang='lat' dir='ltr'><strong>loquentes</strong></span> <span class='ocrx_word' id='word_1_943' title='bbox 3475 5677 3797 5733; x_wconf 86' lang='lat' dir='ltr'><strong>audivimus.</strong></span> 
     </span>
    </p>
   </div>
   <div class='ocr_carea' id='block_1_120' title="bbox 2279 5809 3784 5884">
    <p class='ocr_par' dir='ltr' id='par_1_120' title="bbox 2279 5809 3784 5884">
     <span class='ocr_line' id='line_1_120' title="bbox 2279 5809 3784 5884; baseline 0 -24"><span class='ocrx_word' id='word_1_944' title='bbox 2279 5812 2296 5844; x_wconf 80' lang='grc' dir='ltr'>ι</span> <span class='ocrx_word' id='word_1_945' title='bbox 2319 5809 2633 5884; x_wconf 41' lang='grc' dir='ltr'><strong>ρωιιθεοζῇὺςξ</strong></span> <span class='ocrx_word' id='word_1_946' title='bbox 2654 5812 2752 5875; x_wconf 87' lang='lat' dir='ltr'><strong>hic,</strong></span> <span class='ocrx_word' id='word_1_947' title='bbox 2773 5812 3148 5878; x_wconf 80' lang='lat' dir='ltr'><strong>propitiaberis;</strong></span> <span class='ocrx_word' id='word_1_948' title='bbox 3183 5815 3272 5866; x_wconf 89' lang='lat' dir='ltr'><strong>sed</strong></span> <span class='ocrx_word' id='word_1_949' title='bbox 3311 5815 3433 5866; x_wconf 76' lang='lat' dir='ltr'><strong>infra</strong></span> <span class='ocrx_word' id='word_1_950' title='bbox 3464 5814 3688 5882; x_wconf 80' lang='lat' dir='ltr'><strong>plerique</strong></span> <span class='ocrx_word' id='word_1_951' title='bbox 3717 5812 3784 5861; x_wconf 77' lang='lat' dir='ltr'><strong>lia</strong></span> 
     </span>
    </p>
   </div>
   <div class='ocr_carea' id='block_1_121' title="bbox 2215 5875 2674 5938">
    <p class='ocr_par' dir='ltr' id='par_1_121' title="bbox 2215 5875 2674 5938">
     <span class='ocr_line' id='line_1_121' title="bbox 2215 5875 2674 5938; baseline -0.004 -12"><span class='ocrx_word' id='word_1_952' title='bbox 2215 5876 2354 5936; x_wconf 87' lang='lat' dir='ltr'><strong>bent,</strong></span> <span class='ocrx_word' id='word_1_953' title='bbox 2379 5875 2674 5938; x_wconf 64' lang='lat' dir='ltr'><strong>propinabis.</strong></span> 
     </span>
    </p>
   </div>
  </div>
