4038 6462
248 345 350 406 777

249 461 308 519 8i
338 463 544 534 possim
564 462 832 533 explicare
859 461 1001 533 quod
1029 463 1223 529 sentio,
1250 463 1462 534 adjuvet
1487 480 1573 519 me
1603 465 1826 520 intentio

243 553 538 610 Charitatis
568 554 792 610 Vestrae.
831 553 1018 609 Omnis
1047 553 1207 607 homo
1229 553 1545 624 ubicumque
1571 554 1826 619 nascitur,

244 643 416 714 ipsius
445 654 624 707 terrae,
647 645 729 699 vel
747 644 1000 714 regionis,
1027 643 1112 699 vel
1128 644 1356 698 civitatis
1381 644 1612 714 linguam
1634 642 1824 709 discit;

242 735 389 791 illius
414 734 673 790 imbuitur
699 734 938 790 moribus
966 744 1021 789 et
1039 734 1166 788 vita.
1190 732 1325 802 Quid
1348 733 1546 789 faceret
1575 749 1705 805 puer
1730 749 1827 788 na-

241 833 331 880 tus
362 825 504 881 inter
527 824 803 894 Paganos,
849 833 907 880 ut
933 840 1036 879 non
1066 825 1269 880 coleret
1296 823 1522 892 lapidem
1547 865 1562 891 ,
1612 823 1826 894 quando

239 915 395 970 illum
437 915 639 970 cultum
692 915 1094 970 insinuaverunt
1147 914 1432 984 parentes?
1480 913 1606 969 lude
1657 915 1826 984 prima

239 1007 408 1061 verba
434 1005 672 1070 audivit;
703 1005 852 1061 illum
878 1021 1114 1062 errorem
1135 1020 1255 1060 cum
1273 1006 1408 1060 lacte
1427 1006 1568 1060 suxit
1592 1023 1605 1059 :
1634 1014 1684 1060 et
1702 1005 1823 1074 quia

238 1094 315 1150 illi
343 1095 437 1166 qui
468 1095 825 1165 loquebantur
849 1095 1081 1164 majores
1107 1103 1259 1148 erant
1280 1135 1296 1160 ,
1326 1103 1380 1148 et
1403 1108 1537 1165 puer
1561 1093 1648 1164 qui
1677 1093 1824 1163 loqui

239 1185 484 1242 discebat
516 1186 691 1241 infans
715 1195 859 1251 erat,
891 1185 1030 1241 unde
1063 1193 1274 1256 poterat
1299 1184 1550 1254 parvulus
1578 1185 1679 1238 nisi
1709 1199 1822 1238 ma-

237 1275 414 1345 iorum
446 1277 817 1332 auctoritatem
843 1276 1028 1346 sequi,
1074 1285 1128 1331 et
1170 1274 1222 1329 id
1251 1274 1350 1329 sibi
1388 1275 1588 1330 bonum
1629 1271 1828 1329 ducere

238 1370 384 1440 quod
413 1371 488 1426 illi
525 1370 840 1426 laudarent?
878 1370 1019 1441 Ergo
1059 1377 1244 1439 gentes
1282 1382 1554 1422 conversae
1582 1367 1648 1420 ad
1671 1365 1825 1421 Chri-

237 1470 379 1517 stum
427 1472 649 1531 postea,
698 1469 754 1516 et
802 1461 1146 1517 recordantes
1195 1459 1494 1528 impietates
1543 1467 1819 1527 parentum

236 1568 458 1606 suorum
483 1591 500 1620 ,
547 1560 604 1609 et
641 1552 880 1608 dicentes
914 1551 1026 1621 jam
1062 1549 1204 1621 quod
1235 1549 1369 1604 dixit
1406 1549 1662 1620 propheta
1708 1549 1821 1618 ipse

234 1644 500 1701 Jeremias
523 1686 541 1712 ,
592 1643 718 1699 Vere
754 1644 1068 1698 mendacium
1112 1643 1372 1696 coluerunt
1417 1655 1584 1710 patres
1630 1641 1820 1707 nostri;

235 1736 508 1788 sanitatem
531 1749 644 1804 qua
675 1734 748 1788 eis
783 1751 883 1788 non
913 1733 1104 1805 profuit
1134 1730 1346 1800 (Jerem.
1378 1747 1463 1786 xvn
1483 1771 1500 1798 ,
1534 1729 1626 1804 l9)
1657 1749 1670 1785 :
1698 1745 1818 1787 cum

234 1839 362 1894 ergo
401 1825 513 1894 jam
558 1824 658 1880 hoc
699 1825 912 1890 dicunt,
952 1823 1256 1878 renuntiant
1285 1823 1624 1892 Opinionibus
1651 1831 1705 1877 ct
1729 1837 1820 1878 sa-

235 1915 471 1984 crilegiis
509 1922 786 1986 parentum
829 1928 1044 1969 suorum
1095 1913 1415 1984 iniquorum.
1464 1912 1571 1968 Sed
1601 1913 1720 1984 quia
1760 1923 1819 1967 ut

236 2005 606 2060 insererentur
647 2005 839 2059 talibus
879 2005 1218 2074 Opinionibus
1244 2013 1298 2059 et
1333 2003 1626 2074 sacrilegiis
1646 2043 1660 2070 ,
1692 2019 1818 2074 per-

233 2095 516 2150 suasiones
541 2093 784 2150 fecerunt
813 2109 1000 2149 eorum
1022 2094 1110 2164 qui
1137 2104 1336 2164 quanto
1358 2103 1515 2149 aetate
1545 2094 1818 2163 praecede-

233 2184 382 2250 bant,
412 2195 565 2241 tanto
591 2185 905 2240 auctoritate
925 2184 1226 2256 prreccdere
1245 2185 1440 2239 debere
1461 2185 1815 2255 putabantur;

233 2277 524 2332 conﬁtetur
563 2277 671 2347 jam
700 2277 876 2332 redire
905 2277 1088 2331 volens
1114 2274 1181 2329 ad
1219 2275 1512 2330 Jerusalem
1539 2275 1606 2330 de
1641 2274 1816 2346 Baby-

234 2368 399 2431 lonia,
428 2375 485 2423 et
510 2367 638 2424 dicit
663 2382 676 2418 :
711 2365 982 2423 Sermones
1013 2366 1300 2436 iniquorum
1331 2367 1697 2436 prwvaluerunt
1727 2365 1820 2418 ad-

231 2477 404 2516 uenus
434 2476 547 2514 nos.
575 2460 856 2515 Duxerunt
877 2473 974 2516 nos
1004 2459 1140 2515 mala
1161 2458 1448 2524 docentes;
1479 2459 1622 2513 cives
1643 2457 1818 2531 Baby-

233 2551 396 2608 lonia:
436 2564 539 2606 nos
577 2548 818 2605 fecerunt
857 2567 872 2605 :
903 2549 1203 2605 dimisimus
1241 2548 1579 2617 Creatorem,
1624 2548 1815 2604 adora-

231 2643 408 2698 vimus
433 2649 766 2708 creaturam;
793 2640 1090 2696 dimisimus
1110 2655 1231 2696 eum
1263 2656 1291 2694 a
1321 2655 1427 2711 quo
1466 2639 1586 2695 facti
1610 2654 1814 2710 sumus,

229 2735 577 2792 adoravimus
591 2734 735 2806 quod
762 2734 863 2806 ipsi
883 2733 1122 2789 fecimus.
1153 2732 1422 2789 Sermones
1452 2734 1592 2791 enim
1621 2734 1818 2804 iniquo»

229 2842 345 2883 rum
380 2825 752 2896 prmaluerunt
787 2841 935 2894 super
963 2840 1055 2879 nos
1084 2839 1102 2878 :
1129 2823 1222 2879 sed
1260 2833 1434 2880 tamen
1460 2839 1565 2878 non
1592 2838 1817 2895 oppres-

229 2928 422 2976 serunt
447 2933 566 2972 nos.
599 2917 810 2986 Quare?
831 2915 1124 2988 Impietates
1144 2926 1340 2971 nostras
1369 2925 1422 2970 tu
1445 2915 1814 2988 prapitiaberis.

231 3008 486 3064 lntendat
511 3008 752 3065 Charitas
780 3007 990 3063 Vestra.
1032 3005 1395 3079 Pr0pitiaberis
1419 3006 1695 3076 impietates
1723 3023 1816 3060 no-

228 3111 364 3156 stras
393 3117 407 3153 :
439 3115 544 3154 non
571 3099 764 3154 dicitur
803 3097 900 3154 nisi
929 3097 1137 3154 cuidam
1164 3095 1427 3154 sacerdoti
1448 3095 1689 3153 offerenti
1716 3095 1816 3150 ali-

227 3192 358 3266 quid
382 3235 399 3260 ,
431 3190 574 3248 unde
615 3191 858 3262 impietas
883 3189 1130 3261 expietur
1158 3197 1212 3244 et
1249 3189 1584 3260 propitietur.
1629 3187 1818 3258 impie-

226 3295 310 3342 tas
349 3285 497 3340 enim
543 3291 670 3338 tunc
713 3281 908 3337 dicitur
951 3280 1264 3352 propitiari,
1310 3295 1430 3335 cum
1477 3279 1735 3351 propitius
1762 3279 1819 3336 ﬁt

225 3378 377 3436 Deus
411 3377 693 3446 impietati.
722 3374 858 3444 Quid
885 3383 968 3429 est
986 3413 1002 3437 ,
1026 3373 1142 3429 ﬁeri
1166 3373 1331 3428 Deum
1359 3373 1615 3443 impietati
1644 3373 1821 3443 prepi-

227 3469 408 3525 tium?
437 3466 490 3522 id
519 3475 620 3532 est,
649 3467 1010 3536 ignoscentem
1037 3473 1092 3520 et
1116 3464 1325 3520 veniam
1357 3464 1596 3518 dantem.
1626 3463 1728 3518 Sed
1760 3473 1820 3520 ut

227 3559 324 3617 Dei
356 3559 514 3614 venia
563 3558 906 3628 impetretur,
939 3557 1242 3628 propitiatio
1274 3555 1331 3611 ﬁt
1359 3571 1454 3626 per
1487 3556 1698 3626 aliquod
1734 3571 1820 3611 sa-

225 3651 519 3710 criﬁcium.
551 3649 766 3705 Exstitit
789 3664 918 3721 ergo
946 3665 974 3703 a
1005 3649 1112 3705 Deo
1135 3649 1361 3706 Domino
1381 3648 1577 3705 missus
1605 3647 1818 3718 quidam

226 3742 492 3799 sacerdos
520 3749 702 3796 noster
725 3758 739 3805 ;
761 3741 1050 3810 assumpsit
1068 3755 1097 3793 a
1125 3739 1280 3794 nobis
1305 3738 1446 3809 quod
1475 3737 1690 3794 otl’erret
1717 3739 1820 3794 Do-

225 3837 399 3900 mino,
430 3834 577 3904 ipsas
601 3833 833 3889 diximus
853 3840 1067 3888 sanctas
1091 3832 1354 3902 primitias
1377 3831 1556 3888 carnis
1578 3846 1646 3886 ex
1668 3839 1821 3885 utero

230 3924 484 3996 virginis.
517 3923 629 3979 Hoc
653 3922 1017 3978 holocaustum
1054 3921 1246 3976 obtulit
1275 3921 1382 3977 Deo
1407 3939 1420 3975 :
1450 3919 1687 3978 extendit
1709 3933 1822 3976 ma-

224 4029 326 4070 nus
352 4015 410 4069 in
433 4027 618 4079 cruce,
649 4019 707 4066 ut
730 4011 952 4076 diceret,
985 4009 1248 4082 Dirigatur
1273 4011 1433 4065 oratio
1455 4026 1564 4064 mea
1591 4011 1718 4064 sicut
1741 4011 1822 4064 in-

225 4122 439 4162 censum
482 4104 537 4158 in
579 4112 845 4176 conspectu
896 4112 1023 4166 tuo;
1070 4101 1281 4158 elevatio
1324 4117 1564 4156 manuum
1597 4116 1821 4154 mearum

223 4195 542 4267 sacriﬁcium
579 4194 912 4264 vespertinum
952 4191 1122 4266 (Psal.
1153 4207 1288 4258 exc,
1318 4190 1398 4263 2).
1451 4193 1600 4247 Sicut
1626 4192 1815 4256 nostis,

223 4290 348 4360 quia
369 4287 634 4343 Dominus
649 4287 793 4341 circa
806 4299 1080 4355 vesperam
1101 4283 1348 4354 pependit
1363 4283 1414 4337 in
1427 4297 1584 4338 cruce
1605 4282 1816 4352 (Matth.

223 4393 376 4437 Xxvtt
405 4419 424 4444 ,
472 4375 564 4447 46)
597 4393 610 4430 :
639 4384 694 4431 et
742 4375 1042 4446 impietates
1089 4381 1285 4428 nostra:
1333 4371 1631 4444 propitiata:
1660 4381 1816 4438 sunt;

223 4467 432 4541 alioqui
464 4465 857 4521 absorbuerant
879 4480 975 4524 nos
1006 4481 1019 4519 :
1045 4478 1322 4519 sermones
1349 4463 1649 4535 iniquorum
1680 4477 1818 4532 prte-

225 4560 518 4613 valuerant
543 4570 708 4625 super
737 4569 834 4610 nos
863 4570 878 4619 ;
918 4553 1182 4609 duxerant
1209 4567 1305 4608 nos
1329 4552 1706 4622 praedicatores
1731 4551 1821 4608 Jo-

223 4651 328 4714 vis,
362 4659 421 4704 et
440 4645 678 4710 Saturni,
701 4654 756 4702 et
779 4644 1027 4702 Mercurii
1059 4663 1072 4699 :
1097 4643 1365 4699 Sermones
1389 4643 1672 4714 iniquorum
1691 4659 1824 4714 pra!-

222 4742 503 4800 valuerunt
528 4755 678 4808 super
702 4754 814 4794 nos.
857 4735 963 4792 Sed
993 4735 1118 4807 quid
1155 4734 1358 4790 facies?
1407 4733 1696 4804 Impietates
1723 4751 1821 4788 no-

223 4845 397 4899 stras,
429 4840 488 4888 tu
519 4829 890 4900 propitiaberis.
941 4827 1020 4882 Tu
1047 4827 1298 4882 sacerdos
1321 4869 1336 4891 ,
1383 4835 1438 4880 tu
1468 4826 1716 4890 victima;
1765 4835 1821 4880 tu

223 4925 466 4988 oblator,
503 4930 557 4974 tu
594 4919 811 4975 oblatio.
863 4918 983 4989 Ipse
1019 4917 1271 4972 sacerdos
1309 4924 1426 4981 est,
1458 4915 1546 4986 qui
1574 4930 1713 4970 nunc
1743 4915 1824 4970 in-

222 5029 456 5086 gressus
503 5013 753 5067 interiora
783 5011 886 5067 veli
913 5051 926 5073 ,
974 5009 1121 5064 solus
1162 5009 1231 5063 ibi
1264 5023 1330 5062 ex
1359 5007 1439 5062 his
1473 5007 1562 5078 qui
1605 5021 1819 5062 carnem

222 5113 605 5178 gestaverunt,
637 5102 946 5173 interpellat
971 5115 1068 5171 pro
1085 5101 1236 5156 nobis
1260 5098 1440 5171 (Hebr.
1463 5114 1535 5163 vt,
1561 5097 1628 5154 i9
1644 5108 1689 5152 et
1707 5097 1819 5169 20).

225 5197 282 5257 ln
317 5198 482 5267 cujus
509 5195 585 5251 rei
615 5194 778 5264 ﬁgura
799 5233 814 5258 ,
870 5193 920 5246 in
953 5192 1044 5249 illo
1075 5191 1247 5261 primo
1274 5191 1469 5262 populo
1491 5231 1506 5255 ,
1556 5197 1610 5244 et
1651 5189 1702 5248 in
1735 5189 1824 5243 illo

225 5291 411 5360 primo
443 5287 644 5358 templo
665 5327 680 5351 ,
708 5299 847 5340 unus
867 5281 1118 5363 sacerdos
1141 5281 1375 5338 intrabat
1401 5281 1452 5338 in
1474 5280 1668 5334 Sancta
1703 5295 1826 5340 san-

225 5390 448 5438 ctorum
477 5395 492 5443 ;
519 5377 742 5447 populus
765 5374 939 5431 omnis
965 5374 1094 5428 foris
1121 5375 1296 5428 stabat
1330 5391 1344 5429 :
1373 5381 1428 5426 et
1453 5373 1539 5426 ille
1565 5373 1655 5442 qui
1679 5371 1825 5427 solus

223 5471 642 5544 ingrediebatur
688 5470 741 5524 in
783 5469 1034 5524 interiora
1059 5467 1186 5529 veli,
1218 5465 1474 5522 otl‘erebat
1507 5465 1826 5520 sacriﬁcium

224 5579 328 5635 pro
347 5561 556 5633 populo
573 5561 702 5619 foris
719 5569 894 5614 stante
920 5556 1030 5631 (Id.
1055 5573 1129 5621 ιχ,
1153 5558 1230 5626 7).
1246 5555 1301 5610 Si
1328 5555 1648 5624 intelligatur
1667 5556 1824 5621 bene,

223 5655 465 5724 spiritus
490 5651 722 5705 vivitieat
752 5666 765 5704 :
799 5649 841 5703 si
877 5663 982 5703 non
1014 5648 1334 5716 intelligatur
1356 5687 1371 5710 ,
1413 5645 1583 5699 littera
1612 5644 1824 5702 occidit.

227 5745 399 5802 Modo
419 5757 546 5799 cum
578 5741 844 5810 legeretur
869 5739 1153 5807 Apostolus
1171 5777 1186 5802 ,
1227 5735 1448 5789 audistis
1475 5751 1487 5786 :
1517 5732 1708 5788 Littera
1735 5751 1822 5786 oc-

486 5835 713 5894 Ssxcr.
749 5834 1024 5891 Ausus'r.
1058 5829 1158 5888 ιν.

1332 351 1725 409 ENARRATIO
1751 350 1817 407 IN
1857 350 2173 411 PSALMUI
2213 356 2395 412 LXIV.

3416 363 3518 422 778

1933 463 2054 518 cidit
2076 479 2099 530 ;
2140 467 2350 537 spiritus
2373 477 2542 523 autem
2567 471 2803 541 viviﬁcat.
2849 472 2987 542 Quid
3015 474 3158 532 enim
3183 477 3513 546 ageretur'in

1932 555 2027 611 illo
2056 559 2272 628 populo,
2300 559 2471 616 Judaei
2499 558 2803 618 nescierunt
2829 581 2842 627 ;
2882 566 2976 622 sed
3005 582 3103 622 nec
3127 566 3286 623 modo
3312 567 3510 626 sciunt.

1935 647 2010 702 De
2039 649 2140 704 illis
2172 652 2367 722 quippe
2391 651 2590 708 dictum
2627 663 2711 709 est
2739 672 2752 709 :
2793 653 3048 724 Quamdiu
3073 659 3250 730 legitur
3289 659 3511 734 Moyses,

1932 737 2154 794 velamen
2197 758 2353 813 super
2388 759 2476 798 cor
2518 760 2693 800 eorum
2737 747 2953 816 positum
3005 759 3096 802 est.
3151 751 3224 806 lbi
3271 751 3512 811 velamen

1932 827 2096 897 ﬁgura
2137 841 2220 886 est
2252 850 2265 884 :
2296 832 2388 886 sed
2436 833 2650 890 tolletur
2678 836 2842 906 ﬁgura
2863 878 2877 901 ,
2921 846 2974 893 et
3013 841 3288 908 apparebit
3314 842 3513 900 veritas

1930 916 1983 970 in
2006 918 2086 973 eis
2107 919 2254 988 ipsis.
2285 919 2390 976 Sed
2418 922 2630 991 quando
2663 925 2877 980 tolletur
2902 927 3180 986 velamen?
3211 931 3345 989 Audi
3369 932 3512 1007 Apoo

1928 1007 2122 1061 stolum
2155 1027 2167 1061 :
2198 1009 2324 1064 Cum
2345 1021 2511 1066 autem
2541 1015 2799 1068 transieris
2827 1015 2844 1046 ί
2870 1017 2938 1069 ad
2963 1015 3268 1084 Dominum,
3306 1025 3508 1094 aufere-

1929 1105 2013 1150 tur
2039 1097 2282 1154 uelamen.
2334 1100 2466 1154 Dum
2493 1116 2622 1172 ergo
2662 1119 2766 1158 non
2797 1113 3074 1162 transeunt
3101 1106 3166 1164 ad
3205 1107 3507 1174 Dominum,

1927 1189 2177 1262 quamdiu
2201 1191 2383 1261 legunt
2417 1192 2630 1266 Moysen
2655 1235 2670 1258 ,
2715 1197 2957 1253 velamen
2989 1198 3182 1253 habent
3208 1213 3370 1270 super
3393 1215 3506 1256 cor.

1926 1278 2008 1333 Ad
2033 1279 2133 1335 hoc
2162 1293 2554 1338 sacramentum
2584 1285 2817 1356 fulgebat
2839 1296 2961 1342 tunc
2991 1287 3153 1345 facies
3188 1289 3354 1366 Moysi
3379 1331 3394 1355 ,
3439 1291 3510 1350 ita

1926 1380 1980 1425 ut
2001 1387 2103 1425 non
2137 1383 2336 1440 possent
2361 1374 2616 1429 intendere
2639 1375 2736 1444 ﬁlii
2757 1375 2926 1432 Israel
2955 1379 3004 1432 in
3031 1381 3211 1452 facient
3244 1382 3352 1456 ejus
3392 1381 3512 1451 (an.

1925 1459 2077 1515 distis
2103 1463 2262 1516 modo
2286 1477 2406 1518 cum
2433 1464 2720 1537 legeretur)
2744 1481 2759 1530 ;
2789 1475 2843 1522 et
2863 1469 3102 1525 velamen
3123 1479 3238 1525 erat
3263 1472 3402 1526 inter
3423 1469 3506 1525 fa.

1924 1552 2059 1607 ciem
2088 1554 2250 1626 Moysi
2283 1556 2547 1626 loquentis
2569 1597 2584 1621 ,
2615 1569 2669 1612 et
2706 1559 2956 1630 pepulum
2984 1561 3288 1616 audientem
3319 1563 3504 1621 verba.

1924 1641 2029 1697 Per
2068 1644 2243 1701 velum
2283 1647 2443 1700 verba
2483 1647 2804 1715 audiebant;
2856 1650 3043 1708 faciem
3093 1668 3198 1709 non
3228 1652 3502 1713 videbant.

1924 1730 1992 1786 Et
2025 1734 2150 1803 quid
2181 1735 2256 1788 ait
2299 1737 2624 1805 Apostolus?
2668 1737 2752 1792 Ita
2786 1749 2840 1794 ut
2879 1757 2978 1794 non
3015 1753 3215 1816 possent
3253 1744 3509 1801 intendere

1923 1823 2021 1893 ﬁlii
2063 1823 2229 1879 Israel
2266 1828 2319 1881 in
2349 1828 2528 1898 faciem
2557 1828 2744 1903 Moysi.
2788 1831 2907 1886 Non
2936 1827 3284 1902 intendebant,
3314 1836 3504 1907 lnqult,

1923 1930 2079 1986 usque
2120 1916 2172 1971 in
2211 1917 2365 1986 ﬁnem
2407 1917 2471 1990 (ll
2497 1917 2616 1974 Cor.
2650 1937 2726 1987 Ill,
2757 1921 2931 1994 6-16).
2982 1923 3114 1991 Quid
3143 1936 3246 1995 est,
3276 1941 3431 1997 usque
3451 1928 3506 1981 in

1923 2004 2076 2074 ﬁnem
2100 2005 2125 2059 ?
2154 2005 2329 2077 Usque
2347 2024 2452 2078 quo
2475 2009 2830 2082 intelligerent
2849 2013 3138 2069 Christum.
3166 2016 3507 2088 Dicitquippe

1924 2096 2209 2165 Apostolus
2243 2115 2256 2152 :
2285 2096 2432 2152 Finis
2475 2102 2609 2154 enim
2654 2101 2802 2173 chis
2846 2102 3101 2173 Christus,
3147 2105 3217 2159 ad
3252 2107 3506 2177 justitiam

1922 2188 2060 2241 omni
2080 2188 2301 2242 credenti
2320 2190 2496 2261 (Rom.
2523 2209 2577 2260 x,
2601 2192 2680 2264 4).
2710 2193 2807 2248 Est
2827 2195 3036 2266 quidem
3065 2197 3314 2267 splendor
3339 2200 3392 2254 in
3424 2198 3508 2254 la-

1922 2276 2003 2332 cie
2022 2276 2222 2348 Moysi,
2247 2289 2497 2350 tanquam
2529 2282 2580 2337 in
2605 2281 2741 2339 facie
2761 2286 2960 2340 carnali
2987 2295 3040 2340 et
3069 2287 3278 2342 mortali
3304 2306 3319 2343 :
3347 2304 3505 2344 num-

1922 2365 2050 2436 quid
2069 2366 2350 2424 diuturnus
2379 2380 2470 2425 aut
2501 2380 2734 2428 aeternus
2758 2387 2878 2429 esse
2903 2374 3126 2446 posset?
3166 2375 3332 2434 Morte
3357 2377 3504 2434 enim

1921 2457 2282 2527 succedente,
2330 2462 2570 2533 profecto
2624 2462 2944 2521 auferretur.
3007 2464 3273 2536 Splendor
3328 2475 3507 2525 autem

1921 2547 2103 2618 gloria:
2129 2549 2272 2609 beati
2298 2551 2508 2611 Domini
2548 2555 2714 2611 nostri
2740 2553 2866 2611 Jesu
2891 2553 3110 2620 Christi,
3152 2559 3510 2628 sempiternus

1922 2647 2024 2696 est.
2057 2637 2163 2696 Sed
2190 2639 2320 2696 illud
2351 2640 2515 2713 figura
2536 2651 2652 2698 erat
2679 2644 3010 2713 temporalis,
3037 2644 3138 2700 hoc
3165 2655 3343 2702 autem
3365 2647 3507 2718 quod

1921 2728 2010 2785 illa
2040 2731 2205 2801 figura
2245 2731 2643 2803 signiﬁcabatur
2666 2773 2682 2801 ,
2713 2736 2932 2791 veritas.
2971 2733 3180 2806 Legunt
3208 2737 3386 2814 itaque
3405 2780 3421 2805 ,
3452 2750 3508 2795 et

1921 2835 2027 2876 non
2073 2821 2375 2893 intelligunt
2417 2822 2686 2881 Christum
2715 2840 2728 2878 :
2761 2840 2866 2879 non
2915 2825 3214 2895 perducunt
3257 2827 3508 2884 intentio~

1921 2925 2042 2966 nem
2088 2927 2258 2982 usque
2303 2914 2357 2971 in
2402 2913 2582 2980 ﬁnem,
2630 2915 2752 2985 quia
2776 2915 2951 2970 velum
3001 2917 3303 2987 oppositum
3349 2927 3508 2988 negat

1919 2999 2000 3054 eis
2029 3009 2300 3070 aSpectum
2343 3003 2642 3076 splendoris
2685 3003 2972 3059 interioris.
3015 3005 3082 3060 Et
3127 3005 3246 3061 vide
3291 3006 3363 3065 ibi
3405 3006 3508 3064 sub

1920 3093 2039 3148 velo
2063 3092 2351 3151 Christum.
2385 3094 2472 3150 Ait
2511 3095 2628 3164 ipse
2664 3096 2919 3151 Dominus
2963 3106 3146 3154 noster
3167 3097 3321 3155 Jesus
3343 3098 3505 3156 Cbri-

1924 3194 2037 3240 stus
2067 3200 2080 3238 :
2121 3183 2184 3240 Si
2210 3184 2476 3241 crederetis
2515 3184 2715 3257 Moysi,
2755 3186 3020 3242 crederetis
3055 3198 3102 3244 et
3139 3190 3264 3246 mihi
3281 3206 3303 3256 ,°
3339 3189 3403 3246 de
3430 3207 3509 3245 me

1921 3277 2054 3332 enim
2081 3275 2168 3332 ille
2194 3278 2394 3346 scripsit
2424 3275 2601 3350 (Joan.
2627 3293 2683 3344 v,
2707 3278 2822 3352 46).
2855 3279 3158 3351 PrOpitiatis
3182 3291 3358 3338 autem
3383 3297 3509 3353 pec.

1920 3368 2054 3423 catis
2098 3369 2295 3424 nostris
2341 3377 2396 3424 et
2449 3369 2807 3440 impietatibus
2858 3387 2955 3444 per
3008 3373 3138 3428 illud
3186 3375 3505 3432 sacriﬁcium

1920 3460 2317 3528 vespertinum,
2361 3461 2648 3515 transimus
2691 3461 2759 3517 ad
2803 3463 3119 3531 Dominum,
3166 3475 3219 3520 et
3269 3467 3509 3522 aufertur

1921 3549 2160 3604 velamen
2187 3566 2200 3604 :
2227 3559 2505 3620 propterea
2536 3560 2587 3603 et
2613 3551 2835 3606 Domino
2863 3552 3137 3619 cruciﬁxo,
3164 3554 3340 3609 velum
3373 3565 3503 3611 tem-

1921 3639 1992 3710 pli
2022 3639 2246 3694 scissum
2273 3648 2355 3694 est
2379 3638 2604 3710 (Matth.
2627 3656 2806 3704 xxvu,
2841 3643 2903 3698 5i
2923 3641 2965 3714 ).
2999 3642 3204 3698 Exaudi
3227 3647 3508 3700 orationem

1923 3747 2086 3787 meam
2107 3747 2126 3786 :
2148 3730 2216 3786 ad
2250 3740 2298 3784 te
2335 3731 2499 3785 omnis
2525 3747 2642 3785 caro
2683 3733 2863 3786 veniet.
2912 3733 3182 3790 Sermones
3219 3737 3508 3806 iniquorum

1925 3823 2292 3894 pra'valuerunt
2328 3839 2481 3891 super
2528 3840 2617 3877 nos
2638 3841 2658 3890 ;
2679 3834 2726 3877 et
2754 3824 3036 3896 impietates
3067 3835 3264 3882 nostras
3289 3837 3346 3882 tu
3382 3845 3505 3897 pro.

1925 3916 2200 3987 pitiaberis.

1994 4010 2048 4064 7.
2081 4007 2230 4085 [vers.
2259 4009 2312 4076 5,
2335 4007 2416 4082 6.]
2445 4007 2633 4065 Beatus
2658 4027 2804 4082 quem
2830 4012 3023 4084 elegisti
3040 4055 3056 4081 ,
3098 4022 3144 4068 et
3169 4014 3504 4085 assumpsisti.

1924 4100 2054 4171 Quis
2082 4109 2164 4155 est
2195 4101 2398 4156 electus
2427 4101 2493 4156 ab
2522 4117 2588 4156 eo
2611 4144 2624 4165 ,
2668 4112 2724 4158 et
2766 4105 3112 4174 assumptus?
3156 4106 3362 4175 Aliquis
3402 4110 3506 4162 ele.

1923 4202 2041 4251 ctus
2071 4207 2100 4245 a
2125 4191 2401 4246 Salvatore
2427 4201 2610 4246 nostro
2639 4192 2764 4248 Jesu
2793 4193 3046 4249 Christo?
3075 4195 3155 4249 An
3183 4197 3298 4263 ipse
3317 4207 3509 4250 secun-

1924 4282 2046 4338 dum
2077 4296 2290 4337 carnem
2313 4321 2327 4344 ,
2369 4282 2509 4351 quod
2537 4281 2697 4337 homo
2725 4292 2840 4350 est,
2883 4285 3085 4339 electus
3123 4294 3176 4338 et
3198 4297 3509 4356 assumptus

1923 4373 2047 4428 est?
2099 4382 2156 4427 ut
2203 4380 2453 4442 tanquam
2500 4373 2676 4428 Verbo
2721 4373 2814 4428 Dei
2861 4373 3067 4431 dicatur
3105 4375 3248 4445 quod
3289 4385 3406 4431 erat
3453 4378 3505 4431 in

1925 4467 2186 4540 principio
2211 4509 2226 4532 ,
2258 4467 2397 4520 sicut
2437 4465 2567 4520 dicit
2608 4466 2961 4537 evangelista,
2996 4466 3063 4520 In
3109 4468 3358 4538 principio
3401 4480 3507 4522 erat

1937 4557 2169 4622 Verbum,
2199 4565 2245 4611 et
2274 4555 2491 4610 Verbum
2515 4565 2621 4612 erat
2646 4557 2786 4624 apud
2810 4555 2989 4624 Deum,
3019 4568 3065 4613 et
3092 4556 3228 4613 Deus
3255 4569 3360 4612 erat
3389 4559 3509 4614 νει.

1926 4651 2082 4716 bum;
2121 4649 2243 4720 quia
2273 4658 2327 4704 et
2370 4649 2484 4718 ipse
2530 4656 2614 4703 est
2659 4647 2824 4704 Filius
2860 4648 2992 4715 Dei,
3015 4647 3248 4704 Verbum
3278 4650 3411 4714 Dei,
3440 4651 3509 4705 de

1926 4758 2032 4815 quo
2058 4742 2218 4801 etiam
2248 4741 2409 4806 dicit,
2443 4739 2630 4794 Omnia
2668 4757 2757 4814 per
2783 4741 2948 4808 ipsum
2991 4743 3126 4810 facta
3154 4751 3298 4805 sunt,
3331 4751 3378 4795 et
3401 4744 3512 4797 sine

1925 4833 2037 4906 ipso
2080 4832 2267 4901 factum
2313 4841 2386 4886 est
2429 4831 2558 4890 nihil
2601 4829 2779 4900 (Joan.
2807 4846 2854 4895 ι,
2885 4831 3010 4900 1ο3)
3042 4848 3055 4885 :
3085 4841 3142 4885 ut
3183 4831 3256 4886 illi
3301 4831 3510 4888 dicatur

1935 4922 2070 4980 Filio
2097 4922 2210 4987 Dei,
2234 4921 2353 4990 quia
2380 4921 2495 4990 ipse
2520 4929 2604 4975 est
2631 4919 2880 4974 sacerdos
2908 4929 3110 4986 noster,
3139 4931 3320 4991 postea
3347 4938 3511 4978 carne

1927 5021 2219 5082 assumpta,
2243 5011 2433 5071 Beatus
2457 5028 2604 5080 quem
2631 5011 2846 5082 elegisti,
2876 5020 2924 5065 et
2945 5016 3262 5084 assumpsisti
3285 5030 3304 5068 :
3329 5015 3378 5068 id
3404 5027 3506 5078 est.

1930 5105 2019 5158 ille
2042 5103 2204 5160 homo
2233 5117 2338 5170 quo
2368 5102 2582 5159 indutus
2607 5117 2697 5167 es,
2727 5102 2814 5172 qui
2845 5105 3007 5173 coepit
3032 5120 3094 5160 ex
3128 5107 3386 5175 tempore,
3415 5123 3509 5160 na.-

1931 5205 2015 5250 tus
2044 5210 2107 5248 ex
2140 5192 2338 5247 femina
2367 5192 2620 5260 templum
2653 5192 3046 5268 quodammodo
3073 5195 3212 5249 illius
3237 5195 3325 5264 qui
3361 5211 3503 5250 sem~

1930 5305 2025 5360 per
2063 5289 2116 5341 in
2158 5295 2416 5342 teternum
2445 5293 2544 5350 est,
2589 5297 2642 5340 et
2674 5287 2725 5341 in
2754 5296 3012 5343 aeternum
3059 5285 3173 5340 fuit.
3220 5287 3302 5340 An
3333 5289 3510 5357 potius

1931 5381 2046 5451 ipse
2089 5377 2336 5434 Christus
2377 5379 2664 5445 assumpsit
2701 5377 2985 5448 quemdam
3033 5377 3262 5442 beatum,
3309 5389 3364 5432 et
3404 5394 3510 5439 non

1997 5559 2012 5590 ι
2030 5557 2318 5621 At-idd.,__cum
2334 5553 2638 5621 transierint.
2681 5561 2738 5621 At_
2756 5561 2885 5611 Mss,
2903 5565 3012 5621 cum
3033 5551 3326 5621 transieris:
3351 5559 3404 5604 et
3423 5558 3508 5621 sic,

1933 5622 2003 5669 uti
2023 5619 2120 5680 jam
2143 5615 2256 5666 alibi
2301 5616 2680 5680 observavimus,
2700 5615 2898 5680 _legere
2921 5615 3413 5680 soletaugustinus,
3459 5615 3511 5669 ut

1934 5673 2064 5744 quod
2083 5681 2134 5727 in
2153 5684 2315 5749 Graece
2339 5683 2433 5735 est,
2456 5675 2730 5739 epistrepsé,
2751 5673 2815 5724 sit
2833 5675 2966 5723 verbi
2991 5673 3138 5722 medii
3163 5673 3373 5724 secunda
3399 5689 3509 5737 per.

1934 5753 2068 5790 $0113.

2790 5816 3274 5896 (Vinqt—cinq.)
