4038 6490
539 385 642 443 779

537 502 731 557 dicitur
758 499 871 570 ipse
891 511 1049 568 quem
1076 493 1366 565 assumpsit
1387 491 1538 564 quasi
1567 491 1621 548 in
1651 490 1842 563 plurali
1868 503 2116 553 numero,

539 592 634 649 sed
665 593 716 647 in
744 588 1040 660 singulari?
1076 586 1251 643 Unum
1277 585 1421 642 enim
1445 583 1686 649 assumit,
1711 581 1835 652 quia
1864 580 2121 636 unitatem

539 685 780 740 assumit.
813 681 1112 738 Schismata
1153 694 1260 733 non
1292 676 1540 740 assumit,
1574 675 1808 729 htereses
1833 687 1937 728 non
1961 683 2120 725 assu-

541 775 635 832 mit
665 794 678 829 :
705 772 1096 830 multitudinem
1125 769 1192 826 de
1217 784 1274 825 se
1305 769 1583 831 fecerunt;
1626 777 1732 819 non
1759 771 1842 818 est
1872 774 2007 816 unus
2031 759 2121 829 qui

539 878 860 923 assumatur.
903 865 1004 932 Qui
1045 873 1219 918 autem
1265 867 1480 916 manent
1523 858 1576 912 in
1620 870 1874 927 compage
1896 851 2117 914 Christi,

538 970 594 1016 et
635 960 874 1015 membra
914 958 1029 1028 ejus
1072 965 1228 1019 sunt,
1278 953 1475 1007 faciunt
1518 945 1911 1019 quodammodo
1956 959 2120 999 unum

540 1058 738 1122 vitum,
789 1053 858 1109 de
896 1068 1003 1124 quo
1045 1049 1174 1106 dicit
1222 1046 1509 1117 Apostolus
1541 1063 1554 1098 :
1584 1042 1753 1096 Donec
1797 1053 2122 1094 occurramus

541 1166 715 1205 omnes
753 1148 805 1202 in
846 1145 1149 1218 agnitionem
1169 1141 1299 1196 Filii
1321 1139 1444 1204 Dei,
1473 1137 1527 1190 in
1555 1137 1714 1189 virum
1742 1135 2039 1204 perfectum,
2067 1131 2120 1183 in

541 1255 828 1294 mensuram
869 1236 1032 1291 aetatis
1078 1229 1406 1304 plenitudinis
1435 1226 1620 1282 Christi
1663 1223 1876 1296 (Ephes.
1906 1236 1976 1286 tv,
2003 1219 2116 1289 l3).

540 1330 723 1400 Itaque
765 1343 902 1382 unus
929 1325 1010 1380 vir
1056 1322 1372 1386 assumitur,
1401 1317 1485 1373 cui
1526 1324 1686 1385 caput
1726 1321 1807 1368 est
1835 1311 2116 1403 Christus;

538 1423 663 1493 quia
691 1430 840 1490 caput
865 1419 957 1472 viri
985 1416 1211 1472 Christus
1237 1422 1308 1468 est
1336 1410 1385 1483 (l
1412 1410 1530 1465 Cor.
1556 1423 1638 1473 xt,
1666 1405 1752 1478 5).
1785 1406 1900 1477 Ipse
1924 1412 2008 1459 est
2031 1403 2120 1457 ille

541 1514 713 1568 beatus
738 1511 814 1564 vir
833 1511 920 1582 qui
949 1524 1049 1563 non
1075 1506 1196 1561 abiit
1223 1506 1274 1559 in
1301 1502 1512 1557 consilio
1537 1500 1826 1570 impiorum,
1849 1505 1903 1552 et
1925 1503 2119 1551 caetera

539 1619 659 1675 qua:
687 1602 757 1657 ibi
787 1601 1037 1657 dicuntur
1063 1598 1234 1672 (Psal.
1264 1613 1302 1664 ι,
1333 1597 1386 1667 l)
1411 1613 1424 1648 :
1453 1595 1566 1665 ipse
1590 1591 1783 1662 estqui
1807 1589 2116 1646 assumitur.

535 1691 654 1748 Non
699 1701 782 1748 est
821 1700 972 1748 extra
1015 1703 1152 1755 nos;
1195 1690 1246 1743 in
1293 1687 1458 1758 ipsius
1487 1683 1742 1740 membris
1787 1697 1993 1746 sumus,
2021 1679 2121 1736 sub

537 1801 650 1842 uno
695 1786 870 1856 capite
914 1784 1187 1855 regimur,
1235 1795 1345 1836 uno
1393 1778 1584 1850 spiritu
1636 1790 1823 1832 omnes
1869 1775 2113 1838 vivimus,

536 1891 698 1933 unam
739 1875 964 1948 patriam
1012 1887 1201 1928 omnes
1244 1869 1629 1926 desideramus.
1657 1865 1945 1921 Videamus
1991 1877 2119 1933 ergo

537 1966 680 2038 quod
708 1965 775 2020 ad
804 1963 1075 2020 Christum
1100 1961 1329 2028 dicitur,
1361 1969 1538 2015 utrum
1583 1956 1648 2011 ad
1687 1970 1787 2010 nos
1832 1953 2115 2025 pertineat,

537 2067 593 2116 et
633 2057 700 2114 de
736 2055 890 2112 nobis
928 2055 1136 2110 dicatur
1165 2072 1178 2106 :
1209 2051 1600 2120 interrogemus
1627 2045 1981 2102 conscientias
2023 2057 2119 2096 no-

535 2158 695 2214 stras,
726 2163 964 2212 amorem
995 2146 1139 2200 illum
1169 2149 1604 2214 perscrutemur;
1633 2147 1688 2194 et
1714 2137 1760 2192 si
1798 2135 1972 2190 adhuc
1998 2149 2119 2204 par-

535 2256 634 2297 vus
656 2251 760 2309 est,
790 2249 848 2296 et
882 2238 1042 2294 modo
1068 2246 1222 2293 natus
1259 2250 1410 2289 amor
1438 2233 1541 2288 iste
1567 2229 1728 2302 (forte
1771 2229 1914 2284 enim
1959 2225 2118 2281 modo

538 2335 594 2390 in
623 2333 802 2404 aliquo
826 2327 1189 2403 germinavit),
1221 2327 1504 2397 diligenter
1523 2323 1779 2393 exStirpet
1815 2320 1964 2391 juxta
1992 2333 2116 2388 ger-

536 2424 806 2479 minantcs
835 2421 1037 2492 Spinas,
1065 2419 1118 2474 id
1147 2427 1230 2474 est
1255 2430 1410 2472 curas
1435 2413 1738 2478 szeculares,
1771 2426 1838 2466 ne
1867 2423 2118 2465 crescen-

533 2513 604 2570 do
637 2522 880 2569 sanctum
915 2525 1139 2582 germen
1163 2507 1412 2563 oll'ocent.
1442 2505 1628 2559 Beatus
1662 2519 1807 2574 quem
1844 2499 2038 2572 elegiin
2070 2507 2117 2554 et

530 2607 869 2679 assumpsisti.
920 2605 975 2661 In
1025 2604 1116 2659 illo
1161 2602 1364 2668 simus,
1409 2608 1461 2654 et
1505 2610 1879 2660 assumemur;
1927 2594 1980 2648 in
2023 2591 2116 2646 illo

531 2700 732 2764 simus,
762 2707 817 2754 et
842 2696 996 2753 electi
1023 2695 1242 2751 erimus.

601 2791 655 2848 8.
697 2790 764 2844 Et
787 2788 913 2859 quid
939 2787 1090 2842 nobis
1113 2782 1290 2840 dabit?
1312 2779 1643 2845 Inlzabitabit,
1672 2777 1864 2849 inquit,
1893 2778 1945 2830 in
1971 2776 2115 2829 atriis

531 2881 651 2936 tuis.
677 2878 972 2936 Jerusalem
1004 2876 1092 2931 illa
1113 2885 1215 2942 est,
1239 2873 1323 2928 cui
1349 2879 1564 2928 cantant
1583 2870 1672 2941 qui
1693 2866 1946 2939 incipiunt
1966 2867 2114 2921 exire

531 2972 599 3026 de
624 2969 943 3042 Babylonia:
974 2965 1279 3020 Inhabstabit
1301 2965 1353 3017 in
1387 2963 1528 3017 atriis
1557 2961 1674 3016 tuis.
1707 2958 2033 3030 Replebimur
2059 2958 2113 3011 in

532 3062 674 3117 bonis
694 3061 872 3116 domus
898 3069 1016 3115 luat.
1041 3059 1170 3126 Qua:
1195 3065 1320 3112 sunt
1348 3055 1486 3109 bona
1513 3053 1703 3108 domus
1724 3049 1851 3106 Dei?
1871 3049 2110 3115 Fratres,

531 3154 914 3210 constituamus
944 3150 1098 3207 nobis
1125 3147 1354 3219 aliquam
1382 3145 1597 3201 domum
1626 3141 1876 3207 divitem;
1900 3141 2113 3211 quantis

530 3244 686 3301 bonis
711 3241 908 3299 referta
947 3241 1036 3308 sit,
1064 3255 1222 3312 quam
1247 3238 1462 3309 cupiosa
1487 3236 1576 3302 sit,
1605 3248 1730 3290 vasa
1757 3247 1918 3304 quam
1945 3232 2110 3286 multa

525 3339 604 3394 ibi
631 3351 814 3403 aurea,
846 3334 939 3391 sed
978 3339 1033 3390 et
1057 3340 1340 3403 argentea;
1387 3339 1640 3400 quantum
1679 3325 1912 3392 familize,
1945 3339 2113 3394 quan-

521 3440 645 3486 tum
669 3430 1032 3501 jumentorum
1057 3436 1112 3482 et
1135 3424 1474 3487 animalium;
1508 3423 1618 3494 ipsa
1657 3420 1888 3490 denique
1922 3419 2112 3474 domus

528 3536 688 3591 quam
727 3518 954 3576 delectet
991 3517 1232 3589 picturis,
1274 3528 1563 3578 marmore,
1612 3511 1970 3581 laquearibus,
2016 3523 2113 3562 eo-

524 3613 748 3682 lumnis,
779 3611 984 3683 spatiis,
1014 3607 1304 3673 cubiculis;
1347 3613 1403 3660 et
1427 3603 1798 3660 desiderantur
1842 3599 1984 3664 talia,
2017 3598 2111 3654 sed

523 3705 703 3762 adhuc
720 3719 786 3760 ex
805 3701 1118 3760 confusione
1143 3697 1468 3770 Babylonize.
1518 3697 1748 3764 Amputa
1785 3691 1962 3746 omnia
2011 3690 2110 3744 ista

528 3795 817 3860 desideria,
845 3809 880 3848 ο
903 3791 1034 3848 civis
1059 3789 1390 3852 lerusalem;
1432 3784 1675 3854 amputa!
1718 3784 1763 3838 si
1805 3782 1885 3836 vis
1916 3780 2108 3846 redire,

534 3899 638 3942 nun
665 3896 718 3941 te
740 3885 969 3939 delectet
993 3880 1289 3952 captivitas.
1317 3877 1421 3933 Sed
1439 3877 1547 3948 jam
1569 3874 1777 3944 coepisti
1805 3873 1950 3928 exire
1971 3891 1983 3927 :
2003 3871 2109 3926 noli

530 3985 678 4035 retro
718 3973 1006 4044 respicere,
1053 3970 1161 4026 noli
1206 3982 1483 4024 remanere
1526 3966 1578 4019 in
1631 3965 1734 4018 via.
1765 3962 1878 4017 Non
1921 3961 2110 4017 desunt

529 4067 707 4124 adhuc
735 4066 917 4123 hostes
939 4063 1028 4135 qui
1057 4062 1148 4118 tibi
1169 4058 1523 4133 persuadeant
1539 4056 1898 4127 captivitatem
1918 4066 1970 4110 et
1989 4070 2112 4124 per-

528 4159 914 4233 egrinationem
945 4175 958 4210 :
986 4158 1095 4227 jam
1125 4169 1230 4209 non
1252 4153 1746 4223 praevaleantsuper
1770 4157 1818 4202 te
1838 4161 2112 4202 sermones

532 4255 856 4324 iniquorum.
879 4249 1102 4303 Domum
1131 4245 1222 4300 Dei
1250 4242 1518 4308 desidera,
1541 4250 1594 4294 et
1614 4243 1750 4295 bona
1777 4239 1893 4308 ejus
1921 4238 2112 4294 domus

532 4345 805 4409 desidera;
833 4340 925 4398 sed
951 4339 1061 4394 noli
1089 4337 1236 4405 talia,
1263 4336 1436 4407 qualia
1467 4333 1770 4388 desiderare
1790 4333 1929 4388 soles
1960 4332 2039 4387 vel
2060 4333 2109 4386 in

533 4439 695 4495 domo
719 4445 830 4500 tua,
860 4433 942 4488 vel
970 4431 1023 4487 in
1046 4430 1206 4486 domo
1233 4427 1392 4483 vicini
1420 4427 1514 4490 tui,
1549 4425 1631 4480 vel
1654 4425 1704 4478 in
1725 4423 1886 4479 domo
1906 4424 2110 4492 patroni

531 4529 627 4583 tui.
653 4525 806 4582 Aliud
835 4521 1086 4596 quiddam
1112 4528 1197 4577 est
1215 4519 1412 4574 bonum
1434 4516 1625 4570 domus
1646 4515 1808 4570 illius.
1827 4514 1961 4582 Quid
1978 4530 2112 4584 opus

533 4628 616 4676 est
643 4627 701 4672 ut
726 4633 827 4680 nos
852 4616 1091 4672 dicamus
1118 4626 1239 4683 qua:
1267 4610 1374 4664 sint
1395 4608 1533 4664 bona
1566 4607 1707 4662 illius
1734 4605 1960 4661 domus?
1995 4606 2111 4676 Ipse

532 4709 731 4765 indicet
765 4707 854 4779 qui
880 4713 1058 4763 cantat
1097 4703 1280 4774 exiens
1319 4699 1387 4754 de
1413 4698 1738 4770 Babylonia:
1767 4696 2108 4768 Replebimur,

533 4800 722 4871 inquit,
743 4800 797 4853 in
821 4799 961 4853 bonis
980 4796 1159 4851 domus
1175 4804 1291 4847 tute.
1310 4790 1438 4860 Qua:
1454 4800 1578 4845 sunt
1593 4791 1727 4845 bona
1754 4792 1887 4844 ista?
1907 4789 2080 4846 Erexe
2093 4819 2110 4830 -

532 4907 712 4948 ramus
741 4889 964 4944 fortasse
991 4902 1086 4942 eor
1113 4885 1179 4941 ad
1203 4899 1412 4950 aurum,
1441 4881 1508 4937 ad
1527 4890 1826 4952 argentum,
1847 4891 1900 4938 et
1918 4891 2110 4938 caetera

531 4982 764 5054 pretiosa
789 4998 802 5034 :
827 4979 934 5033 noli
965 4978 1084 5034 talia
1131 4990 1402 5047 quaerere;
1447 4973 1543 5028 ista
1587 4981 1850 5042 premunt,
1884 4989 1988 5028 non
2030 4975 2110 5030 le-

531 5081 678 5128 vant.
711 5071 806 5126 llic
833 5083 958 5138 ergo
983 5067 1091 5135 jam
1119 5065 1255 5120 bona
1285 5065 1371 5119 i‘lla
1397 5063 1715 5128 Jerusalem,
1743 5061 1880 5118 bona
1908 5063 1996 5118 illa
2016 5063 2111 5119 do-

531 5177 652 5219 mus
683 5157 910 5223 Domini,
956 5157 1093 5212 bona
1136 5156 1224 5210 illa
1270 5155 1450 5225 templi
1497 5154 1703 5209 Domini
1751 5153 2106 5211 meditemur:

529 5256 654 5324 quia
678 5268 794 5323 qua:
816 5251 1004 5306 domus
1024 5247 1256 5311 Domini,
1281 5245 1383 5302 hoc
1403 5246 1573 5316 ipsum
1596 5245 1849 5316 templum
1878 5247 2107 5302 Domini.

533 5344 854 5415 lleplebimur
873 5342 926 5396 in
941 5339 1083 5395 bonis
1102 5337 1282 5392 domus
1297 5345 1396 5392 tua:
1413 5352 1432 5390 :
1446 5347 1672 5392 sanctum
1694 5337 1932 5409 templum
1947 5348 2107 5404 tuum,

531 5434 758 5489 mirabile
791 5435 844 5487 in
863 5430 1086 5504 justitia.
1117 5426 1220 5482 Ista
1262 5434 1386 5481 sunt
1412 5426 1548 5481 bona
1590 5425 1780 5482 domus
1805 5420 1962 5484 illius.
1989 5426 2108 5482 Non

530 5527 683 5591 dixit,
713 5523 991 5594 Templum
1015 5528 1258 5577 sanctum
1285 5526 1454 5583 tuum,
1484 5519 1725 5574 mirabile
1746 5520 1799 5574 in
1824 5521 2104 5587 columnis,

531 5617 773 5675 mirabile
803 5615 854 5670 in
884 5611 1257 5677 marmoribus,
1309 5608 1552 5686 mirabile
1596 5610 1646 5663 in
1686 5611 1841 5665 tectis
1877 5612 2105 5677 auratis;

532 5708 625 5765 sed
655 5706 879 5761 mirabile
903 5705 954 5759 in
969 5703 1192 5775 justitia.
1217 5701 1393 5756 [labes
1415 5699 1542 5754 foris
1562 5701 1742 5754 oculos
1762 5701 1901 5756 unde
1929 5701 2108 5757 videas

533 5813 796 5855 marmora
826 5808 878 5854 et
916 5812 1102 5852 aurum
1128 5815 1142 5852 :
1166 5796 1306 5850 intus
1348 5801 1429 5849 est
1470 5793 1652 5850 oculus
1694 5793 1834 5850 unde
1867 5795 2107 5853 videatur

1772 375 1831 434 S.
1871 370 2238 432 AUGUSTINI
2276 371 2576 430 EPISCOPI

3718 371 3838 431 τεο.

2231 485 2570 555 pulchritudo
2591 483 2831 557 justitiae.
2873 485 3040 551 Intus,
3073 483 3314 556 inquam,
3343 493 3428 543 est
3454 486 3642 546 oculus
3671 489 3818 548 unde

2231 578 2475 633 videatur
2500 578 2840 648 pulchritudo
2857 578 3096 648 justitize.
3127 580 3181 632 Si
3209 580 3350 634 nulla
3373 591 3454 634 est
3475 580 3820 652 pulchritudo

2224 671 2461 742 justitite,
2489 671 2627 726 unde
2647 679 2854 724 amatur
2874 670 3048 740 justus
3070 673 3265 726 senex?
3284 672 3418 739 Quid
3444 672 3600 729 affert
3618 673 3676 729 in
3696 688 3819 730 eor-

2229 777 2360 832 pore
2400 761 2541 832 quod
2584 763 2766 817 oculos
2794 761 3057 818 delectet?
3085 763 3256 818 Curva
3285 765 3544 830 membra,
3586 764 3817 822 frontem

2229 862 2490 923 rugatatn,
2510 863 2670 923 caput
2685 855 2836 908 canis
2859 854 3115 921 albatum,
3145 855 3558 912 imbecillitatem
3581 859 3819 929 undique

2230 946 2459 1015 querelis
2489 946 2721 1016 plenam.
2755 945 2859 1001 Sed
2891 946 3026 1002 forte
3045 949 3165 1016 quia
3199 957 3316 1002 tuos
3353 949 3537 1004 oculos
3569 965 3676 1006 non
3719 949 3818 1006 de-

2229 1036 2393 1092 lectat
2415 1051 2577 1092 senex
2604 1037 2703 1092 iste
2731 1036 3052 1107 decrepitus,
3083 1053 3238 1094 aures
3269 1047 3384 1095 tuas
3407 1040 3673 1097 delectat:
3697 1041 3818 1112 qui-

2227 1128 2329 1186 bus
2357 1130 2613 1186 vocibus?
2641 1147 2745 1202 quo
2779 1131 2973 1186 cantu?
3003 1132 3104 1186 etsi
3147 1131 3284 1188 forte
3324 1133 3638 1189 adolescens
3679 1133 3817 1191 bene

2222 1223 2478 1292 cantavit,
2501 1224 2676 1278 omnia
2698 1238 2820 1278 cum
2851 1234 3007 1279 astate
3027 1223 3354 1280 defecerunt.
3381 1227 3460 1280 An
3490 1225 3626 1281 forte
3652 1241 3817 1282 sonus

2226 1315 2510 1372 verborum
2537 1316 2653 1386 ejus
2679 1317 2909 1372 delectat
2939 1331 3096 1372 aures
3117 1325 3254 1384 tuas,
3272 1318 3359 1386 qui
3378 1319 3536 1376 verba
3557 1320 3644 1375 vix
3659 1319 3816 1390 plena

2227 1407 2465 1462 enuntiat
2495 1407 2656 1477 lapsis
2685 1407 2967 1463 dentibus?
2995 1407 3196 1464 Tamen
3226 1408 3270 1462 si
3295 1408 3470 1479 justus
3490 1418 3589 1475 est,
3619 1410 3665 1464 si
3687 1411 3817 1465 alie-

2227 1513 2353 1552 num
2383 1514 2488 1553 non
2518 1500 2866 1568 concupiscit,
2899 1499 2944 1554 si
2984 1499 3052 1556 de
3095 1515 3195 1556 suo
3237 1501 3381 1571 quod
3422 1502 3582 1557 habet
3624 1512 3815 1573 erogat

2227 1591 2602 1662 indigentibus,
2636 1593 2678 1647 si
2709 1591 2846 1648 bene
2874 1600 3074 1656 monet,
3105 1602 3160 1648 et
3185 1603 3389 1648 rectum
3413 1594 3572 1664 sapit,
3600 1594 3646 1649 si
3676 1594 3813 1649 inte-

2225 1700 2321 1757 gre
2347 1685 2517 1741 credit
2536 1687 2572 1752 ¹,
2608 1687 2650 1740 si
2677 1695 2888 1756 paratus
2910 1696 2992 1742 est
3012 1701 3108 1756 pro
3135 1686 3238 1742 fide
3256 1687 3496 1743 veritatis
3519 1688 3681 1753 etiam
3701 1688 3812 1758 ipsa

2225 1775 2496 1831 confracta
2547 1778 2784 1832 membra
2836 1775 3164 1846 impendere,
3198 1777 3349 1832 multi
3379 1777 3519 1832 enim
3551 1787 3814 1850 martyres

2224 1867 2388 1924 etiam
2413 1883 2599 1933 senes;
2629 1869 2770 1924 unde
2800 1868 2945 1923 illum
2987 1869 3260 1923 amamus?
3288 1867 3414 1939 quid
3439 1869 3490 1924 in
3529 1883 3596 1924 eo
3617 1869 3810 1924 bonum

2225 1957 2468 2014 videmus
2493 1960 2662 2014 oculis
2685 1958 2895 2014 carnis?
2920 1957 3082 2014 Nihil;
3113 1958 3367 2026 Quaedam
3412 1973 3541 2031 ergo
3566 1968 3651 2015 est
3695 1960 3812 2029 pul-

2223 2051 2471 2109 chritudo
2508 2053 2744 2123 justitize,
2803 2067 2961 2124 quam
3010 2053 3456 2108 videmus‘oculo
3501 2053 3714 2117 cordis,
3761 2063 3813 2108 et

2225 2159 2487 2212 amamus,
2520 2155 2575 2200 et
2610 2145 3038 2211 exardescimus;
3070 2160 3230 2216 quam
3260 2146 3483 2201 multum
3511 2145 3814 2201 dilexerunt

2224 2234 2469 2291 homines
2493 2236 2544 2290 in
2574 2237 2701 2306 ipsis
2727 2236 3068 2309 martyribus,
3099 2251 3222 2292 cum
3251 2251 3437 2293 eorum
3461 2239 3701 2294 membra
3721 2238 3813 2296 be-

2223 2325 2340 2381 stiae
2367 2325 2653 2382 laniarent.
2685 2327 2874 2384 Nonne
2914 2343 3036 2384 cum
3083 2330 3299 2399 sanguis
3341 2328 3571 2385 foedaret
3609 2328 3811 2397 omnia,

2222 2430 2344 2472 cum
2371 2418 2639 2474 morsibus
2666 2419 2912 2475 belluinis
2936 2420 3141 2476 viscera
3168 2420 3538 2487 funderentur,
3575 2436 3680 2477 non
3712 2420 3810 2475 ha-

2223 2506 2422 2565 bebant
2447 2511 2587 2565 oculi
2619 2511 2718 2566 nisi
2747 2510 2890 2581 quod
2923 2510 3244 2567 horrerent?
3270 2511 3407 2581 Quid
3436 2511 3502 2567 ibi
3527 2520 3641 2568 erat
3662 2511 3809 2583 quod

2221 2609 2508 2667 amaretur,
2538 2603 2637 2656 nisi
2669 2606 2791 2672 quia
2830 2611 2946 2658 erat
2973 2603 3026 2657 in
3054 2602 3139 2657 illa
3170 2602 3410 2660 fmditate
3436 2602 3809 2658 dilaniatorum

2221 2693 2582 2748 membrorum
2628 2692 2832 2764 integra
2883 2693 3220 2763 pulchritudo
3259 2692 3513 2766 iustitiae?
3541 2691 3644 2748 Ista
3688 2703 3810 2748 sunt

2219 2782 2359 2838 bona
2385 2782 2574 2838 domus
2609 2783 2732 2849 Dei;
2765 2783 2847 2838 his
2877 2790 2928 2837 te
2951 2798 3076 2851 para
3107 2783 3307 2838 satiari.
3338 2781 3444 2839 Sed
3475 2791 3533 2838 ut
3558 2783 3683 2838 inde
3720 2798 3808 2837 sa-

2225 2873 2398 2942 ticris,
2430 2889 2550 2930 cum
2580 2875 2920 2944 perveneris;
2952 2873 3054 2929 hoc
3084 2884 3134 2930 te
3172 2885 3382 2945 oportet
3409 2877 3615 2930 esurire
3643 2883 3697 2928 et
3733 2873 3806 2928 si-

2223 2967 2346 3032 tire,
2381 2981 2502 3022 cum
2534 2967 2923 3036 peregrinaris:
2949 2967 3050 3023 hoc
3073 2967 3180 3034 siti,
3211 2968 3310 3022 hoc
3340 2968 3514 3034 esuri;
3546 2969 3669 3038 quia
3696 2968 3806 3038 ipsa

2219 3065 2381 3112 erunt
2407 3055 2543 3111 bona
2575 3055 2690 3111 Dei.
2720 3057 2855 3110 Audi
2884 3057 3029 3111 illum
3061 3073 3239 3128 regem
3280 3059 3364 3112 cui
3411 3059 3510 3112 ista
3535 3059 3803 3121 dicuntur,

2219 3146 2309 3216 qui
2335 3146 2481 3200 venit
2511 3155 2568 3198 ut
2598 3154 2647 3200 te
2679 3145 2918 3213 reducat,
2947 3155 3001 3201 et
3031 3161 3088 3202 se
3132 3147 3222 3202 tibi
3264 3147 3390 3203 fecit
3434 3149 3572 3203 viam
3622 3147 3802 3219 (Joan.

2221 3251 2330 3303 XIV,
2360 3234 2439 3309 6).
2465 3235 2601 3304 Quid
2629 3236 2791 3291 dicit?
2815 3235 2961 3291 Beati
2987 3239 3073 3309 qui
3097 3240 3318 3294 esuriant
3356 3249 3404 3294 et
3445 3241 3622 3295 sitiunt
3650 3240 3807 3312 justi-

2219 3327 2362 3394 tiam,
2389 3327 2627 3398 quoniam
2645 3328 2745 3398 ipsi
2763 3327 3123 3383 saturabuntur
3143 3329 3358 3400 (Matth.
3388 3345 3442 3395 v,
3465 3330 3542 3402 6).
3560 3331 3806 3387 Sanctum

2218 3418 2460 3491 templum
2499 3429 2664 3487 tuum,
2694 3420 2990 3476 admirabile
3028 3423 3078 3476 in
3109 3423 3334 3494 justitia.
3367 3423 3434 3478 Et
3461 3423 3632 3495 ipsum
3666 3433 3806 3479 tem-

2219 3511 2387 3582 plum,
2425 3511 2637 3578 fratres,
2669 3513 2832 3569 nolite
2871 3525 3065 3585 prazter
3090 3531 3185 3571 vos
3213 3516 3470 3588 cogitare.
3510 3521 3696 3574 Amate
3719 3519 3805 3588 ju-

2219 3603 2434 3666 stitiam,
2464 3611 2519 3658 et
2545 3618 2640 3658 vos
2666 3605 2797 3659 estis
2824 3605 3076 3676 templum
3104 3606 3218 3661 Dei.

2290 3695 2343 3752 9.
2385 3694 2592 3750 Exaudi
2617 3713 2728 3764 nos,
2752 3694 2912 3765 Deus,
2937 3698 3156 3752 salvator
3182 3707 3367 3754 noster.
3402 3698 3621 3769 Aperuit
3641 3699 3803 3755 modo

2219 3800 2377 3856 quem
2410 3785 2574 3840 Deum
2601 3785 2761 3842 dicat.
2797 3786 3040 3844 Salvator
3072 3797 3154 3844 est
3183 3790 3397 3861 proprie
3422 3790 3676 3846 Dominus
3714 3791 3804 3848 Je-

2219 3891 2312 3930 sus
2331 3874 2591 3932 Christus.
2623 3877 2884 3948 Apparuit
2910 3878 3070 3933 modo
3098 3882 3331 3949 apertius
3351 3879 3417 3935 de
3439 3895 3545 3951 quo
3561 3880 3800 3938 dixerat:

2217 3964 2300 4018 Ad
2325 3975 2372 4020 te
2391 3966 2550 4020 omnis
2575 3983 2693 4021 caro
2719 3968 2897 4022 ueniet.
2923 3967 3129 4022 Exaudi
3156 3985 3267 4036 nos,
3297 3969 3455 4038 Deus,
3477 3972 3702 4027 salvator
3721 3989 3804 4028 no-

2217 4053 2337 4110 ster.
2371 4055 2462 4111 Ille
2492 4073 2626 4112 unus
2657 4058 2742 4117 vir
2766 4058 2856 4128 qui
2880 4059 3169 4114 assumitur
3197 4060 3249 4114 in
3295 4061 3552 4132 templum
3584 4062 3701 4129 Dei,
3748 4073 3802 4118 et

2221 4145 2400 4216 plures
2427 4157 2571 4214 sunt,
2621 4156 2676 4201 et
2720 4162 2855 4203 unus
2901 4158 3001 4204 est.
3051 4149 3126 4204 Ex
3171 4151 3327 4206 unius
3372 4165 3602 4222 persona
3645 4153 3798 4220 dixit,

2219 4239 2444 4319 Esaudi,
2483 4238 2642 4306 Deus,
2671 4241 2948 4295 orationem
2973 4257 3134 4296 meam
3154 4259 3174 4296 :
3201 4252 3255 4298 et
3282 4244 3404 4314 quia
3429 4245 3544 4313 ipse
3571 4260 3711 4300 unus
3735 4260 3800 4301 ex

2219 4331 2457 4400 pluribus
2477 4339 2709 4397 constat,
2744 4331 2904 4386 modo
2927 4331 3021 4400 ait,
3057 4331 3262 4389 Exaudi
3290 4351 3400 4400 nos,
3429 4334 3589 4402 Deus,
3632 4339 3800 4392 salm-

2219 4433 2297 4477 tor
2323 4433 2508 4478 noster.
2541 4425 2675 4478 Audi
2706 4424 2852 4479 illum
2867 4424 2977 4495 jam
2999 4427 3232 4495 apertius
3254 4428 3565 4499 prtedicari:
3594 4429 3800 4484 Exaudi

2219 4531 2330 4580 nos,
2359 4513 2519 4582 Deus,
2553 4514 2774 4570 salvator
2804 4525 3005 4581 noster;
3031 4533 3145 4588 spes
3171 4519 3395 4571 omnium
3421 4519 3605 4588 ﬁnium
3631 4529 3795 4586 terra,

2218 4616 2264 4660 et
2287 4607 2339 4660 in
2370 4607 2500 4660 mari
2529 4607 2692 4678 longe.
2738 4606 2875 4662 Ecce
2903 4607 3042 4663 unde
3067 4608 3268 4664 dictum
3297 4617 3413 4665 est:
3446 4610 3528 4663 Ad
3561 4620 3611 4666 te
3639 4613 3800 4666 omnis

2217 4716 2336 4754 caro
2378 4700 2556 4754 veniet.
2605 4698 2851 4769 Undique
2895 4701 3122 4756 venitur.
3174 4701 3306 4772 Spes
3348 4702 3572 4757 omnium
3618 4704 3801 4772 ﬁnium

2218 4799 2363 4844 terra:
2384 4808 2401 4844 :
2422 4805 2527 4844 non
2554 4803 2675 4860 spes
2700 4791 2858 4845 unius
2884 4791 3082 4861 anguli,
3115 4807 3220 4847 non
3241 4807 3365 4862 spes
3384 4794 3548 4848 solius
3575 4793 3799 4858 δυάειιπ.

2218 4899 2321 4938 non
2351 4897 2474 4954 spes
2499 4883 2667 4939 solius
2695 4883 2910 4951 Africae,
2947 4899 3052 4938 non
3077 4899 3200 4955 spes
3225 4884 3532 4952 Pannoniae,
3554 4902 3663 4942 non
3679 4901 3802 4958 Spes

2215 4975 2467 5040 Orientis,
2499 4983 2590 5029 aut
2615 4974 2952 5038 Occidentis;
2989 4974 3082 5030 sed
3113 4992 3227 5045 spes
3253 4977 3478 5030 omnium
3505 4978 3686 5047 ﬁnium
3708 4988 3804 5032 ter-

2216 5085 2308 5136 ηε,
2338 5078 2382 5122 et
2410 5068 2461 5121 in
2489 5068 2620 5120 mari
2644 5067 2792 5139 longe
2813 5083 2832 5121 :
2851 5068 3082 5137 ipsorum
3111 5069 3290 5136 ﬁniunt
3321 5079 3484 5124 terra.
3517 5070 3582 5123 Et
3599 5073 3653 5125 in
3672 5089 3803 5126 man

2217 5162 2398 5232 longe:
2419 5170 2473 5216 et
2496 5159 2616 5231 quia
2635 5160 2688 5214 in
2707 5160 2863 5228 mari,
2892 5159 3011 5215 ideo
3028 5160 3203 5231 longe.
3231 5161 3374 5217 Mare
3396 5163 3538 5218 enim
3557 5163 3610 5218 in
3633 5163 3804 5234 ﬁgura

2216 5251 2408 5306 dicitur
2435 5250 2689 5307 sarculum
2721 5249 2840 5316 hoc,
2866 5249 3104 5306 salsitate
3128 5253 3387 5317 amarum,
3415 5254 3664 5322 procellis
3688 5263 3804 5309 tur-

2215 5343 2520 5405 bulentum;
2548 5340 2639 5396 ubi
2667 5339 2908 5396 homines
2927 5341 3298 5411 cupiditatibus
3326 5345 3592 5412 perversis
3609 5355 3665 5400 ct
3681 5361 3801 5416 pra-

2215 5433 2295 5487 vis
2322 5431 2443 5486 facti
2472 5440 2598 5487 sunt
2624 5431 2770 5486 velut
2799 5431 2970 5501 pisces
3001 5432 3225 5488 invicem
3251 5447 3310 5488 se
3337 5433 3681 5491 devorantes.
3703 5437 3804 5490 At-

2213 5523 2416 5578 tendite
2437 5537 2583 5578 mare
2604 5523 2820 5587 malum,
2853 5538 2998 5580 mare
3023 5540 3282 5591 amarum,
3305 5524 3551 5582 fluctibus
3572 5543 3806 5588 savum:

2215 5613 2473 5668 attendite
2499 5613 2745 5683 qualibus
2791 5613 3092 5670 hominibus
3119 5615 3334 5684 plenum
3361 5617 3449 5670 sit.
3492 5617 3622 5684 Quis
3650 5629 3808 5687 Optat

2214 5744 2636 5874 gr;
2661 5755 2708 5799 et
2729 5754 2914 5799 rectum
2935 5748 3076 5811 sapit,
3103 5748 3341 5812 integrum
3374 5751 3502 5802 colit.
3545 5755 3651 5815 Alii,
3681 5754 3807 5805 inte.
