4038 6478
249 419 351 476 781

243 522 638 590 haereditatem,
669 523 770 579 nisi
799 529 971 576 morte
998 519 1248 574 alterius?
1275 518 1394 587 quis
1422 524 1570 584 aptat
1599 516 1824 579 lucrum,

240 620 342 676 nisi
373 619 574 674 damno
600 613 855 669 alterius?
882 612 1049 680 Quam
1090 609 1238 663 multi
1279 608 1502 661 aliorum
1529 603 1830 660 defectione

239 711 468 781 cupiunt
491 693 798 763 sublimari!
828 719 986 774 quam
1018 701 1170 785 mplti
1199 708 1257 755 ut
1282 709 1460 754 emant
1485 707 1674 767 optant
1694 696 1828 750 alios

238 801 478 858 vendere
506 814 594 854 res
622 797 778 852 suas!
808 793 1076 866 quomodo
1102 807 1160 847 se
1179 791 1405 846 invicem
1429 788 1756 859 opprimunt,
1775 795 1829 840 et

237 893 325 964 qui
357 899 586 962 possunt
601 886 885 943 devorant!
915 893 1112 940 etcum
1136 881 1478 937 devoraverit
1500 893 1640 934 unus
1670 875 1828 946 piscis

238 985 411 1053 major
433 985 716 1044 minorem,
748 978 1040 1032 devoratur
1064 984 1117 1029 et
1142 973 1256 1042 ipse
1285 987 1313 1024 a
1342 971 1566 1041 majore.
1596 967 1642 1023 O
1669 967 1827 1038 piscis

236 1075 400 1139 male,
431 1071 665 1144 praedam
695 1070 776 1123 vis
802 1068 868 1122 de
898 1079 1095 1137 parvo;
1127 1063 1303 1134 przeda
1332 1061 1583 1117 efﬁcieris
1609 1074 1824 1130 magno.

237 1165 492 1236 Quotidie
517 1165 618 1218 ista
639 1161 912 1226 eveniunt,
942 1167 1068 1213 ante
1095 1170 1194 1212 nos
1224 1164 1378 1220 sunt;
1403 1153 1648 1209 videmus
1666 1153 1683 1184 ¹
1711 1151 1824 1219 illa,

235 1257 558 1312 horreamus
578 1253 688 1307 illa.
709 1251 825 1306 Non
849 1249 938 1304 illa
964 1262 1201 1318 agamus,
1231 1247 1442 1311 fratres,
1469 1243 1592 1314 quia
1612 1258 1726 1312 spes
1745 1250 1828 1295 est

234 1349 328 1403 ille
353 1349 537 1418 ﬁnium
558 1356 730 1426 terra:
759 1342 850 1396 ille
873 1340 918 1395 si
946 1353 1051 1394 non
1083 1349 1224 1394 esset
1249 1353 1380 1407 spes,
1408 1345 1453 1390 et
1477 1336 1530 1389 in
1563 1333 1690 1388 mari
1709 1334 1826 1386 lon-

236 1457 316 1512 ge,
341 1455 452 1494 non
480 1438 684 1494 diceret
709 1432 984 1504 discipulis
1011 1431 1122 1486 suis
1143 1448 1155 1485 :
1180 1429 1390 1484 Faciam
1430 1441 1516 1482 vos
1554 1427 1826 1497 piscatores

237 1534 503 1589 hominum
532 1529 741 1602 (Matth.
766 1543 838 1592 iv,
871 1523 981 1596 19).
1007 1524 1126 1578 Jam
1153 1527 1205 1578 in
1237 1521 1370 1576 mari
1395 1520 1536 1590 capti
1570 1535 1664 1590 per
1689 1517 1824 1572 retia

236 1605 382 1688 ﬁdei,
405 1622 730 1694 gaudeamus
747 1632 846 1672 nos
866 1617 937 1670 ibi
963 1624 1148 1669 natare
1163 1612 1335 1668 adhuc
1349 1612 1484 1666 intra
1509 1610 1642 1666 retia
1665 1625 1679 1674 ;
1700 1608 1826 1679 quia

235 1714 413 1770 adhuc
442 1725 592 1767 mare
618 1709 722 1764 hoc
766 1706 916 1763 smvit
959 1703 1227 1774 procellis,
1258 1701 1352 1757 sed
1383 1701 1514 1756 retia
1561 1713 1679 1769 qua:
1725 1714 1823 1754 nos

235 1811 519 1874 ceperunt,
551 1800 909 1871 perducentur
937 1796 1002 1850 ad
1034 1795 1200 1850 littus.
1229 1792 1402 1847 Littus
1428 1799 1512 1847 est
1551 1791 1671 1846 ﬁnis
1710 1788 1836 1844 ma:

234 1896 346 1952 ris:
368 1907 502 1964 ergo
528 1890 803 1962 perventio
825 1889 879 1942 in
911 1889 1068 1940 tinem
1090 1883 1293 1940 saeculi.
1320 1882 1534 1938 Interim
1553 1881 1687 1936 intra
1710 1881 1823 1952 ipsa

235 1986 394 2050 retia,
438 1983 656 2049 fratres,
701 1981 838 2036 bene
881 1979 1155 2032 vivamus:
1183 1990 1287 2029 non
1338 1974 1469 2030 retia
1514 1981 1824 2042 rumpentes

235 2078 380 2134 foras
410 2086 684 2132 exeamus.
717 2071 860 2126 Multi
893 2068 1038 2125 enim
1083 2073 1341 2136 ruperunt
1385 2063 1540 2126 retia,
1581 2069 1636 2119 et
1675 2060 1822 2116 schi-

233 2178 408 2226 smata
438 2166 704 2231 fecerunt,
749 2171 806 2218 et
831 2159 976 2215 foras
1001 2159 1268 2222 exierunt,
1301 2155 1423 2224 quia
1450 2151 1619 2208 malos
1647 2151 1825 2221 pisces

235 2260 374 2314 intra
394 2257 530 2313 retia
551 2263 734 2325 captos
763 2253 992 2308 tolerare
1019 2263 1078 2304 se
1103 2247 1248 2303 nolle
1273 2245 1552 2310 dixerunt;
1581 2243 1680 2313 ipsi
1698 2242 1824 2297 mali

235 2350 358 2405 facti
398 2357 528 2404 sunt
555 2347 890 2417 potiusquam
929 2342 1005 2396 illi
1033 2355 1168 2411 quos
1195 2353 1256 2394 se
1284 2352 1390 2393 non
1421 2335 1659 2407 potuisse
1683 2335 1821 2389 tole-

233 2457 354 2497 rare
383 2435 698 2496 dixerunt’.
723 2436 964 2505 Namque
1000 2433 1090 2488 illa
1115 2431 1252 2487 retia
1281 2437 1538 2499 ceperunt
1567 2428 1741 2497 pisces
1767 2435 1824 2480 et

236 2533 430 2596 bonos,
459 2539 518 2586 et
547 2529 734 2585 malos.
783 2527 1040 2582 Dominus
1069 2523 1198 2578 dicit
1233 2539 1247 2576 :
1285 2520 1466 2576 Simile
1503 2527 1576 2574 est
1613 2533 1824 2589 regnum

234 2625 477 2679 celarunt
507 2634 708 2691 sugente
737 2619 903 2672 misse
920 2617 973 2670 in
993 2631 1150 2679 mare,
1173 2628 1286 2684 qua:
1308 2620 1576 2683 congregat
1596 2626 1659 2664 ea:
1687 2609 1824 2663 omni

235 2733 456 2792 genere;
483 2733 636 2788 quam
659 2731 772 2769 cum
798 2713 1004 2782 impleta
1027 2719 1153 2765 esset
1173 2708 1456 2771 educentes,
1486 2714 1535 2759 et
1567 2719 1710 2757 secus
1739 2704 1824 2757 lit-

236 2819 314 2863 tus
336 2807 592 2871 sedentes,
619 2805 868 2874 elegerunt
897 2802 1052 2856 bonos
1071 2800 1126 2854 in
1150 2814 1286 2863 vasa,
1317 2797 1475 2850 malos
1497 2804 1666 2848 autem
1685 2798 1824 2862 [oras

235 2902 530 2954 miserunt:
562 2897 635 2951 sic
671 2897 784 2957 erit,
831 2894 1022 2964 inquit,
1069 2892 1122 2945 in
1163 2888 1588 2944 consummatione
1625 2885 1820 2940 sescnti.

235 2988 484 3044 Ostendit
511 2987 679 3051 littus,
712 2983 946 3038 ostendit
974 2981 1130 3036 linem
1159 2981 1341 3033 maris.
1374 2977 1596 3032 Exibunt
1615 2977 1818 3048 Angeti,

236 3091 279 3135 st
306 3069 621 3148 separabunt
646 3076 806 3129 malos
827 3073 892 3128 de
915 3072 1078 3127 medio
1097 3071 1379 3142 justormn,
1417 3077 1466 3123 et
1507 3069 1700 3122 mittent
1739 3084 1825 3122 eos

234 3170 285 3224 in
306 3169 569 3223 caminum
591 3166 724 3238 ignis
741 3181 760 3219 :
783 3164 853 3218 ibi
875 3163 974 3218 erit
996 3163 1144 3233 ﬂetus
1171 3170 1219 3214 et
1242 3159 1431 3215 stridor
1457 3159 1682 3213 dentium
1704 3157 1756 3228 (1
1763 3159 1799 3212 d
1805 3197 1819 3212 .

235 3276 345 3325 xm,
368 3259 582 3329 57-50).
609 3257 724 3324 Eia,
741 3257 886 3312 cives
912 3254 1229 3319 Jerusalem,
1255 3252 1345 3323 qui
1369 3252 1505 3306 intra
1521 3251 1654 3306 retia
1672 3251 1823 3318 estis,

236 3361 291 3406 et
319 3350 502 3420 pisces
527 3347 648 3404 boni
670 3348 818 3411 estis,
851 3345 1071 3401 tolerate
1097 3344 1294 3409 malos;
1326 3344 1458 3398 retia
1486 3343 1654 3398 nolite
1680 3358 1828 3397 rum-

236 3453 402 3509 pere:
431 3453 556 3493 cum
592 3437 698 3492 illis
725 3436 857 3492 estis
879 3436 932 3490 in
960 3435 1124 3500 mari;
1153 3449 1259 3488 non
1288 3448 1410 3488 cum
1451 3433 1557 3488 illis
1593 3433 1745 3488 eritis
1773 3433 1822 3488 in

242 3531 407 3586 vasis.
443 3529 574 3599 Spes
593 3529 736 3584 enim
767 3528 854 3582 ille
880 3527 1058 3596 ﬁnium
1083 3537 1249 3592 teme,
1284 3527 1398 3596 ipse
1425 3541 1539 3596 spes
1570 3533 1671 3592 est,
1704 3528 1826 3581 etin

235 3624 365 3676 meri
395 3620 562 3691 longe.
587 3618 776 3691 Longe,
805 3620 924 3690 quia
950 3626 1005 3672 et
1034 3619 1087 3672 in
1107 3618 1264 3672 mari.

310 3713 402 3768 10.
443 3710 599 3786 [rem
629 3709 706 3784 7.]
744 3710 1056 3780 Prteparans
1080 3719 1271 3764 montes
1289 3710 1344 3763 in
1369 3709 1667 3782 fortitudine
1691 3726 1786 3763 sua
1806 3727 1826 3764 :

237 3823 346 3862 non
377 3807 432 3861 in
461 3804 773 3860 fortitudine
801 3804 1034 3860 illorum.
1072 3803 1406 3872 Prazparavit
1432 3801 1576 3857 enim
1606 3817 1828 3872 magnos

237 3897 644 3969 praedicatores,
671 3905 726 3952 et
748 3895 894 3965 ipsos
917 3894 1208 3965 appellavit
1245 3899 1484 3960 montes;
1518 3892 1746 3948 humiles
1774 3893 1826 3947 in

235 4005 318 4054 se,
342 3987 592 4044 excelsos
622 3987 673 4040 in
700 3986 812 4040 illo.
853 3983 1164 4055 Prteparans
1206 3992 1400 4038 montes
1441 3983 1496 4036 in
1534 3982 1831 4052 fortitudine

234 4097 353 4136 sna.
387 4077 528 4146 Quid
554 4078 684 4133 dicit
709 4092 844 4131 unus
869 4091 934 4130 ex
969 4076 1098 4146 ipsis
1127 4073 1432 4130 utentibus?
1454 4073 1568 4144 Ipsi
1583 4074 1636 4127 in
1662 4073 1829 4127 nobis-

235 4171 469 4240 metipsis
495 4182 788 4239 responsum
809 4167 983 4220 mortis
1004 4165 1293 4231 habuimus,
1324 4174 1378 4218 ut
1406 4181 1508 4217 non
1532 4165 1748 4232 ﬁdentes
1775 4164 1828 4217 in

235 4262 388 4316 nobis
413 4261 596 4325 simus,
618 4258 705 4313 sed
724 4259 778 4312 in
804 4257 912 4311 Deo
950 4256 1035 4324 qui
1055 4255 1265 4309 suscitat
1300 4264 1522 4308 mortuos
1551 4253 1616 4324 (ll
1637 4253 1756 4309 Cor.
1787 4271 1826 4320 ι,

235 4351 320 4425 9).
352 4351 458 4421 Qui
480 4351 534 4406 in
563 4366 625 4405 se
652 4349 786 4415 ﬁdit,
812 4358 867 4403 et
893 4347 944 4402 in
971 4346 1188 4402 Christo
1209 4360 1313 4400 non
1345 4345 1478 4411 ﬁdit,
1507 4360 1614 4400 non
1651 4355 1736 4400 est
1761 4345 1830 4401 de

235 4442 324 4498 his
351 4442 628 4497 montibus
650 4454 784 4510 quos
813 4439 904 4494 ille
943 4446 1206 4508 praeparat
1258 4437 1309 4490 in
1358 4434 1669 4490 fortitudine
1710 4451 1826 4491 sua.

235 4532 564 4604 Praeparans
586 4540 776 4584 montes
797 4530 850 4582 in
877 4527 1175 4597 fortitudine
1211 4542 1324 4592 sua,
1366 4527 1748 4581 circumcinctus
1777 4528 1830 4582 in

233 4633 532 4694 potentatu.
583 4619 919 4680 Potentatum
963 4619 1660 4690 intelligozcircumcinctus,
1703 4618 1830 4688 quid

227 4717 359 4772 est?
385 4715 662 4771 Christum
691 4712 822 4782 qui'
845 4713 898 4766 in
928 4711 1105 4766 medio
1134 4720 1357 4779 ponunt,
1397 4711 1830 4765 circumcinctum

228 4805 468 4870 faciunt,
495 4804 548 4858 id
573 4813 654 4858 est
671 4803 901 4873 undique
917 4801 1172 4856 cinctum.
1197 4800 1461 4855 Habemus
1477 4800 1626 4855 illum
1647 4814 1832 4854 omnes

225 4895 634 4960 communiter;
657 4894 778 4948 ideo
799 4893 849 4946 in
877 4891 1054 4968 medio
1074 4901 1157 4946 est
1175 4908 1189 4946 :
1207 4890 1670 4959 circumcingimus
1687 4890 1831 4944 illum

227 5000 436 5043 omnes
475 4984 568 5055 qui
596 4985 862 5040 credimus
902 4982 958 5038 in
1001 4981 1182 5046 illum;
1226 4989 1282 5036 et
1321 4980 1442 5049 quia
1483 4979 1615 5035 ﬁdes
1652 4990 1832 5036 nostra

224 5093 348 5134 non
393 5075 465 5131 de
505 5075 706 5130 viribus
747 5073 978 5138 nostris,
1022 5071 1116 5127 sed
1158 5070 1227 5126 de
1266 5071 1405 5126 illius
1447 5071 1681 5140 potentia
1729 5081 1832 5138 est,

211 5169 367 5224 «ideo
397 5167 789 5222 circumcinctus
817 5165 870 5218 in
899 5171 1158 5234 potentatu
1189 5176 1308 5228 suo,
1339 5177 1447 5216 non
1474 5170 1654 5217 nostra
1683 5161 1834 5217 forti-

229 5259 453 5314 tudine.

280 5399 285 5402 .
309 5349 411 5403 Η.
454 5344 607 5418 [νινε.
637 5344 694 5411 8,
726 5343 806 5417 9.]
835 5344 932 5410 Qui
951 5343 1220 5399 conturbas
1243 5342 1460 5411 fundum
1482 5343 1656 5398 maris.
1689 5343 1838 5398 Fecit

228 5441 344 5496 hoc
378 5457 395 5492 :
426 5437 639 5492 videtur
667 5436 790 5506 quid
822 5435 1025 5494 fecerit.
1076 5434 1398 5503 Przeparavit
1442 5433 1584 5488 enim
1629 5445 1850 5490 montes

225 5533 287 5590 in
334 5528 661 5586 fortitudine
696 5543 828 5594 sua;
861 5527 1002 5582 misit
1030 5527 1149 5582 illos
1178 5525 1500 5596 praedicare;
1525 5527 1839 5582 circumcin-

296 5734 314 5766 ³
341 5734 432 5779 sic
453 5737 560 5778 Mss.
589 5735 643 5778 At
665 5727 799 5786 Edd.,
821 5727 1034 5778 vitemus.

294 5796 318 5826 ι
352 5793 553 5852 Αιὶῳιυι
576 5796 706 5846 διες..
727 5787 985 5852 ﬁnxerimt.

294 5857 320 5889 ³
346 5857 436 5903 sic
592 5858 643 5899 Αι
668 5851 797 5912 sum,
814 5862 970 5913 quem.

1357 401 1767 460 sumasne
1801 399 1863 455 IN
1906 360 2220 453 PSALMUM
2263 400 2446 453 wa.

3415 406 3522 461 78!

1937 520 2056 567 ctus
2082 522 2164 567 est
2188 527 2218 565 a
2239 512 2579 568 credentibus
2600 515 2658 569 in'
2682 526 2983 586 potentatu;
3006 528 3062 573 et
3083 529 3408 574 commotum
3437 529 3520 574 est

1937 619 2120 670 mare;
2159 615 2485 674 commotum
2529 617 2609 662 est
2650 610 2921 677 saeculum,
2969 621 3024 667 et
3064 613 3228 682 cmpit
3269 613 3517 683 persequi

1937 707 2152 752 sanctos
2168 697 2302 766 ejus.
2327 698 2725 753 Circumcinctus
2754 701 2806 754 in
2830 710 3087 771 potentatu
3109 719 3127 756 :
3147 704 3231 772 qui
3251 704 3524 758 conturbas

1935 787 2152 857 fundum
2174 789 2351 843 maris.
2383 788 2498 844 Non
2528 789 2684 858 dixit,
2715 791 2816 859 Qui
2844 793 3130 848 conturbas
3173 809 3352 861 mare;
3395 795 3518 860 sed,

1935 880 2151 949 fundum
2167 882 2342 936 maris.
2362 880 2604 936 Fundum
2623 884 2778 938 maris
2803 892 2889 940 est
2911 899 3006 940 cor
3033 886 3335 956 impiorum.
3368 887 3493 944 Sicu
3507 901 3531 946 t

1933 972 2076 1025 enim
2100 987 2130 1026 a
2149 971 2311 1028 fundo
2332 974 2703 1031 vehementius
2723 977 2902 1032 omnia
2927 985 3228 1046 moventur,
3251 989 3306 1034 et
3325 979 3528 1038 fundus

1932 1063 2170 1118 continet
2197 1067 2405 1134 omnia;
2436 1068 2514 1124 sic
2548 1069 2804 1140 quidquid
2841 1071 3104 1141 processit
3132 1085 3228 1141 per
3264 1071 3527 1144 linguam,

1931 1168 2028 1224 per
2046 1172 2256 1225 manus,
2287 1173 2386 1229 per
2412 1171 2702 1231 potestates
2727 1162 2964 1218 diversas
2993 1163 3061 1219 ad
3089 1165 3521 1234 persecutionem

1933 1247 2207 1315 Ecclesiae,
2231 1249 2298 1306 de
2318 1249 2480 1307 fundo
2505 1255 2784 1322 processit.
2806 1254 2860 1310 Si
2889 1255 3033 1310 enim
3058 1270 3164 1310 non
3191 1265 3336 1311 esset
3367 1255 3519 1311 radix

1932 1337 2223 1409 iniquitatis
2253 1341 2307 1396 in
2334 1342 2516 1407 corde,
2562 1359 2669 1398 non
2699 1345 2786 1399 illa
2829 1347 3007 1400 omnia
3035 1347 3388 1416 procederent
3415 1347 3514 1401 ad-

1931 1443 2118 1484 versus
2142 1430 2430 1486 Christum.
2450 1432 2695 1488 Fundum
2713 1437 3068 1505 conturbavit,
3093 1435 3226 1493 forte
3247 1445 3304 1492 ut
3331 1447 3380 1494 et
3399 1436 3519 1491 fun-

1933 1517 2061 1572 dum
2092 1519 2428 1589 exhauriret;
2471 1537 2592 1578 nam
2623 1524 2676 1579 in
2717 1526 2870 1580 malis
2913 1527 3224 1596 quibusdam
3273 1528 3519 1583 exhausit

1931 1623 2080 1663 mare
2101 1620 2132 1664 ’ξ
2167 1609 2356 1677 fundo,
2385 1621 2440 1668 et
2477 1615 2653 1682 posuit
2683 1630 2830 1671 mare
2867 1617 3159 1672 desertum.
3207 1618 3342 1673 Dicit
3383 1618 3516 1674 illud

1927 1699 2064 1754 alius
2109 1700 2346 1770 psalmus
2388 1719 2402 1756 :
2447 1703 2544 1770 Qui
2573 1707 2813 1762 convertit
2846 1723 2984 1762 mare
3023 1709 3078 1762 in
3117 1709 3315 1762 aridam
3342 1709 3514 1780 (Psat.

1929 1807 2054 1858 va,
2081 1791 2162 1865 6).
2192 1793 2389 1849 Omnes
2409 1793 2556 1864 impii
2581 1805 2634 1850 et
2660 1799 2849 1869 pagani
2869 1799 2956 1867 qui
2987 1800 3346 1862 crediderunt,
3369 1815 3518 1857 mare

1927 1891 2109 1949 erant;
2135 1892 2274 1940 terra
2299 1885 2424 1940 facti
2451 1897 2607 1940 sunt:
2634 1887 2786 1942 salsis
2813 1888 3060 1945 fluctibus
3083 1891 3256 1960 primo
3281 1893 3508 1956 steriles;

1927 1983 2112 2044 postea
2136 1975 2357 2047 iustitiae
2385 1977 2560 2032 fructu
2585 1977 2820 2033 fecundi.
2859 1980 2959 2046 Qui
2987 1981 3258 2036 conturbas
3297 1982 3514 2051 fundum

1927 2065 2083 2119 maris
2119 2080 2138 2119 :
2161 2081 2340 2120 sonum
2381 2068 2630 2136 ﬂuctuum
2671 2069 2782 2139 ejus
2823 2070 2934 2135 quis
2971 2069 3212 2138 stt/feret?
3238 2071 3374 2138 Quid
3409 2082 3512 2140 est,

1926 2155 2038 2224 quis
2063 2155 2306 2223 suﬂ'eret?
2333 2156 2464 2224 Quis
2485 2158 2646 2214 homo
2671 2158 2892 2214 suﬂ‘eret
2913 2175 3102 2215 sonum
3131 2161 3383 2217 ﬂuctuum
3403 2179 3518 2219 ma-

1927 2246 2023 2311 ris,
2051 2245 2322 2315 jussiones
2349 2247 2733 2304 sublimitatum
2776 2250 2998 2306 saeculi?
3043 2251 3150 2308 Sed
3174 2252 3318 2307 unde
3362 2254 3518 2309 suile-

1928 2335 2160 2390 runtur?
2201 2335 2336 2402 Quia
2379 2347 2643 2408 praeparat
2684 2349 2896 2396 montes
2939 2341 2992 2396 in
3040 2341 3350 2398 fortitudine
3395 2359 3513 2400 sua.

1925 2426 2080 2495 Quod
2122 2442 2249 2499 ergo
2289 2429 2441 2494 dixit,
2482 2433 2595 2502 quis
2633 2430 2878 2500 su/Ieret.’
2901 2433 3005 2490 hoc
3036 2435 3133 2504 ait,
3158 2435 3268 2490 Nos
3295 2436 3393 2506 ipsi
3422 2452 3518 2506 per

1927 2519 2283 2590 nosmetipsos
2323 2521 2546 2577 sufferre
2591 2523 2710 2578 illas
2753 2526 3148 2592 persecutiones
3178 2541 3283 2580 non
3323 2541 3512 2596 posse-

1927 2625 2066 2678 mus,
2114 2611 2215 2666 nisi
2244 2611 2333 2667 ille
2369 2612 2520 2670 daret
2545 2613 2929 2671 fortitudinem.
2963 2617 3062 2684 Qui
3088 2618 3361 2672 conturbas
3389 2622 3515 2689 fun-

1927 2701 2230 2770 dum,maris
2247 2719 2266 2757 :
2287 2721 2464 2758 sonum
2490 2707 2735 2776 ﬂuctuum
2757 2709 2866 2778 ejus
2894 2710 3005 2776 quis
3031 2709 3278 2778 διαπονειῖ

2000 2793 2087 2848 12.
2127 2793 2486 2851 Turbabuntur
2509 2808 2697 2868 gentes.
2718 2799 2901 2854 Primo
2920 2800 3274 2857 turbabuntur
3294 2804 3418 2858 :sed
3436 2802 3514 2858 illi

1927 2893 2138 2938 montes
2163 2886 2330 2955 parati
2355 2887 2408 2940 in
2434 2887 2746 2944 fortitudine
2773 2888 2991 2957 Christi,
3027 2893 3289 2964 numquid
3317 2893 3512 2950 turbati

1927 2974 2091 3029 sunt?
2117 2975 2410 3030 Turbatum
2453 2987 2538 3032 est
2578 2992 2754 3045 mare;
2799 2980 2990 3050 elisum
3035 2991 3118 3037 est
3167 2984 3220 3037 in
3265 2993 3509 3041 montes:

1928 3079 2076 3120 mare
2117 3065 2340 3120 fractum
2397 3076 2519 3134 est;
2575 3077 2786 3126 montes
2830 3070 3132 3128 inconcussi
3181 3086 3511 3131 manserunt.

1927 3156 2285 3213 Turbabuntur
2325 3169 2497 3231 gentes
2531 3175 2550 3214 :
2592 3170 2642 3214 et
2693 3163 2933 3216 timebunt
2982 3179 3174 3220 omnes.
3221 3165 3362 3223 Ecce
3403 3167 3516 3238 jam

1927 3261 2118 3302 omnes
2145 3248 2367 3304 timent:
2397 3258 2553 3305 antea
2576 3250 2664 3320 qui
2692 3253 2994 3309 conturbati
3020 3262 3166 3322 sunt,
3195 3255 3511 3326 timentium

1927 3351 2136 3392 omnes.
2164 3337 2320 3392 Non‘
2353 3339 2642 3396 timuerunt
2668 3341 2976 3410 Christiani,
3021 3353 3075 3400 et
3115 3346 3368 3401 timentur
3403 3347 3514 3417 jam

1927 3430 2240 3487 Christiani.
2266 3429 2466 3486 Omnes
2493 3432 2582 3502 qui
2612 3436 3089 3504 persequebantur,
3120 3437 3280 3492 modo
3305 3438 3514 3494 timent.

1929 3518 2212 3590 Superavi-t
2237 3521 2380 3578 enim
2410 3521 2498 3577 ille
2522 3523 2614 3592 qui
2638 3525 3050 3581 circumcinctus
3096 3535 3182 3581 est
3223 3527 3276 3581 in
3322 3536 3518 3597 poten-

1929 3618 2071 3675 tatu;
2099 3611 2176 3667 sic
2201 3611 2270 3666 ad
2297 3611 2446 3666 illum
2491 3614 2636 3668 venit
2677 3615 2853 3670 omnis
2893 3631 3040 3682 caro,
3072 3625 3132 3671 ut
3171 3619 3352 3674 catteri
3383 3632 3516 3687 pau-

1927 3702 2090 3758 citate
2115 3703 2227 3773 ipsa
2267 3703 2378 3773 jam
2406 3705 2652 3760 timeant.
2683 3704 2756 3760 Et
2779 3707 3022 3762 timebunt
3059 3725 3231 3764 omnes
3252 3711 3341 3780 qui
3364 3711 3518 3764 inlin-

1930 3794 2086 3848 bitunt
2111 3796 2237 3865 ﬁnes
2262 3804 2427 3862 terrai,
2450 3812 2484 3850 a
2505 3798 2665 3867 signis
2692 3798 2808 3853 tuis.
2839 3799 3091 3855 Miracula
3116 3801 3258 3856 enim
3281 3800 3520 3858 fecerunt

1931 3886 2203 3957 Apostoli;
2235 3896 2291 3944 et
2318 3887 2442 3945 inde
2481 3904 2671 3961 omnes
2716 3890 2848 3947 ﬁnes
2895 3901 3054 3949 terrm
3100 3893 3412 3963 timuerunt,
3463 3907 3519 3952 et

1929 3978 2294 4034 crediderunt.

2005 4071 2092 4126 i3.
2133 4070 2318 4126 Exitus
2343 4090 2490 4128 mane
2515 4084 2562 4129 et
2588 4093 2788 4146 vespere
2814 4078 3082 4132 delectabis
3115 4095 3134 4133 :
3160 4079 3209 4133 td
3239 4091 3338 4144 cst,
3367 4082 3518 4137 deleo

1931 4161 2153 4215 ctabiles
2177 4162 2324 4215 facis.
2354 4163 2471 4216 Jam
2500 4163 2554 4217 in
2580 4164 2679 4218 ista
2703 4166 2809 4218 vita
2831 4166 2956 4234 quid
2984 4167 3135 4221 nobis
3158 4169 3519 4236 promittitur!

1932 4249 2117 4305 Exitus
2145 4252 2410 4306 delectabis
2433 4255 2452 4284 '
2474 4269 2621 4307 mane
2643 4265 2690 4308 et
2718 4272 2938 4324 vespere.
2966 4257 3102 4312 Sunt
3125 4259 3298 4313 exitus
3324 4276 3516 4327 mane;

1933 4348 2061 4394 sunt
2105 4341 2278 4395 exitus
2322 4356 2566 4410 vespere.
2616 4342 2772 4398 Mane
2811 4345 3074 4414 signiﬁcat
3109 4349 3514 4416 prosperitatem

1933 4430 2114 4486 saeculi
2133 4446 2147 4494 ;
2163 4443 2362 4500 uespere
2376 4431 2639 4500 signiﬁcat
2653 4434 3041 4490 tribulationem
3056 4437 3257 4491 surculi.
3275 4437 3520 4495 Intendat

1932 4521 2177 4576 Charitas
2200 4521 2390 4576 Vestra
2440 4523 2515 4592 (in
2547 4533 2770 4594 utroque
2796 4526 2938 4579 enim
2965 4535 3194 4580 tentatur
3216 4527 3392 4583 anima
3416 4531 3518 4585 bn-
3541 4579 3544 4582 .

1934 4613 2149 4685 mana)?
2173 4625 2226 4669 et
2241 4616 2594 4684 prosperitate
2614 4632 2681 4671 ne
2705 4627 3093 4688 corrumpatur,
3119 4627 3174 4673 et
3193 4619 3516 4678 adversitate

1937 4723 2002 4762 ne
2040 4705 2332 4776 frangatur.
2377 4707 2501 4763 Ideo
2527 4717 2702 4764 autem
2733 4725 2888 4764 mane
2918 4712 3324 4780 prosperitatem
3351 4715 3517 4786 signi-

1937 4797 2059 4854 ﬁcat
2079 4839 2094 4864 ,
2127 4801 2249 4868 quia
2290 4815 2445 4854 mane
2475 4800 2652 4854 [telum
2688 4809 2772 4854 est
2793 4841 2808 4864 ,
2842 4808 3107 4856 transacta
3136 4804 3280 4858 velut
3308 4806 3520 4861 tristitia

1938 4887 2128 4942 noctis.
2152 4888 2355 4944 Tristes
2375 4899 2552 4944 autem
2573 4899 2695 4943 sunt
2718 4889 2970 4957 tenebrae,
2994 4895 3240 4949 veniente
3261 4911 3481 4965 vespera
3503 4916 3517 4952 :

1939 4978 2060 5034 ideo
2083 4979 2328 5035 veniente
2352 4981 2499 5049 quasi
2525 4980 2705 5034 mundi
2727 4995 2968 5051 vespera,
2994 4984 3181 5039 obtulit
3204 4988 3518 5044 sacriﬁcium

1939 5069 2322 5139 vespertinum.
2346 5069 2461 5123 Non
2483 5085 2609 5139 ergo
2636 5071 2819 5124 timeat
2839 5075 3199 5144 unusquisuue
3220 5092 3515 5146 vesperam,

1939 5177 2038 5216 nec
2067 5175 2223 5216 mane
2246 5169 2615 5230 corrumpatur
2635 5160 2675 5215 ³.
2718 5162 2857 5218 Ecce
2886 5167 3068 5221 nescio
3094 5168 3212 5237 quis
3231 5209 3246 5233 ,
3277 5178 3333 5222 ut
3358 5169 3521 5226 facias

1939 5251 2063 5306 mali
2089 5249 2306 5321 aliquid,
2336 5251 2579 5320 promisit
2605 5251 2848 5318 lucrum;
2880 5271 3038 5311 mane
3058 5267 3141 5310 est
3165 5274 3177 5286 ·
3200 5257 3398 5312 arridet
3425 5261 3516 5315 tibi

1941 5342 2114 5413 ampla
2147 5340 2406 5411 pecunia;
2438 5356 2595 5397 mane
2625 5343 2718 5398 tibi
2748 5345 2824 5399 tit.
2863 5345 2980 5401 Noli
3007 5348 3270 5417 corrumpi
3296 5389 3311 5414 ,
3341 5358 3396 5404 et
3423 5350 3518 5406 lia-

2007 5542 2022 5572 ί
2047 5541 2119 5602 sic
2141 5545 2213 5602 Er.
2237 5545 2411 5588 etenss.
2446 5547 2501 5589 At
2522 5546 2652 5602 Lov.,
2678 5547 2751 5593 et.”

2005 5603 2031 5670 Ἀ
2049 5601 2128 5670 sic
2137 5599 2320 5670 aliquot
2343 5609 2447 5651 Mss.
2470 5599 2664 5662 Quidam
2690 5617 2828 5664 vero,
2850 5599 3168 5665 t'wlectabiles.
3193 5611 3249 5655 At
3278 5607 3414 5668 Edd.,
3437 5609 3521 5660 de~

1943 5661 2248 5772 [cciaﬁ'iiss
2277 5725 2498 5785 exceptis
2519 5725 2683 5786 paucis
2713 5726 2796 5787 qui
2828 5737 2938 5776 cum
2974 5731 3046 5774 Er.
3072 5723 3272 5787 habent.
3297 5742 3357 5778 ne
3380 5744 3521 5784 mane

1947 5791 2294 5845 corrumpatur.
2321 5793 2372 5832 At
2393 5791 2521 5833 t.ov.:
2549 5794 2637 5834 Nos
2657 5797 2769 5846 mw
2807 5787 3052 5838 tinwamus
3081 5789 3402 5856 unusquisque
3421 5849 3428 5856 ,
3444 5806 3519 5845 ve.

1947 5861 2042 5908 spe:
2059 5860 2154 5905 um,
2175 5858 2231 5895 ne
2248 5858 2384 5895 ηιιιιω
2404 5858 2780 5909 ι’θηιηηρείηειυο,
