4038 6490
516 391 626 452 783

515 504 668 562 bebis
691 503 892 562 exitum
917 515 1094 560 mane.
1117 500 1174 558 Si
1197 499 1341 557 enim
1363 497 1532 556 habes
1550 497 1776 562 exitum,
1798 512 1904 553 non
1926 497 2106 568 capie-

515 599 610 654 ris.
631 598 732 656 Sic
755 605 838 653 est
858 596 1001 653 enim
1027 593 1314 666 promissio
1336 593 1489 661 lucri,
1515 593 1666 662 quasi
1691 603 1814 647 esca
1837 591 1888 646 in
1911 591 2106 646 musci-

519 691 640 761 pula
670 707 684 744 :
715 687 1036 753 coarctaris,
1074 694 1132 742 et
1167 701 1276 742 non
1318 694 1402 741 est
1435 699 1538 756 qua
1575 697 1775 749 exeas;
1813 683 2020 753 caperis
2051 681 2104 737 in

519 780 834 852 muscipula.
878 777 1037 835 Dedit
1077 785 1255 834 autem
1281 776 1388 846 sibi
1431 776 1631 831 exitum
1675 774 1932 830 Dominus
1966 775 2105 830 Deus

521 883 662 938 tuus,
693 873 938 928 ne-lucro
962 869 1224 940 capiaris,
1257 883 1379 924 cum
1411 865 1500 921 tibi
1527 864 1658 920 dicit
1685 866 1738 918 in
1763 863 1924 920 corde
1952 881 1966 917 :
1992 863 2105 933 Ego

520 980 640 1020 sunt
666 962 863 1018 divitia:
891 969 1013 1017 tuae.
1035 959 1153 1015 Noli
1168 957 1454 1014 attendere
1472 954 1613 1026 quod
1637 953 1864 1010 mundus
1887 953 2107 1024 promit-

521 1055 600 1121 tit,
633 1055 729 1111 sed
755 1053 896 1126 quod
922 1050 1179 1122 promittit
1203 1047 1461 1104 Conditor
1485 1046 1665 1102 mundi
1689 1045 1942 1101 :ettende
1963 1042 2105 1114 quod

522 1147 614 1202 tibi
640 1145 882 1216 promisit
901 1145 1037 1199 Deus
1056 1142 1267 1198 facienti
1283 1140 1563 1213 justitiam,
1587 1149 1641 1195 et
1658 1147 1944 1194 contemne
1963 1135 2104 1208 quod

519 1239 616 1294 tibi
639 1223 906 1308 promittit
934 1235 1126 1302 homo,
1153 1240 1212 1288 ut
1237 1233 1465 1288 abducat
1489 1247 1518 1285 a
1541 1230 1771 1302 iustitia,
1803 1240 1856 1285 et
1878 1228 2106 1286 adducat

522 1329 588 1385 ad
617 1327 944 1399 iniustitiam.
973 1324 1090 1379 Noli
1117 1338 1245 1393 ergo
1268 1321 1544 1378 attendere
1568 1319 1708 1392 quod
1735 1318 1962 1375 mundus
1983 1332 2108 1389 pro-

523 1422 680 1475 mittit
700 1460 718 1487 ,
746 1415 1006 1488 sed-quod
1034 1414 1294 1470 Conditor
1321 1413 1503 1468 mundi
1529 1420 1627 1479 ;'et
1659 1411 1878 1467 habebis
1907 1411 2107 1467 exitum

525 1527 680 1569 niane
706 1527 804 1583 per
833 1509 1038 1564 Domini
1067 1507 1286 1563 verbum
1317 1504 1545 1561 dicentis
1571 1521 1586 1557 :
1617 1502 1753 1572 Quid
1782 1503 1986 1574 prodest
2011 1501 2108 1556 ho-

523 1606 667 1671 mini,
693 1606 738 1659 si
761 1613 918 1658 totum
946 1600 1188 1656 mundum
1208 1599 1439 1653 lucretur
1458 1637 1473 1664 ,
1499 1597 1683 1650 animm
1702 1604 1868 1650 autem
1890 1609 2000 1649 sua
2021 1593 2110 1648 de-

525 1698 813 1750 trimentum
853 1693 1074 1762 patio-tur
1101 1689 1328 1760 (Matth.
1359 1703 1446 1742 va
1470 1727 1485 1752 ,
1515 1684 1663 1757 26)?
1689 1685 1793 1741 Sed
1825 1685 1911 1740 ille
1936 1684 2028 1755 qui
2056 1692 2109 1739 te

528 1787 791 1857 promisso
837 1785 988 1839 lucro
1034 1795 1416 1851 corrumpere,
1458 1787 1514 1835 et
1559 1777 1624 1833 ad
1652 1777 1981 1847 iniquitatem
2009 1775 2106 1830 ad-

524 1875 726 1930 ducere
755 1889 858 1928 non
887 1872 1090 1943 potuit,
1119 1869 1406 1925 minabitur
1433 1882 1651 1938 poenas,
1678 1877 1731 1922 et
1755 1875 2030 1921 convertet
2051 1879 2110 1921 se

524 1965 590 2020 ad
621 1964 925 2020 inimicitias
943 2002 958 2028 ,
989 1970 1045 2017 et
1072 1961 1287 2032 incipiet
1317 1959 1410 2014 tibi
1437 1958 1617 2014 dicere
1643 1973 1657 2010 :
1679 1957 1737 2012 Si
1766 1955 1869 2011 hoc
1894 1971 1999 2010 non
2025 1954 2107 2011 fe-

525 2058 684 2125 ceris,
712 2071 812 2127 ego
837 2055 1112 2110 ostendam
1137 2093 1153 2120 ,
1182 2067 1283 2124 ego
1310 2051 1537 2118 faciam;
1567 2049 1789 2106 habebis
1813 2065 1898 2104 me
1928 2049 2106 2104 inimi-

525 2164 669 2203 cum.
697 2148 874 2203 Primo
904 2161 1023 2200 cum
1051 2145 1255 2200 lucrum
1283 2143 1642 2214 promittebat,
1664 2156 1822 2198 mane
1844 2142 1934 2198 tibi
1951 2149 2105 2198 erat:

527 2237 686 2292 modo
708 2237 818 2307 jam
845 2235 1202 2306 vesperascit;
1231 2235 1397 2289 tristis
1421 2232 1590 2288 lactus
1613 2247 1694 2288 es.
1718 2233 1824 2287 Sed
1847 2233 1938 2303 qui
1961 2232 2110 2288 dedit

527 2329 624 2384 tibi
665 2329 864 2384 exitum
896 2340 1051 2382 mane
1075 2366 1092 2393 ,
1131 2325 1279 2380 dabit
1305 2332 1361 2380 et
1399 2335 1642 2394 vespere.
1675 2322 1956 2390 Quomodo
1982 2337 2110 2378 con.

530 2417 791 2489 teinpsisti
818 2433 975 2472 mane
998 2416 1180 2472 saeculi
1209 2431 1276 2471 ex
1303 2416 1419 2470 luce
1447 2414 1691 2481 Domini,
1723 2413 1801 2469 sic
1827 2422 2110 2471 contemne

528 2520 586 2566 et
613 2523 892 2580 vesperam
923 2523 986 2563 ex
1020 2507 1354 2578 passionibus
1381 2505 1593 2562 Domini
1618 2545 1634 2570 ,
1667 2513 1726 2560 ut
1749 2505 1896 2561 dicas
1918 2506 2110 2562 animm

516 2609 635 2654 tua:
657 2613 675 2653 :
696 2597 830 2667 Quid
859 2597 986 2652 mihi
1017 2597 1243 2666 amplius
1263 2594 1498 2651 facturus
1517 2604 1601 2650 est
1622 2594 1723 2650 iste
1740 2609 1898 2665 quam
1919 2608 2110 2665 passus

505 2697 608 2744 ἐει
637 2703 732 2758 pro
755 2703 848 2744 me
887 2688 1141 2743 Dominus
1167 2685 1357 2742 meus?
1386 2685 1618 2741 Teneam
1643 2684 1936 2756 ‘justitiam
1956 2727 1972 2753 ,
2001 2699 2108 2741 non

511 2782 853 2838 corisemiam
881 2781 950 2835 ad
989 2780 1341 2850 iniquitatem.
1367 2778 1564 2834 Satviat
1588 2779 1641 2834 in
1668 2793 1832 2834 carne
1859 2796 1872 2834 :
1901 2779 2111 2850 frange-

528 2884 616 2930 tur
644 2873 965 2942 muscipula,
986 2881 1046 2928 et
1070 2871 1261 2928 volabo
1280 2870 1346 2926 ad
1367 2871 1646 2926 Dominum
1667 2885 1844 2926 meum
1864 2869 1955 2941 qui
1978 2869 2110 2926 mihi

521 2965 603 3022 ait
632 2982 645 3018 :
677 2962 852 3019 Nolite
872 2964 1043 3017 timere
1066 2979 1149 3018 eos
1172 2963 1257 3034 qui
1281 2977 1464 3033 corpus
1488 2962 1740 3029 occidunt,
1769 2963 1994 3017 animam
2015 2977 2110 3017 att-

527 3063 989 3125 temnorupossunt
1014 3053 1241 3108 occidere
1255 3052 1284 3125 -(
1300 3051 1388 3106 Id.
1421 3068 1480 3119 ι,
1508 3052 1580 3108 28
1599 3052 1639 3123 ).
1669 3052 1736 3108 Et
1761 3051 1828 3108 de
1855 3053 1972 3123 ipso
1989 3067 2111 3109 cor-

525 3161 658 3212 pore
676 3144 1034 3200 securitatem
1060 3143 1207 3198 dedit
1233 3142 1415 3198 dicens
1443 3156 1458 3195 :
1496 3142 1725 3213 Capillus
1750 3143 1932 3212 capitis
1960 3143 2110 3198 uestri

529 3251 628 3288 non
656 3235 832 3304 peribit
859 3232 1011 3303 (Luc.
1036 3249 1152 3301 xxt,
1175 3232 1289 3305 18).
1313 3232 1588 3302 Magniﬁce
1611 3232 1702 3289 hic
1728 3233 1922 3303 posuit,
1949 3231 2110 3288 Delea

529 3325 683 3378 ctabis
717 3324 878 3380 exitus
916 3339 1062 3378 mane
1085 3333 1134 3378 et
1169 3339 1390 3395 vespere.
1420 3321 1475 3378 Si
1501 3323 1642 3378 enim
1671 3338 1776 3378 non
1805 3333 1858 3379 te
1883 3323 2111 3380 delectet

527 3417 643 3484 ipse
671 3416 869 3481 exitus,
902 3429 1008 3469 non
1034 3413 1301 3470 laborabis
1326 3413 1474 3469 exire
1501 3411 1647 3470 inde.
1677 3412 1840 3468 Mittis
1867 3423 2027 3484 caput
2054 3411 2108 3469 in

530 3507 736 3561 lucrum
769 3505 1118 3574 promissum,
1147 3504 1190 3558 si
1223 3518 1328 3560 non
1358 3513 1409 3560 te
1435 3504 1663 3560 delectet
1693 3504 1971 3574 promissio
1994 3503 2110 3560 Sal-

530 3597 750 3652 uatoris.
777 3596 846 3652 Et
873 3611 1083 3662 rursus,
1113 3595 1261 3651 cedis
1291 3596 1515 3652 tentanti
1537 3638 1551 3662 ,
1580 3604 1635 3653 et
1658 3597 1905 3660 terrenti,
1931 3596 1976 3651 si
2002 3611 2109 3652 non

533 3701 584 3746 te
609 3690 840 3746 delectet
857 3690 955 3746 ille
979 3690 1068 3760 qui
1086 3689 1240 3760 .prior
1265 3703 1453 3759 passus
1483 3697 1585 3756 est,
1612 3696 1671 3744 ut
1685 3687 1789 3744 tibi
1809 3689 2007 3745 exitum
2022 3687 2111 3744 l'a-

529 3791 697 3838 ceret.
726 3779 908 3836 Exitus
937 3796 1084 3834 mane
1108 3789 1154 3834 et
1182 3795 1382 3850 uespere
1404 3778 1691 3834 delectabis.

605 3872 693 3927 ﬂ.
719 3869 870 3944 [vers.
887 3868 1000 3942 10.]
1027 3869 1249 3924 Visitasti
1263 3879 1468 3935 terram,
1486 3878 1531 3922 et
1545 3867 1802 3923 inebriasti
1815 3883 1944 3923 eam.
1962 3868 2112 3926 Unde

535 3962 816 4019 inebriavit
847 3960 1086 4017 terram?
1114 3948 1264 4016 Calia:
1296 3970 1410 4015 tuus
1437 3960 1688 4014 inebrians
1719 3953 1869 4029 quam
1892 3961 2111 4031 praecla-

531 4071 618 4110 rus
643 4064 714 4110 est
740 4054 761 4126 (
783 4053 924 4110 Psal.
956 4069 1067 4108 χιιι
1092 4094 1105 4117 ,
1138 4053 1209 4123 5)
1233 4053 1247 4107 l
1289 4051 1512 4108 Visitasti
1541 4060 1756 4122 terram,
1785 4063 1830 4108 et
1858 4053 2114 4110 inebriasti

529 4164 646 4200 eam
683 4161 700 4200 :
737 4145 925 4201 misisti
971 4147 1139 4201 nubes
1186 4153 1302 4199 tuas
1326 4185 1342 4209 ,
1392 4143 1638 4215 pluerunt
1683 4143 2112 4214 medicationem

535 4240 793 4302 veritatis.
826 4239 1084 4295 inebriata
1111 4247 1194 4293 est
1218 4247 1381 4294 terra.
1413 4235 1764 4309 Multiplicasti
1787 4238 1950 4293 ditare
1978 4255 2110 4295 eam.

531 4332 687 4389 llnde
716 4332 1061 4403 multiplicasti
1087 4347 1197 4386 eam
1225 4331 1432 4385 ditare?
1457 4329 1669 4386 Flavius
1686 4329 1785 4385 Dei
1805 4332 2024 4401 repletus
2041 4341 2114 4386 est

533 4441 684 4494 aqua.
725 4423 854 4489 Quis
881 4431 962 4477 est
987 4423 1171 4492 ﬂuuius
1203 4419 1343 4476 Dei?
1379 4420 1610 4491 Populus
1637 4421 1752 4477 Dei.
1781 4421 1992 4477 Primus
2021 4437 2116 4493 po-

534 4517 688 4584 pulus
711 4515 946 4585 repletus
973 4523 1081 4578 est,
1115 4513 1255 4569 unde
1282 4521 1476 4568 caetera
1507 4521 1645 4568 terra
1671 4513 1950 4584 rigaretur.
1977 4515 2116 4570 Audi

534 4611 682 4665 illum
715 4610 1108 4678 promittentem
1139 4622 1328 4679 aquam
1363 4625 1377 4663 :
1406 4606 1466 4663 Si
1490 4607 1602 4678 quis
1626 4607 1750 4674 sitit,
1776 4610 1940 4663 ueniat
1962 4619 2009 4663 et
2035 4609 2115 4664 bi-

537 4705 637 4755 bat.
670 4701 768 4768 Qui
795 4701 948 4754 credit
974 4700 1027 4752 in
1053 4716 1149 4763 me,
1183 4699 1395 4768 [lumina
1419 4713 1564 4769 aqua:
1588 4699 1712 4753 victe
1733 4700 1795 4752 de
1817 4709 1984 4754 ventre
2006 4700 2116 4772 ejus

536 4793 692 4860 ﬂuent
723 4789 900 4859 (Joan.
917 4806 1008 4856 vn,
1033 4791 1100 4845 57
1118 4799 1163 4842 et
1178 4789 1290 4861 38).
1312 4788 1368 4844 Si
1394 4788 1632 4856 ﬂumina,
1657 4797 1713 4844 et
1735 4806 1867 4844 unus
1888 4791 2113 4858 ﬂuvius;

535 4880 658 4950 quia
704 4889 917 4949 propter
957 4881 1212 4934 unitatem
1241 4879 1390 4934 multi
1432 4893 1595 4934 unum
1624 4889 1771 4934 sunt.
1803 4879 1977 4936 Multa:
2008 4881 2114 4938 Ec-

533 4969 733 5035 clesite,
766 4979 822 5024 et
847 4985 948 5024 una
978 4969 1253 5034 Ecclesia;
1281 4969 1428 5024 multi
1461 4968 1644 5024 ﬁdeles
1664 5011 1679 5035 ,
1710 4979 1765 5024 et
1789 4985 1891 5024 una
1919 4973 2115 5041 sponsa

533 5060 734 5129 Christi
769 5077 782 5112 ε
816 5061 893 5113 sic
920 5061 1081 5114 multa
1112 5060 1347 5125 (lumina,
1377 5068 1432 5116 et
1461 5075 1597 5116 unus
1625 5059 1835 5114 ﬂuvius.
1867 5061 2118 5120 Credide-

537 5161 660 5208 runt
690 5152 836 5206 multi
869 5150 1120 5206 Israelita:
1144 5193 1159 5217 ,
1191 5161 1245 5207 et
1275 5153 1478 5223 impleti
1508 5163 1631 5208 sunt
1656 5153 1853 5224 Spiritu
1883 5164 2068 5210 sancto
2101 5175 2116 5214 :

537 5244 660 5299 inde
698 5244 877 5298 dill'usi
919 5253 1043 5300 sunt
1081 5259 1192 5314 per
1221 5243 1459 5310 Gentes;
1504 5255 1784 5316 coeperunt
1826 5247 2120 5318 praedicare

537 5335 812 5390 veritatem
835 5377 852 5402 ,
878 5345 934 5392 et
951 5335 1024 5391 de
1051 5335 1211 5390 ﬂuvio
1239 5335 1331 5390 Dei
1357 5339 1443 5407 qui
1469 5338 1720 5409 impletus
1743 5349 1826 5395 est
1849 5355 1984 5411 aqua
2003 5383 2018 5409 ,
2048 5342 2122 5397 ir-

538 5427 703 5498 rigata
743 5438 826 5484 est
867 5439 974 5484 tota
1021 5439 1183 5486 terra.
1223 5427 1425 5485 Parasti
1449 5431 1616 5486 cibum
1642 5432 1884 5498 illorum;
1909 5435 2027 5504 quia
2051 5436 2122 5491 ita

538 5529 608 5572 est
635 5521 937 5588 prceparatio
963 5531 1069 5574 tua.
1097 5520 1211 5576 Non
1239 5523 1360 5592 quia
1393 5532 1443 5576 te
1471 5533 1901 5592 promeruerunt,
1929 5526 2120 5595 quibus

539 5619 756 5677 peccata
795 5610 1002 5665 donasti
1033 5630 1047 5666 :
1077 5614 1265 5668 merita
1307 5613 1519 5668 ill0rum
1550 5615 1689 5669 mala
1717 5624 1907 5681 erant;
1939 5616 2032 5673 sed
2066 5626 2120 5672 tu

606 5805 617 5834 '
651 5806 780 5867 I-Liltl.,
808 5815 857 5856 ut
881 5813 1080 5857 teneam.
1105 5809 1354 5873 Particnla,
1380 5818 1448 5876 ul,
1473 5814 1609 5864 abest
1632 5827 1660 5862 α
1683 5821 1786 5864 Mss.

1743 385 1804 442 s.
1843 359 2207 445 sueusrmt
2244 381 2549 442 EPISCOPi

3694 384 3796 442 784

2203 504 2418 567 propter
2453 494 2873 552 misericordiam
2913 500 3057 550 tuam
3085 535 3101 564 ,
3127 495 3246 566 quia
3273 495 3348 552 ita
3388 503 3463 553 est
3485 499 3796 570 ppraratia

2205 595 2314 652 tua,
2342 588 2414 641 ita
2441 587 2634 657 parasti
2661 586 2825 641 cibum
2845 585 3073 641 illorum.

2278 677 2367 733 15.
2399 675 2551 750 [vers.
2580 674 2695 750 11.]
2722 676 2907 733 Sulcos
2925 679 3035 747 ejus
3063 675 3276 734 inebria.
3296 677 3452 736 Fiant
3473 693 3603 750 ergo
3623 680 3798 750 primo

2209 768 2345 824 sulci
2373 769 2463 839 qui
2487 768 2815 825 inebrientur
2837 786 2851 822 :
2873 769 3063 825 duritia
3090 770 3318 840 pectoris
3337 772 3505 827 nostri
3527 775 3799 843 aperiatur

2210 873 2429 914 vomere
2453 859 2718 914 sermonis
2746 859 2862 924 Dei,
2891 859 3075 916 Sulcos
3110 861 3222 930 ejus
3256 860 3484 928 inebria;
3511 863 3798 932 multiplica

2207 949 2551 1020 generationes
2587 950 2719 1022 ejus.
2759 949 3014 1006 Videmus
3043 970 3058 1006 :
3083 951 3328 1016 credunt,
3353 960 3408 1007 et
3433 967 3504 1008 ex
3523 952 3798 1009 credenti-

2207 1039 2308 1095 bus
2334 1039 2424 1094 alii
2449 1038 2693 1106 credunt,
2724 1048 2779 1096 et
2801 1055 2870 1096 ex
2897 1040 3000 1096 illis
3022 1041 3113 1095 alii
3140 1041 3402 1107 credunt;
3431 1052 3486 1098 et
3511 1057 3617 1098 non
3645 1044 3797 1099 sum-

2208 1129 2281 1184 cit
2317 1130 2408 1184 uni
2445 1129 2648 1185 homini
2674 1137 2733 1186 ut
2757 1129 2928 1186 factus
2957 1131 3072 1200 ipse
3100 1131 3272 1187 ﬁdelis
3299 1148 3462 1187 unum
3488 1133 3726 1190 lucretur
3756 1136 3795 1189 ¹.

2209 1217 2300 1276 Sic
2341 1220 2723 1291 multiplicatur
2765 1229 2820 1277 et
2847 1235 3035 1278 semen
3068 1237 3272 1293 :pauca
3301 1239 3463 1295 grana
3490 1225 3794 1297 mittuntur,

2210 1319 2265 1366 et
2291 1321 2498 1382 segetes
2538 1322 2861 1383 exsurgunt.
2903 1313 3088 1369 Suleos
3114 1314 3225 1385 ejus
3255 1315 3479 1383 inebria;
3517 1318 3797 1390 niultiplica

2209 1403 2549 1472 generationes
2571 1404 2681 1474 eius
2703 1418 2722 1458 :
2746 1404 2798 1458 in
2824 1404 3098 1460 stillicidiis
3116 1404 3225 1459 suis
3245 1405 3513 1474 (celabitur,
3539 1424 3658 1462 cum
3675 1425 3797 1464 exo-

2209 1494 2384 1549 rietur.
2422 1494 2480 1550 ld
2517 1505 2602 1551 est
2621 1532 2638 1562 ,
2678 1504 2964 1566 antequam
3005 1496 3076 1552 sit
3107 1496 3251 1553 forte
3285 1497 3476 1554 idonea
3514 1500 3795 1570 capacitati

2211 1582 2445 1639 ﬂuminis
2461 1625 2478 1650 ,
2504 1601 2618 1640 cum
2643 1586 2914 1652 exorietur,
2949 1586 3004 1640 in
3039 1586 3311 1642 stillicidiis
3336 1589 3474 1654 suis,
3504 1588 3558 1644 id
3583 1599 3668 1644 est
3694 1591 3793 1647 sibi

2209 1677 2493 1748 congruis,
2537 1678 2808 1733 ltetabitur.
2841 1678 3079 1734 Parvulis
3116 1680 3258 1734 enim
3285 1679 3460 1735 adhuc
3483 1688 3541 1735 et
3570 1681 3794 1738 inﬁmis

2211 1768 2477 1823 stillantur
2501 1768 2744 1840 quaedam
2776 1769 2843 1824 de
2871 1772 3221 1826 sacramentis
3243 1810 3259 1837 ,
3289 1771 3411 1841 quia
3437 1787 3544 1826 non
3575 1783 3796 1841 possunt

2212 1875 2403 1929 capere
2435 1861 2816 1931 plenitudinem
2852 1861 3112 1919 veritatis.
3151 1862 3287 1918 Audi
3324 1865 3594 1932 quomodo
3631 1867 3795 1922 stillet

2214 1953 2449 2024 parvulis
2473 1952 2600 2008 dum
2625 1953 2956 2021 exoriuntur,
2985 1954 3038 2010 id
3061 1962 3145 2010 est
3171 1955 3223 2009 in
3251 1956 3452 2010 recenti
3478 1965 3598 2011 ortu
3622 1957 3795 2014 minus

2211 2047 2514 2116 capacibus.
2539 2048 2826 2118 Apostolus
2846 2048 2974 2104 dicit
2997 2066 3010 2103 :
3037 2048 3158 2104 Non
3181 2051 3320 2119 potui
3340 2051 3477 2105 vobis
3498 2050 3636 2122 loqui
3654 2051 3796 2122 quasi

2211 2139 2556 2209 spiritualibus
2579 2181 2595 2206 ,
2633 2141 2723 2196 sed
2757 2142 2902 2212 quasi
2937 2143 3221 2197 carnalibus
3244 2185 3259 2209 ,
3300 2145 3444 2214 quasi
3483 2147 3710 2214 paruulis
3744 2147 3796 2200 in

2213 2227 2413 2285 Christo
2439 2231 2485 2299 (l
2510 2230 2628 2286 Cor.
2657 2247 2745 2298 ιιι,
2775 2233 2852 2302 1).
2879 2230 3012 2287 Cum
3038 2231 3196 2298 dicit,
3229 2233 3452 2301 paruulis
3479 2235 3533 2288 in
3559 2232 3760 2290 Christo
3776 2275 3792 2301 ,

2207 2321 2316 2392 jam
2346 2321 2475 2378 dicit
2495 2333 2730 2392 exertos,
2763 2325 2857 2380 sed
2880 2325 3112 2380 nondum
3141 2325 3362 2381 idoneos
3388 2326 3454 2382 ad
3480 2327 3793 2398 capiendam

2213 2413 2358 2468 illam
2387 2415 2604 2471 uberem
2640 2415 2956 2486 sapientiam
2981 2457 3000 2480 ,
3038 2416 3108 2472 de
3144 2432 3247 2486 qua
3275 2418 3405 2473 dicit
3434 2436 3448 2470 :
3479 2418 3794 2490 Sapientiam

2213 2503 2462 2574 loquimur
2484 2506 2612 2560 inter
2638 2507 2882 2576 perfectos
2915 2508 2938 2576 (
2959 2506 3048 2560 Id.
3077 2522 3147 2573 tt,
3175 2507 3209 2562 6
3233 2507 3275 2578 ).
3304 2508 3528 2564 chtctur
3553 2509 3606 2566 in
3631 2510 3793 2566 stilli-

2212 2595 2365 2650 cidiis
2393 2597 2502 2651 suis
2525 2636 2541 2662 ,
2569 2611 2688 2651 cum
2719 2598 2955 2652 exoritur
2980 2607 3036 2652 et
3063 2605 3322 2668 augetur;
3353 2599 3629 2656 roboratus
3656 2603 3680 2633 ‘
3707 2616 3797 2660 ca-

2215 2685 2320 2755 piet
2347 2695 2402 2740 et
2425 2686 2738 2757 sapientiam
2767 2703 2782 2740 :
2809 2687 3082 2758 quomodo
3108 2687 3282 2744 infans
3305 2690 3536 2745 nutritur
3560 2691 3716 2758 lacte,
3743 2702 3798 2748 et

2217 2778 2275 2831 tit
2302 2776 2526 2833 idoneus
2551 2778 2711 2843 cibo;
2740 2786 2916 2833 tamen
2941 2779 3111 2847 primo
3133 2778 3201 2835 de
3227 2782 3344 2850 ipso
3369 2780 3492 2836 cibo
3512 2782 3597 2837 cui
3623 2782 3798 2840 minus

2213 2867 2437 2925 idoneus
2480 2878 2627 2938 erat,
2670 2869 2744 2926 illi
2784 2870 2865 2926 lac
2908 2868 3104 2926 factum
3143 2879 3247 2928 est.
3275 2869 3345 2925 In
3376 2871 3651 2928 stillicidiis
3693 2873 3798 2929 suis

2211 2957 2478 3025 latebam,
2504 2975 2618 3014 cum
2641 2963 2908 3016 exorietur.

2285 3049 2370 3104 16.
2412 3047 2562 3122 [rem
2589 3047 2701 3123 l2.]
2741 3049 3007 3108 Benedices
3041 3067 3278 3108 coronam
3310 3053 3434 3108 anni
3469 3052 3797 3125 benignitatis

2213 3147 2333 3194 tute.
2361 3139 2663 3195 Seminatur
2686 3140 2866 3207 modo,
2893 3141 3086 3198 crescit
3107 3141 3248 3213 quod
3272 3143 3588 3210 seminatur,
3615 3145 3723 3202 erit
3742 3153 3800 3200 et

2213 3230 2424 3287 messis.
2455 3229 2524 3286 Et
2553 3230 2713 3287 modo
2739 3245 2903 3303 super
2929 3248 3115 3289 semen
3143 3235 3587 3304 superseminavit
3615 3235 3796 3291 inimi-

2211 3337 2306 3378 cus
2332 3323 2562 3391 zizania;
2591 3334 2644 3380 et
2671 3326 2840 3380 exorti
2867 3335 2992 3380 sunt
3018 3326 3143 3382 mali
3180 3327 3317 3382 inter
3343 3327 3533 3395 bonos,
3561 3328 3794 3398 pseudo-

2212 3414 2483 3470 christiani
2502 3455 2518 3482 ,
2550 3416 2778 3472 similem
2808 3415 3067 3473 habentes
3092 3417 3331 3482 herbam,
3361 3417 3455 3474 sed
3481 3432 3586 3474 non
3615 3433 3794 3488 parem

2211 3505 2462 3563 fructum.
2509 3507 2718 3563 Etenim
2769 3508 2968 3562 zizania
3009 3523 3072 3564 ea
3116 3510 3330 3582 proprie
3369 3509 3639 3577 dicuntur,
3681 3526 3799 3580 qua:

2215 3607 2505 3654 nascuntur
2558 3600 2610 3654 in
2659 3599 3004 3656 similitudine
3054 3599 3479 3667 frumentorum;
3518 3601 3673 3656 sicuti
3717 3609 3800 3657 est

2215 3689 2421 3758 lolium,
2462 3691 2619 3747 sicuti
2657 3699 2740 3746 est
2770 3706 2956 3757 avena,
2978 3699 3033 3746 et
3065 3703 3255 3746 caetera
3284 3692 3405 3747 talia
3431 3708 3549 3763 qua:
3572 3694 3798 3764 primam

2216 3781 2432 3839 herbam
2462 3797 2681 3854 prorsus
2709 3784 2944 3839 similem
2986 3783 3201 3840 habent.
3233 3785 3518 3856 Propterea
3541 3785 3611 3841 de
3632 3786 3798 3841 semi-

2215 3874 2429 3930 natione
2448 3875 2770 3930 zizaniorum
2794 3875 2894 3930 hoc
2911 3874 3042 3932 dicit
3063 3875 3316 3931 Dominus
3338 3894 3352 3930 :
3381 3875 3522 3930 Venit
3540 3875 3796 3938 inimicus,

2215 3976 2264 4020 et
2289 3967 2698 4036 superseminauit
2724 3967 2957 4032 zizania;
2985 3982 3098 4020 cum
3137 3976 3305 4021 autem
3345 3966 3572 4020 crevisset
3601 3966 3756 4020 herba
3780 4005 3798 4032 ,

2217 4067 2265 4111 et
2282 4058 2506 4128 fructum
2527 4060 2754 4130 fecisset,
2777 4067 2893 4112 tunc
2911 4070 3256 4129 apparuerunt
3274 4060 3490 4114 simia.
3513 4060 3655 4130 Ergo
3675 4062 3804 4114 uertit

2215 4148 2448 4204 inimicus
2465 4189 2482 4216 ,
2512 4157 2558 4203 et
2584 4149 2993 4219 superseminauit
3013 4149 3215 4203 zizania
3242 4166 3261 4204 :
3281 4149 3376 4204 sed
3399 4149 3526 4220 quid
3553 4149 3680 4206 fecit
3709 4151 3805 4205 tri-

2219 4240 2324 4295 tico
2338 4239 2364 4293 ἳ
2389 4238 2503 4294 Non
2525 4239 2844 4309 epprimitur
2862 4239 3076 4294 zizaniis
3097 4238 3417 4296 frumentum
3437 4257 3452 4307 ;
3477 4240 3585 4296 imo
3606 4255 3705 4310 per
3721 4251 3807 4296 to-

2217 4331 2494 4388 lerantiam
2537 4330 2860 4385 sizaniorum
2906 4330 3098 4385 crescit
3134 4329 3342 4384 fructus
3390 4329 3804 4385 frumentorum.

2219 4421 2339 4493 Ipse
2369 4422 2515 4476 enim
2547 4420 2804 4475 Dominus
2832 4419 2966 4476 dixit
2988 4419 3304 4488 quibusdam
3331 4421 3588 4490 operariis
3615 4421 3806 4476 volen-

2220 4514 2359 4569 tibus
2384 4511 2660 4569 eradicare
2684 4511 2885 4566 zizania
2916 4529 2931 4565 :
2959 4510 3123 4566 Sinite
3160 4521 3370 4580 utraque
3402 4528 3622 4567 crescere
3647 4529 3812 4582 usque

2217 4609 2286 4660 ad
2313 4623 2540 4671 messem,
2567 4622 2630 4660 ne
2654 4605 2782 4676 forte
2809 4621 2926 4659 cum
2948 4606 3098 4659 uultis
3117 4604 3380 4667 eradicare
3395 4606 3614 4670 ciconia,
3637 4606 3812 4659 eradi-

2219 4699 2339 4753 cetis
2367 4699 2520 4753 simul
2558 4706 2602 4752 et
2633 4699 2978 4768 frumentum;
3005 4698 3092 4750 sed
3117 4696 3171 4750 in
3200 4705 3422 4767 tempore
3444 4697 3619 4750 messis
3641 4696 3816 4749 dicunt

2218 4793 2520 4846 messoribus
2540 4808 2560 4846 :
2579 4790 2810 4862 Colligite
2837 4793 3058 4861 primum
3084 4791 3285 4846 sisania
3307 4831 3323 4856 ,
3349 4801 3397 4845 et
3418 4790 3626 4861 alligata
3650 4791 3785 4861 fasci
3797 4822 3815 4832 -

2218 4881 2361 4936 culos
2392 4882 2460 4935 ad
2487 4881 2877 4936 comburendum
2899 4897 2918 4947 ;
2947 4881 3252 4950 frumentum
3277 4892 3446 4936 autem
3473 4881 3733 4935 recondita
3762 4882 3819 4934 in

2220 4973 2454 5031 horreum
2473 4971 2684 5042 (Matth.
2708 4987 2820 5037 xm,
2840 4969 3052 5040 25-50).
3081 4969 3174 5026 ille
3197 4979 3282 5027 est
3306 4970 3427 5026 ﬁnis
3446 4972 3593 5035 anni,
3617 4971 3822 5027 messis

2221 5064 2426 5120 saculi.
2455 5063 2724 5118 Benedices
2748 5079 2986 5118 coronam
3009 5063 3134 5117 anni
3159 5063 3476 5134 benignitatis
3499 5073 3617 5116 tua.
3641 5062 3825 5118 Coro-

2222 5172 2344 5212 nam
2371 5157 2458 5211 ubi
2483 5156 2654 5220 audis,
2680 5157 2846 5226 gloria
2869 5155 3102 5211 victoria:
3120 5154 3467 5225 signiﬁcatur.
3496 5154 3663 5209 Vince
3682 5154 3812 5209 Dia.

2225 5247 2403 5302 bolum
2429 5289 2444 5311 ,
2475 5255 2529 5301 et
2565 5246 2782 5302 habebis
2817 5259 3089 5300 coronam.
3121 5244 3396 5300 Benedices
3419 5259 3661 5299 coronam
3688 5244 3826 5300 anni

2222 5338 2540 5409 benignitatis
2561 5349 2677 5392 ture.
2702 5338 2905 5392 Rursus
2921 5337 3260 5394 commendat
3278 5337 3662 5410 benignitatem
3687 5337 3830 5405 Dei,

2224 5447 2292 5487 ne
2321 5432 2599 5501 quisquam
2629 5430 2696 5486 de
2724 5431 2837 5486 suis
2863 5430 3072 5485 meritis
3092 5431 3372 5501 glorietur.

2297 5526 2383 5578 17.
2426 5523 2578 5596 [υθη.
2620 5522 2731 5596 15.]
2773 5523 2840 5578 Et
2885 5525 3052 5595 campi
3090 5525 3162 5578 tui
3201 5525 3525 5595 replebantur
3561 5524 3828 5580 ubertate.

2291 5637 2306 5668 ι
2325 5637 2406 5701 sic
2427 5648 2597 5701 omnes
2617 5642 2723 5687 uss.
2750 5645 2806 5688 At
2825 5636 2938 5687 Edd.
2966 5643 3018 5687 ut
3038 5638 3194 5701 factus
3213 5634 3315 5700 ipse
3331 5636 3394 5688 sit
3427 5634 3609 5699 ﬁdelis,
3641 5635 3690 5686 si
3723 5649 3834 5688 stin

2225 5703 2271 5748 et
2287 5696 2436 5746 alium
2452 5697 2680 5748 lucretur.

2233 5818 2262 5868 ὸ
2292 5761 2312 5790 ι
2334 5757 2606 5868 ῗίονὲιιὶιιιιοι
2623 5766 2728 5810 Mss.
2754 5767 2808 5810 At
2830 5759 2963 5822 Edd.,
2988 5772 3099 5810 cum
3125 5757 3386 5820 exorietur,
3411 5765 3646 5822 augeatur
3659 5755 3719 5810 et
3748 5772 3837 5810 ro.

2261 5833 2342 5868 ore
2363 5832 2392 5867 ιι
2423 5853 2436 5866 .

2261 5832 2436 5869 oretur.
