4038 6462
275 393 377 461 ⁷81·

276 508 611 581 Pinguescent
650 509 778 578 ﬁnes
810 508 1011 571 deserti,
1053 516 1099 562 et
1126 507 1278 563 colles
1313 508 1647 563 exsultatione
1679 506 1851 560 accin-

275 612 475 672 gentur.
504 600 688 669 Campi
715 642 729 665 ,
758 598 922 653 colles
944 641 960 667 ,
992 597 1123 653 lines
1150 598 1347 653 deserti
1374 640 1390 665 ,
1422 598 1578 673 iidem
1608 597 1705 666 ipsi
1731 604 1854 651 sunt

276 694 544 748 homines.
591 693 771 761 Campi
812 700 1025 761 propter
1051 691 1405 760 aequalitatem
1437 707 1450 743 :
1482 704 1609 759 ergo
1638 696 1854 757 propter

272 784 653 853 aequalitatem,
683 782 807 836 inde
829 781 955 836 dicti
979 790 1101 836 sunt
1124 782 1318 851 campi,
1345 779 1529 851 populi
1552 778 1702 849 justi.
1727 776 1853 833 Col-

274 874 354 930 les
385 883 607 945 propter
629 874 951 928 erectionern
972 890 985 936 ;
1007 874 1130 943 quia
1151 874 1306 943 erigit
1330 872 1386 926 in
1408 887 1467 927 se
1489 872 1626 926 Deus
1645 884 1739 925 eos
1759 869 1850 939 qui

272 980 333 1021 se
356 966 656 1021 humiliant.
688 963 847 1020 Fines
871 964 1089 1029 deserti,
1120 978 1305 1018 omnes
1332 961 1551 1017 Gentes.
1579 960 1753 1027 Quare
1782 959 1848 1013 li-

271 1071 371 1113 nes
404 1056 643 1113 deserti?
686 1057 890 1111 Deserti
921 1064 1110 1122 erant;
1155 1055 1329 1109 nullus
1366 1053 1436 1109 ad
1460 1068 1555 1109 eos
1581 1052 1849 1122 Propheta

271 1148 471 1202 missus
494 1157 613 1204 erat
639 1164 654 1201 :
678 1147 757 1203 sic
784 1155 937 1203 erant
963 1147 1034 1200 illi
1062 1145 1327 1216 quomodo
1355 1159 1586 1208 eremus,
1615 1159 1715 1213 qua
1742 1158 1847 1197 non

272 1236 466 1291 transit
486 1237 666 1291 homo.
695 1236 904 1291 Nullum
922 1237 1141 1291 verbum
1170 1236 1260 1290 Dei
1284 1235 1502 1289 missum
1521 1242 1604 1289 est
1622 1233 1687 1287 ad
1702 1232 1849 1288 Gen-

271 1327 477 1382 teszsoli
494 1328 689 1397 populo
703 1328 861 1383 lsrael
883 1328 1298 1398 praedicaverunt
1314 1326 1846 1396 ProphetteNentum

268 1426 352 1471 est
373 1416 443 1471 ad
468 1417 746 1472 Dominum
767 1434 782 1483 ;
804 1418 1142 1473 crediderunt
1163 1417 1423 1472 frumenta
1444 1416 1497 1470 in
1520 1417 1635 1487 ipso
1655 1417 1849 1486 populo

268 1508 594 1565 latinorum.
642 1508 774 1563 Nam
819 1508 953 1563 dixit
997 1517 1121 1563 tunc
1163 1507 1478 1577 discipulis:
1509 1506 1688 1560 Dicitis
1730 1508 1847 1577 quia

267 1601 416 1672 longe
438 1608 513 1654 est
547 1601 721 1655 messis
742 1619 763 1667 ;
787 1601 1016 1671 respicite
1038 1641 1053 1668 ,
1080 1610 1131 1655 et
1153 1601 1313 1655 uidete
1334 1601 1455 1671 quia
1475 1599 1604 1654 alba:
1626 1610 1741 1653 sunt
1763 1616 1846 1653 re-

267 1692 442 1761 giones
466 1690 536 1744 ad
558 1707 781 1745 messem.
808 1693 927 1746 Fuit
945 1707 1075 1762 ergo
1096 1691 1286 1746 messis
1306 1690 1472 1760 prima
1494 1705 1509 1754 ;
1532 1688 1633 1744 erit
1651 1704 1845 1745 secun-

265 1783 330 1838 da
375 1784 430 1838 in
470 1786 656 1841 ultimo
693 1785 909 1840 sazculo.
954 1785 1137 1839 Messis
1177 1785 1346 1854 prima
1372 1784 1439 1840 de
1462 1784 1694 1848 Iudaeis;
1722 1784 1845 1854 quia

266 1875 615 1931 mittebantur
638 1875 704 1931 ad
724 1877 842 1931 illos
868 1876 1145 1943 Pmphcta:
1168 1874 1540 1930 annuntiantes
1562 1884 1841 1929 venturum

263 1965 617 2022 Salvatorem.
644 1967 768 2022 Ideo
791 1966 922 2022 dixit
951 1967 1222 2037 discipulis
1247 1969 1358 2023 suis
1381 1968 1655 2031 Dominus,
1693 1965 1844 2023 Vide-

264 2065 311 2109 te
334 2057 457 2125 quia
485 2057 614 2112 alba:
639 2068 753 2112 sunt
778 2060 1003 2129 regiones
1026 2059 1094 2112 ad
1122 2075 1326 2113 messem
1352 2075 1371 2113 :
1396 2060 1636 2129 regiones
1663 2060 1842 2128 utique

262 2146 488 2201 ludatur.
519 2149 641 2214 Alii,
673 2150 870 2219 inquit,
900 2150 1277 2215 laboraverunt,
1306 2159 1351 2203 et
1380 2165 1464 2203 uos
1492 2151 1543 2203 in
1570 2166 1741 2203 eorum
1766 2152 1843 2209 la-

262 2236 404 2291 bores
431 2238 657 2292 intrastis
685 2238 862 2308 (Joan.
891 2254 943 2293 tv
963 2281 979 2306 ,
1012 2240 1080 2295 55
1099 2279 1114 2303 ,
1146 2240 1257 2308 38).
1289 2239 1683 2294 Lahoraverunt
1713 2240 1843 2293 Pro-

261 2327 441 2395 pheta;
484 2336 542 2382 ut
580 2330 931 2396 seminarent,
974 2340 1028 2385 et
1059 2345 1150 2385 vos
1178 2345 1299 2385 cum
1330 2332 1461 2385 falce
1499 2330 1734 2385 intrastis
1771 2332 1839 2386 ad

260 2418 478 2474 illorum
501 2421 739 2477 labores.
756 2422 915 2477 Facta
934 2430 1168 2493 estergo
1186 2422 1353 2492 prima
1374 2423 1596 2487 messis;
1620 2430 1674 2478 et
1696 2424 1836 2489 inde,

256 2508 326 2564 de
351 2509 473 2579 ipso
496 2508 760 2567 frumento
783 2512 923 2583 quod
956 2523 1079 2567 tunc
1104 2521 1381 2583 purgatum
1409 2521 1519 2581 est,
1548 2514 1840 2569 semiustus

254 2609 339 2654 est
379 2600 531 2655 orbis
559 2610 815 2657 terrarum
836 2644 851 2668 ,
884 2612 936 2658 ut
967 2612 1148 2675 surgat
1170 2600 1267 2657 alia
1296 2604 1486 2659 messis
1509 2620 1629 2674 qua:
1651 2604 1703 2658 in
1734 2604 1839 2660 line

254 2690 507 2745 metenda
544 2700 645 2747 est.
687 2692 743 2747 ln
785 2694 1019 2749 secunda
1059 2708 1233 2750 messe
1259 2696 1677 2765 superseminata
1711 2705 1837 2751 sunt

252 2782 495 2848 sisania;
536 2782 696 2839 modo
725 2782 811 2840 hic
834 2784 1125 2840 laboratur.
1163 2784 1440 2854 Quomodo
1463 2785 1517 2840 in
1548 2785 1636 2840 illa
1664 2786 1833 2856 prima

251 2873 634 2931 laboraverunt
658 2876 938 2947 Propheta:
955 2919 972 2945 ,
1002 2892 1278 2948 quousque
1304 2878 1507 2934 veniret
1536 2878 1832 2945 Dominus;

250 2965 334 3021 sic
376 2966 429 3020 in
472 2966 571 3021 ista
613 2967 841 3023 secunda
872 2968 1245 3023 laboraverunt
1272 2968 1538 3038 Apostoli,
1566 2976 1621 3025 et
1648 2982 1837 3026 omnes

251 3054 638 3123 praedicatores
678 3058 915 3113 veritatis
955 3057 1235 3123 laborant,
1279 3073 1552 3129 quousque
1581 3060 1633 3114 in
1672 3060 1832 3116 linem

251 3147 517 3203 Dominus
544 3148 717 3204 mittat
742 3150 795 3204 in
824 3164 1050 3204 messem
1080 3150 1311 3219 Angelos
1336 3164 1482 3206 suos.
1511 3150 1678 3206 Antea
1704 3167 1833 3222 ergo

226 3238 523 3293 'desertum
553 3248 696 3306 erat;
725 3240 819 3295 sed
850 3241 1168 3312 pinguescent
1197 3242 1322 3310 ﬁnes
1347 3242 1548 3297 deserti.
1577 3243 1715 3299 Ecce
1742 3244 1830 3299 ubi

245 3328 536 3398 Propheta:
573 3345 679 3384 non
720 3340 1026 3398 sonuerant,
1054 3331 1308 3387 Dominus
1332 3332 1711 3402 Prophetarum
1739 3349 1827 3390 ac-

245 3428 439 3490 ceptus
480 3428 586 3475 est.
630 3420 963 3492 Pinguescent
998 3423 1123 3492 ﬁnes
1160 3421 1375 3491 deserti,
1416 3432 1463 3479 et
1498 3424 1830 3481 exsultatione

244 3512 403 3566 colles
437 3513 783 3583 accingentur.

317 3603 343 3656 ο
358 3602 410 3657 8.
428 3600 581 3674 (vers.
610 3602 722 3675 lt]
742 3602 918 3657 Induti
945 3613 1061 3659 sunt
1087 3606 1263 3660 arietes
1284 3605 1451 3660 ovium
1470 3621 1491 3661 :
1511 3607 1829 3663 subaudien-

242 3693 397 3761 dum,
419 3696 776 3751 exsultatione.
799 3696 911 3763 Qua
934 3698 1075 3753 enim
1096 3698 1452 3755 exsultatione
1470 3700 1634 3755 colles
1653 3701 1829 3757 accin-

241 3793 461 3855 genter,
492 3785 593 3841 hac
621 3786 911 3843 induuntur
937 3790 1130 3844 arietes
1152 3790 1348 3844 ovium.
1374 3790 1477 3861 Ipsi
1502 3792 1714 3860 arietes,
1737 3793 1827 3863 qui

241 3875 432 3929 collos.
458 3874 636 3931 Colles
658 3876 821 3943 enim,
848 3878 1198 3933 eminentiore
1220 3881 1423 3949 gratia;
1453 3882 1669 3946 arietes,
1696 3884 1820 3953 quia

240 3965 410 4021 duces
436 3981 681 4037 gregum.
723 3968 929 4023 Arietes
962 3984 1089 4039 ergo
1115 3970 1353 4039 Apostoli
1382 3971 1548 4026 induti
1576 3983 1701 4028 sunt
1723 3988 1826 4029 ex-

239 4056 549 4122 sultatione,
579 4057 805 4126 gaudent
831 4057 899 4112 de
925 4057 1182 4113 fructibus
1206 4062 1350 4122 suis;
1380 4076 1484 4115 non
1515 4063 1630 4118 sine
1654 4079 1813 4119 causa

240 4150 623 4205 laboraverunt
645 4192 661 4217 ,
693 4168 798 4207 non
829 4154 950 4208 sine
981 4170 1138 4209 causa
1178 4156 1613 4225 praedicaverunt.
1648 4156 1827 4212 Induti

237 4252 366 4295 sunt
401 4243 585 4297 arietes
609 4246 806 4310 ouium;
833 4256 881 4299 et
908 4247 1155 4301 convalles
1178 4249 1504 4302 abundabunt
1528 4252 1776 4320 frumento
1805 4267 1826 4305 :

236 4343 293 4388 et
332 4334 567 4391 humiles
605 4337 782 4406 populi
825 4338 1047 4393 multum
1089 4339 1313 4394 fructum
1349 4340 1589 4396 all‘erent.
1620 4341 1825 4395 Clama-

238 4425 364 4478 bunt
398 4440 420 4479 :
450 4425 572 4480 inde
610 4427 953 4483 abundabunt
992 4429 1256 4485 frumento
1279 4472 1294 4497 ,
1336 4431 1457 4501 quia
1502 4431 1823 4486 clamabunt.

235 4516 380 4583 Quid
420 4518 767 4575 clamabunt?
805 4521 1004 4576 Etenim
1042 4524 1283 4593 hymnum
1323 4525 1505 4577 dicent.
1547 4524 1704 4578 Aliud
1743 4535 1826 4580 est

234 4609 386 4662 enim
408 4608 645 4665 clamare
666 4611 923 4667 adversus
949 4614 1135 4679 Deum,
1164 4613 1304 4667 aliud
1331 4613 1583 4685 hymnum
1609 4614 1824 4683 dicere;

232 4698 383 4753 aliud
410 4701 645 4755 clamare
670 4703 965 4773 sacrilegia,
993 4702 1137 4757 aliud
1164 4704 1395 4759 clamare
1420 4705 1599 4760 laudes
1628 4706 1742 4761 Dei.
1768 4706 1825 4762 Si

233 4790 447 4845 clamas
476 4792 531 4846 in
568 4792 916 4863 blaSphemia,
949 4796 1128 4865 spinas
1155 4796 1451 4866 protulisti;
1478 4798 1523 4851 si
1549 4798 1746 4853 clamas
1771 4798 1823 4853 in

236 4879 469 4950 hymno,
500 4881 737 4938 abundas
767 4885 1051 4941 frumento.

683 5091 764 5151 IN
808 5092 1183 5154 PSALMUM
1228 5093 1396 5154 LXV

845 5214 1266 5270 ENARRATIO.

751 5342 920 5382 SEIIO
972 5343 1040 5382 AD
1084 5342 1308 5382 PLEBEII.

304 5439 363 5494 ι.
403 5437 575 5512 μετα.
608 5435 698 5510 1.]
738 5437 1048 5494 lnscribitur
1072 5439 1124 5491 in
1152 5438 1300 5492 titulo
1329 5439 1561 5507 psalmus
1590 5440 1687 5495 istc
1710 5483 1725 5504 ,
1752 5441 1820 5496 In

230 5530 388 5598 ﬁnem
409 5571 423 5595 ,
464 5530 715 5583 canticum
742 5527 939 5583 Psalmi
977 5530 1367 5583 resurrectionis.
1410 5528 1475 5583 In
1515 5532 1664 5598 ﬁnem
1699 5547 1817 5586 cum

225 5623 463 5687 auditis,
492 5621 704 5693 quando
748 5621 940 5677 Psalmi
971 5622 1411 5692 pronuntiantur,
1457 5622 1507 5675 in
1546 5621 1816 5677 Christum

228 5714 543 5784 intelligitc;
568 5714 778 5769 dicente
817 5713 1070 5782 Apostolo
1097 5730 1110 5766 :
1142 5713 1284 5766 Finis
1321 5716 1452 5767 enim
1490 5713 1635 5785 chis
1664 5715 1812 5769 Chri-

226 5818 366 5874 stus,
407 5808 478 5861 ad
508 5807 766 5881 justitiam
806 5808 941 5861 omni
979 5794 1199 5860 credenti
1237 5806 1407 5877 (Rom.
1439 5822 1514 5871 ι,
1540 5807 1613 5877 ι).
1664 5808 1808 5877 Quo-

1368 389 1760 454 ENARRATIO
1796 386 1863 445 IN
1901 387 2220 448 PSALMUM
2260 392 2416 447 LXV.

3427 406 3531 464 786

1961 503 2120 558 modo
2156 520 2283 577 ergo
2312 505 2398 561 hic
2423 515 2663 565 cantetur
2691 515 3036 580 resurrectio,
3072 525 3127 572 et
3160 516 3316 589 ‘cujus
3348 533 3530 574 resur-

1957 595 2158 659 rectio,
2203 606 2454 666 quantum
2502 599 2614 670 ipse
2657 601 2855 659 donare
2900 616 2953 661 et
2989 610 3196 676 aperire
3246 610 3529 680 dignatur,

1955 684 2200 742 audietis.
2231 687 2689 748 Rcsurrectionem
2716 696 2857 749 enim
2887 695 3165 754 Christiani
3198 702 3439 755 novimus
3478 703 3529 755 in

1954 773 2130 843 capite
2173 786 2356 831 nostro
2391 778 2500 848 jam
2540 779 2752 850 factam,
2794 793 2848 839 et
2891 785 2944 839 in
2997 789 3248 845 membris
3279 791 3527 847 futuram.

1955 864 2125 934 Caput
2153 867 2406 925 Ecclesia:
2429 870 2670 928 Christus
2693 885 2794 941 est,
2817 878 3056 933 membra
3076 880 3268 937 Christi
3295 884 3529 939 Ecclesia

1958 952 2172 1025 (Coloss.
2200 974 2238 1023 ι,
2268 960 2377 1029 l8).
2404 960 2555 1037 Quod
2583 966 2852 1031 praecessit
2880 967 2930 1021 in
2960 969 3134 1038 capite
3153 1011 3168 1036 ,
3196 982 3448 1040 sequetur
3475 974 3527 1026 in

1954 1057 2198 1114 corpore.
2229 1048 2353 1104 Haec
2388 1060 2470 1106 est
2503 1066 2624 1122 spes
2651 1064 2828 1109 nostra
2854 1074 2866 1110 :
2897 1057 2963 1112 ad
2994 1057 3095 1114 hoc
3128 1059 3392 1117 credimus
3416 1103 3431 1125 ,
3464 1063 3529 1117 ad

1954 1131 2058 1189 hoc
2097 1135 2368 1206 duramus,
2407 1150 2461 1197 et
2489 1158 2886 1212 perseveramus
2926 1148 2978 1203 in
3031 1159 3174 1206 tanta
3210 1152 3530 1223 malignitate

1954 1224 2111 1295 hujus
2136 1230 2310 1284 saeculi
2334 1272 2350 1296 ,
2377 1235 2683 1291 consolante
2709 1253 2804 1293 nos
2830 1254 2945 1309 spe,
2977 1251 3257 1312 antequam
3289 1258 3413 1314 spes
3441 1245 3529 1298 fiat

1955 1329 2063 1369 res.
2094 1314 2204 1371 Res
2234 1321 2375 1374 enim
2401 1324 2503 1377 erit
2527 1338 2645 1378 cum
2668 1335 2720 1381 et
2748 1340 2844 1382 nos
2882 1332 3363 1399 resurrexerimus,
3395 1342 3449 1388 et
3477 1334 3529 1388 in

1953 1407 2224 1465 cmlestem
2248 1411 2522 1467 ‘habitum
2552 1418 2881 1485 commutati,
2904 1421 3133 1489 aequales
3159 1422 3381 1493 Angelis
3402 1422 3528 1479 facti

1951 1494 2225 1555 fuerimus.
2254 1502 2380 1570 Quis
2406 1504 2505 1560 hoc
2526 1520 2740 1575 sperare
2752 1509 2982 1567 auderet
3003 1551 3031 1578 ,ν
3052 1512 3152 1567 nisi
3180 1512 3375 1569 veritas
3400 1529 3527 1584 pro-

1953 1589 2223 1649 mitteret?
2262 1595 2409 1651 lianc
2445 1606 2621 1654 autem
2668 1615 2818 1671 spem
2866 1604 3319 1671 promissamsibi
3357 1606 3524 1662 Judaei

1953 1682 2228 1751 tenebant;
2255 1694 2310 1742 et
2335 1687 2402 1743 de
2425 1688 2577 1744 bonis
2598 1700 2651 1745 et
2672 1693 2822 1762 quasi
2843 1693 3001 1762 juslis
3029 1696 3276 1764 operibus
3297 1697 3523 1753 multum

1948 1773 2329 1845 gloriabantur,
2350 1781 2487 1848 quod
2512 1795 2825 1851 acceperant
2846 1785 3035 1856 Legem
3056 1788 3523 1861 secundumequam

1950 1865 2173 1921 vivendo
2200 1879 2255 1922 et
2283 1869 2368 1925 hic
2392 1870 2648 1928 haberent
2675 1876 2807 1930 bona
2832 1877 3093 1941 carnalia,
3123 1888 3177 1935 et
3200 1879 3252 1935 in
3284 1894 3523 1936 resurre-

1949 1958 2127 2013 ctione
2170 1966 2665 2019 mortuornm-talia
2710 1968 2993 2035 sperabant
3049 1969 3116 2025 de
3153 1971 3399 2040 qualibus
3439 1973 3523 2028 hic

1947 2048 2260 2117 gaudebant.
2303 2052 2585 2123 Propterea
2616 2055 2940 2123 Saddueazis,
2965 2060 3053 2128 qui
3084 2061 3346 2131 negabant
3383 2062 3523 2118 futu-

1946 2153 2060 2193 ram
2092 2145 2529 2201 resurrectionem
2550 2188 2566 2211 ,
2592 2147 2761 2202 1ηόωί
2788 2151 3112 2219 respondere
3141 2168 3243 2207 non
3278 2163 3524 2225 poterant

1948 2233 2363 2298 propellentibus
2388 2238 2755 2304 quiestionem,
2782 2254 2939 2308 quam
2979 2241 3201 2298 Domino
3226 2259 3520 2313 proposue-

1948 2329 2071 2373 runt
2091 2320 2246 2375 iidem
2269 2322 2563 2379 Sadducmi.
2593 2326 2725 2383 Hinc
2744 2328 2883 2382 enim
2909 2329 3251 2401 intelligimus
3272 2347 3364 2387 eos
3386 2333 3524 2390 hanc

1945 2410 2289 2477 quiestionem
2325 2414 2534 2470 solvere
2568 2432 2672 2470 non
2702 2418 2966 2487 potuisse,
3010 2419 3130 2489 quia
3161 2421 3383 2475 Domino
3412 2423 3519 2479 so!-

1945 2512 2100 2555 vcnte
2127 2503 2299 2558 mirati
2338 2514 2477 2560 sunt.
2510 2507 2883 2577 Proponcbant
2904 2526 3029 2581 ergo
3054 2511 3326 2567 Sadducazi
3371 2529 3519 2584 quic-

1944 2592 2169 2649 stionem
2190 2595 2258 2651 de
2275 2598 2498 2666 quadam
2521 2600 2763 2667 muliere,
2787 2616 2904 2670 qua:
2926 2602 3108 2657 habuit
3126 2614 3329 2673 septem
3346 2605 3519 2669 viros;

1943 2699 2048 2739 non
2097 2687 2289 2755 simul,
2340 2690 2433 2744 sed
2475 2691 2821 2747 succedentes
2863 2693 2983 2748 sibi.
3038 2694 3167 2749 Erat
3221 2696 3363 2750 enim
3416 2696 3518 2752 hoc

1943 2775 2073 2847 legis
2092 2777 2158 2832 ad
2186 2781 2431 2851 populum
2458 2784 2871 2854 propagandum,
2899 2796 2954 2839 ut
2974 2786 3060 2855 qui
3089 2785 3228 2842 forte
3243 2788 3359 2843 sine
3386 2788 3517 2844 libe-

1941 2867 2016 2922 ris
2061 2868 2454 2940 defungeretur,
2501 2873 2663 2929 frater
2703 2875 2837 2943 ejus,
2880 2876 2924 2929 si
2967 2875 3203 2943 haberet,
3249 2879 3517 2946 acciperet

1940 2972 2157 3013 uxorem
2185 2960 2319 3029 ejus,
2351 2962 2416 3016 ad
2446 2964 2806 3018 suscitandum
2831 2980 3012 3021 semen
3038 2967 3184 3021 fratri
3213 2983 3311 3022 suo
3338 2968 3510 3041 (Deut.

1940 3063 2064 3115 xxv,
2097 3049 2177 3120 5).
2215 3051 2492 3121 Proposita
2521 3070 2646 3124 ergo
2683 3057 2766 3110 illa
2800 3058 3042 3126 muliere,
3070 3075 3189 3130 quae
3215 3060 3397 3115 habuit
3423 3077 3511 3116 se-

1940 3151 2082 3209 ptem
2112 3143 2253 3198 viros
2273 3159 2457 3199 omnes
2483 3157 2719 3200 mortuos
2748 3149 2864 3203 sine
2884 3149 3085 3217 liberis,
3109 3165 3164 3206 et
3185 3150 3251 3206 ad
3279 3151 3381 3207 hoc
3398 3151 3515 3207 offi-

1936 3232 2077 3287 cium
2118 3234 2440 3302 implendum
2483 3236 2734 3293 ducentes
2779 3237 2954 3294 fratris
2982 3255 3219 3308 uxorem,
3263 3242 3513 3297 dixerunt

1936 3331 2277 3391 qumrentes:
2309 3323 2375 3377 In
2413 3327 2771 3381 resurrectione
2813 3329 2959 3399 cujus
2999 3346 3171 3384 eorum
3214 3332 3307 3385 erit
3340 3334 3515 3386 uxor?

1936 3413 2129 3469 Procul
2157 3416 2317 3472 dubio
2341 3418 2509 3473 Indici
2539 3436 2642 3474 non
2674 3420 3023 3493 fatigarentur
3044 3463 3059 3487 ,
3090 3438 3195 3478 non
3223 3424 3513 3479 deﬁcerent

1935 3502 1989 3558 in
2018 3505 2114 3560 ista
2158 3508 2470 3576 quaeStione,
2515 3509 2561 3562 si
2590 3525 2692 3564 non
2738 3511 2860 3565 talia
2905 3512 3003 3567 sibi
3042 3513 3093 3567 in
3126 3514 3512 3569 resurrectione

1934 3606 2233 3665 sperarent,
2256 3598 2427 3665 qualia
2452 3601 2678 3668 agebant
2702 3601 2752 3654 in
2781 3601 2879 3655 hac
2900 3604 3027 3657 vita.
3055 3602 3311 3657 Dominus
3330 3613 3507 3657 autem

1934 3686 2288 3755 mqualitatem
2332 3689 2653 3760 Angelorum
2700 3693 3046 3760 promittens,
3090 3708 3193 3748 non
3223 3694 3510 3749 humanam

1934 3776 2110 3829 carnis
2158 3778 2587 3847 corruptionem,
2635 3779 2708 3834 ait
2752 3780 2897 3836 illis:
2956 3780 3185 3850 Erratis,
3238 3784 3523 3837 nescientes

1936 3864 2233 3938 Scriptores
2255 3908 2270 3935 ,
2300 3886 2458 3940 neque
2486 3872 2713 3926 uirtutem
2737 3871 2852 3926 Dei.
2886 3872 2952 3927 In
2978 3876 3339 3929 resurrectione
3377 3877 3522 3930 enim

1934 3974 2093 4029 neque
2109 3960 2309 4026 nubent,
2333 3977 2488 4032 neque
2503 3980 2683 4017 umores
2705 3965 2924 4019 ducent:
2944 3982 3104 4038 neque
3121 3968 3254 4021 enim
3277 3968 3513 4037 incipient

1934 4051 2081 4113 mori,
2102 4051 2191 4105 sed
2210 4063 2351 4105 erunt
2370 4055 2587 4122 aequales
2608 4054 2811 4125 Angelis
2830 4054 2921 4109 Dei
2937 4055 3145 4129 (Matth.
3175 4074 3305 4125 xxn,
3329 4057 3399 4113 25
3418 4059 3507 4121 ὅθ.

1935 4150 1980 4195 et
2003 4141 2126 4195 Luc.
2146 4159 2235 4208 xx,
2251 4143 2457 4215 27-56).
2477 4146 3015 4217 Demonstravitquod
3036 4148 3107 4202 ibi
3122 4150 3191 4202 sit
3211 4152 3511 4206 necessaria

1933 4232 2218 4297 successio,
2252 4234 2336 4288 ubi
2376 4234 2837 4291 doletnrdcccssio
2865 4238 2921 4289 ἐ
2954 4236 3027 4291 ibi
3052 4238 3172 4307 quia
3200 4238 3519 4296 decessores

1933 4338 2039 4376 non
2065 4332 2257 4390 erunt,
2287 4340 2388 4379 nec
2413 4340 2746 4381 successores
2772 4337 3094 4396 quaerentur.
3123 4328 3203 4382 Ad
3238 4329 3338 4386 hoc
3364 4332 3508 4386 enim

1933 4415 2191 4485 subjecit:
2240 4416 2357 4470 Non
2386 4418 2517 4471 enim
2539 4418 2780 4488 incipient
2803 4420 2949 4473 mori.
2979 4420 3352 4477 Verumtamen
3384 4425 3505 4494 quia

1933 4503 2101 4559 Judaei
2131 4506 2416 4571 tenebant,
2448 4507 2548 4562 etsi
2576 4508 2890 4577 carnaliter,
2924 4524 3071 4581 spem
3100 4514 3507 4570 resurrectionis

1931 4598 2121 4651 lutum:
2139 4639 2155 4665 ,
2188 4597 2356 4667 gavisi
2379 4606 2507 4653 sunt
2529 4613 2840 4670 responsum
2868 4616 2987 4656 esse
3012 4602 3318 4660 Sadducaais
3340 4648 3352 4672 ,
3384 4621 3515 4662 eum

1931 4689 2123 4759 quibus
2151 4690 2255 4745 illis
2281 4699 2396 4745 erat
2416 4690 2483 4747 de
2509 4690 2606 4745 hac
2638 4692 2851 4761 ancipiti
2880 4702 2934 4749 et
2957 4694 3180 4751 obscura
3209 4699 3513 4767 quaestione

1932 4789 2222 4837 certamen.
2253 4780 2527 4838 Tenebant
2552 4798 2678 4853 ergo
2721 4784 2890 4839 Judaei
2916 4801 3064 4856 spem
3101 4793 3505 4848 resurrectionis

1932 4878 2298 4937 mortuorum;
2323 4880 2379 4926 et
2400 4874 2542 4927 solos
2561 4886 2619 4927 se
2642 4873 2708 4928 ad
2734 4873 2941 4929 beatam
2967 4877 3126 4932 vitam
3169 4893 3506 4938 resurrectu-

1931 4975 2023 5016 ros
2047 4964 2329 5032 sperabant
2352 4962 2374 4994 ⁸
2399 4973 2615 5035 propter
2634 4980 2767 5035 opus
2788 4965 2966 5037 Legis,
2992 4978 3043 5023 ct
3074 4982 3287 5042 propter
3303 4974 3501 5041 justifi-

1930 5055 2167 5109 eationes
2193 5054 2579 5123 Scripturarum
2602 5097 2616 5120 ,
2645 5071 2776 5126 quas
2804 5057 3073 5115 habebant
3092 5064 3191 5117 soli
3216 5063 3383 5118 tudini
3404 5105 3422 5131 ,
3449 5076 3505 5120 ct

1930 5144 2125 5200 Gentes
2151 5161 2255 5199 non
2286 5145 2565 5200 habebant.
2593 5145 2993 5206 Cruciﬁxuscst
3015 5152 3284 5219 Christus;
3308 5158 3505 5211 caecitas

1930 5252 1994 5290 ea:
2020 5244 2160 5306 parte
2197 5234 2521 5307 Israel'facta
2548 5246 2640 5300 est,
2666 5248 2719 5291 ut
2740 5240 2997 5308 plenitudo
3039 5241 3269 5296 Gentium
3293 5246 3505 5302 intraret

1931 5326 2103 5395 (Rom.
2134 5343 2214 5391 χι,
2259 5325 2394 5398 25)·ε
2428 5327 2529 5381 hoc
2556 5330 2813 5400 Apostolo
2852 5332 3077 5388 dicente.
3127 5334 3300 5405 Coepit
3341 5339 3502 5394 etiam

1929 5415 2184 5472 Gentibus
2207 5416 2436 5487 promitti
2458 5422 2774 5475 resurrectio
2796 5430 3141 5492 mortuorum,
3164 5426 3502 5486 credentibus

1992 5577 2009 5649 ξ
2035 5572 2256 5645 Plerique
2280 5574 2726 5649 ΜξξςῖησεαςμξδιὶιιηιτΔ
2977 5637 2988 5649 ⁸

1990 5636 2009 5665 ’
2031 5636 2101 5683 sic
2121 5643 2223 5683 uss.
2251 5643 2302 5684 At
2324 5636 2456 5697 Edd.,
2474 5636 2539 5686 ibi
2562 5650 2653 5686 non
2668 5636 2727 5687 sit
2750 5637 3017 5689 necessaria
3038 5644 3288 5705 successio,
3318 5645 3399 5695 ubi
3418 5648 3502 5699 de.

1925 5694 2048 5745 letur
2063 5697 2287 5747 decessio.

2423 5758 2509 5811 soli
2531 5772 2581 5809 se
2596 5760 2661 5808 ad
2684 5757 2867 5810 beatam
2890 5760 3031 5812 vitam
3047 5774 3397 5818 resurrecturus
3413 5785 3503 5835 pitu

1944 5832 1974 5867 ιι

1944 5832 1974 5867 ιι
