4038 6480
509 393 604 449 791
1615 429 1618 432 .
1717 388 1774 444 S.
1815 379 2180 448 AUGUSTINI
2217 382 2519 441 EPISCOPI

505 508 828 576 quicumque
859 506 909 558 in
943 505 1182 560 Ecclesia
1211 503 1340 558 estis
1361 543 1377 566 ,
1427 501 1590 556 nolite
1609 499 1864 554 insultare
1889 497 1969 553 eis
1997 495 2086 566 qni

513 614 616 653 non
641 606 764 653 sunt
793 598 968 661 intus;
997 595 1092 650 sed
1118 604 1267 650 orate
1294 594 1467 664 potius
1505 601 1560 646 ut
1583 599 1639 646 et
1666 591 1762 660 ipsi
1792 591 1932 644 intus
1959 588 2085 643 sint.

522 688 706 745 Potens
730 699 801 743 est
827 690 960 743 enim
987 687 1120 742 Deus
1146 688 1327 740 iterum
1349 686 1566 739 inserere
1588 685 1723 738 illos.
1746 682 1820 737 De
1848 681 1976 752 ipsis
1997 680 2089 736 Ju-

512 782 642 836 dzcis
669 781 800 834 dixit
827 779 930 834 hoc
951 778 1237 848 Apostolus
1257 793 1270 842 ;
1290 765 1344 832 et
1371 775 1567 830 factum
1589 782 1672 830 est
1692 773 1742 827 in
1768 774 1868 827 eis.
1894 773 2090 826 Resur-

511 871 650 926 rexit
673 871 926 926 Dominus
953 909 968 934 ,
1017 877 1072 923 et
1095 867 1244 922 multi
1273 865 1614 921 crediderunt
1640 883 1653 918 :
1687 877 1790 917 non
1817 861 2092 916 intellexe-

515 974 642 1019 runt
669 978 788 1018 cum
810 961 1209 1031 eruciligcrent;
1240 967 1413 1012 tamen
1443 966 1624 1026 postea
1665 952 2002 1009 crediderunt
2036 953 2088 1006 in

513 1071 656 1115 eum.
687 1063 742 1109 et
766 1054 1018 1108 donatum
1041 1059 1122 1106 est
1147 1051 1224 1105 eis
1256 1058 1360 1102 tam
1404 1061 1651 1116 magnum
1679 1044 1952 1100 delictum.
1979 1042 2088 1098 Fu-

511 1159 608 1198 sus
651 1144 857 1198 Domini
911 1141 1123 1212 sanguis
1151 1140 1378 1194 donatus
1423 1145 1508 1192 est
1535 1133 1850 1200 homicidis,
1880 1141 1938 1188 ut
1983 1147 2089 1188 non

512 1235 687 1288 dicam
714 1233 960 1297 deieidis;
990 1230 1110 1300 quia
1138 1230 1183 1284 si
1210 1228 1586 1300 cognovissent,
1618 1241 1874 1306 nunquam
1906 1222 2089 1277 Domi-

515 1343 634 1380 num
660 1327 836 1398 gloria
861 1323 1247 1392 cruciﬁxisseut.
1277 1320 1431 1375 Modo
1451 1317 1733 1374 bomicidis
1756 1316 1984 1372 donatus
2009 1322 2093 1368 est

513 1419 662 1472 tusus
702 1416 916 1487 sanguis
946 1413 1276 1480 innocentis;
1303 1420 1360 1467 et
1395 1412 1566 1481 ipsum
1594 1409 1904 1479 sanguinem
1931 1420 2092 1476 quem

513 1526 610 1580 per
634 1509 888 1563 insaniam
929 1506 1210 1573 fuderunt,
1255 1519 1352 1576 per
1373 1504 1594 1574 gratiam
1621 1501 1890 1557 biberunt.
1927 1498 2092 1552 Dicite

511 1614 642 1670 ergo
658 1599 760 1653 Deo
783 1614 802 1652 :
821 1598 988 1664 Quam
1009 1596 1230 1651 timenda
1244 1605 1524 1666 suntopera
1540 1594 1649 1646 tua!
1665 1592 1814 1650 Unde
1834 1589 2092 1646 timenda?

515 1689 648 1753 Quia
673 1689 866 1742 caecitas
887 1703 950 1741 ea:
977 1695 1120 1756 parte
1134 1683 1298 1740 Israel
1321 1687 1455 1754 facta
1475 1691 1566 1747 est,
1595 1693 1650 1736 ut
1680 1680 1940 1752 plenitudo
1959 1677 2093 1733 Geu-

513 1781 638 1834 tium
663 1781 872 1833 intraret
907 1778 924 1849 (
947 1778 1092 1832 Rom.
1114 1793 1191 1844 xi,
1216 1774 1384 1831 17-25
1399 1773 1438 1846 ).
1459 1772 1505 1829 Ο
1528 1773 1776 1830 Gentium
1799 1770 2090 1842 plenitudo,

517 1872 604 1926 die
635 1872 744 1926 Deo
773 1913 788 1937 ,
820 1869 984 1936 Quam
1013 1868 1233 1922 timenda
1255 1875 1374 1921 sunt
1402 1883 1555 1937 opera
1585 1866 1712 1920 tua!
1738 1873 1793 1920 et
1816 1864 1895 1920 sic
1922 1862 2092 1934 gaude

517 1971 572 2014 nt
598 1960 1013 2026 contremiscas;
1042 1958 1150 2014 noli
1195 1956 1381 2012 extolli
1426 1971 1588 2026 super
1619 1969 1796 2009 ramos
1823 1953 2090 2025 praecisos.

519 2052 682 2107 Dicite
709 2051 818 2106 Deo
839 2068 859 2106 :
890 2051 1054 2118 Quam
1077 2050 1297 2105 timenda
1323 2059 1441 2105 sunt
1469 2055 1621 2120 opera
1646 2047 1776 2102 tua!

585 2143 639 2197 6.
681 2141 747 2196 1η
775 2142 1092 2196 multitudine
1117 2141 1350 2212 potentia:
1390 2149 1490 2194 tua:
1531 2139 1832 2194 mentientur
1873 2137 1961 2192 tibi
1996 2137 2093 2192 ini-

519 2233 634 2288 mici
663 2233 757 2286 tui.
788 2231 866 2287 Ad
893 2232 994 2286 hoc
1025 2231 1138 2297 tibi,
1161 2231 1366 2300 inquit,
1399 2229 1722 2284 mentientur
1757 2227 1952 2282 inimici
1983 2227 2093 2294 tui,

524 2332 584 2376 ut
609 2321 776 2376 multa
802 2320 871 2375 sit
895 2319 1128 2391 potentia
1158 2330 1264 2374 tua.
1287 2318 1424 2388 Quid
1453 2327 1536 2373 est
1555 2317 1695 2372 hoc?
1722 2317 1979 2372 lntentius
1997 2330 2093 2371 au-

521 2413 654 2467 dite.
689 2411 930 2466 Potentia
955 2410 1162 2464 Domini
1191 2410 1358 2464 nostri
1382 2408 1507 2463 Jesu
1532 2407 1728 2462 Christi
1751 2407 1980 2463 maxime
1999 2422 2095 2478 ap-

519 2504 698 2573 paruit
712 2503 763 2558 in
779 2501 1182 2565 resurrectione,
1204 2500 1345 2555 unde
1360 2499 1595 2570 psalmus
1607 2499 1705 2555 iste
1727 2499 1930 2553 titulum
1946 2513 2096 2553 accc-

520 2595 614 2662 pit.
638 2594 701 2648 Et
714 2605 996 2662 resurgens
1016 2591 1259 2660 apparuit
1281 2589 1556 2658 discipulis
1575 2588 1703 2643 suis.
1721 2587 1838 2642 Non
1854 2587 2097 2656 apparuit

520 2682 746 2738 inimicis
780 2683 889 2736 suis
915 2721 931 2745 ,
955 2679 1048 2735 sed
1073 2679 1346 2750 discipulis
1371 2678 1481 2732 suis
1510 2677 1658 2750 (Act.
1678 2693 1731 2740 x,
1754 2678 1816 2732 41
1843 2674 1884 2747 ).
1914 2675 2097 2731 Cruci-

520 2777 658 2829 lixus
673 2773 916 2844 apparuit
940 2771 1221 2836 omnibus;
1247 2783 1528 2840 resurgens
1549 2767 1822 2826 ﬁdelibus:
1853 2776 1904 2822 ul
1937 2769 2097 2824 etiam

522 2873 704 2934 postea
747 2865 835 2935 qui
876 2862 1037 2918 vellet
1071 2861 1350 2928 crederet,
1391 2868 1450 2916 et
1501 2859 1737 2916 credenti
1780 2860 2098 2915 resurrectio

523 2956 938 3024 promitteretur.
968 2951 1114 3008 Multi
1141 2951 1308 3007 sancti
1350 2950 1510 3006 multa
1537 2949 1788 3006 miracula
1816 2949 2094 3016 fecerunt;

525 3048 702 3103 nullus
747 3048 984 3118 ipsorum
1034 3053 1278 3100 mortuus
1318 3043 1610 3099 resurrexit
1640 3059 1653 3095 :
1683 3044 1804 3110 quia
1835 3050 1888 3098 et
1912 3043 2002 3112 qui
2029 3042 2098 3098 ab

523 3139 604 3194 cis
623 3138 919 3194 resuscitati
943 3143 1086 3198 sunt,
1111 3134 1352 3190 morituri
1368 3133 1663 3189 resuscitati
1688 3139 1829 3188 sunt.
1855 3132 2100 3188 intendat

524 3229 770 3285 Charitas
799 3228 1011 3284 Vestra.
1063 3225 1454 3282 Commendans
1499 3225 1752 3279 Dominus
1800 3238 1962 3293 opera
2003 3239 2098 3280 sua

524 3319 688 3374 dixit:
713 3319 957 3391 Operibus
977 3319 1180 3384 credite,
1199 3317 1243 3373 si
1262 3316 1388 3370 mihi
1406 3331 1506 3385 non
1533 3315 1683 3369 uultis
1701 3314 1900 3369 credere
1921 3313 2098 3386 (Joan.

528 3428 582 3479 x,
605 3411 674 3467 58
695 3412 735 3482 ).
757 3412 823 3466 Et
845 3409 1284 3467 commendantur
1300 3409 1459 3464 etiam
1489 3408 1753 3477 praeterita
1784 3421 1944 3476 opera
1969 3405 2099 3461 Pro-

526 3503 909 3573 phetarum;et
961 3501 1007 3556 si
1054 3515 1163 3556 non
1211 3498 1433 3566 eadem,
1473 3507 1651 3553 tamen
1679 3497 1844 3552 multa
1889 3495 2096 3564 eadem,

525 3594 690 3649 multa
719 3593 959 3664 ejusdem
989 3592 1259 3663 potentias.
1287 3590 1598 3646 Ambulavit
1643 3590 1896 3645 Dominus
1937 3603 2102 3660 super

525 3699 694 3749 mare,
721 3683 879 3752 jussit
905 3684 924 3714 ι
953 3692 1007 3737 et
1030 3683 1242 3737 Petrum
1268 3681 1286 3751 (
1317 3679 1500 3734 Matth.
1531 3695 1642 3746 xiv,
1667 3678 1760 3744 25,
1778 3679 1848 3737 29
1869 3679 1910 3748 ).
1937 3680 2104 3736 Num-

523 3776 651 3845 quid
693 3792 797 3831 non
855 3775 926 3830 ibi
973 3783 1087 3830 erat
1117 3775 1228 3843 ipse
1280 3772 1532 3827 Dominus
1553 3812 1568 3836 ,
1601 3771 1814 3842 quando
1838 3787 1898 3827 se
1924 3771 2104 3828 divisit

528 3879 695 3929 mare,
719 3873 778 3919 ut
803 3864 1010 3935 Moyses
1036 3879 1155 3918 cum
1185 3862 1378 3932 populo
1414 3861 1576 3918 Israel
1607 3863 1854 3918 transiret
1881 3863 1900 3934 (
1929 3861 2099 3919 Exod.

521 3971 640 4020 xiv,
664 3957 727 4009 21
757 3954 817 4026 )‘i
846 3954 988 4008 Idem
1025 3954 1285 4009 Dominus
1310 3953 1398 4007 illa
1429 3952 1672 4008 iaciebat.
1696 3953 1797 4020 Qui
1839 3953 1965 4010 fecit
2004 3955 2103 4010 ista

529 4061 627 4114 per
665 4060 877 4102 carnem
905 4058 1056 4099 suam
1077 4086 1091 4110 ,
1119 4045 1233 4113 ipse
1265 4042 1352 4096 illa
1379 4042 1607 4098 iaciebat
1628 4058 1721 4114 per
1745 4058 1958 4099 carnem
1985 4060 2101 4099 ser-

527 4151 715 4190 vorum
744 4149 980 4190 suorum.
1015 4133 1148 4188 illud
1185 4141 1356 4187 tamen
1400 4147 1494 4202 per
1517 4147 1702 4187 servos
1738 4147 1866 4188 suos
1895 4147 1998 4187 non
2025 4133 2102 4186 le-

527 4231 600 4285 cit
625 4231 768 4301 (nam
794 4229 908 4299 ipse
921 4226 1098 4281 omnia
1123 4221 1394 4297 faciebat),
1412 4232 1469 4279 ut
1491 4224 1679 4294 aliquis
1699 4225 1935 4293 ipsorum
1957 4240 2104 4278 mor-

530 4330 650 4374 tuus
671 4326 834 4381 esset,
856 4325 912 4372 et
935 4322 1236 4386 resurgeret
1260 4314 1311 4368 in
1337 4314 1497 4369 vitam
1521 4322 1794 4368 attentam.
1817 4312 1950 4382 Quia
1975 4329 2103 4383 ergo

533 4419 751 4480 possent
771 4409 950 4464 dicere
971 4406 1161 4470 Judmi,
1180 4420 1299 4460 cum
1324 4404 1574 4458 miracula
1599 4403 1798 4459 faceret
1826 4403 2101 4472 Dominus,

531 4502 679 4557 Fecit
706 4501 820 4556 [nec
837 4507 893 4554 et
914 4499 1142 4570 Moyses,
1175 4495 1300 4552 fecit
1322 4495 1498 4559 Elias,
1529 4493 1652 4551 fecit
1677 4494 1902 4550 Elisazus
1935 4513 1948 4548 :
1979 4510 2104 4565 pos-

531 4600 654 4648 sent
680 4591 778 4646 sibi
801 4592 898 4645 ista
927 4589 1124 4654 dicere,
1151 4587 1269 4657 quia
1301 4593 1356 4640 et
1379 4586 1450 4640 illi
1482 4597 1722 4640 mortuos
1751 4585 2104 4641 resuscitave-

533 4691 680 4750 runt,
708 4693 764 4738 et
787 4681 952 4737 multa
983 4679 1235 4734 miracula
1267 4677 1504 4734 leaerunt
1539 4695 1551 4730 :
1586 4687 1861 4746 propterea
1890 4693 2008 4732 cum
2037 4678 2105 4732 ab

532 4774 626 4828 illo
677 4774 884 4842 signum
939 4778 1236 4841 peteretur;
1270 4768 1539 4836 proprium
1579 4767 1787 4835 signum
1835 4781 2106 4821 commen-

525 4865 667 4918 dans
694 4862 833 4932 quod
865 4863 914 4915 in
942 4877 1001 4916 se
1021 4861 1136 4915 solo
1160 4857 1393 4913 futurum
1419 4865 1553 4920 erat,
1577 4856 1650 4909 ait
1684 4875 1696 4910 :
1725 4854 1990 4911 Generatio
2008 4859 2107 4912 ista

533 4971 689 5026 prava
719 4964 766 5007 et
792 4953 1076 5007 amaricans
1096 4953 1116 4983 ’
1137 4952 1336 5022 signum
1358 4949 1569 5021 quaerit;
1593 4959 1638 5001 et
1666 4948 1861 5017 signum
1889 4965 1988 5002 non
2014 4951 2108 5004 da-

531 5048 663 5100 bitur
688 5046 734 5100 ei
759 5086 772 5110 ,
814 5043 911 5097 nisi
938 5043 1132 5112 signum
1155 5040 1304 5095 lanae
1353 5039 1626 5110 prophetae.
1671 5039 1816 5093 Sicut
1854 5039 1982 5093 enim
2012 5041 2107 5110 fuit

526 5138 691 5192 Jonas
721 5135 772 5188 in
793 5141 958 5188 ventre
978 5132 1072 5186 ceti
1097 5130 1251 5183 tribus
1278 5129 1466 5192 diebus,
1498 5138 1543 5184 et
1569 5128 1725 5182 tribus
1754 5129 2012 5194 noctibus;
2033 5130 2107 5184 sic

531 5230 626 5282 erit
653 5235 699 5281 et
723 5226 860 5294 [ilius
887 5224 1102 5277 hominis
1129 5222 1183 5276 in
1202 5221 1349 5275 corde
1375 5231 1520 5274 terra:
1543 5221 1700 5273 tribus
1724 5219 1916 5285 diebus,
1947 5229 1994 5274 et
2011 5219 2106 5274 tri-

531 5321 624 5374 bus
649 5317 874 5372 noctibus
905 5313 924 5386 (
947 5312 1130 5368 Matth.
1160 5327 1268 5378 xu,
1313 5310 1404 5377 39,
1434 5309 1501 5364 40
1521 5316 1562 5380 ).
1595 5309 1870 5377 Quomodo
1898 5307 1995 5362 fuit
2014 5308 2104 5364 Jo-

520 5427 628 5466 .nas
664 5410 718 5464 in
743 5417 926 5463 ventre
948 5404 1088 5460 ceti?
1128 5401 1315 5457 Nonne
1343 5409 1400 5456 ut
1429 5409 1610 5470 postea
1646 5401 1792 5452 vivus
1832 5412 2106 5453 evomere-

535 5501 785 5556 tur?iloc
813 5499 907 5551 fuit
937 5494 1173 5550 infernus
1197 5491 1442 5557 Domino,
1462 5489 1600 5560 quod
1626 5488 1774 5542 .lonue
1801 5498 1967 5543 cetus.
1995 5488 2105 5544 lloc

531 5599 741 5666 signum
784 5589 1056 5662 proprium
1108 5582 1531 5645 commendavit;
1559 5581 1658 5635 hoc
1687 5589 1768 5635 est
1806 5581 2106 5650 potentissi-

593 5753 605 5782 |
640 5749 822 5811 Aliquot
844 5756 968 5804 Mss...
996 5745 1155 5796 duxit.

592 5815 612 5843 ⁸
639 5801 859 5870 Plerique
883 5801 1006 5856 uss;
1033 5804 1280 5857 (.‘eneratio
1303 5801 1431 5852 mala
1447 5809 1493 5852 ct
1523 5801 1762 5851 adultera.

3666 393 3769 451 792

2194 511 2360 550 mum.
2388 497 2664 552 Potentius
2707 509 2788 552 est
2820 499 3071 554 revixisse
3101 515 3366 556 mortuum
3395 541 3412 568 ,
3462 517 3633 572 quam,
3662 522 3769 562 non

2194 587 2360 642 fuisse
2389 597 2674 643 mortuum.
2705 589 3006 658 Magnitudo
3035 592 3284 659 potentis:
3328 592 3536 647 Domini
3579 609 3773 649 secun-

2193 677 2319 732 dum
2340 678 2480 748 quod
2506 678 2666 733 homo
2691 678 2860 734 lactus
2896 689 2999 746 est,
3041 680 3095 734 in
3136 681 3331 736 virtute
3358 684 3774 740 resurrectiOnis

2195 777 2430 838 apparet.
2453 768 2599 824 lianc
2621 770 2961 825 commendat
2983 771 3286 842 Apostolus,
3306 787 3427 828 cum
3445 774 3578 828 dicit
3601 791 3614 828 :
3649 773 3703 827 Ν
3707 791 3774 829 ou

2195 860 2381 914 habens
2405 875 2582 914 meant.
2591 861 2845 930 justitiam
2869 877 2983 931 quin
3005 877 3068 916 ex
3107 861 3242 934 Lege
3263 872 3336 916 est
3355 881 3378 929 ;
3405 864 3496 918 sed
3520 881 3636 920 eam
3661 881 3776 934 que

2195 961 2266 1007 est
2294 969 2383 1023 per
2427 954 2580 1021 [idem
2622 952 2844 1021 Christi,
2869 969 2982 1024 qua
3008 964 3082 1010 est
3106 970 3169 1010 ac
3192 954 3301 1010 Deo
3327 957 3530 1027 justitia
3552 958 3607 1012 iu
3636 958 3774 1028 ﬁde,

2194 1042 2264 1095 ad
2302 1045 2698 1114 cognoscendum
2725 1060 2838 1098 eum
2864 1085 2880 1110 ,
2907 1054 2954 1100 et
2991 1047 3223 1101 virtutem
3248 1050 3629 1104 resurrectionis
3665 1051 3776 1120 ejus

2197 1129 2469 1203 (Philipp.
2501 1149 2578 1197 ιιι,
2619 1133 2673 1199 9,
2703 1134 2831 1208 10).
2859 1135 2949 1190 Sic
2969 1137 3370 1192 eommandatur
3404 1147 3460 1193 et
3485 1139 3592 1195 alio
3615 1141 3775 1196 loco:

2195 1218 2264 1275 Et
2279 1221 2323 1275 si
2342 1223 2615 1290 cruciﬁxus
2639 1234 2712 1279 est
2737 1226 3126 1296 exinﬁnnitate,
3147 1228 3236 1281 sed
3255 1229 3371 1282 vivit
3398 1230 3452 1283 in
3475 1230 3658 1284 virtute
3681 1231 3779 1287 Dei

2196 1309 2217 1380 (
2248 1309 2290 1365 ll
2315 1309 2431 1366 Cor.
2459 1328 2571 1378 xui,
2601 1313 2636 1368 4
2657 1313 2702 1384 ).
2727 1314 2860 1370 Cum
2889 1331 3017 1387 ergo
3054 1317 3153 1372 ista
3193 1332 3381 1390 magna
3405 1320 3642 1389 potentia
3669 1321 3778 1376 Do-

2195 1399 2321 1454 mini
2358 1400 2410 1454 in
2441 1403 2828 1459 resurrectione
2867 1406 3206 1477 intelligatur,
3230 1409 3368 1464 unde
3394 1410 3604 1464 titulum
3636 1411 3778 1480 psal-

2195 1505 2314 1545 mus
2360 1489 2460 1545 iste
2503 1492 2738 1562 accepit;
2767 1495 2894 1564 quid
2920 1496 3019 1550 sibi
3045 1498 3192 1563 vult,
3221 1499 3288 1551 In
3317 1499 3638 1554 multitudine
3680 1517 3779 1571 po-

2195 1582 2366 1636 tentior
2393 1590 2494 1638 tute
2516 1586 2819 1640 mentiemur
2844 1587 2934 1641 tibi
2957 1589 3146 1642 inimici
3177 1589 3271 1656 tui,
3302 1590 3405 1645 nisi
3433 1600 3492 1646 ut
3517 1591 3596 1646 sic
3624 1591 3780 1648 inicio

2195 1673 2329 1744 ligas
2359 1691 2374 1727 :
2404 1673 2531 1729 Ideo
2556 1675 2647 1730 tibi
2669 1677 2991 1731 mentientur
3014 1678 3213 1733 Inimici
3242 1679 3314 1734 tui
3340 1689 3400 1734 ut
3425 1679 3776 1751 cruciﬂgaris;

2197 1765 2317 1820 ideo
2345 1766 2670 1836 cruciﬁgeris
2691 1775 2748 1822 ut
2769 1768 3049 1838 resurgasi
3067 1769 3399 1826 Mendacium
3419 1785 3548 1841 ergo
3565 1772 3778 1828 illorum

2195 1854 2262 1909 ad
2296 1855 2770 1911 commendandam
2813 1859 3031 1913 multam
3073 1860 3357 1927 potentiam
3386 1869 3529 1914 tuam
3561 1861 3775 1918 valebit.

2196 1946 2371 2014 Quare
2391 1948 2570 2003 solent
2597 1948 2793 2004 inimici
2820 1951 3072 2005 mentiri?
3097 1950 3162 2008 Ut
3189 1954 3478 2021 potentiam
3521 1953 3780 2026 cujusque

2199 2037 2440 2092 minuant
2464 2038 2532 2094 de
2560 2054 2666 2110 quo
2690 2031 3036 2095 mentiuntur.
3053 2041 3191 2110 Tibi,
3215 2042 3403 2112 inquit,
3425 2052 3610 2098 contra
3634 2046 3778 2100 acci-

2198 2127 2294 2182 dit.
2322 2128 2457 2186 Nam
2482 2130 2657 2187 minus
2681 2141 2964 2202 appareret
2990 2133 3225 2202 potentia
3251 2142 3360 2202 tua,
3389 2136 3432 2189 si
3456 2135 3552 2192 tibi
3575 2136 3649 2191 illi
3671 2152 3779 2193 non

2200 2220 2573 2275 mentirentur.

2279 2310 2328 2363 7.
2359 2309 2629 2366 Attendite
2651 2319 2706 2367 et
2731 2311 2905 2382 ipsum
2935 2312 3268 2369 mendacium
3289 2312 3540 2370 falsorum
3563 2315 3778 2372 testium

2201 2398 2253 2452 in
2299 2399 2620 2470 Evangelio,
2665 2409 2718 2456 et
2761 2401 2940 2458 videte
2973 2404 3096 2473 quia
3137 2402 3208 2460 de
3249 2405 3630 2460 resurrectione
3668 2416 3773 2462 est.

2199 2488 2330 2543 Cum
2361 2490 2503 2544 enim
2532 2491 2755 2547 Domino
2777 2492 2978 2548 dictum
3002 2503 3180 2561 esset,
3214 2494 3362 2562 Quod
3385 2495 3575 2566 signum
3601 2507 3778 2552 osten-

2201 2582 2278 2636 dis
2307 2583 2448 2637 nobis
2469 2621 2486 2646 ,
2515 2584 2633 2654 quia
2655 2585 2752 2639 ista
2771 2586 2897 2656 facis
2917 2585 2944 2639 7
2968 2596 3193 2657 excepto
3219 2601 3286 2643 eo
3309 2588 3448 2658 quod
3476 2587 3681 2644 dixerat
3707 2588 3781 2645 de

2199 2673 2330 2728 Jona
2350 2714 2364 2737 ,
2385 2690 2479 2743 per
2493 2675 2649 2730 aliam
2670 2677 3065 2732 similitudinem
3082 2677 3186 2733 hoc
3206 2680 3375 2750 ipsum
3391 2680 3516 2736 item
3534 2679 3700 2748 dixit,
3719 2688 3782 2737 ut

2201 2766 2456 2822 noveritis
2481 2766 2582 2822 hoc
2611 2769 2880 2838 proprium
2917 2770 3126 2839 signum
3163 2772 3392 2828 maxime
3429 2773 3778 2829 commenda-

2154 2907 2158 2910 .
2201 2866 2312 2911 tum
2343 2873 2358 2911 :
2391 2857 2584 2913 Soivite
2606 2859 2846 2929 templum
2864 2902 2879 2926 ,
2910 2861 3120 2931 inquit,
3143 2861 3238 2915 hoc
3257 2876 3279 2926 ,°
3295 2872 3344 2916 et
3360 2862 3414 2917 in
3433 2863 3592 2918 tribus
3607 2863 3784 2920 diebus

2201 2948 2424 3002 excitabo
2448 2948 2600 3002 illud.
2633 2947 2700 3002 Et
2720 2949 2798 3003 illi
2827 2950 3064 3004 dixerunt
3085 2967 3106 3006 ξ
3134 2950 3479 3022 Quadraginta
3504 2962 3552 3008 et
3569 2969 3658 3007 seu:
3680 2969 3782 3009 ast-

2202 3041 2280 3093 nis
2301 3040 2606 3109 cedi/iculum
2624 3051 2700 3101 est
2722 3040 2966 3113 templum
2986 3042 3081 3096 hoc
3093 3060 3113 3109 ;
3133 3052 3181 3096 et
3207 3043 3332 3098 tuin
3353 3043 3518 3099 triduo
3543 3046 3784 3102 excitatis

2202 3130 2373 3184 illud?
2417 3131 2486 3184 Et
2531 3132 2889 3202 evangelista,
2935 3133 3060 3203 quid
3105 3133 3235 3188 illud
3277 3143 3417 3190 esset
3461 3150 3781 3205 exponens:

2206 3219 2318 3274 Hoc
2343 3230 2540 3285 autem,
2565 3222 2772 3292 inquit,
2813 3222 3006 3277 dicebat
3045 3222 3199 3280 Iesus
3241 3228 3306 3279 de
3343 3227 3526 3296 templo
3555 3229 3785 3295 corporis

2201 3311 2326 3385 sui(
2349 3313 2506 3368 Joan.
2543 3330 2620 3381 ιι,
2655 3315 2817 3371 18ο21
2853 3315 2898 3388 ).
2940 3316 3078 3372 Ecce
3121 3316 3259 3372 hanc
3302 3319 3588 3387 potentiam
3629 3333 3781 3374 suam

2204 3403 2509 3460 hominibus
2535 3419 2596 3461 se
2619 3405 3106 3464 demonstraturum
3134 3408 3342 3464 dicebat
3363 3449 3380 3473 ,
3410 3410 3553 3466 unde
3585 3411 3783 3467 simili-

2205 3494 2439 3551 tudinem
2477 3495 2544 3551 de
2587 3497 2784 3566 templo
2821 3497 3083 3563 dederat,
3131 3507 3348 3568 propter
3379 3514 3592 3554 carnem
3629 3515 3783 3557 suam

2204 3601 2322 3656 quas
2343 3596 2457 3640 erat
2486 3586 2738 3657 templum
2763 3587 2976 3643 latentis
3000 3589 3143 3644 intus
3169 3577 3661 3646 divinitatistnde
3686 3590 3783 3645 Juo

2205 3681 2305 3736 dtei
2335 3681 2586 3750 templum
2618 3679 2748 3737 loris
2773 3682 3064 3747 videbant;
3097 3698 3292 3738 numen
3325 3683 3468 3739 intus
3495 3683 3781 3739 babitaus‘

2205 3786 2310 3826 non
2337 3771 2604 3827 videbant.
2639 3773 2714 3826 Ex
2746 3773 2864 3828 istis
2891 3772 3070 3829 verbis
3103 3773 3310 3828 Domini
3333 3775 3786 3832 concinnaverunt

2207 3863 2326 3918 falsi
2356 3873 2518 3920 testes
2547 3864 2879 3919 mendacium
2904 3906 2920 3931 ,
2947 3863 3089 3934 quod
3119 3873 3303 3920 contra
3339 3881 3460 3920 eum
3499 3865 3738 3920 dicerent
3764 3907 3782 3932 ,

2206 3968 2270 4007 ex
2300 3954 2379 4008 his
2409 3954 2536 4024 ipsis
2585 3954 2674 4008 ubi
2718 3955 3108 4010 commendavit
3148 3957 3587 4011 resurrectionem
3630 3971 3783 4010 suam

2209 4041 2437 4096 futuram
2463 4083 2479 4108 ,
2525 4044 2748 4113 loquens
2787 4044 2857 4099 de
2899 4045 3116 4113 templo.
3165 4045 3430 4100 Dixerunt
3470 4045 3616 4104 enim
3663 4045 3784 4101 falsi

2210 4143 2372 4189 testes
2396 4135 2650 4190 adversus
2678 4150 2799 4190 eum
2825 4176 2838 4199 ,
2870 4149 2990 4190 cum
3017 4145 3345 4205 quiereretur
3366 4136 3434 4190 ab
3461 4137 3540 4192 eis
3567 4135 3690 4206 quid
3724 4134 3786 4190 il.

2210 4225 2316 4278 lum
2355 4223 2629 4280 audissent
2673 4225 2955 4280 dixisse':
3001 4226 3296 4280 Audiuimus
3340 4243 3454 4280 eum
3495 4226 3782 4289 dicentem.

2211 4317 2415 4372 Salvam
2448 4316 2686 4385 templum
2707 4317 2800 4371 hoc
2819 4359 2834 4382 ,
2866 4327 2912 4371 et
2941 4328 3049 4387 post
3075 4317 3300 4371 triduum
3325 4316 3629 4371 resuscitabo
3656 4317 3783 4371 illuli

2210 4408 2436 4480 (Matth.
2468 4425 2598 4464 xxvi
2623 4451 2636 4475 ,
2669 4409 2730 4464 61
2765 4409 2804 4480 ).
2839 4409 2962 4464 Post
2998 4410 3220 4463 triduum
3256 4408 3561 4462 resuscitabo
3583 4450 3599 4474 ,
3630 4408 3787 4463 audi-

2209 4507 2364 4553 erant
2392 4516 2405 4551 :
2439 4499 2646 4553 Salvam
2669 4541 2685 4563 ,
2714 4514 2820 4554 non
2844 4499 3161 4563 audierant;
3193 4499 3286 4554 sed
3316 4499 3632 4563 audierant,
3663 4498 3790 4554 Sot-

2203 4591 2320 4644 vite.
2356 4589 2532 4646 Unum
2561 4590 2777 4645 verbum
2809 4599 3182 4660 mutaverunt,
3226 4599 3278 4644 et
3309 4604 3500 4658 paucas
3539 4589 3746 4644 litteras
3767 4631 3786 4657 ,

2213 4692 2268 4737 ut
2294 4682 2487 4738 falsum
2512 4683 2867 4737 testimonium
2889 4682 3224 4737 molirentur.
3246 4681 3351 4737 Sed
3369 4681 3455 4736 cui
3472 4690 3646 4735 mutas
3670 4695 3789 4736 vcr-

2211 4774 2334 4827 bum
2358 4813 2375 4839 ,
2407 4787 2440 4828 o
2470 4773 2698 4826 humana
2720 4773 2922 4826 vanitas
2945 4813 2960 4837 ,
2987 4787 3022 4827 o
3042 4771 3270 4826 humana
3295 4769 3623 4825 inﬁrmitas?
3653 4769 3788 4824 Ver-

2212 4866 2281 4918 bo
2325 4863 2743 4918 incommutabili
2791 4863 3015 4918 verbum
3065 4863 3274 4917 mutas!
3320 4862 3492 4916 Mutus
3535 4871 3594 4914 tu
3640 4869 3788 4914 tuum

2213 4954 2469 5018 verbum;
2520 4951 2772 5021 numquid
2816 4960 2990 5007 mutas
3035 4952 3127 5007 Dei
3172 4951 3446 5006 Verbum?
3477 4949 3632 5006 Unde
3683 4950 3792 5003 alio

2213 5045 2330 5099 loco
2353 5044 2544 5099 dicitur
2573 5063 2584 5096 ς
2617 5043 2681 5095 Et
2704 5043 2908 5097 mentita
2932 5053 3003 5097 est
3030 5043 3268 5110 iniquitas
3286 5042 3417 5112 sibi(
3443 5040 3589 5095 Psal.
3621 5057 3746 5094 xxv:
3771 5082 3789 5108 ,

2215 5136 2283 5190 l2
2307 5137 2348 5206 ).
2379 5137 2552 5204 Quare
2578 5151 2704 5205 ergo
2734 5135 2823 5190 tibi
2855 5136 3059 5190 mentiti
3087 5144 3212 5190 sunt
3239 5134 3439 5189 inimici
3471 5134 3543 5187 tui
3569 5174 3584 5198 ,
3615 5148 3650 5188 o
3680 5133 3792 5188 Do-

2215 5227 2354 5280 mine
2381 5267 2394 5290 ,
2423 5226 2507 5280 cui
2533 5225 2725 5296 jubilat
2751 5227 2925 5280 omnis
2952 5225 3136 5280 terra?
3176 5223 3243 5278 In
3268 5223 3591 5278 multitudine
3614 5233 3794 5293 poten-

2214 5321 2417 5372 tiwtuw
2440 5323 2738 5373 mentientur
2767 5318 2855 5373 tibi
2895 5318 3085 5372 inimici
3127 5319 3222 5372 tui.
3270 5317 3496 5384 Dicent,
3539 5317 3794 5379 Salvam;

2213 5427 2331 5464 cum
2364 5421 2416 5466 tu
2446 5411 2646 5466 dixeris
2667 5452 2682 5478 ,
2716 5410 2926 5467 Solvite.
2961 5409 3136 5478 Quare
3163 5419 3216 5466 te
3247 5409 3502 5464 dixerunt
3549 5407 3752 5463 dixisse
3777 5447 3794 5472 ,

2215 5503 2422 5558 Salvam
2445 5519 2462 5567 ;
2487 5511 2544 5557 et
2588 5519 2693 5556 non
2736 5501 2984 5556 dixerunt
3021 5499 3162 5572 quod
3205 5508 3262 5555 tu
3303 5498 3521 5566 dixisti,
3558 5497 3798 5553 Solvite?

2279 5674 2994 5739 taliquotMss,inhabitans__
3191 5735 3217 5739 ﬂ
3583 5734 3624 5739 η
3707 5726 3714 5731 .

2211 5739 2392 5851 Μὲἒιυ
2409 5732 2520 5819 'stss.
2541 5746 2596 5788 Ai.
2618 5732 2750 5799 ειη,
2789 5737 2915 5800 quod
2941 5735 3080 5788 illum
3101 5735 3344 5788 audissent
3367 5733 3554 5787 dixisse
3577 5732 3797 5798 blasphe-
