4038 6458
265 408 366 464 793

265 524 329 580 lit
353 524 508 595 quasi
538 524 638 594 ipsi
663 539 722 580 se
750 539 781 579 a
809 524 1033 581 crlmine
1065 525 1224 581 soluti
1265 525 1448 596 templi
1490 524 1835 581 defenderem

260 617 376 672 sine
396 631 582 672 causa.
606 616 846 673 Christus
865 618 1009 673 enim
1034 660 1048 683 ,
1075 619 1198 689 quia
1226 619 1390 673 voluit
1414 660 1429 683 ,
1457 629 1697 674 mortuus
1714 628 1795 674 est
1820 635 1833 671 :

258 717 315 763 et
340 716 523 763 tamen
560 722 658 763 vos
698 708 987 763 occidistis.
1029 709 1163 764 Ecce
1203 708 1544 764 concedimus
1584 708 1735 762 vobis
1759 748 1776 773 ,
1804 722 1839 762 o

259 797 548 852 mendaces
573 812 589 863 ;
621 797 735 867 ipse
762 798 919 852 solvit
948 798 1223 869 templum.
1257 799 1461 853 Dictum
1490 806 1574 853 est
1600 798 1742 854 enim
1770 797 1837 853 ab

259 886 561 957 Apostolo:
595 885 694 952 Qui
720 902 800 941 me
835 886 1014 942 dilexit
1049 898 1095 942 et
1135 887 1345 941 tradidit
1382 889 1700 958 semetipsum
1745 904 1836 954 pro

256 998 336 1037 tuo
360 981 383 1054 (
407 980 527 1036 Gal.
560 998 597 1035 ll
620 1022 639 1049 ,
663 981 734 1037 ‘20
752 982 793 1052 ).
826 982 1035 1037 Dictum
1064 991 1148 1038 est
1173 981 1242 1037 de
1267 982 1425 1037 Patre
1454 1000 1467 1035 :
1505 981 1603 1047 Qui
1628 982 1833 1052 proprio

258 1071 397 1127 Filio
420 1089 514 1126 suo
534 1089 639 1127 non
658 1073 912 1143 pepercit;
939 1073 1028 1127 sed
1060 1088 1152 1143 pro
1188 1074 1328 1128 nobis
1362 1074 1591 1127 omnibus
1628 1071 1836 1126 tradidit

254 1163 403 1216 illum
429 1160 623 1234 (Rom.
651 1178 745 1217 vus
764 1204 779 1228 ,
806 1163 876 1219 '52
899 1161 938 1233 ).
965 1163 1018 1219 Si
1039 1178 1168 1232 ergo
1187 1163 1344 1218 Pater
1365 1162 1556 1217 Filium
1578 1160 1792 1215 tradidit
1815 1200 1833 1227 ,

254 1263 306 1308 et
336 1253 510 1309 Filius
536 1255 883 1323 semetipsum
914 1253 1161 1320 tradidit;
1188 1253 1356 1308 ludas
1380 1253 1505 1322 quid
1543 1251 1709 1307 fecit?
1737 1252 1836 1305 Pa-

255 1354 336 1398 ter
364 1343 624 1399 tradendo
649 1345 841 1400 Filium
861 1345 926 1400 ad
952 1354 1173 1399 mortem
1195 1359 1291 1415 pro
1313 1344 1466 1399 nobis
1484 1383 1505 1410 ,
1524 1342 1658 1399 bene
1674 1341 1829 1398 fecit:

254 1434 500 1489 Christus
544 1435 801 1491 tradendo
843 1436 1075 1505 seipsnm
1116 1451 1211 1505 pro
1256 1435 1408 1489 nobis
1433 1476 1447 1500 ,
1489 1432 1613 1488 fecit
1653 1433 1830 1488 bene:

254 1525 519 1582 tradendo
567 1525 733 1582 ludas
772 1527 1087 1596 magistrum
1130 1542 1226 1595 pro
1269 1525 1490 1581 avaritia
1532 1540 1663 1591 sua,
1708 1524 1832 1580 fecit

252 1618 411 1674 male.
445 1619 562 1675 Non
589 1620 732 1675 enim
761 1619 904 1690 quod
948 1621 1101 1675 nobis
1144 1621 1437 1690 praestitum
1474 1628 1556 1674 est
1595 1618 1662 1674 de
1704 1633 1830 1688 pas-

250 1711 403 1765 sione
427 1710 664 1777 Christi,
692 1710 907 1766 malitia:
934 1710 1085 1767 Iuda:
1108 1711 1480 1781 deputabitur:
1504 1710 1717 1766 habebit
1741 1710 1831 1767 ille

252 1802 559 1858 mercedem
584 1803 798 1858 malitiae
822 1820 837 1868 ;
867 1803 1107 1859 Christus
1131 1803 1339 1859 laudem
1368 1803 1569 1873 gratiae.
1602 1803 1830 1859 Prorsus

249 1895 362 1965 ipse
392 1896 615 1951 solverit
641 1896 932 1966 templum;
965 1897 1078 1965 ipse
1105 1895 1324 1951 solverit
1350 1896 1439 1965 qui
1467 1895 1599 1950 dixit
1629 1915 1643 1951 :
1674 1894 1827 1950 Pote-

246 1994 428 2040 statem
448 1986 607 2040 habeo
628 1986 847 2056 ponendi
872 1986 1093 2040 animant
1120 2003 1314 2052 meam;
1338 1997 1388 2041 et
1416 1993 1706 2056 potestatem
1728 1987 1827 2040 ha-

246 2078 334 2133 beo
359 2078 545 2133 iterum
564 2079 792 2133 sumendi
832 2094 981 2133 eam:
1022 2094 1167 2134 nemo
1207 2078 1338 2132 tollit
1382 2095 1495 2132 eam
1530 2095 1562 2131 a
1600 2078 1829 2145 me;sed

248 2187 338 2241 ego
354 2171 468 2240 ipse
491 2186 622 2240 pono
652 2186 762 2224 eam
782 2187 814 2224 a
839 2186 916 2224 me
938 2211 954 2236 ,
983 2180 1030 2225 et
1054 2170 1234 2226 iterum
1259 2186 1402 2225 sumo
1428 2186 1536 2223 eam
1563 2169 1740 2241 (Joan.
1767 2185 1824 2236 x,

250 2260 319 2316 18
341 2261 384 2329 ).
414 2261 535 2330 Ipse
562 2260 781 2316 sols'erit
809 2261 1059 2331 templum
1103 2261 1271 2331 gratia
1308 2276 1402 2316 sua
1429 2260 1471 2328 ³,
1506 2261 1703 2315 malitia
1734 2276 1828 2316 ve-

243 2359 377 2406 stra.
400 2349 469 2404 In
492 2352 811 2406 multitudine
829 2353 1065 2423 potentia
1084 2362 1184 2406 tua:
1205 2353 1506 2406 mentiemur
1525 2352 1613 2405 tibi
1636 2350 1827 2404 inimici

243 2444 338 2499 tui.
369 2443 513 2500 Ecce
536 2445 863 2500 mentiuntur
885 2487 900 2510 ,
928 2460 1052 2501 ecce
1076 2445 1310 2501 creditur
1333 2445 1417 2501 eis
1441 2484 1456 2511 ,
1485 2460 1610 2500 ecce
1637 2444 1822 2514 oppri-

243 2536 408 2590 meris
433 2576 450 2602 ,
482 2551 608 2592 ecce
634 2538 962 2607 crucifigeris
984 2580 999 2605 ,
1043 2554 1169 2594 ecce
1213 2539 1494 2593 insultatur
1537 2539 1629 2593 tibi
1655 2578 1670 2603 ,
1698 2552 1824 2593 ecce

241 2634 400 2693 caput
428 2626 693 2695 agitatur:
740 2627 801 2682 Si
821 2627 870 2680 F
873 2629 987 2683 ilius
1011 2627 1109 2681 Dei
1130 2638 1200 2682 est
1225 2669 1239 2694 ,
1282 2628 1547 2682 descendat
1583 2627 1644 2683 de
1679 2644 1827 2683 cruce

240 2716 260 2784 (
287 2716 480 2770 Matth.
511 2734 656 2772 nvn
680 2758 697 2786 ,
716 2720 788 2775 40
808 2720 847 2789 ).
875 2721 1008 2775 Ecce
1034 2721 1246 2790 quando
1266 2721 1345 2775 vis
1368 2720 1598 2775 animam
1630 2719 1783 2790 ponis
1802 2763 1817 2789 ,

240 2817 293 2862 et
319 2808 506 2864 lancea
535 2810 671 2867 latus
701 2814 991 2882 perculeris
1019 2812 1207 2883 (Joan.
1242 2828 1335 2867 χιι
1362 2853 1375 2878 ,
1400 2810 1469 2868 54
1494 2811 1536 2885 ),
1558 2822 1613 2867 ει
1631 2812 1821 2868 Sacra-

240 2909 419 2956 menta
451 2901 518 2956 de
547 2901 711 2959 latere
748 2913 838 2959 tuo
886 2904 1165 2969 deﬂuunt;
1209 2904 1495 2975 deponeris
1528 2904 1597 2960 de
1633 2905 1777 2974 ligno
1799 2946 1815 2972 ,

240 2990 531 3047 involveris
550 2992 946 3050 linteaminibus
964 3036 981 3063 ,
1006 2997 1217 3064 poneris
1238 2998 1291 3052 in
1312 2997 1557 3065 sepulcro
1577 3039 1590 3062 ,
1614 2997 1820 3053 addun-

240 3089 323 3135 tur
349 3082 604 3138 custodes
646 3099 715 3139 ne
763 3086 948 3141 tollant
988 3095 1041 3141 te
1086 3087 1329 3156 discipuli
1373 3089 1445 3143 tui
1472 3106 1486 3153 ;
1514 3089 1661 3143 venit
1686 3088 1816 3143 hora

241 3172 648 3227 resurrectionis
698 3184 837 3235 tute.
895 3184 1035 3231 terra
1083 3179 1423 3242 concutitur,
1473 3188 1815 3233 monumenta

238 3260 553 3316 scinduntur
578 3304 592 3328 ,
639 3264 870 3334 resurgis
900 3265 1138 3320 occultus
1160 3308 1174 3331 ,
1219 3281 1443 3336 appares
1483 3268 1813 3323 manifestus.

238 3350 333 3407 Ubi
367 3362 494 3408 sunt
519 3369 648 3424 ergo
676 3354 751 3409 illi
778 3355 1106 3412 mendaces?
1132 3356 1218 3411 ubi
1245 3367 1327 3412 est
1356 3359 1541 3413 falsum
1573 3359 1815 3414 testimo-

238 3443 383 3498 nium
414 3444 804 3500 malevolentiae
829 3445 851 3498 ?
879 3446 1062 3502 Nonne
1092 3448 1144 3502 in
1186 3449 1523 3504 multitudine
1565 3450 1814 3518 potentiae

237 3542 336 3588 tuae
368 3536 576 3589 mentiti
607 3545 731 3591 sunt
762 3536 855 3591 tibi
887 3539 1084 3594 inimici
1111 3539 1227 3593 tui?

300 3625 359 3680 8.
402 3625 478 3679 Da
503 3636 557 3681 et
583 3627 702 3684 illos
728 3629 961 3698 sepulcri
989 3632 1276 3692 custodes;
1325 3628 1555 3685 referant
1579 3632 1702 3701 quid
1737 3632 1815 3687 vi-

231 3715 409 3771 derint
438 3735 452 3771 :
483 3718 744 3788 accipiant
772 3721 1044 3789 pecuniam
1070 3762 1085 3787 ,
1129 3730 1181 3775 et
1207 3722 1305 3792 ipsi
1337 3721 1658 3776 mentiantur
1682 3740 1695 3787 ;
1725 3722 1810 3777 di-

231 3816 353 3862 cant
382 3808 547 3864 etiam
576 3810 675 3879 ipsi
703 3812 887 3866 moniti
920 3813 1155 3881 perversi
1184 3829 1212 3867 a
1243 3815 1508 3884 perversis
1534 3855 1548 3880 ,
1582 3815 1758 3871 dicant
1780 3834 1811 3873 a

229 3898 427 3955 Judaeis
458 3901 731 3973 corrupti,
761 3902 849 3973 qui
877 3903 929 3958 in
956 3904 1171 3960 Christo
1213 3905 1496 3963 noluerunt
1520 3921 1640 3963 esse
1668 3908 1810 3963 inte-

228 3992 305 4060 gri
327 4009 342 4057 ;
368 3991 584 4059 dicant,
608 3995 935 4050 mentiantur
957 3999 1114 4051 etiam
1137 3998 1257 4067 ipsi.
1273 3998 1408 4065 Quid
1431 3999 1623 4055 dicturi
1650 4000 1811 4057 sunt?

230 4080 438 4148 Dicite;
472 4083 782 4139 videamus:
813 4087 1139 4141 meutiemini
1169 4098 1221 4144 et
1248 4104 1342 4145 vos
1378 4090 1430 4144 in
1477 4093 1811 4150 multitudine

230 4175 485 4240 potentiae
514 4175 741 4229 Domini.
770 4177 903 4244 Quid
932 4179 1121 4234 dicturi
1147 4182 1315 4236 estis?
1336 4182 1460 4236 Cum
1482 4184 1811 4241 dormiremtts

227 4280 313 4318 nos
337 4306 353 4331 ,
382 4276 625 4319 venerunt
647 4267 883 4336 discipuli
904 4271 1013 4338 ejus
1036 4311 1050 4334 ,
1076 4281 1121 4324 et
1142 4272 1449 4326 abstulerunt
1477 4292 1588 4327 eum
1609 4276 1671 4329 de
1699 4293 1810 4330 mo-

226 4366 467 4411 numento
501 4357 520 4429 (
551 4358 734 4412 Matth.
768 4375 931 4415 xxvul
956 4404 971 4428 ,
1005 4364 1071 4417 15
1094 4362 1138 4435 ).
1168 4364 1211 4419 Ο
1253 4380 1378 4419 vere
1419 4366 1637 4420 stultitia
1682 4368 1809 4421 dor-

226 4449 437 4503 miens!
496 4453 600 4505 Aut
648 4452 942 4521 vigilabas;
988 4463 1044 4509 et
1079 4455 1360 4523 prohibere
1400 4457 1668 4514 debuisti:
1718 4470 1810 4515 aut

223 4540 571 4607 dormiebas;
604 4551 651 4597 et
684 4544 807 4613 quid
846 4545 915 4599 sit
942 4555 1149 4616 gestum
1189 4549 1424 4604 nescisti.
1456 4551 1810 4607 Accesserunt

223 4640 275 4687 et
309 4631 413 4700 ipsi
458 4632 736 4688 mendacio
782 4634 1153 4691 inimicorum:
1203 4648 1389 4693 auctus
1430 4649 1512 4694 est
1557 4657 1808 4698 numerus

224 4724 599 4778 mentientium
625 4766 642 4792 ,
676 4734 731 4780 ut
758 4736 1042 4796 augeretur
1067 4743 1272 4785 merces
1291 4730 1619 4786 credentium
1644 4750 1657 4799 ;
1684 4734 1807 4803 quia

220 4812 269 4863 in
293 4814 618 4868 multitudine
649 4817 881 4884 potentia:
905 4827 1007 4872 tute
1032 4820 1327 4873 mentiantur
1362 4822 1451 4875 tibi
1488 4824 1673 4877 inimici
1709 4827 1804 4883 tui.

226 4902 363 4973 Ergo
420 4905 632 4958 mentiti
688 4916 849 4973 sunt;
905 4909 956 4962 in
1011 4911 1347 4967 multitudine
1402 4916 1649 4982 potentia:
1702 4926 1804 4973 tuae

228 4994 437 5048 mentiti
470 5003 594 5049 sunt
621 5013 635 5049 :
666 4999 954 5067 apparuisti
984 5012 1165 5055 contra
1197 5004 1481 5059 mendaces
1506 5007 1780 5065 veracibus

220 5093 272 5136 et
300 5086 601 5154 apparuisti
630 5087 708 5141 eis
738 5090 1013 5146 veracibns
1039 5107 1173 5162 quos
1200 5102 1254 5148 tu
1280 5110 1497 5151 veraces
1528 5098 1713 5153 iecisti.

286 5176 342 5231 9.
378 5176 398 5249 [
430 5194 556 5232 vers.
584 5179 639 5233 4.
666 5177 687 5252 ]
714 5180 1042 5238 Remaneant
1067 5185 1234 5241 διιόωί
1261 5188 1313 5241 in
1335 5190 1622 5246 mendaciis
1648 5194 1757 5249 suis
1783 5213 1798 5250 :

217 5266 307 5320 tibi
336 5308 352 5334 ,
389 5268 515 5337 quia
542 5270 594 5323 in
627 5271 962 5328 multitudine
992 5278 1240 5344 potentia:
1271 5288 1376 5334 tua:
1406 5284 1609 5337 mentiti
1637 5295 1797 5352 sunt,

214 5354 303 5411 ﬁat
332 5360 482 5429 quod
509 5363 783 5430 sequitur:
820 5364 996 5421 Omnis
1033 5376 1166 5422 terra
1204 5370 1380 5426 adoret
1412 5383 1459 5427 te
1480 5415 1496 5441 ,
1535 5387 1582 5428 et
1613 5378 1800 5444 psallat

214 5449 338 5517 tibi;
362 5453 555 5524 psallat
576 5456 767 5509 nomini
791 5465 876 5511 tuo
897 5500 911 5525 ,
941 5458 1213 5515 Altissime.
1243 5462 1407 5518 Paulo
1443 5476 1567 5521 ante
1610 5467 1799 5525 humil-

214 5540 337 5597 lime
362 5560 377 5609 ;
406 5545 568 5601 modo
597 5548 890 5605 Altissime:
926 5550 1218 5608 humillime
1245 5555 1381 5610 inter
1418 5574 1606 5613 manus
1648 5578 1799 5617 men-

213 5635 466 5693 tientium
494 5639 866 5710 inimicorum;
896 5646 1151 5701 Altissime
1188 5664 1349 5718 super
1385 5655 1634 5709 verticem
1681 5658 1797 5712 lau-

271 5838 291 5869 ι
314 5837 458 5896 add,
484 5850 575 5887 non
597 5837 779 5890 malitia
801 5850 970 5891 vestra.
1010 5844 1169 5906 Αιιεδι,
1195 5857 1301 5906 non,
1327 5860 1356 5896 a
1382 5855 1481 5899 uss.

1354 409 1750 467 ENARRATIO
1785 407 1851 465 IN
1886 408 2210 473 PSALMUM
2246 418 2407 478 LXV.

3412 445 3518 504 794

1946 523 2182 582 dantium
2212 529 2554 601 Angelorum.
2586 538 2762 595 Omnis
2783 553 2915 599 terra
2936 549 3108 605 adoret
3129 561 3175 607 te
3199 593 3215 621 ,
3248 565 3296 609 et
3332 558 3518 625 psallat

1944 615 2034 670 tibi
2053 634 2075 682 ;
2096 621 2282 689 psallat
2306 626 2497 680 nomini
2516 638 2601 683 tuo
2625 672 2641 696 ,
2662 632 2937 691 Altissime.

2013 708 2101 762 10.
2143 709 2312 782 [υεη.
2351 714 2446 788 5.]
2494 717 2703 787 Venite,
2740 733 2783 778 et
2820 727 2978 782 videte
3021 748 3171 801 opera
3212 734 3440 794 Domini.
3471 740 3517 797 0

1943 794 2174 867 Gentes,
2204 818 2236 857 ο
2262 805 2456 860 ultima:
2488 812 2727 867 nationes
2751 855 2764 879 ,
2794 794 3076 889 relinquite
3113 823 3325 885 Judams
3359 846 3514 886 men-

1943 888 2169 958 tientes,
2223 897 2397 953 venite
2444 902 2776 960 conﬁtentes.
2824 888 3033 980 Venite,
3072 925 3119 969 et
3159 918 3319 974 videte
3360 939 3513 991 opera

1940 976 2187 1074 gemini:
2224 988 2457 1043 terribilis
2505 992 2559 1051 in
2600 996 2822 1053 consiliis
2866 976 3028 1071 super
3063 1007 3207 1074 ﬁlios
3234 976 3511 1067 hominum.

1940 1066 2106 1125 Filius
2145 1074 2374 1132 hominis
2413 1081 2627 1150 quidem
2665 1096 2720 1140 et
2762 1090 2876 1159 ipse
2911 1066 3080 1149 dictus
3126 1107 3246 1166 est,
3294 1112 3348 1156 et
3378 1115 3515 1162 vere

1942 1160 2081 1218 ﬁlius
2109 1163 2339 1223 hominis
2364 1170 2532 1229 factus
2557 1187 2683 1233 est:
2716 1197 2870 1238 verus
2910 1185 3074 1243 Filius
3115 1191 3206 1245 Dei
3233 1160 3302 1248 vin
3344 1160 3511 1252 θοι-ωε

1939 1251 2065 1356 Elei;
2099 1270 2256 1312 verus
2284 1259 2424 1316 filius
2452 1263 2681 1323 hominis
2706 1271 2759 1325 in
2786 1272 2949 1331 forma
2976 1279 3115 1333 servi
3143 1282 3160 1351 (
3186 1281 3418 1356 Philipp.
3452 1303 3509 1355 ts.

1938 1342 1972 1396 ϐ
1996 1344 2017 1413 )
2047 1360 2061 1398 :
2087 1347 2182 1402 sed
2210 1350 2374 1407 nolite
2404 1354 2624 1413 lonnam
2665 1362 2817 1417 istam
2858 1371 2996 1422 servi
3023 1386 3090 1425 ex
3116 1342 3342 1430 aliorum
3364 1342 3514 1433 simi-

1935 1431 2066 1489 lium
2119 1438 2426 1498 eonditione
2472 1462 2730 1516 pensare;
2782 1457 3017 1513 tern'bilis
3066 1471 3148 1516 est
3188 1464 3240 1518 in
3289 1464 3514 1523 consiliis

1934 1541 2085 1596 super
2117 1529 2249 1597 ﬁlios
2283 1534 2561 1593 hominum.
2613 1543 2893 1602 Maehinati
2938 1562 3060 1605 sunt
3099 1554 3189 1608 lilii
3238 1556 3509 1615 hominum

1934 1616 2215 1674 consilium
2241 1623 2306 1677 ad
2334 1629 2743 1699 crucifigendum
2773 1636 3037 1694 Christum
3068 1659 3082 1708 ;
3109 1646 3392 1703 crucifixus
3417 1664 3512 1704 ex-

1939 1709 2156 1763 c'ecavit
2182 1715 2569 1786 cruciﬁgentes.
2600 1721 2735 1789 Quid
2764 1741 2890 1796 ergo
2928 1728 3127 1787 fecistis
3150 1774 3164 1799 ,
3208 1735 3298 1791 lilii
3341 1741 3519 1794 homi--

1933 1810 2058 1849 nunt
2086 1839 2099 1863 ,
2133 1803 2483 1863 machinando
2511 1822 2661 1865 acuta
2692 1818 2912 1871 consilia
2942 1821 3195 1878 adversus
3227 1826 3517 1883 Dominum

1934 1899 2214 1958 vestrum,
2273 1895 2324 1948 in
2378 1913 2483 1966 quo
2532 1900 2727 1959 latebat
2780 1909 3067 1979 majestas,
3122 1924 3175 1969 et
3222 1920 3510 1986 apparebat

1932 1976 2255 2037 inﬁrmitas?
2300 1985 2401 2040 Vos
2450 1992 2733 2049 machinati
2778 2000 2905 2053 estis
2946 1976 3163 2058 consilia
3212 1976 3505 2076 perdendi,

1931 2065 2018 2122 ille
2066 2076 2366 2130 cxca'candi
2416 2089 2470 2133 et
2519 2084 2793 2152 Salvandi;
2843 2095 3141 2148 cxcmcattdi
3200 2101 3499 2166 superbos,

1929 2159 2164 2215 saltandi
2196 2164 2421 2220 humiles
2452 2188 2465 2223 :
2494 2171 2558 2224 ad
2600 2174 2700 2229 hoc
2741 2186 2916 2233 autem
2959 2185 3215 2250 superbos
3246 2188 3386 2255 ipsos
3414 2207 3507 2246 ex-

1930 2253 2162 2305 czecandi
2190 2255 2226 2318 ί,
2257 2266 2312 2309 ιιι
2350 2262 2531 2314 omenti
2570 2262 3013 2335 humiliarcntur‘,
3046 2272 3301 2330 lnttniliati
3337 2280 3505 2333 conli-

1933 2345 2169 2395 tcrentut‘
2192 2383 2205 2406 ,
2237 2344 2463 2401 confessi
2506 2350 2946 2411 illuminarentur.
2980 2361 3237 2419 Terribilis
3264 2365 3313 2417 in
3341 2370 3508 2421 consi-

1930 2427 2011 2482 liis
2036 2447 2185 2498 super
2207 2435 2341 2503 ﬁlios
2366 2440 2642 2497 hominum.
2673 2446 2806 2502 Vere
2833 2452 3079 2507 terribilis
3104 2457 3116 2508 !
3143 2456 3275 2512 Ecce
3296 2462 3506 2515 czecitns

1928 2532 1991 2572 ex
2023 2531 2171 2590 parte
2200 2523 2359 2581 lst'acl
2390 2529 2519 2583 facta
2552 2545 2630 2587 εει
2656 2552 2668 2587 :
2700 2552 2823 2592 ecce
2848 2538 3015 2595 Judtei
3041 2558 3104 2598 ex
3131 2547 3323 2615 quibus
3350 2562 3507 2606 natus

1927 2621 2011 2666 est
2056 2614 2297 2672 Christus
2325 2662 2339 2685 ,
2386 2621 2513 2679 foris
2557 2639 2721 2681 sunt:
2770 2648 2892 2687 ecce
2934 2614 3282 2709 Centesiquze
3319 2656 3503 2700 contra

1926 2703 2163 2761 Judteam
2188 2721 2335 2766 erant
2363 2755 2376 2778 ,
2412 2715 2461 2768 itt
2489 2717 2697 2773 Christo
2724 2722 2862 2779 inlns
2883 2736 3004 2780 sunt
3030 2728 3049 2797 (
3075 2703 3221 2784 Rom.
3246 2750 3297 2788 ιι
3316 2777 3328 2798 ,
3361 2735 3433 2791 25
3458 2740 3497 2805 ).

1929 2795 2181 2854 Terribilis
2207 2803 2258 2856 in
2288 2808 2508 2863 consiliis
2536 2826 2686 2879 super
2714 2814 2847 2881 ﬁlios
2872 2818 3148 2875 hominum.

1998 2890 2082 2975 11.
2126 2889 2293 2963 [υενε.
2324 2896 2375 2951 6.
2405 2896 2423 2969 ]
2465 2899 2749 2971 PrOpterea
2775 2907 2900 2975 quid
2928 2908 3050 2965 fecit
3070 2920 3270 2971 terrore
3289 2920 3497 2975 consilii

1924 2982 2002 3034 sui
2026 2981 2049 3034 ?
2077 2983 2346 3041 Convertit
2373 3005 2518 3046 mare
2546 2992 2597 3046 itt
2629 2995 2851 3050 aridam.
2885 3000 2996 3056 Hoc
3038 3005 3178 3059 enim
3217 3011 3494 3078 sequitur:

1926 3070 2025 3136 Qui
2063 3077 2301 3128 convertit
2346 3095 2484 3133 mare
2524 3083 2574 3134 in
2622 3086 2835 3139 aridam.
2893 3090 3034 3147 Mare
3073 3105 3188 3150 erat
3228 3100 3495 3168 mundus;

1921 3174 2132 3217 amarus
2156 3165 2391 3222 salsitate
2415 3210 2428 3232 ,
2481 3173 2811 3231 turbulentus
2867 3189 3179 3251 tempestate
3204 3228 3219 3253 ,
3274 3165 3496 3249 smviens

1920 3247 2169 3307 fluctibus
2201 3262 2627 3324 persecutionum
2656 3304 2672 3332 ,
2702 3282 2849 3323 mare
2874 3280 2989 3327 erat
3010 3291 3023 3327 :
3047 3286 3193 3333 certe
3221 3281 3271 3333 itt
3296 3284 3494 3343 aridam

1919 3353 2232 3398 conversum
2259 3356 2339 3402 est
2365 3365 2549 3417 mare;
2575 3355 2733 3409 modo
2754 3358 2863 3414 sitit
2890 3376 3081 3434 aquam
3110 3367 3317 3425 dulcem
3342 3388 3495 3427 nntn-

1919 3431 2051 3500 dus,
2084 3437 2172 3506 qui
2200 3440 2339 3493 salsa
2370 3442 2558 3510 plenus
2582 3458 2716 3503 erat.
2744 3452 2872 3517 Quis
2899 3431 3000 3512 hoc
3026 3458 3190 3516 fecit?
3234 3463 3334 3531 Qui
3370 3483 3492 3522 con-

1916 3526 2061 3579 vertit
2089 3543 2226 3583 mare
2251 3530 2302 3583 in
2329 3534 2546 3591 aridam.
2589 3537 2707 3595 lam
2754 3545 2929 3601 anima
2968 3548 3212 3606 Gentium
3254 3558 3491 3614 omnium

1916 3615 2040 3683 quid
2069 3615 2239 3717 dicit?
2262 3622 2442 3677 Anima
2467 3643 2577 3681 mea
2602 3632 2734 3685 velut
2758 3642 2890 3689 terra
2915 3639 3020 3693 sine
3043 3657 3177 3711 aqua
3198 3645 3287 3699 tibi
3307 3647 3326 3717 (
3344 3646 3490 3705 Psal.

1917 3719 2055 3761 σιω
2080 3748 2092 3772 ,
2124 3707 2220 3780 6).
2255 3710 2352 3777 Qui
2376 3721 2612 3773 conuertit
2647 3738 2784 3778 mare
2820 3726 2873 3780 in
2914 3707 3131 3786 aridam.
3178 3734 3245 3790 In
3287 3707 3492 3807 flumine

1915 3802 2288 3892 pertransibunt
2316 3809 2458 3877 pede.
2487 3808 2562 3866 Illi
2596 3813 2693 3886 ipsi
2733 3819 2821 3890 qui
2865 3826 3110 3884 conversi
3152 3802 3351 3889 suntin
3381 3835 3488 3892 ari-

1914 3887 2036 3943 dam
2057 3933 2072 3958 ,
2101 3907 2221 3947 cum
2251 3908 2432 3956 essent
2457 3912 2610 3960 antea
2642 3925 2788 3967 mare
2809 3915 2851 3979 ³,
2879 3915 2930 3969 in
2962 3919 3170 3987 [lumine
3213 3926 3337 3993 pede
3372 3946 3489 3997 per-

1916 3984 2213 4040 transibunt.
2243 3987 2376 4059 Quid
2407 4006 2490 4050 est
2513 3996 2753 4056 ﬂumen?
2792 3984 3015 4065 Flumen
3046 4022 3128 4068 est
3152 3984 3324 4073 omnis
3350 3984 3491 4076 mor-

1918 4074 2092 4131 talitas
2120 4082 2320 4134 smculi.
2352 4083 2537 4142 Videte
2574 4088 2768 4148 ﬂumen
2799 4113 2811 4151 :
2840 4096 2941 4152 alia
2964 4104 3180 4159 veniunt
3221 4118 3276 4161 et
3321 4074 3491 4166 trans-

1916 4178 2037 4220 cunt
2067 4210 2081 4231 ,
2131 4170 2232 4225 :Iia
2293 4178 2574 4232 transitura
2628 4188 2937 4244 succedunt.
2984 4194 3167 4252 Nonne
3208 4201 3285 4256 sic
3333 4203 3392 4257 lit
3434 4206 3486 4260 in

1914 4271 2038 4327 aqu.
2085 4261 2353 4332 ﬂuminis,
2406 4286 2523 4337 qua:
2565 4273 2630 4327 de
2671 4285 2806 4331 terra
2854 4284 3123 4353 nascitur,
3173 4299 3225 4344 et
3268 4270 3489 4352 nianat‘l

1915 4350 2098 4406 Omnis
2137 4356 2222 4423 qui
2272 4369 2425 4414 natus
2469 4374 2587 4431 est,
2640 4370 2790 4424 cedat
2826 4383 3036 4441 Oportet
3072 4350 3338 4439 nascituro
3373 4404 3389 4441 :
3433 4398 3489 4445 et

1914 4443 2086 4497 omnis
2130 4446 2229 4501 iste
2274 4449 2405 4504 ordo
2450 4468 2624 4510 rerum
2664 4460 2950 4519 labentium
2976 4508 2991 4531 ,
3039 4466 3228 4527 ﬂuvius
3272 4476 3497 4544 quidam

1915 4543 2015 4588 est.
2045 4534 2099 4588 ltt
2133 4538 2288 4592 istmn
2322 4541 2537 4600 fluvium
2577 4565 2679 4604 non
2724 4567 2782 4607 se
2828 4557 2997 4612 mittat
3035 4562 3222 4630 cupida
3266 4568 3437 4623 anima
3464 4610 3481 4637 ,

1914 4641 2019 4680 non
2045 4642 2103 4684 se
2131 4632 2305 4687 mittat
2331 4651 2344 4698 ;
2376 4646 2499 4692 stet.
2532 4641 2593 4696 Et
2625 4648 2890 4711 quomodo
2919 4654 3156 4709 transibit
3180 4632 3487 4717 delectatio;

1914 4733 2007 4773 nes
2031 4736 2207 4799 rerum
2232 4726 2619 4809 periturorum?
2639 4734 2829 4792 Credat
2852 4740 2902 4794 in
2925 4742 3211 4809 Christian.
3232 4758 3283 4806 et
3311 4760 3482 4808 trans.

1911 4809 2005 4865 ibit
2032 4813 2165 4881 pede
2193 4832 2207 4870 :
2243 4807 2455 4873 transit)
2482 4823 2569 4877 illo
2599 4825 2765 4893 duce,
2801 4831 2933 4897 pede
2962 4837 3168 4893 transit.
3197 4807 3334 4908 Quid
3359 4854 3439 4898 est
3461 4884 3481 4912 ,

1912 4902 2045 4970 pede
2076 4907 2346 4962 transire?
2373 4909 2551 4967 Facile
2580 4919 2822 4973 transire.
2852 4920 2964 4975 Non
2996 4932 3184 4995 qumrit
3208 4902 3398 5002 equum
3429 4902 3480 4990 ui

1913 5001 2143 5051 transeat
2168 5014 2181 5063 ;
2234 5015 2337 5055 non
2365 5004 2583 5074 erigitur
2607 5010 2851 5078 superbia
2881 5014 2945 5070 ad
2976 5001 3348 5079 transeundum
3375 5027 3468 5082 llu-

1909 5102 2031 5141 men
2067 5106 2080 5143 :
2112 5090 2324 5149 humilis
2355 5097 2580 5166 transit,
2620 5109 2673 5154 et
2718 5104 2878 5159 tutius
2923 5112 3128 5165 transit.
3172 5111 3237 5167 In
3272 5116 3482 5183 ﬂumine

1908 5181 2278 5247 pertransibunt
2304 5184 2446 5253 pede.
3142 5187 3152 5197 ’

1980 5270 2064 5337 12.
2108 5271 2185 5325 Ibt
2214 5275 2605 5334 iucundabinutr
2629 5282 2682 5335 in
2706 5283 2815 5354 ipso
2838 5286 2878 5341 ³.
2902 5288 2944 5344 Ο
2969 5289 3135 5347 Judaei
3156 5333 3170 5357 ,
3195 5300 3262 5350 de
3291 5300 3481 5355 vestris

1905 5363 2155 5429 operibus
2181 5365 2513 5434 gloriamini:
2560 5374 2740 5441 ponite
2779 5382 3080 5448 superbiam
3129 5385 3384 5453 gloriandi
3412 5388 3476 5447 de

1904 5454 2091 5517 vobis;
2153 5458 2346 5512 sumite
2398 5465 2621 5532 gratiam
2669 5468 2991 5538 jucundandi
3040 5475 3090 5529 in
3135 5478 3363 5533 Christo.
3404 5480 3477 5538 lbi

1904 5546 2044 5599 enim
2071 5548 2518 5621 jucundabimnr:
2551 5559 2643 5614 sed
2673 5577 2776 5615 non
2804 5564 2854 5617 in
2882 5565 3033 5620 nobis
3058 5584 3071 5620 :
3097 5568 3164 5621 ibi
3179 5571 3480 5640 jucundabi-

1970 5678 1998 5755 ξ,
2013 5687 2111 5755 nuo
2129 5689 2255 5755 Euss,
2280 5687 2513 5755 superbos
2523 5705 2586 5742 e1:
2603 5692 2719 5755 ipsis
2732 5700 3030 5750 erea’candt'.

1969 5740 1989 5815 ξ
2012 5742 2083 5815 sit:
2100 5740 2282 5815 aliquot
2301 5740 2403 5815 uss.
2433 5750 2515 5799 Alii
2530 5740 3165 5815 eas'na‘mi‘n‘zam.

1969 5801 2091 5891 ἰ.
2102 5801 2649 5891 .-ξειιξιιιγρξὶιιιξῃ
2674 5801 2782 5891 erat
2791 5801 2819 5891 ξ
2833 5801 3476 5891 Ῐῆῖῦἶίῖἶηῦξθὲήὸιιεῄιευη.

1908 5859 2027 5911 dare
2049 5876 2065 5913 :
2090 5868 2214 5927 quod
2239 5881 2263 5916 a
2291 5859 2661 5933 plerisz'ptetuss.
2679 5859 2842 5929 ’άιῖόέιζ
