4038 6464
539 414 646 480 ’187

533 528 588 589 in
609 532 792 590 losum
817 530 1090 589 Christum
1124 527 1267 602 quod
1304 528 1678 587 resurrexerit.
1716 527 1844 584 inde
1874 528 2112 599 psalmus

533 621 634 682 lste
652 634 737 682 est
755 625 1009 681 adversus
1029 623 1496 695 praesumptionem
1513 630 1571 678 et
1586 620 1890 691 superbiam
1905 619 2116 675 Iudaeo-

529 727 673 781 rum,
701 729 799 787 pro
825 715 928 772 fide
955 715 1203 771 Gentium
1225 712 1291 770 ad
1319 713 1560 770 eamdem
1589 726 1738 783 spem
1767 709 2117 768 resurrectio-

533 809 616 862 ttis
647 817 975 862 vocularum.

601 897 658 950 2.
697 895 1118 965 Quodammodo,
1166 895 1355 951 fratres
1393 895 1524 963 mei,
1569 894 1807 950 animum
1855 893 1874 926 ¹
1917 891 2116 948 Psalmi

531 987 774 1043 audistis.
799 983 857 1043 in
884 989 986 1045 hoc
1011 989 1150 1059 quod
1177 989 1305 1055 dixi,
1333 987 1384 1042 iu
1412 987 1514 1043 hoc
1541 986 1681 1058 quod
1709 985 1982 1057 proposui,
2006 993 2116 1039 tota

534 1087 710 1132 vestra
757 1078 1110 1148 suapendstur
1137 1078 1393 1144 intentio;
1422 1076 1546 1131 hinc
1573 1090 1670 1131 vos
1695 1075 1839 1130 nulla
1867 1073 2118 1145 cogitatio

532 1177 738 1224 avertat
765 1187 780 1222 :
824 1179 1007 1225 contra
1035 1169 1502 1240 praesumptionem
1533 1167 1728 1223 dicitur
1765 1165 2071 1223 Judaeorum
2097 1205 2114 1232 ,

534 1259 626 1330 qui
655 1259 724 1316 de
746 1259 1211 1330 iustificationibus
1235 1259 1394 1331 Legis
1418 1260 1706 1330 sperabant
1732 1257 1834 1314 sibi
1872 1270 2118 1314 resurre-

535 1351 791 1419 ctionem,
819 1361 874 1407 et
895 1351 1270 1406 crueilixerunt
1291 1348 1561 1406 Christum
1591 1349 1682 1421 qui
1708 1349 1914 1420 primus
1938 1361 2119 1403 resur-

535 1442 694 1508 rexit,
720 1457 825 1496 non
850 1441 1088 1498 membra
1115 1449 1479 1498 resurrectura
1502 1439 1648 1496 solos
1669 1437 1885 1495 Judaeos
1905 1437 2118 1493 habitu-

536 1547 630 1590 rus
673 1536 731 1601 ³,
775 1533 870 1590 sed
909 1547 1100 1590 omnes
1136 1533 1226 1604 qui
1263 1533 1317 1588 in
1362 1547 1485 1590 eum
1525 1531 1897 1596 credidissent,
1941 1529 1993 1585 id
2036 1535 2121 1585 est

533 1639 722 1680 omnes
749 1634 954 1695 gentes.
981 1625 1109 1680 Inde
1131 1625 1292 1697 cmpit
1315 1641 1329 1679 :
1356 1623 1582 1679 Jubilate
1607 1622 1738 1679 Deo.
1767 1622 1910 1690 Qui?
1941 1621 2120 1679 Omnis

533 1724 690 1771 terra.
732 1715 847 1772 Non
893 1731 1020 1788 ergo
1065 1717 1179 1773 sola
1221 1715 1424 1772 Iudaea.
1454 1714 1662 1784 Videte,
1694 1715 1906 1783 fratres,
1929 1729 2118 1786 quem-

532 1809 825 1866 admodum
882 1809 1286 1866 commendetur
1327 1809 1644 1865 universitas
1691 1807 1948 1865 Ecclesiae
2008 1815 2122 1864 toto

533 1903 667 1959 orbe
685 1901 892 1958 ditl'usa:
915 1919 930 1970 ;
960 1911 1016 1959 et
1034 1917 1141 1958 non
1163 1901 1335 1958 solum
1354 1901 1530 1958 dolete
1552 1899 1768 1957 Iudaeos
1787 1899 1874 1970 qui
1893 1898 2120 1970 gratiam

533 1992 692 2050 istam
720 1992 978 2050 Gentibus
1015 1993 1351 2060 invidebant,
1377 1992 1471 2050 sed
1499 1992 1617 2064 plus
1656 1990 1938 2047 haereticos
1965 1989 2120 2060 plan-

534 2086 662 2157 gite.
679 2085 735 2143 Si
754 2086 898 2142 enim
918 2084 1130 2142 dolendi
1151 2093 1276 2141 sunt
1293 2084 1384 2156 qui
1404 2082 1614 2140 collecti
1630 2096 1736 2138 non
1761 2089 1906 2147 sunt,
1925 2088 2124 2152 quanto

536 2176 765 2248 amplius
801 2177 890 2246 qui
913 2176 1120 2232 collecti
1150 2175 1304 2232 divisi
1342 2174 1502 2231 sunt?
1536 2171 1760 2228 Jubilate
1803 2170 1932 2238 Deo,
1961 2170 2124 2224 omnis

537 2274 692 2323 terra.
705 2267 841 2336 Quid
857 2277 957 2333 est,
973 2267 1231 2323 lubilate?
1247 2266 1302 2322 ln
1318 2280 1502 2322 vocem
1514 2265 1773 2335 erumpite
1788 2261 2121 2335 gaudiorum,

538 2361 584 2416 si
611 2375 718 2416 non
745 2359 972 2431 potestis
997 2359 1300 2416 verborum.
1330 2357 1446 2414 Non
1471 2359 1614 2414 enim
1637 2356 1815 2413 verbis
1837 2354 2121 2426 jubilatur;

537 2449 636 2508 sed
661 2451 806 2507 solus
842 2450 1186 2522 gaudentium
1223 2450 1427 2506 sonitus
1450 2447 1710 2514 redditur,
1751 2447 1900 2518 quasi
1946 2453 2125 2515 partu-

537 2544 727 2601 rientis
755 2555 808 2601 et
835 2544 1090 2616 parientis
1109 2543 1285 2600 cordis
1312 2544 1546 2600 laetitiam
1579 2543 1632 2598 in
1663 2556 1847 2598 vocem
1887 2540 1964 2595 rei
1992 2555 2124 2595 eon-

537 2645 708 2710 cepta:
725 2637 768 2703 ³,
791 2653 908 2708 quae
929 2637 1107 2694 verbis
1131 2636 1382 2707 explicari
1410 2650 1514 2691 non
1537 2635 1723 2706 possit.
1749 2633 1972 2688 Jubilate
1994 2630 2124 2697 Deo,

537 2727 702 2782 omnis
730 2735 864 2782 terra
883 2742 904 2782 :
943 2741 1102 2784 nemo
1123 2726 1315 2798 jubilet
1349 2727 1402 2782 in
1429 2734 1601 2796 parte.
1636 2722 1841 2790 Nemo,
1871 2723 2084 2793 inquam
2105 2762 2123 2790 ,

535 2816 727 2890 jubilet
751 2819 804 2877 in
831 2828 1022 2892 parte:
1060 2819 1235 2876 omnis
1261 2827 1403 2876 terra
1431 2818 1651 2888 iubilet,
1685 2815 1956 2873 Catholica
1978 2814 2125 2885 jubi-

537 2908 632 2966 let.
671 2909 945 2966 Catholica
979 2919 1148 2966 totum
1175 2918 1359 2967 tenet:
1387 2909 1706 2981 quicumque
1734 2917 1936 2978 partem
1957 2915 2123 2974 tenet,

536 3011 594 3059 et
621 3017 652 3058 a
681 3011 792 3058 toto
821 3004 1077 3073 prmcisus
1105 3011 1206 3069 est,
1238 3002 1441 3058 ululare
1461 3000 1594 3068 vult,
1624 2998 1992 3070 nonjubilare.
2022 2996 2125 3052 Ju-

537 3094 692 3150 bilate
716 3093 844 3161 Deo,
876 3095 1038 3149 omnis
1067 3103 1222 3149 terra.

609 3186 664 3240 3.
704 3182 883 3256 [vers.
927 3183 1035 3256 2.]
1090 3183 1305 3240 Psallite
1346 3191 1513 3238 autent
1565 3182 1757 3237 nomini
1809 3182 1939 3256 ejus.
1985 3180 2124 3250 Quid

537 3274 717 3331 dixit?
758 3274 1112 3330 Psallentibus
1156 3275 1306 3330 vobis
1355 3272 1702 3330 benedicatur
1743 3288 1935 3328 nomen
1984 3273 2120 3343 ejus.

535 3367 674 3435 Quid
701 3366 770 3420 sit
793 3374 969 3420 autem
990 3365 1242 3438 psallere,
1271 3365 1383 3422 lteri
1403 3365 1534 3432 dixi,
1559 3373 1615 3421 et
1635 3364 1794 3420 credo
1817 3364 2124 3420 meminisse

535 3458 863 3515 Charitatem
907 3456 1174 3514 Vestram.
1217 3457 1476 3522 Psallere,
1531 3465 1614 3512 est
1659 3471 1916 3528 organum
1961 3455 2121 3510 etiam

534 3563 812 3605 assumere
857 3548 999 3621 quod
1041 3547 1350 3620 psalterium
1397 3547 1611 3616 dicitur,
1651 3555 1705 3603 et
1756 3547 1912 3618 pulsu
1963 3556 2123 3617 atque

534 3657 698 3712 Opere
736 3657 986 3696 manuum
1025 3641 1245 3696 vocibus
1269 3639 1614 3696 concordare.
1646 3638 1702 3695 Si
1733 3654 1860 3708 ergo
1880 3637 2123 3708 jubilatis

535 3733 678 3801 quod
707 3733 846 3788 Deus
871 3733 1072 3796 audiat,
1096 3733 1308 3802 psallite
1331 3732 1491 3788 etiam
1519 3729 1660 3801 quod
1691 3729 1936 3784 homines
1963 3738 2017 3783 et
2041 3729 2121 3784 vi-
2181 3744 2192 3753 ·

535 3824 698 3879 deant
722 3833 777 3880 et
797 3824 1048 3890 audiant;
1079 3824 1173 3879 sed
1200 3839 1306 3878 non
1328 3823 1526 3878 nomini
1553 3831 1753 3876 vestro.
1777 3823 1954 3875 Cavete
1976 3823 2118 3876 enim

537 3919 704 3985 facere
719 3915 972 3985 justitiam
998 3924 1215 3968 uestram
1241 3929 1410 3967 coram
1437 3911 1739 3977 hominibus,
1772 3921 1826 3965 ut
1851 3912 2121 3966 videamini

534 4005 602 4058 ab
625 4005 696 4059 eis
736 4003 948 4075 (Matth.
977 4021 1029 4060 vt
1053 4046 1068 4068 ,
1100 4003 1176 4077 l).
1221 4005 1289 4059 Et
1324 4013 1542 4075 propter
1582 4001 1734 4073 cujus
1787 4017 2002 4070 nomen,
2041 4003 2122 4058 in-

535 4098 710 4169 quies,
734 4098 976 4168 psallam,
1001 4105 1057 4152 ut
1082 4113 1186 4151 non
1209 4095 1230 4128 ⁸
1256 4095 1535 4152 videantur
1553 4093 1621 4150 ab
1643 4094 1945 4150 hominibus
1959 4109 2117 4166 opera

475 4219 480 4228 -
535 4190 691 4246 mea?
721 4190 989 4246 Attendite
1015 4191 1120 4244 alio
1149 4189 1301 4244 loco:
1334 4186 1560 4242 Lueeant
1587 4204 1740 4258 opera
1765 4197 1927 4241 vestra
1950 4203 2120 4240 coram

533 4285 840 4350 hominibus,
885 4294 938 4338 ut
975 4285 1174 4338 videant
1214 4283 1345 4338 bona
1383 4283 1517 4354 facta
1541 4291 1720 4346 vestra,
1751 4291 1798 4336 et
1838 4282 2120 4353 gloriﬁcent

535 4376 745 4432 Patrem
771 4386 988 4432 vestrum
1027 4377 1110 4448 qui
1141 4376 1193 4430 in
1239 4375 1376 4430 ctelis
1419 4385 1492 4429 est
1521 4373 1631 4445 (Id.
1663 4389 1723 4438 ν,
1757 4373 1868 4445 l6).
1907 4372 2120 4427 Videant

533 4471 666 4524 bona
695 4470 830 4538 facta
857 4479 1017 4523 vestra
1037 4510 1050 4531 ,
1077 4477 1124 4522 et
1152 4467 1433 4538 gloriﬁcent
1456 4509 1470 4531 ,
1502 4481 1606 4520 non
1643 4481 1760 4531 vos,
1791 4464 1884 4520 sed
1926 4465 2115 4520 Deum.

535 4559 668 4616 Nam
697 4562 742 4616 si
774 4571 989 4632 propter
1019 4576 1116 4614 vos
1143 4558 1519 4631 gloriﬁcandos
1545 4557 1716 4612 facitis
1751 4573 1910 4627 opera
1939 4555 2075 4611 bona
2098 4598 2113 4622 ,

535 4649 890 4722 respondetur
927 4651 1068 4721 quod
1117 4654 1230 4720 ipse
1267 4648 1401 4705 dixit
1441 4648 1508 4704 de
1532 4647 1848 4718 quibusdam
1879 4647 2115 4702 talibus:

534 4747 705 4801 Amen
721 4745 834 4799 dico
862 4745 1039 4808 vobis;
1069 4751 1394 4814 perceperunt
1424 4741 1696 4795 mercedem
1724 4756 1885 4794 suam.
1919 4738 1988 4793 Et
2017 4737 2118 4794 ite-

533 4850 694 4893 sum:
734 4836 970 4904 Alioquin
1011 4834 1284 4889 mercedem
1313 4849 1412 4887 non
1454 4831 1696 4885 habebitis
1738 4829 1878 4901 apud
1910 4827 2119 4882 Patrem

531 4938 754 4986 nstrum
781 4927 866 4998 qui
890 4927 942 4980 in
971 4927 1108 4980 etatis
1146 4935 1218 4980 est
1249 4923 1358 4994 (Id.
1384 4939 1469 4988 v1,
1495 4921 1532 4977 2
1551 4963 1564 4986 ,
1597 4919 1670 4995 1).
1702 4922 1861 4992 Ergo,
1890 4919 2113 4989 inquies,

535 5023 710 5080 debeo
733 5019 1064 5076 abscondere
1087 5033 1250 5087 Opera
1281 5032 1420 5082 mea,
1450 5032 1518 5072 ne
1545 5014 1730 5071 faciam
1757 5031 1927 5068 coram
1955 5013 2119 5068 homi-

533 5112 724 5167 nibus?
747 5110 886 5167 Non.
915 5109 1020 5165 Sed
1041 5109 1166 5179 quid
1193 5108 1308 5164 ait?
1333 5107 1558 5162 Lueeant
1579 5123 1730 5178 opera
1759 5117 1921 5161 vestra
1948 5122 2118 5159 coram

535 5203 842 5258 hominibus.
882 5203 1097 5270 Anceps
1138 5215 1266 5272 ergo
1295 5200 1617 5255 remanebo:
1647 5199 1746 5253 hac
1785 5197 1912 5252 mihi
1941 5196 2076 5252 dicis
2099 5238 2115 5264 ,

533 5293 716 5350 Cavete
753 5293 919 5364 facere
935 5291 1188 5363 justitiam
1215 5300 1426 5344 vestram
1458 5305 1628 5343 coram
1669 5287 1987 5354 hominibus;
2019 5285 2119 5342 hac

536 5385 669 5440 mihi
686 5385 841 5449 dicis,
865 5383 1086 5438 Luceant
1104 5399 1256 5454 opera
1279 5392 1440 5436 vestra
1465 5382 1592 5435 bona
1611 5396 1778 5434 coram
1800 5379 2119 5442 hominibus;

535 5477 660 5544 quid
691 5475 1024 5532 observabo?
1049 5475 1174 5546 quid
1203 5473 1434 5528 faciant?
1473 5473 1596 5544 quid
1627 5471 1963 5541 relinquam?
1986 5470 2118 5525 'l‘am

535 5582 642 5622 non
672 5577 847 5639 potest
876 5567 1035 5623 homo
1061 5568 1259 5623 servire
1289 5565 1497 5622 duobus
1525 5563 1754 5617 dominis
1781 5563 1987 5616 diversa
2027 5562 2116 5632 ju-

602 5733 615 5761 '
641 5740 819 5778 omnes
836 5741 983 5789 |it‘0|:c
999 5732 1126 5784 Mss,
1151 5721 1394 5790 (minuma.
1415 5780 1423 5790 _

599 5795 620 5824 ‘
647 5795 719 5841 sic
742 5781 1050 5852 aliq'twt'azss.
1157 5781 1575 5852 Puduit-abituros.
1657 5839 1666 5848 .

601 5853 622 5886 ⁸
647 5862 734 5901 MSS
757 5890 771 5910 ,
795 5841 845 5902 in
869 5864 978 5900 voce
1001 5846 1181 5910 (attitiw
1210 5841 1308 5900 (vel
1335 5841 1570 5903 ltt’titiam)
1595 5841 1666 5890 rei
1689 5844 1926 5902 t‘otttrtrpta'

599 5915 621 5947 ⁸
649 5909 811 5975 Abest,
833 5926 944 5973 non,
967 5924 994 5959 a
1020 5909 1263 5971 [lorisque
1290 5914 1392 5953 \zss.

1755 412 1816 475 S.
1855 412 2223 475 AUGUSTINI
2263 411 2571 473 EPISCOPI

3700 421 3804 482 788

2224 527 2472 584 bentibus
2488 564 2504 595 ,
2530 542 2689 600 quam
2717 539 2817 586 nec
2839 530 2931 586 uni
2951 529 3158 587 diversa
3180 530 3406 604 iubenti.
3434 534 3572 602 Non,
3597 537 3675 593 ait
3699 538 3779 596 Do

2221 619 2416 685 minus,
2447 618 2656 676 diversa
2678 621 2860 691 iubeo.
2887 620 3073 678 Finem
3093 625 3326 692 attende,
3355 625 3407 681 in
3430 627 3590 683 tinem
3620 639 3806 695 cauta;

2217 722 2327 779 quo
2364 709 2468 764 fine
2506 710 2688 778 facias,
2714 711 2856 768 vide.
2892 711 2950 768 Si
2977 711 3098 768 ideo
3130 711 3260 770 facis
3293 725 3350 770 ut
3385 725 3439 773 tu
3467 718 3806 789 gloriﬁceris,

2221 797 2325 855 hoc
2371 800 2656 868 prohibui;
2689 802 2735 856 si
2778 811 2954 858 autem
3001 803 3122 860 ideo
3167 813 3226 860 ut
3268 807 3407 863 Deus
3444 809 3804 879 gloriﬁeetur,

2223 888 2323 945 hoc
2363 890 2518 960 jussi.
2563 892 2777 948 Psallite
2829 909 2994 965 ergo,
3044 910 3152 951 non
3204 898 3401 953 nomini
3446 912 3665 966 vestro,
3713 902 3809 959 sed

2222 981 2422 1036 nomini
2451 982 2658 1038 Domini
2695 983 2789 1040 Dei
2829 986 3013 1041 vestri.
3055 985 3164 1042 Vos
3199 988 3438 1058 psallite;
3483 990 3575 1047 ille
3621 991 3810 1048 laude-

2224 1080 2347 1128 tur:
2395 1088 2492 1129 vos
2528 1074 2664 1131 bene
2704 1076 2901 1143 vivite;
2950 1077 3041 1133 ille
3084 1077 3429 1148 gloriﬁcetur.
3464 1080 3618 1138 Unde
3663 1083 3806 1139 enim

2225 1163 2429 1220 habetis
2458 1164 2629 1236 ipsum
2669 1166 2807 1223 bene
2850 1168 3070 1224 vivere?
3108 1167 3165 1226 Si
3199 1180 3456 1226 aeternum
3496 1171 3805 1242 haberetis,

2223 1269 2490 1326 nunquam
2541 1256 2683 1313 male
2744 1257 3050 1325 vixissetis;
3099 1260 3146 1314 si
3197 1274 3228 1316 a
3292 1261 3444 1317 vobis
3497 1261 3804 1332 haberetis,

2223 1360 2492 1417 nunquam
2521 1361 2628 1404 non
2657 1348 2675 1380 ⁸
2703 1347 2840 1404 bene
2863 1348 3167 1406 vixissetis:
3197 1349 3410 1407 Psallite
3431 1361 3600 1408 autem
3618 1355 3809 1410 nomini

2222 1453 2351 1508 ejus.
3483 1462 3488 1467 -
3569 1474 3572 1478 η

2292 1529 2350 1587 4.
2388 1528 2517 1585 Date
2538 1531 2753 1602 gloriam
2777 1531 2918 1587 laudi
2955 1533 3084 1604 ejus.
3122 1529 3308 1588 Totam
3337 1533 3684 1591 intentionem
3709 1549 3808 1590 no-

2222 1629 2388 1676 stram
2409 1621 2464 1678 in
2493 1622 2703 1679 laudem
2731 1623 2822 1679 Dei
2846 1624 3037 1690 mittit;
3063 1623 3194 1678 nihil
3222 1625 3378 1680 nobis
3397 1625 3650 1696 relinquit
3670 1626 3809 1681 unde

2223 1714 2520 1771 laudemur.
2561 1715 2865 1773 Gloriemur
2900 1716 3024 1772 inde
3064 1717 3233 1788 magis
3259 1718 3315 1782 ',
3358 1726 3412 1772 et
3453 1717 3807 1789 gaudeamus;

2223 1808 2298 1864 illi
2325 1810 2698 1881 inhaereamus,
2731 1811 2786 1866 iu
2816 1812 2908 1866 illo
2936 1810 3231 1866 laudemur.
3259 1810 3496 1866 Audistis
3521 1826 3642 1867 cum
3670 1813 3811 1882 lege-

2224 1908 2374 1956 retur
2401 1901 2688 1972 Apostolus
2712 1918 2726 1954 :
2773 1901 2944 1956 Videte
2973 1901 3281 1956 vocatiorwm
3319 1912 3563 1969 vestram,
3591 1907 3810 1974 fratres;

2224 1991 2345 2062 quia
2372 2007 2474 2045 non
2499 1991 2648 2046 multi
2671 1991 2923 2060 sapientes
2949 1991 3226 2045 secundum
3251 2008 3484 2057 carnem,
3519 2009 3626 2047 non
3666 1994 3810 2048 multi

2227 2090 2468 2150 potentes,
2495 2098 2596 2136 non
2617 2082 2764 2136 multi
2783 2081 2993 2148 nobiles,
3020 2081 3109 2134 sed
3133 2082 3288 2136 stulta
3312 2081 3488 2136 mundi
3512 2083 3659 2154 elegit
3681 2081 3812 2139 Deus

2226 2185 2280 2230 ut
2303 2176 2579 2248 confundat
2603 2177 2893 2248 sapientes;
2920 2185 2968 2230 et
2994 2175 3199 2246 inﬁrma
3222 2176 3400 2230 mundi
3424 2177 3570 2248 elegit
3592 2175 3733 2230 Deus
3758 2186 3814 2230 ut

2226 2267 2503 2337 confundat
2541 2268 2734 2338 fortia;
2761 2277 2810 2323 et
2836 2267 3076 2340 ignobilia
3102 2268 3276 2322 mundi
3317 2268 3463 2339 elegit
3492 2267 3648 2335 Deus,
3680 2277 3731 2324 et
3755 2284 3816 2322 ea

2229 2371 2344 2429 qua:
2365 2373 2466 2411 non
2494 2365 2642 2425 sunt,
2675 2365 2915 2428 tanquam
2939 2373 3051 2428 qua:
3074 2366 3224 2421 sunt,
3254 2366 3310 2411 ut
3339 2373 3396 2412 ea
3419 2373 3534 2427 qua:
3556 2367 3673 2412 sunt
3692 2373 3815 2413 eva-

2228 2457 2441 2503 cuentur
2464 2446 2506 2522 (Ι
2531 2446 2650 2504 Cor.
2679 2465 2718 2515 ι,
2740 2447 2956 2523 26-28).
2983 2450 3118 2517 Quid
3146 2450 3312 2506 voluit
3340 2450 3547 2506 dicere?
3569 2451 3692 2521 quid
3712 2465 3811 2507 vo—

2230 2539 2326 2593 luit
2350 2539 2673 2596 ostendere?
2697 2540 2982 2597 Descendit
3004 2542 3262 2606 Dominus
3288 2541 3430 2598 Deus
3454 2552 3628 2602 noster
3653 2542 3816 2598 Jesus

2227 2630 2472 2687 Christus
2501 2631 2524 2664 ³
2551 2647 2802 2703 reparare
2820 2626 2987 2705 genus
3015 2633 3326 2702 humanum,
3354 2643 3410 2689 et
3434 2634 3562 2690 dare
3587 2635 3814 2705 gratiam

2228 2737 2379 2778 suam
2419 2725 2668 2782 omnibus
2702 2725 3114 2798 intelligentibus
3158 2727 3281 2798 quia
3317 2726 3484 2797 gratia
3527 2726 3666 2782 illius
3705 2730 3814 2796 est,

2230 2831 2335 2870 non
2363 2817 2550 2872 merita
2569 2832 2791 2884 eorum;
2818 2828 2871 2874 et
2891 2835 2958 2874 ne
2979 2818 3229 2890 qumlibet
3251 2833 3475 2890 persona
3500 2820 3817 2891 gloriaretur

2230 2906 2284 2961 in
2315 2921 2507 2975 carne,
2538 2909 2777 2965 infirmos
2805 2911 2984 2982 elegit.
3026 2909 3158 2966 Nam
3200 2911 3324 2966 inde
3351 2926 3454 2967 non
3489 2921 3572 2967 est
3614 2911 3816 2968 electus

2229 2998 2391 3055 etiam
2415 3000 2505 3055 ille
2527 2999 2842 3057 Nathanael.
2867 3001 3002 3070 Quid
3029 3002 3170 3057 enim
3197 3001 3288 3057 tibi
3310 3001 3536 3068 videtur,
3567 3012 3624 3058 ut
3644 3003 3817 3072 publi-

2227 3106 2419 3158 canum
2446 3093 2498 3147 in
2525 3092 2720 3149 telonio
2738 3093 3013 3150 sedentem
3034 3094 3253 3165 eligeret
3273 3094 3576 3150 Matthmum
3601 3093 3812 3165 (uouit.

2228 3197 2280 3238 tx
2300 3225 2315 3250 ,
2345 3181 2443 3254 9),
2471 3191 2525 3239 et
2551 3199 2658 3240 non
2687 3185 2909 3256 eligeret
2933 3184 3226 3240 Nathanael
3254 3187 3338 3240 cui
3367 3173 3634 3256 perhibuit
3662 3186 3815 3241 testi-

2233 3276 2470 3331 monium
2497 3277 2610 3347 ipse
2633 3278 2912 3344 Dominus,
2943 3278 3128 3334 dicens
3151 3296 3164 3332 :
3215 3277 3348 3334 Ecce
3367 3293 3511 3334 verus
3541 3276 3813 3345 Israelita,

2226 3368 2279 3422 in
2298 3385 2396 3438 quo
2424 3369 2570 3424 dolus
2608 3386 2709 3425 non
2747 3371 2865 3426 est?
2893 3370 3204 3441 lntelligitur
3241 3387 3368 3442 ergo
3395 3370 3685 3428 Natbanael
3715 3372 3816 3426 iste

2225 3460 2413 3516 doctus
2465 3461 2628 3518 fuisse
2676 3463 2728 3517 in
2770 3463 2930 3535 Lege.
2979 3463 3093 3521 Non
3142 3465 3266 3536 quia
3315 3465 3500 3521 doctos
3545 3480 3649 3520 non
3697 3471 3815 3520 erat

2226 3551 2530 3609 electurus:
2558 3553 2653 3610 sed
2683 3555 2727 3610 si
2758 3555 2901 3626 ipsos
2931 3556 3101 3626 primo
3128 3555 3394 3628 elegisset,
3421 3556 3673 3612 doctrinae
3696 3571 3811 3613 sua

2225 3645 2415 3699 merito
2439 3660 2497 3700 se
2521 3646 2718 3702 electos
2745 3657 3024 3716 putarent;
3053 3649 3122 3703 ita
3145 3649 3354 3703 illorum
3381 3649 3597 3703 scientia
3629 3647 3811 3703 lauda-

2225 3745 2391 3804 retur,
2439 3745 2494 3793 et
2535 3737 2649 3792 laus
2690 3736 2885 3793 Christi
2914 3741 3096 3812 gratim
3146 3740 3493 3795 minueretur.
3539 3737 3812 3794 Perhibuit

2229 3827 2587 3882 testimonium
2629 3837 2879 3898 tanquam
2906 3828 3047 3883 bono
3077 3828 3215 3884 fideli
3241 3869 3257 3894 ,
3299 3829 3350 3884 in
3381 3845 3488 3899 quo
3513 3829 3664 3883 dolus
3700 3843 3809 3883 non

2225 3929 2370 3986 erat;
2401 3919 2493 3975 sed
2529 3928 2708 3976 tamen
2747 3936 2867 3976 eum
2898 3936 3003 3975 non
3029 3925 3314 3991 assumpsit
3341 3922 3479 3975 inter
3503 3921 3621 3976 illos
3646 3920 3811 3976 disci-

2227 4009 2402 4079 pulos,
2429 4025 2562 4081 quos
2592 4010 2818 4080 primum
2851 4010 3040 4066 idiotas
3068 4011 3259 4082 elegit.
3292 4012 3360 4066 Et
3385 4011 3526 4066 unde
3552 4011 3809 4082 intelligi-

2227 4118 2343 4156 mus
2366 4101 2508 4172 quod
2534 4103 2625 4156 ille
2665 4103 2863 4172 peritus
2895 4111 3010 4158 erat
3037 4102 3232 4173 Legis?
3256 4102 3478 4171 Quando
3513 4102 3714 4157 audivit
3741 4101 3810 4156 ab

2226 4207 2331 4247 uno
2359 4209 2423 4247 ex
2450 4193 2528 4248 eis
2547 4193 2636 4264 qui
2661 4194 2830 4249 secuti
2856 4202 3009 4249 erant
3040 4193 3320 4248 Dominum
3342 4235 3355 4256 ,
3384 4194 3625 4261 dicente,
3658 4192 3808 4247 Inve-

2224 4285 2389 4338 nimus
2420 4282 2682 4350 Messiam,
2709 4285 2849 4354 quod
2889 4286 3244 4350 interpretatur
3273 4283 3500 4339 Christus
3519 4326 3534 4350 ,
3567 4283 3812 4354 qumsivit

2224 4375 2391 4441 unde;
2419 4384 2473 4430 ct
2496 4375 2694 4429 dictum
2717 4387 2816 4441 cst,
2850 4376 2891 4428 Α
2918 4373 3175 4428 Neam-eth
3199 4389 3220 4429 :
3262 4384 3317 4430 et
3339 4374 3447 4437 ille,
3472 4375 3515 4427 Α
3551 4373 3811 4427 Nazaretlt

2225 4477 2384 4537 potest
2415 4466 2609 4538 aliquid
2651 4466 2768 4520 boni
2806 4483 2928 4520 esse.
2969 4467 3155 4520 Procul
3197 4465 3379 4532 dubio,
3423 4465 3510 4536 qui
3551 4465 3813 4520 intellexit

2222 4559 2344 4628 quia
2391 4571 2421 4612 a
2460 4556 2718 4612 Nazareth
2774 4565 2947 4625 potest
2994 4555 3187 4626 aliquid
3238 4556 3359 4610 boni
3400 4570 3557 4620 esse,
3607 4555 3813 4624 peritus

2223 4661 2339 4707 erat
2367 4650 2538 4721 Legis.
2568 4659 2622 4705 et
2667 4649 2803 4705 bene
2846 4647 3138 4719 Prophetas
3164 4648 3485 4717 inspexerat.
3517 4645 3652 4702 Novi
3690 4661 3812 4703 esse

2223 4740 2288 4796 in‘
2307 4740 2409 4795 illis
2437 4740 2615 4796 verbis
2651 4740 2807 4794 aliam
2839 4737 3355 4808 pronuntiationem;
3387 4735 3480 4792 sed
3507 4752 3537 4791 a
3571 4739 3809 4806 pruden-

2224 4832 2449 4887 tioribus
2475 4847 2578 4886 non
2599 4841 2683 4886 est
2708 4830 2998 4901 approbata
3023 4847 3036 4883 :
3069 4837 3127 4883 ut
3153 4831 3302 4900 quasi
3323 4828 3639 4898 desperasse
3664 4829 3811 4884 vide-

2224 4934 2373 4980 retur
2398 4923 2520 4991 ille,
2562 4937 2683 4977 cum
2717 4921 2941 4976 audiens
2985 4920 3224 4986 dixisset,
3273 4920 3314 4973 Α
3358 4919 3614 4974 Nasareth
3647 4931 3812 4989 potest

2223 5015 2416 5085 aliquid
2435 5014 2552 5068 boni
2577 5029 2682 5068 esse
2703 5013 2728 5067 Ρ
2752 5012 2803 5067 id
2823 5021 2925 5074 est,
2950 5010 3202 5081 numquid
3230 5010 3439 5080 potest?
3459 5007 3547 5064 Sic
3573 5024 3816 5079 pronuno

2226 5105 2405 5161 tiando
2433 5105 2582 5176 quasi
2605 5104 2933 5174 desperaret.
2961 5101 3212 5172 Sequitur
3239 5110 3413 5156 autem
3438 5100 3526 5164 ibi,
3571 5098 3731 5165 Veni,
3763 5111 3814 5156 et

2224 5198 2336 5252 vide
2361 5197 2536 5269 (Joan.
2556 5211 2604 5263 ι,
2629 5191 2836 5265 41-47).
2868 5193 2992 5248 llaec
3012 5192 3190 5257 verba,
3210 5191 3262 5246 id
3289 5201 3390 5258 est,
3423 5189 3569 5257 Veni,
3597 5202 3645 5245 et
3673 5193 3808 5256 vide,

2227 5299 2503 5358 utramque
2541 5295 2760 5357 possunt
2799 5284 3283 5356 pronuntiationem
3324 5283 3498 5353 sequi.
3539 5283 3594 5340 Si
3637 5284 3808 5352 dicas,

2225 5381 2373 5452 quasi
2403 5393 2504 5433 non
2525 5377 2767 5442 credens,
2791 5377 2832 5429 A
2857 5375 3112 5428 Nazareth
3134 5383 3293 5442 potest
3312 5373 3505 5444 aliquid
3524 5373 3642 5428 boni
3659 5391 3771 5430 esse
3787 5377 3816 5431 .’

2227 5471 2597 5541 respOndetur,
2641 5467 2781 5536 Veni,
2813 5478 2858 5522 et
2883 5468 2992 5522 vide
3015 5467 3154 5538 quod
3183 5482 3288 5522 non
3318 5466 3510 5522 credis.
3538 5465 3747 5524 Rursus
3764 5470 3812 5524 si

2291 5654 2304 5680 ¹
2334 5649 2443 5698 νλιιι.
2473 5657 2523 5697 (ιι
2544 5655 2670 5704 Mss,
2706 5659 2948 5710 nunquam
2980 5645 3096 5696 bene
3122 5659 3138 5696 :
3172 5648 3344 5696 omissa
3386 5647 3666 5708 negatione,
3691 5659 3814 5708 qua:

2225 5715 2401 5760 abesse
2424 5711 2555 5757 salvo
2571 5722 2717 5757 sensu
2742 5723 2834 5770 non
2855 5716 3062 5770 poterat.

2291 5776 2307 5804 ²
2327 5774 2399 5820 sic
2423 5779 2526 5818 Mss.
2555 5780 2608 5818 At
2628 5772 2758 5825 tulit,
2777 5769 2824 5818 in
2854 5769 2964 5817 Deo.

2290 5833 2310 5864 ³
2330 5833 2460 5892 ωδ..
2485 5832 2532 5882 in
2555 5832 2728 5894 spiritu
2750 5843 3000 5895 reparare.
3026 5831 3189 5894 Abest,
3208 5831 3258 5880 in
3281 5829 3471 5894 attritu,
3491 5842 3524 5878 a
3554 5829 3817 5894 [terisque
