4038 6460
231 411 335 470 789

229 527 374 582 dicas
393 522 740 588 conﬁrmans,
770 522 813 575 Α
845 519 1101 575 Naaareth
1130 525 1290 591 potest
1313 515 1507 586 aliquid
1533 512 1648 567 boni
1673 525 1810 573 esse;

229 615 604 686 respondetur,
642 612 791 677 Veni,
822 621 868 666 et
887 611 998 665 vide
1020 623 1178 680 quam
1207 622 1329 662 vere
1355 605 1426 660 sit
1447 605 1641 658 bonum
1668 598 1809 668 quod

228 708 420 764 nuntio
461 721 493 760 ι
536 704 830 769 Nazareth;
873 711 926 756 et
950 715 1106 770 quam
1152 710 1298 754 recte
1337 695 1546 758 credas,
1587 691 1726 753 veni,
1755 701 1811 745 et

225 798 494 870 experire.
529 797 660 853 llinc
687 805 862 850 tamen
900 793 1228 848 existimatur
1256 788 1442 842 doetus
1469 785 1555 838 ille
1593 783 1647 836 in
1673 781 1813 848 Lege

227 889 420 955 fuisse,
449 889 573 959 quia
599 901 703 941 non
725 895 802 942 est
829 885 1030 940 elecms
1053 883 1189 936 inter
1209 877 1494 946 discipulos
1514 875 1580 928 ab
1611 873 1701 927 illo
1722 871 1810 936 qui

225 981 392 1039 stulta
421 978 607 1034 mundi
636 977 778 1048 prius
805 976 1000 1046 elegit;
1031 989 1152 1028 cum
1177 981 1376 1025 tantum
1402 969 1449 1023 ei
1483 964 1813 1035 perhibuerit

225 1072 591 1128 testimonium
620 1069 870 1124 Dominus
895 1067 1114 1121 dicens:
1145 1061 1276 1116 Ecce
1303 1077 1413 1114 vere
1442 1058 1678 1112 Israelita
1697 1097 1710 1121 ,
1757 1055 1812 1108 in

224 1179 326 1231 quo
347 1161 499 1215 dolus
525 1175 624 1214 non
653 1167 744 1212 est.
777 1156 947 1226 Elegit
971 1169 1098 1224 ergo
1125 1151 1381 1207 Dominus
1408 1156 1588 1218 postea
1618 1155 1672 1199 et
1691 1158 1814 1199 ora-

227 1265 413 1316 tores;
442 1250 535 1306 sed
559 1249 631 1303 illi
659 1247 1014 1316 superbirent,
1037 1243 1207 1298 sinon
1231 1241 1375 1311 prius
1399 1239 1616 1307 eligeret
1641 1236 1812 1304 pisca-

223 1355 412 1402 tores:
443 1342 601 1411 elegit
625 1339 850 1404 divites;
877 1337 972 1393 sed
1007 1335 1245 1392 dicerent
1281 1331 1470 1386 merito
1504 1328 1808 1383 divitiarum

225 1450 445 1491 suarum
472 1449 531 1488 se
551 1433 748 1488 electos
768 1445 909 1496 esse,
929 1428 1028 1482 nisi
1053 1426 1222 1495 primo
1241 1422 1489 1492 elegisset
1514 1431 1773 1489 pauperes
1793 1434 1808 1472 :

225 1527 390 1596 elegit
419 1526 766 1594 imperatores
795 1528 1010 1590 postea;
1038 1517 1132 1572 sed
1160 1516 1347 1570 melius
1381 1521 1465 1568 est
1500 1519 1558 1566 ut
1585 1511 1806 1564 Romam

224 1632 348 1670 cum
376 1614 581 1670 venerit
605 1612 912 1682 imperator,
943 1607 1185 1677 deposito
1205 1604 1518 1665 diademate,
1549 1601 1717 1669 ploret
1739 1597 1807 1654 ad

228 1705 541 1760 memoriam
583 1702 894 1772 piscatoris,
944 1712 1098 1768 quam
1152 1707 1204 1750 ut
1248 1695 1478 1764 piscator
1523 1690 1695 1761 ploret
1740 1688 1808 1742 ad

225 1797 540 1854 memoriam
580 1793 929 1864 imperatoris.
981 1789 1196 1860 Inﬁrma
1243 1788 1384 1841 enim
1433 1783 1610 1838 mundi
1662 1783 1808 1854 elegit

226 1889 389 1953 Deus,
431 1896 485 1942 ut
511 1887 787 1957 confundat
807 1885 995 1958 fortia;
1017 1892 1064 1937 et
1097 1879 1336 1952 ignobilia
1356 1877 1530 1931 mundi
1550 1875 1726 1946 elegit,
1760 1881 1808 1929 et

225 2000 284 2038 ea
321 1999 440 2050 qua:
479 1998 576 2036 non
603 1991 742 2044 sunt,
784 1990 1020 2048 tanquam
1043 1990 1156 2047 qua:
1194 1981 1330 2037 sunt,
1360 1983 1413 2025 ut
1457 1987 1514 2024 ea
1542 1983 1655 2042 qua:
1691 1975 1808 2022 sunt

225 2083 542 2130 mouentur.
567 2073 635 2128 Et
655 2072 782 2142 quid
801 2067 1075 2140 sequitur?
1100 2064 1374 2123 Conclu’sit
1393 2061 1676 2132 Apostolus
1699 2077 1712 2112 :
1740 2057 1807 2114 Ut

225 2183 326 2219 non
359 2165 606 2235 glorietur
638 2179 804 2218 coram
833 2160 936 2215 Deo
974 2158 1136 2214 omnis
1165 2173 1302 2211 caro.
1336 2153 1522 2209 Videte
1547 2149 1806 2221 quemad-

226 2256 446 2310 modum
491 2254 643 2309 nobis
685 2252 900 2310 abstulit
940 2250 1185 2321 gloriam,
1235 2256 1295 2303 ut
1344 2246 1496 2300 daret
1543 2242 1803 2314 gloriam:

225 2347 444 2401 abstulit
471 2355 704 2401 nostram
728 2385 744 2410 ,
774 2353 831 2399 ut
853 2344 1003 2398 daret
1027 2356 1173 2397 suam
1198 2357 1214 2405 ;
1241 2338 1458 2393 abstulit
1483 2337 1690 2392 inanem
1708 2375 1721 2400 ,
1753 2342 1808 2388 ut

226 2438 380 2494 daret
419 2437 664 2507 plenam;
694 2435 909 2491 abstulit
947 2442 1241 2498 nutantem,
1284 2440 1340 2486 ut
1373 2430 1522 2484 daret
1558 2427 1803 2482 solidam.

226 2533 439 2598 Quanto
468 2545 594 2600 ergo
621 2528 788 2599 gloria
825 2536 1004 2582 nostra
1034 2524 1219 2579 fortior
1248 2531 1302 2577 et
1330 2520 1546 2580 firmior,
1592 2518 1713 2588 quia
1752 2517 1806 2574 in

228 2625 341 2681 Deo
361 2627 478 2682 est!
506 2624 620 2679 Non
647 2638 772 2695 ergo
800 2623 850 2678 in
881 2631 930 2677 te
957 2620 1122 2677 debes
1148 2619 1391 2690 gloriari;
1423 2615 1692 2687 prohibuit
1718 2629 1809 2671 ve-

227 2719 392 2773 ritas:
423 2717 519 2773 sed
560 2717 699 2788 quod
725 2717 800 2771 ait
837 2715 1119 2786 Apostolus
1141 2755 1158 2779 ,
1185 2712 1287 2767 hoc
1319 2712 1570 2782 pra-cepit
1591 2710 1804 2773 veritas,

231 2810 332 2878 Qui
351 2809 620 2880 gloriatur,
634 2825 686 2863 tn
706 2807 924 2862 Domino
943 2805 1182 2877 glorietur
1197 2804 1239 2874 (I
1255 2803 1371 2858 Cor.
1384 2819 1422 2870 ι,
1445 2801 1535 2868 29,
1550 2798 1661 2874 51).
1680 2799 1810 2854 Date

227 2918 357 2974 ergo
398 2903 614 2974 gloriam
655 2901 793 2956 laudi
837 2901 966 2971 ejus.
1005 2897 1176 2953 Nolite
1211 2896 1400 2950 imitari
1441 2894 1673 2959 Judznos,
1719 2894 1809 2962 qui

228 2994 380 3065 quasi
432 2993 636 3049 meritis
687 2993 796 3048 suis
842 2991 1089 3046 volebant
1133 2989 1362 3043 tribuere
1406 2985 1810 3056 iustiﬁcationes

229 3103 374 3153 suas,
402 3095 460 3142 et
488 3084 792 3140 invidebant
816 3083 1070 3139 Gentibus
1094 3079 1467 3136 accedentibus
1495 3079 1559 3133 ad
1585 3079 1808 3148 gratiam

227 3177 611 3249 evangelicam,
639 3184 698 3232 ut
721 3183 932 3246 peccata
961 3173 1140 3227 omnia
1173 3171 1494 3226 donarentur
1517 3169 1630 3236 eis;
1661 3169 1810 3240 quasi

231 3271 305 3326 illi
323 3286 431 3324 non
452 3269 708 3324 haberent
726 3266 867 3337 quod
892 3266 989 3322 sibi
1015 3265 1333 3328 donaretur;
1357 3262 1487 3330 jam,
1511 3262 1661 3332 quasi
1688 3261 1809 3315 boni

230 3361 484 3432 operarii,
505 3359 801 3414 mercedem
816 3365 1202 3427 exspectantes.
1222 3355 1286 3410 Et
1300 3369 1419 3408 cum
1441 3353 1615 3408 adhuc
1629 3352 1812 3423 aegroti

231 3463 437 3521 essent,
478 3467 636 3507 sanos
670 3467 728 3507 se
757 3465 876 3506 esse
915 3448 1185 3517 putabant,
1215 3457 1269 3500 et
1305 3445 1429 3500 inde
1467 3444 1814 3514 periculosius

233 3544 578 3616 rgrotabant.
611 3541 740 3596 Nam
762 3541 806 3594 si
835 3540 919 3595 vel
944 3539 1118 3592 mitius
1141 3543 1502 3606 aegrotassem,
1531 3551 1636 3590 non
1664 3536 1813 3606 quasi

235 3636 533 3707 phrenetici
573 3633 832 3690 medicum
871 3629 1209 3688 occidissent.
1251 3627 1381 3682 Date
1414 3627 1628 3700 gloriam
1675 3627 1816 3681 laudi

234 3747 365 3800 ejus.

304 3824 363 3878 5.
404 3822 426 3894 [
453 3837 581 3875 vers.
609 3819 700 3892 5.]
730 3818 894 3872 Dicite
917 3816 1027 3872 Deo
1054 3833 1072 3871 :
1095 3815 1260 3881 Quam
1285 3813 1504 3867 timenda
1523 3821 1637 3867 sunt
1663 3827 1816 3880 opera

237 3916 366 3974 tua!
391 3915 569 3982 Quare
595 3913 844 3976 timenda,
871 3920 928 3967 et
958 3925 1060 3965 non
1087 3907 1349 3964 amanda?
1378 3905 1512 3962 Audi
1539 3905 1695 3959 aliam
1718 3918 1815 3958 vo-

235 4021 354 4063 cem
386 4005 574 4076 psalmi
605 4022 618 4056 :
653 4003 844 4059 Servite
873 4002 1086 4056 Dontino
1112 4000 1167 4054 in
1191 4001 1388 4064 timore,
1427 4005 1474 4050 et
1502 3997 1747 4051 exsultate
1773 3997 1816 4048 ei

237 4107 356 4152 eum
385 4106 599 4150 tremore
624 4096 642 4164 (
667 4092 813 4149 Psal.
843 4110 901 4157 ιι,
935 4093 994 4147 11
1023 4092 1062 4162 ).
1091 4089 1226 4158 Quid
1250 4089 1351 4144 sibi
1379 4090 1480 4142 hoc
1504 4086 1651 4141 vult?
1681 4084 1817 4140 Audi

239 4205 427 4246 vocem
446 4189 682 4259 Apostoli
710 4207 724 4243 :
747 4187 872 4242 Cum
890 4187 1084 4248 timore,
1104 4183 1291 4253 inquit,
1314 4190 1361 4234 et
1377 4190 1586 4234 tremore
1606 4187 1820 4233 vestram

239 4284 470 4353 ipsorum
495 4282 706 4336 salutem
731 4277 1026 4350 operamini.
1057 4275 1230 4342 Quare
1253 4314 1269 4337 ,
1298 4286 1412 4324 cum
1440 4269 1616 4323 timore
1643 4279 1689 4322 et
1716 4277 1818 4322 tre—

239 4374 423 4429 more?
465 4369 696 4440 Sithjecit
727 4383 938 4424 causam
974 4384 986 4420 :
1016 4365 1155 4420 Deus
1194 4371 1266 4418 est
1304 4361 1438 4416 enim
1472 4361 1557 4427 qui
1585 4368 1821 4427 operatur

239 4467 294 4520 in
319 4465 480 4528 vobis,
503 4473 547 4518 et
569 4462 711 4526 velle,
731 4471 774 4515 et
790 4458 1008 4525 operari,
1023 4473 1114 4528 pro
1141 4456 1268 4510 bona
1282 4453 1536 4507 voluntate
1557 4448 1816 4520 (Philipp.

241 4573 300 4618 is.
332 4555 576 4624 12,15).
606 4553 661 4609 Si
690 4567 818 4622 ergo
841 4551 982 4605 Deus
1030 4555 1280 4617 operatur
1306 4545 1360 4599 in
1405 4553 1486 4610 te,
1530 4540 1697 4612 gratia
1728 4539 1820 4594 Dei

244 4649 386 4705 bene
413 4645 652 4717 operaria
673 4686 691 4713 ,
721 4658 826 4699 non
855 4641 1055 4696 viribus
1093 4639 1215 4694 tuis.
1247 4637 1386 4706 Ergo
1435 4635 1477 4690 si
1504 4631 1702 4704 gaudes
1724 4669 1740 4698 ,
1770 4637 1824 4684 et

245 4742 416 4806 time;
450 4754 517 4795 ne
540 4736 676 4793 forte
702 4735 840 4805 quod
868 4733 1047 4788 datum
1075 4741 1156 4784 est
1183 4727 1403 4792 humili,
1433 4723 1704 4779 auferatur
1729 4735 1822 4775 su-

247 4832 439 4902 perbo.
469 4829 622 4889 Nam.
652 4837 709 4880 ut
737 4823 997 4882 noveritis
1021 4822 1121 4877 hoc
1146 4810 1263 4874 esse
1287 4817 1478 4872 factum
1506 4814 1572 4870 de
1594 4814 1704 4882 ipsa
1729 4826 1823 4866 su-

245 4901 436 4993 perbia
458 4919 782 4983 Judaeorum,
810 4914 958 4985 quasi
987 4929 1044 4968 se
1073 4927 1138 4967 ex
1165 4909 1416 4980 operibus
1454 4905 1611 4974 Legis
1632 4901 1824 4993 justili-

245 4992 510 5075 cautium,
535 5019 590 5063 et
620 5008 739 5062 ideo
759 5003 1096 5069 cadentium,
1126 5000 1253 5054 dicit
1281 4999 1416 5052 alius
1447 4996 1677 5065 psalmus
1709 5011 1722 5048 :
1752 4992 1825 5046 Ili

247 5105 304 5159 in
331 5101 567 5158 curribus
589 5141 604 5165 ,
649 5109 696 5154 et
724 5098 778 5152 hi
819 5098 874 5150 in
903 5095 1040 5167 equis
1067 5135 1081 5160 ,
1108 5091 1256 5163 quasi
1287 5091 1338 5144 in
1380 5088 1491 5144 suis
1514 5086 1826 5158 quibusdam

249 5195 500 5266 passibus
517 5200 572 5247 et
601 5187 964 5245 instrumentis
983 5185 1047 5240 ad
1074 5183 1399 5238 erectionem
1420 5194 1567 5234 suam
1590 5195 1604 5244 ;
1627 5193 1716 5230 nos
1735 5193 1829 5230 au-

249 5297 376 5354 tent,
404 5284 610 5354 inquit,
640 5281 693 5336 in
718 5281 918 5336 nomine
943 5275 1148 5332 Domini
1179 5274 1271 5328 Dei
1305 5273 1462 5327 nostri
1488 5267 1832 5341 magni/Scabi-

249 5394 370 5432 nrur
397 5393 418 5430 :
454 5373 526 5428 Hi
541 5374 598 5428 in
619 5371 869 5434 curribus,
899 5377 944 5422 et
968 5367 1022 5422 hi
1045 5367 1099 5419 in
1134 5364 1309 5435 equis;
1349 5378 1438 5416 nos
1465 5371 1630 5414 autem
1656 5359 1708 5412 in
1735 5375 1831 5411 no-

255 5468 396 5522 mine
441 5464 645 5519 Domini
693 5462 790 5516 Dei
819 5459 976 5514 nostri
1001 5454 1450 5526 magni/icabimur.
1489 5450 1620 5504 Vide
1648 5463 1833 5519 quem-

258 5556 550 5614 admodum
601 5555 675 5608 illi
705 5550 1094 5608 extollebantur
1133 5547 1184 5600 in
1230 5559 1322 5608 se;
1351 5541 1468 5597 vide
1487 5539 1834 5610 quemadmo-

252 5648 387 5704 dum
413 5647 500 5702 isti
523 5644 881 5715 gloriabantur
905 5640 958 5694 in
981 5639 1110 5693 Deo.
1134 5637 1422 5704 Pr0pterca
1448 5631 1572 5702 quid
1595 5640 1833 5686 secutum

254 5749 341 5794 est
361 5738 388 5791 ?
415 5734 531 5790 Illis
555 5734 760 5806 obligati
782 5741 895 5787 sunt
923 5730 1068 5801 pedes
1091 5770 1105 5795 ,
1139 5737 1186 5784 et
1211 5725 1526 5786 ceciderunt;
1550 5738 1640 5774 nos
1669 5731 1835 5774 autem

255 5828 576 5890 usrreximtts
599 5867 616 5897 ,
646 5835 694 5885 et
741 5825 887 5884 erecti
930 5836 1104 5880 sumus
1134 5817 1152 5878 l
1185 5814 1325 5872 Psal.
1355 5813 1541 5882 xts,'8,
1577 5813 1610 5867 9
1631 5813 1672 5885 ).
1700 5812 1738 5870 Λ
1767 5811 1834 5866 εόὶ

1324 397 1720 461 ENARRATIO
1756 395 1821 452 1N
1861 396 2183 456 PSALMUM
2223 399 2382 455 LXV.

3392 405 3449 461 71'
3461 411 3496 468 0

1922 511 2093 579 ipsum
2123 509 2404 566 Dominum
2429 519 2666 566 nostrum
2692 511 2794 567 hoc
2819 511 2957 567 idem
2980 511 3242 572 dicentem
3293 533 3305 567 τ
3335 515 3449 587 Ego
3478 557 3494 583 ,

1919 599 2126 670 inquit,
2155 601 2296 665 veni,
2325 610 2379 654 ut
2394 602 2481 671 qui
2507 618 2606 655 non
2626 602 2810 666 vident,
2840 602 3036 657 videant
3056 587 3085 670 ;’
3105 615 3152 657 et
3172 605 3258 674 qui
3277 606 3443 660 vident
3474 647 3491 672 ,

1919 692 2038 745 cteci
2059 693 2205 761 ﬁant.
2239 690 2372 746 Vide
2398 692 2450 745 in
2474 706 2577 745 una
2605 700 2758 762 parte
2779 690 3099 758 bonitatem;
3129 694 3180 748 in
3206 694 3308 748 alia
3338 695 3489 764 quasi

1919 781 2192 837 malitiam.
2221 781 2324 838 Sed
2352 781 2477 852 quid
2512 781 2604 836 illo
2633 781 2868 836 melius?
2895 773 3020 850 quid
3050 783 3491 839 misericordius?

1917 871 2046 941 quid
2088 873 2320 942 justius?
2346 873 2524 939 Quare
2571 887 2699 943 ergo
2727 914 2743 940 ,
2775 872 2860 943 qui
2889 887 2992 925 non
3033 873 3216 937 vident,
3248 875 3491 930 videant’

1919 961 2142 1031 Propter
2167 963 2476 1019 bonitatem.
2509 963 2683 1028 Quare
2703 1004 2718 1029 ,
2751 973 2796 1018 et
2823 979 2904 1032 qui
2931 964 3096 1017 vident
3124 1003 3138 1027 ,
3179 964 3297 1017 arci
3326 967 3450 1034 ﬁant
3470 966 3493 1005 ν

1919 1051 2142 1122 Propter
2169 1054 2472 1109 elationem.
2519 1054 2587 1108 Et
2614 1069 2740 1109 vere
2783 1053 3064 1121 videbant,
3108 1063 3165 1108 et
3202 1054 3322 1110 lacti
3369 1067 3492 1110 sunt

1917 1143 2045 1196 caeci
2067 1143 2090 1196 ?
2115 1143 2232 1197 Non
2263 1143 2531 1208 videbant,
2562 1143 2654 1198 sed
2681 1143 2858 1198 videre
2879 1143 2979 1199 sibi
3001 1144 3332 1199 videbantur.
3361 1144 3492 1199 Nam

1916 1247 2042 1288 ecce
2071 1233 2264 1299 videte,
2293 1233 2486 1288 fratres
2517 1250 2530 1285 :
2562 1249 2683 1288 cum
2714 1233 2952 1288 dicerent
2988 1234 3083 1304 ipsi
3114 1233 3282 1288 Juda‘i
3305 1276 3318 1298 ,
3352 1233 3492 1288 Num

1913 1339 2088 1378 sumus
2109 1324 2266 1378 cceci.’
2294 1325 2365 1377 ait
2381 1323 2483 1378 illis
2506 1324 2749 1378 Dominus
2769 1366 2784 1389 ,
2802 1325 2862 1379 Si
2882 1325 2999 1378 ι’ωεὶ
3019 1325 3208 1392 essetis,
3238 1337 3491 1394 peccatum

1916 1430 2016 1468 non
2041 1415 2287 1469 haberetis
2313 1430 2332 1469 :
2362 1416 2510 1470 modo
2539 1425 2704 1470 autem
2724 1417 2840 1486 quia
2870 1417 3055 1481 dicitis,
3089 1415 3347 1484 Videmus,
3377 1435 3493 1488 pec-

1915 1514 2084 1560 catum
2110 1516 2326 1560 vestrum
2361 1506 2413 1560 in
2439 1506 2574 1561 vobis
2616 1517 2779 1560 manet
2807 1506 2826 1578 (
2849 1506 3004 1561 Joan.
3029 1523 3078 1560 ix
3104 1550 3118 1571 ,
3145 1508 3306 1563 39-41
3341 1507 3381 1579 ).
3410 1508 3490 1563 Ad

1916 1596 2181 1650 medicum
2203 1597 2428 1662 venisti;
2460 1597 2639 1651 videre
2669 1608 2720 1652 te
2741 1596 2870 1651 dicis
2887 1596 2910 1650 ?
2930 1595 3221 1652 Cessabunt
3241 1598 3487 1668 collyria;

1913 1701 2127 1756 semper
2152 1701 2326 1742 czecus
2350 1688 2648 1743 remanebis
2677 1705 2689 1740 :
2722 1688 2978 1742 conﬁtere
2998 1696 3048 1742 te
3066 1704 3284 1755 caecum,
3301 1698 3356 1743 ut
3382 1689 3489 1743 illu-

1912 1779 2103 1835 minari
2157 1783 2432 1835 merearis.
2465 1780 2690 1835 Attende
2735 1779 2982 1844 Judaeos;
3025 1781 3239 1836 attende
3267 1781 3487 1838 Gentes.

1916 1872 2018 1938 Qui
2042 1887 2142 1927 non
2171 1871 2336 1927 vident
2360 1912 2374 1939 ,
2399 1871 2596 1927 videant
2621 1913 2636 1939 ,
2661 1869 2831 1941 inquit
2855 1891 2866 1925 :
2901 1870 3020 1927 ideo
3047 1873 3190 1935 veni,
3217 1882 3270 1926 ut
3299 1875 3384 1942 qui
3413 1872 3490 1927 vi-

1912 1964 2072 2030 dent,
2124 1965 2243 2018 εωεὶ
2299 1964 2446 2032 ﬁant.
2495 1963 2671 2032 Ipsum
2717 1963 2996 2018 Dominum
3042 1958 3281 2017 nostrum
3308 1962 3490 2018 lesuts

1912 2054 2181 2110 Christum
2213 2055 2265 2110 in
2294 2069 2456 2113 carne
2481 2053 2920 2110 videbantJudmi
2945 2070 2960 2118 ;
2991 2052 3188 2109 Gentes
3218 2069 3321 2106 non
3345 2053 3490 2108 vide-

1911 2146 2041 2201 bant
2070 2164 2084 2200 :
2112 2162 2237 2200 ecce
2266 2146 2354 2216 qui
2402 2145 2684 2211 viderunt,
2716 2143 3127 2207 cruciﬁxerunt;
3157 2143 3245 2212 qui
3279 2157 3382 2196 non
3407 2142 3490 2197 vi-

1911 2236 2108 2292 derunt
2136 2277 2151 2300 ,
2197 2235 2555 2290 crediderunt.
2585 2235 2723 2304 Ergo
2769 2233 2893 2302 quid
2925 2231 3096 2288 fecisti
3123 2274 3136 2296 ,
3179 2247 3212 2286 ο
3240 2231 3448 2286 Christe
3471 2273 3488 2297 ,

1911 2325 2169 2381 adversus
2212 2325 2506 2394 superbos?
2535 2324 2660 2394 quid
2692 2322 2896 2378 fecisti?
2920 2321 3174 2376 Videmus
3197 2363 3212 2386 ,
3255 2321 3376 2390 quia
3405 2319 3492 2377 di-

1910 2425 2102 2488 gnatus
2127 2432 2217 2481 es,
2246 2425 2300 2470 et
2325 2415 2561 2470 membra
2597 2422 2683 2469 tua
2714 2429 2926 2474 sumus;
2958 2413 3199 2466 videmus
3226 2431 3240 2466 :
3271 2412 3493 2467 abscon-

1911 2509 2036 2565 disti
2093 2510 2307 2572 Deum;
2359 2508 2598 2577 objecisti
2652 2507 2943 2561 hominem.
2999 2505 3174 2574 Quare
3230 2504 3370 2558 hoc?
3424 2504 3492 2558 Ut

1911 2603 2114 2657 accitas
2160 2618 2224 2656 ea:
2274 2611 2416 2670 parte
2447 2599 2616 2654 Israel
2653 2601 2812 2668 fieret,
2859 2607 2905 2653 et
2959 2598 3216 2668 plenitudo
3258 2597 3491 2652 Gentium

1910 2695 2142 2750 intraret.
2190 2692 2269 2747 Ad
2319 2692 2421 2747 hoc
2475 2690 2798 2745 abscondisti
2850 2690 3054 2748 Deum.
3113 2696 3168 2742 et
3222 2687 3489 2742 hominem

1912 2785 2214 2854 aspectibus
2238 2781 2502 2852 objecisli.
2531 2778 2824 2843 Videbant,
2851 2787 2904 2833 et
2933 2794 3038 2832 non
3073 2767 3322 2832 videbant
3354 2796 3366 2830 :
3406 2777 3491 2832 vi-

1913 2875 2112 2931 debant
2150 2874 2289 2951 quod
2316 2887 2598 2942 acceperas
2623 2913 2638 2937 ,
2667 2880 2719 2925 et
2747 2886 2853 2924 non
2881 2867 3130 2923 videbant
3157 2867 3293 2936 quod
3324 2881 3444 2922 eras
3472 2883 3488 2920 :

1911 2967 2162 3024 videbant
2205 2966 2430 3019 formam
2473 2963 2652 3028 servi,
2687 2977 2790 3016 non
2845 2961 3091 3015 videbant
3144 2958 3370 3013 formam
3398 2958 3489 3014 Ilei

1915 3057 2172 3130 (Philipp.
2207 3073 2260 3123 ιι,
2292 3057 2345 3122 6,
2376 3057 2467 3126 7);
2502 3055 2727 3109 formam
2759 3053 2923 3119 servi,
2960 3067 3063 3121 qua
3095 3051 3263 3120 major
3286 3060 3365 3105 est
3386 3049 3492 3105 Pa-

1915 3159 1996 3204 ter
2024 3149 2042 3219 (
2065 3148 2222 3203 Joan.
2252 3164 2360 3215 xw,
2386 3146 2456 3201 28
2478 3146 2497 3219 )
2522 3164 2536 3212 ;
2567 3161 2672 3200 non
2697 3144 2918 3198 formam
2944 3144 3058 3209 Dei,
3094 3151 3310 3212 propter
3331 3155 3488 3211 quam

1914 3241 2073 3296 modo
2106 3240 2326 3296 audistis
2347 3282 2361 3306 ,
2395 3239 2505 3310 Ego
2525 3247 2569 3292 et
2599 3237 2756 3292 Pater
2783 3253 2938 3290 unum
2958 3251 3129 3290 sumus
3154 3233 3261 3306 (1d.
3296 3250 3349 3300 ι,
3370 3232 3487 3305 '50).

1917 3334 2226 3388 Tenuerunt
2264 3331 2406 3402 quod
2431 3330 2679 3385 videbant
2708 3371 2723 3396 ,
2754 3327 3134 3383 cruxillxerunt
3164 3325 3303 3396 quod
3346 3323 3492 3379 vide-

1914 3426 2075 3489 bant;
2106 3424 2493 3478 insultaverunt
2519 3421 2568 3476 ei
2598 3435 2755 3490 quem
2787 3418 3077 3481 videbant,
3111 3431 3215 3470 non
3259 3428 3493 3483 agnove-

1917 3524 2041 3570 runt
2065 3513 2155 3584 qui
2181 3513 2394 3567 latebat.
2427 3511 2562 3564 Audi
2597 3509 2908 3576 Apostolum
2938 3506 3200 3560 dicentem
3233 3521 3246 3557 :
3274 3503 3336 3558 Si
3364 3505 3495 3556 enim

1918 3605 2292 3676 cognovissent,
2326 3617 2581 3663 nunquam
2611 3597 2886 3652 Dominum
2910 3594 3088 3666 gloria:
3130 3594 3496 3662 cruciﬁxissent

1919 3695 1938 3767 (
1965 3696 1982 3748 |
2012 3695 2128 3749 Cor.
2160 3708 2217 3757 ιι,
2246 3690 2343 3763 8).
2373 3691 2512 3760 Ergo
2541 3689 2740 3744 Gentes
2765 3703 2880 3758 qum
2906 3693 3107 3740 vocata:
3136 3685 3264 3739 estis
3288 3727 3302 3746 ,
3325 3691 3498 3737 atten-

1917 3785 2027 3841 dite
2057 3798 2232 3838 ramos
2270 3781 2520 3853 praecisos
2551 3787 2762 3849 propter
2791 3777 3162 3840 severitatem;
3195 3791 3286 3826 vos
3317 3784 3495 3826 autem

1919 3875 2145 3932 insertos
2173 3880 2386 3944 propter
2413 3870 2703 3925 bonitatem
2730 3910 2745 3934 ,
2773 3875 2825 3922 et
2847 3867 3129 3936 participes
3177 3863 3340 3918 factos
3381 3864 3500 3931 pin-

1919 3967 2161 4040 guedinis
2186 3966 2338 4032 olem,
2361 3979 2466 4018 non
2495 3962 2656 4016 altum
2689 3961 2975 4030 sapientes;
3007 3957 3059 4012 id
3081 3966 3161 4010 est
3187 3971 3291 4009 non
3317 3967 3502 4023 super-

1918 4063 2145 4119 bientes.
2175 4057 2298 4114 Non
2328 4057 2460 4112 enim
2504 4066 2556 4109 tu
2585 4055 2803 4109 radicem
2832 4064 3002 4122 portas
3029 4091 3043 4115 ,
3085 4049 3187 4113 ait;
3229 4047 3321 4103 sed
3351 4046 3500 4101 radix

1925 4163 1994 4208 te.
2048 4151 2211 4220 Magis
2243 4146 2547 4204 terreamini
2571 4185 2586 4209 ,
2627 4145 2748 4215 quia
2781 4141 2974 4196 videtis
3001 4147 3298 4208 amputatos
3324 4148 3502 4190 ramos

1923 4243 2208 4300 naturales.
2236 4238 2406 4296 Judaei
2442 4236 2583 4292 enim
2623 4249 2718 4304 per
2753 4231 3087 4287 Patriarchas
3116 4234 3404 4287 venerunt;
3431 4224 3500 4279 de

1921 4351 2080 4392 carne
2103 4333 2330 4390 Abrahae
2369 4329 2480 4384 nati
2505 4334 2647 4382 sunt.
2675 4324 2744 4380 Et
2771 4321 2895 4391 quid
2925 4321 2999 4374 ait
3041 4317 3364 4388 Apostolus?
3395 4314 3501 4369 Sed

1922 4428 2082 4482 dicis:
2108 4422 2280 4479 Fracti
2307 4428 2422 4476 sunt
2441 4419 2590 4484 rami,
2613 4425 2667 4470 ut
2687 4431 2777 4486 ego
2795 4414 3005 4466 inserar.
3021 4408 3178 4471 Bene;
3199 4414 3401 4477 propter
3422 4404 3502 4456 in-

1926 4520 2214 4589 ﬁdelitatem
2235 4513 2384 4584 fracti
2411 4518 2547 4566 sunt.
2570 4506 2645 4561 Tu
2673 4514 2859 4569 autem,
2892 4500 3080 4570 inquit,
3113 4498 3214 4567 ﬁde
3237 4505 3374 4558 stas;
3397 4495 3502 4547 noli

1924 4584 2081 4664 altum
2108 4621 2284 4674 sapere
2300 4645 2315 4670 ,
2343 4601 2430 4659 sed
2451 4602 2567 4654 time
2593 4614 2612 4653 :
2633 4597 2678 4652 si
2707 4596 2838 4651 enim
2866 4589 3177 4647 naturalibus
3193 4587 3343 4641 ramis
3366 4584 3504 4639 Deus

1926 4722 2026 4760 non
2056 4702 2314 4774 pepercit,
2354 4712 2510 4768 neque
2550 4694 2637 4749 tibi
2665 4701 2853 4763 parcet.
2901 4687 3129 4743 Attende
3155 4699 3284 4756 ergo
3323 4697 3504 4738 ramos

1928 4773 2142 4859 fractos,
2160 4802 2214 4848 et
2239 4801 2291 4846 te
2320 4793 2573 4846 insertum
2607 4803 2622 4842 :
2655 4783 2758 4839 noli
2789 4779 2973 4837 extolli
2999 4793 3160 4848 super
3189 4791 3366 4831 ramos
3394 4773 3504 4828 ira-

1929 4897 2045 4942 ctos
2065 4903 2080 4952 ;
2103 4883 2196 4939 sed
2215 4881 2381 4954 magis
2396 4879 2559 4934 dicito
2579 4878 2711 4940 Deo,
2737 4872 2902 4938 Quam
2928 4867 3193 4924 metuenda
3217 4876 3335 4922 sunt
3354 4877 3506 4936 opera

1931 4979 2057 5033 tua!
2084 4953 2342 5040 Fratres,
2392 4972 2434 5026 si
2464 4969 2716 5024 adversus
2740 4963 2954 5020 Judzcos
2990 4960 3114 5016 olim
3139 4959 3394 5030 praecisos
3439 4953 3508 5008 de

1933 5069 2110 5125 radice
2132 5064 2551 5122 Patriarcharum
2573 5057 2827 5113 extollere
2849 5069 2946 5109 nos
2974 5068 3076 5107 non
3107 5051 3386 5108 debemus.
3410 5043 3506 5100 sed

1935 5162 2121 5217 timere
2147 5158 2318 5229 potius
2333 5197 2348 5222 ,
2375 5163 2428 5209 et
2446 5151 2623 5206 dicere
2646 5151 2774 5215 Deo,
2797 5147 2961 5217 Quam
2985 5143 3204 5199 timenda
3220 5148 3338 5196 sunt
3356 5151 3509 5209 Opera

1936 5268 2021 5309 tua
2042 5253 2063 5307 !
2089 5228 2286 5323 quanto
2311 5248 2485 5302 minus
2507 5258 2610 5298 non
2633 5257 2730 5297 nos
2757 5240 3013 5296 debemus
3037 5235 3292 5290 extollere
3316 5228 3506 5283 adver-

1935 5363 2026 5404 sus
2046 5343 2278 5402 recentia
2302 5340 2520 5394 vulnera
2557 5330 2968 5406 prmcisionum?
2998 5325 3210 5383 Prmcisi
3239 5331 3361 5378 sunt
3387 5329 3510 5374 ante

1935 5437 2137 5500 Judaei;
2170 5434 2384 5488 insertte
2410 5435 2533 5484 sunt
2560 5425 2758 5482 Gentes
2788 5442 2802 5479 :
2826 5423 2892 5478 de
2921 5421 3029 5489 ipsa
3051 5416 3342 5472 insertione
3372 5425 3512 5481 prm-

1938 5528 2032 5583 eisi
2062 5535 2185 5582 sunt
2214 5520 2482 5586 haeretici;
2513 5518 2606 5574 sed
2637 5532 2805 5586 neque
2838 5521 3020 5568 contra
3048 5510 3170 5565 illos
3215 5521 3311 5562 nos
3338 5501 3512 5558 cxtolo

1937 5622 2050 5676 lere
2091 5619 2346 5674 debemus
2368 5657 2384 5681 ,
2417 5627 2484 5668 ne
2514 5612 2645 5666 forte
2667 5606 2876 5680 praecidi
2909 5613 3201 5668 mereatur,
3231 5612 3385 5669 quem
3414 5595 3511 5650 dc-

1939 5717 2098 5771 lectat
2141 5711 2389 5766 insultare
2415 5703 2667 5776 prmcisis.
2695 5700 2908 5756 Fratres
2933 5694 3040 5752 mei
3067 5737 3082 5762 ,
3114 5691 3514 5764 qualiscumque

1948 5803 2178 5879 episcopi
2209 5816 2306 5857 vox
2347 5795 2523 5855 sonuit
2545 5794 2695 5850 vobis
2717 5833 2731 5861 ,
2764 5802 3016 5862 rogamus
3039 5801 3132 5842 vos
3163 5791 3221 5838 ut
3243 5776 3472 5836 caveatis
3489 5790 3510 5829 ι
