4038 6452
652 526 744 583 20.
784 518 1074 598 [vers.15.]
1111 515 1180 572 Et
1217 517 1438 572 locutum
1470 521 1545 568 est
1576 526 1633 586 os
1665 521 1830 562 meum
1867 505 1922 598 in
1951 501 2160 557 tribula-

586 620 718 674 tione
761 596 891 670 mea.
937 613 1105 680 Quam
1147 608 1318 664 dulcis
1346 614 1429 661 est
1466 617 1608 674 stepe
1656 596 1956 657 tribulatio!
1997 607 2156 665 quam

585 705 916 764 necessaria!
943 702 1080 771 Quid
1102 701 1174 757 ibi
1207 699 1440 754 locutum
1465 703 1548 751 est
1571 707 1631 748 os
1659 691 1826 762 ipsius
1855 689 1907 743 in
1934 684 2158 742 tribula-

587 799 730 854 tione
757 797 889 852 sua?
914 793 1224 850 Holocausta
1238 789 1512 844 medullata
1528 784 1737 853 offeram
1759 782 1864 837 tibi.
1890 777 2027 860 Quid
2052 785 2158 842 est,

587 887 906 944 medullam?
941 885 1088 941 Intus
1114 892 1321 940 teneam
1362 877 1676 935 charitatem
1705 882 1884 938 tuam;
1915 885 2020 925 non
2058 868 2162 925 erit

592 979 647 1032 in
695 976 974 1048 superﬁcie
994 1017 1010 1041 ,
1053 976 1106 1030 in
1149 971 1394 1028 medullis
1422 967 1558 1023 meis
1582 965 1684 1022 erit
1714 962 1858 1036 quod
1897 960 2058 1032 diligo
2088 967 2158 1014 te.

589 1070 731 1126 Nihil
760 1070 902 1125 enim
938 1067 1157 1124 interius
1196 1061 1441 1128 medullis
1476 1057 1672 1116 nostris
1704 1073 1719 1112 :
1758 1054 2010 1110 interiora
2039 1063 2160 1106 ossa

587 1172 711 1218 sunt
758 1176 936 1226 carne,
967 1157 1214 1215 medulla:
1260 1154 1541 1209 interiores
1587 1157 1711 1205 sunt
1751 1145 1880 1217 ipsis
1929 1143 2158 1201 ossibus.

589 1252 839 1322 Quisquis
865 1266 992 1322 ergo
1017 1251 1068 1304 in
1097 1245 1378 1318 superﬁcie
1402 1243 1529 1300 colit
1553 1242 1744 1303 Deum,
1763 1236 1932 1307 magis
1951 1235 2163 1306 placere

588 1343 699 1398 vult
751 1341 1084 1403 hominibus;
1140 1337 1281 1392 aliud
1325 1344 1502 1391 autem
1550 1333 1691 1388 intus
1735 1328 2005 1392 sentiens,
2053 1339 2160 1380 non

588 1436 742 1492 oll‘ert
769 1435 1073 1491 holocausta
1115 1429 1462 1487 medullarum
1511 1444 1526 1482 :
1569 1423 1720 1495 cuius
1747 1429 1925 1478 autem
1950 1417 2161 1474 medul-

589 1527 692 1580 lam
721 1525 952 1596 inspicit,
985 1526 1155 1593 ipsum
1182 1531 1352 1576 totum
1376 1517 1583 1588 accipit.
1620 1514 1928 1570 Holocausta
1961 1509 2158 1564 medul-

588 1617 691 1671 lata
716 1617 925 1684 oﬂ‘eram
948 1616 1055 1683 tibi,
1078 1631 1188 1669 cum
1207 1614 1406 1668 incenso
1426 1619 1472 1664 et
1497 1606 1750 1663 arietibus.
1777 1604 1984 1660 Arietes
1999 1601 2162 1656 duces

588 1705 874 1764 Ecclesiae:
898 1716 1062 1762 totum
1090 1718 1281 1774 corpus
1305 1701 1497 1758 Christi
1517 1697 1776 1768 loquitur;
1805 1695 1908 1749 hoc
1925 1701 2004 1748 est
2023 1688 2162 1762 quod

586 1798 742 1853 oll'ert
777 1799 904 1853 Deo.
953 1797 1230 1852 lncensum
1257 1791 1384 1864 quid
1412 1790 1532 1847 est?
1569 1787 1770 1844 Oratio.
1811 1785 1936 1841 Cum
1961 1784 2162 1837 incenso

586 1901 633 1944 et
656 1889 928 1944 arietibus?
957 1889 1180 1943 Maxime
1207 1885 1349 1942 enim
1373 1885 1569 1940 arietes
1593 1888 1749 1936 orant
1774 1893 1868 1948 pro
1891 1874 2158 1948 gregibus.

591 1978 816 2046 Olferam
844 1980 931 2034 tibi
953 1978 1095 2033 boves
1121 1994 1233 2032 cum
1271 1976 1446 2030 hircis.
1488 1974 1656 2029 Boves
1681 1969 1981 2026 invenimus
2010 1966 2162 2022 tritu-

587 2081 786 2138 rantes,
813 2079 868 2126 et
895 2071 992 2142 ipsi
1017 2070 1306 2125 offeruntur
1328 2067 1455 2121 Deo.
1488 2061 1772 2132 Apostolus
1795 2059 1863 2115 de
1883 2057 2163 2114 annuntia-

589 2159 790 2215 toribus
825 2159 1097 2230 Evangelii
1132 2157 1263 2212 dixit
1299 2151 1696 2223 intelligendum
1724 2149 1864 2219 quod
1906 2148 2160 2217 scriptum

586 2259 670 2305 est
699 2267 713 2304 :
741 2249 866 2305 Boni
891 2249 1144 2303 trituranti
1167 2263 1223 2300 os
1249 2263 1346 2300 non
1374 2241 1667 2315 infrenabis.
1699 2237 1960 2308 Numquid
1983 2239 2047 2292 de
2071 2238 2161 2291 bo-

585 2341 679 2396 bus
718 2343 926 2413 pertinet
951 2340 1019 2395 ad
1047 2339 1210 2394 Deum
1241 2337 1260 2409 (
1284 2335 1446 2393 lCor.
1480 2352 1552 2401 ιι,
1587 2333 1689 2404 9)?
1715 2333 1854 2403 Ergo
1879 2331 2055 2401 magni
2087 2329 2190 2385 illi-

586 2434 811 2497 arietes,
844 2433 1017 2503 magni
1042 2432 1225 2487 boves.
1253 2429 1387 2497 Quid
1419 2426 1605 2496 reliqui
1631 2466 1647 2492 ,
1688 2423 1776 2494 qui
1803 2424 1937 2478 forte
1961 2419 2160 2476 conscii

586 2535 712 2580 sunt
733 2525 1028 2595 aliquorum
1060 2531 1394 2594 peccatorum
1424 2535 1438 2584 ;
1468 2518 1556 2588 qui
1584 2516 1718 2571 forte
1748 2515 1802 2569 in
1831 2514 1946 2584 ipso
1972 2511 2160 2566 itinere

585 2616 719 2687 lapsi
771 2625 934 2683 sunt,
979 2624 1032 2670 et
1078 2613 1292 2667 sauciati
1340 2627 1434 2681 per
1464 2607 1827 2680 paenitentiam
1872 2602 2160 2659 sanantur?

583 2705 878 2777 Numquid.
892 2715 945 2761 et
974 2705 1071 2775 ipsi
1101 2702 1471 2767 remanebunt,
1519 2707 1571 2754 ct
1612 2698 1676 2752 ad
1716 2697 2021 2751 holocausta
2053 2707 2158 2746 non

584 2798 960 2868 pertinebunt?
989 2797 1064 2852 Nc
1093 2795 1192 2867 ipsi
1223 2795 1462 2861 timeant,
1491 2791 1692 2846 addidit
1715 2798 1769 2844 et
1794 2789 1972 2843 hircos
2001 2805 2013 2841 :
2049 2785 2160 2840 Ho-

582 2892 828 2956 locausta,
861 2891 1049 2960 inquit,
1080 2888 1354 2942 medullata
1377 2883 1586 2952 oﬂ‘eram
1608 2883 1714 2946 tibi,
1755 2898 1868 2934 cum
1893 2881 2092 2934 incenso
2113 2888 2160 2932 et

581 2982 816 3036 arietibus
843 2997 862 3034 :
886 2979 1096 3047 offeram
1131 2978 1218 3032 tibi
1247 2978 1390 3031 boves
1431 2991 1545 3029 cum
1582 2973 1752 3027 hircis.
1808 2969 2160 3041 Adjunctione

583 3072 692 3140 ipsa
733 3071 1006 3126 salvantur
1048 3068 1177 3123 hirci
1229 3087 1241 3122 :
1288 3083 1382 3136 per
1409 3080 1467 3119 se
1501 3080 1604 3118 non
1636 3070 1893 3133 possunt;
1924 3058 2158 3130 adjuncti

583 3162 752 3218 bobus
779 3161 1130 3230 accipiuntur.
1178 3160 1442 3214 Fecerunt
1475 3157 1619 3212 enim
1651 3154 1852 3208 amicos
1887 3152 1955 3208 de
1985 3166 2156 3206 mam-

588 3269 744 3309 ntona
795 3253 1114 3323 iniquitatis,
1171 3260 1229 3305 ut
1278 3250 1376 3318 ipsi
1429 3249 1686 3318 recipiant
1729 3261 1823 3300 eos
1865 3245 1918 3298 in
1959 3252 2158 3298 acterna
2199 3274 2202 3277 -

583 3345 924 3401 tabernacula
982 3341 1152 3417 (Luc.
1199 3359 1328 3407 ιιι-ι,
1381 3341 1477 3405 9).
1532 3341 1672 3410 Ergo
1724 3339 1810 3393 isti
1865 3338 1993 3392 hirci
2050 3351 2156 3390 non

580 3449 734 3494 erunt
759 3454 786 3491 a
818 3437 1046 3493 sinistris
1067 3479 1081 3504 ,
1114 3437 1237 3506 quia
1268 3435 1508 3490 fecerunt
1532 3434 1631 3488 sibi
1659 3433 1858 3487 amicos
1894 3430 1959 3484 de
1987 3445 2157 3483 mam-

580 3542 734 3582 mona
760 3526 1070 3598 iniquitatis.
1099 3527 1200 3596 Qui
1230 3534 1405 3580 autem
1437 3524 1567 3578 hirci
1598 3523 1662 3578 ad
1686 3521 1993 3577 sinistram?
2018 3519 2155 3587 Qui-

579 3622 677 3675 bus
705 3621 930 3688 dicetur,
978 3619 1196 3686 Esurivi,
1247 3629 1292 3674 et
1323 3636 1421 3673 non
1449 3618 1657 3672 dedistis
1696 3616 1819 3669 mihi
1853 3614 2159 3668 manducare

579 3711 790 3783 (Matth.
832 3729 918 3776 xv,
960 3712 1047 3784 42)
1092 3731 1107 3766 :
1154 3727 1258 3767 non
1301 3712 1390 3782 qui
1427 3720 1642 3781 peccata
1680 3722 1773 3762 sna
1803 3704 2154 3776 elcemosynis

580 3805 937 3859 redemerunt.
1429 3867 1441 3877 ,

647 3895 736 3948 2|.
799 3894 945 3967 [vers
1001 3894 1066 3949 16
1095 3935 1108 3958 ,
1159 3894 1266 3966 17.]
1315 3893 1520 3958 Venite,
1572 3892 1772 3954 audite,
1821 3899 1870 3946 et
1916 3891 2152 3955 narrabo,

579 4003 752 4040 omnes
793 3987 879 4057 qui
916 3987 1098 4040 timetis
1141 3986 1320 4039 Deum.
1375 3984 1678 4049 Veniamus,
1719 3983 1994 4036 audiamus
2029 3981 2154 4052 quid

582 4087 896 4132 narraturus
936 4087 1035 4132 est.
1079 4077 1280 4143 Venite,
1329 4076 1496 4129 audite
1519 4115 1534 4141 ,
1578 4084 1622 4128 et
1649 4075 1882 4128 narrabo.
1911 4073 2012 4128 Sed
2043 4074 2151 4142 qui,

599 4171 768 4225 Venite
795 4180 841 4225 et
869 4171 1085 4224 audite?
1135 4169 1318 4224 Omnes
1358 4169 1446 4240 qui
1470 4167 1649 4221 timetis
1675 4164 1855 4219 Deum.
1897 4164 1952 4220 Si
1990 4165 2154 4218 Deum

579 4278 683 4316 non
716 4261 934 4329 timetis,
976 4276 1081 4316 non
1127 4261 1372 4316 narrabo.
1409 4259 1523 4314 Non
1566 4266 1649 4313 est
1673 4257 1863 4328 quibus
1892 4264 2154 4322 narretur,

579 4353 669 4408 ubi
695 4353 787 4408 Dei
818 4355 976 4409 timor
997 4368 1100 4408 non
1130 4362 1233 4408 est.
1267 4351 1357 4407 Dei
1388 4353 1546 4405 timor
1572 4351 1778 4420 aperiat
1801 4364 1976 4413 aures,
2007 4358 2065 4403 ut
2087 4349 2156 4403 sit

577 4446 719 4516 quod
734 4447 980 4510 intret,et
994 4461 1095 4516 qua
1108 4445 1268 4499 intret
1279 4443 1418 4514 quod
1436 4452 1744 4498 narraturus
1756 4457 1892 4495 sum.
1909 4439 2014 4495 Sed
2029 4439 2154 4510 quid

577 4545 660 4590 est
680 4536 1017 4590 narraturus?
1045 4535 1246 4603 Quanta
1265 4535 1379 4605 fecit
1402 4534 1584 4587 anima:
1607 4548 1746 4586 metu.
1774 4532 1911 4586 Ecce
1938 4545 2156 4585 narrare

579 4629 719 4692 vnit;
743 4629 833 4683 sed
851 4629 975 4698 quid
993 4636 1071 4683 est
1092 4627 1425 4682 narraturus?
1445 4628 1520 4680 An
1547 4626 1681 4680 forte
1703 4632 1952 4694 quantum
1980 4633 2158 4694 pateat

581 4727 741 4784 terra,
768 4729 1020 4787 quantum
1060 4717 1390 4773 distendatur
1435 4717 1649 4780 cmlnm,
1685 4724 1740 4771 et
1766 4725 1894 4786 quot
1934 4716 2040 4770 sint
2080 4716 2156 4769 si-

577 4808 728 4872 dera,
767 4817 821 4861 et
847 4826 962 4877 qua:
993 4810 1099 4862 sint
1128 4809 1271 4862 vices
1296 4807 1425 4861 solis
1465 4815 1519 4861 et
1559 4807 1735 4861 lunae?
1768 4806 1870 4860 ista
1911 4816 2154 4861 creatura

580 4897 785 4967 peragit
809 4896 1046 4950 ordinem
1069 4913 1220 4951 suum
1246 4916 1258 4951 :
1287 4898 1375 4966 qui
1399 4897 1618 4950 multum
1644 4911 1759 4950 eam
1785 4897 1990 4950 curiose
2012 4912 2155 4966 qum.

578 4991 782 5044 sierunt
805 5029 820 5054 ,
869 4988 984 5057 ejus
1013 4998 1305 5043 creatorem
1353 4989 1728 5058 ignoraverunt
1753 4986 1905 5059 (Sap.
1928 5004 2042 5054 xm,
2073 4987 2150 5057 9).

581 5079 714 5134 Illud
770 5079 971 5145 audite,
1023 5079 1150 5133 illud
1200 5081 1439 5148 accipite,
1495 5094 1527 5134 ο
1565 5083 1583 5110 ι
1613 5079 1699 5148 qui
1743 5080 1920 5133 timetis
1973 5080 2153 5144 Deum,

579 5182 770 5244 quanta
799 5173 912 5242 fecit
938 5173 1120 5226 anima:
1144 5187 1266 5226 mea:
1288 5173 1363 5226 :si
1397 5172 1574 5239 vultis,
1597 5179 1652 5226 et
1681 5180 1867 5226 vestra:
1883 5173 1925 5225 ².
1956 5172 2156 5240 Quanta

579 5266 696 5336 fecit
735 5265 920 5320 animo?
949 5281 1092 5322 mete.
1132 5265 1209 5317 Ad
1244 5267 1409 5334 ipsum
1438 5283 1524 5320 ore
1551 5281 1659 5318 meo
1687 5265 1916 5317 clamavi.
1962 5265 2025 5316 Et
2055 5263 2154 5318 hoc

582 5355 752 5422 ipsum
782 5354 976 5409 factum
1003 5355 1132 5409 dicit
1159 5355 1348 5408 anima:
1375 5371 1484 5409 sua:
1511 5373 1524 5408 :
1559 5362 1615 5408 ut
1642 5354 1707 5408 ad
1738 5355 1907 5423 ipsum
1939 5369 2030 5407 ore
2058 5367 2155 5407 suo

578 5445 853 5512 clamaret,
878 5446 1070 5500 factum
1095 5461 1214 5501 esse
1235 5445 1360 5499 dicit
1381 5446 1568 5498 animm
1593 5460 1724 5499 suat.
1754 5445 1910 5508 Ecce,
1944 5443 2152 5508 fratres,

579 5535 776 5590 Gentes
803 5552 1034 5602 eramus,
1071 5537 1170 5592 etsi
1198 5552 1302 5592 non
1336 5538 1385 5590 in
1431 5536 1602 5599 nobis,
1640 5536 1690 5588 in
1723 5535 2027 5605 parentibus
2057 5551 2155 5588 no-

647 5757 660 5786 ι
687 5762 787 5802 ιιιιο
807 5760 936 5814 Mss,
955 5753 1078 5804 illud
1099 5751 1319 5811 accipite,
1342 5765 1501 5803 omnes
1537 5750 1637 5816 qui,
1663 5761 1757 5801 etc.

648 5837 668 5866 '
693 5837 764 5884 sic
780 5835 960 5894 aliquot
985 5843 1087 5884 Mss.
1115 5835 1201 5884 Alii
1223 5847 1332 5884 cum
1361 5839 1491 5895 bon,
1514 5840 1558 5883 et
1578 5841 1731 5882 rostra
1757 5840 1844 5882 est.

1818 392 1874 447 s.
1914 385 2275 444 AUGUSTINI
2303 385 2608 465 EPISCOPl

3739 393 3842 452 800

2269 502 2413 556 stris.
2445 502 2510 558 Et
2536 503 2662 574 quid
2685 503 2814 560 dicit
2841 503 3164 574 Apostolus?
3210 507 3365 564 Scitis
3386 549 3402 577 ,
3431 510 3638 582 quando
3661 509 3841 568 Gentes

2267 594 2436 659 eratis,
2473 601 2540 648 ad
2565 596 2836 650 simulacra
2859 598 2968 652 sine
2993 613 3110 652 voce
3123 599 3370 668 quomodo
3391 599 3841 658 'ascendebatis'in-

2266 686 2403 741 ducti
2422 687 2466 758 (l
2496 688 2612 744 Cor.
2641 689 2833 760 xn,‘2).
2864 691 3012 746 Dicat
3039 707 3177 748 nunc
3201 693 3460 764 Ecclesia,
3493 697 3698 765 Quanta
3719 698 3840 768 fecit

2265 778 2447 833 animae
2465 795 2605 834 mete.
2625 780 2708 833 Ad
2730 784 2894 851 ipsum
2917 799 3002 837 ore
3025 799 3134 840 meo
3161 785 3392 842 clamavi.
3419 786 3592 844 Homo
3621 790 3642 823 ί
3669 790 3740 846 ad
3765 791 3839 847 la—

2265 866 2444 938 pidem
2464 869 2776 937 clamabam,
2803 871 2872 926 ad
2887 872 3082 943 lignum
3096 874 3315 930 surdum
3334 876 3649 943 clamabam,
3672 878 3838 936 simu-

2265 957 2421 1014 lacris
2443 960 2618 1016 surdis
2643 963 2800 1017 mutis
2820 962 3070 1033 loquebar
3093 983 3108 1020 :
3131 967 3242 1038 jam
3267 967 3438 1040 imago
3465 970 3556 1026 Dei
3579 986 3836 1030 conversa

2265 1057 2346 1104 est
2390 1048 2457 1104 ad
2498 1049 2802 1107 Creatorem
2847 1069 3023 1109 suum.
3068 1056 3168 1124 Qui
3209 1058 3450 1115 dicebam
3479 1061 3637 1132 ligno,
3681 1061 3834 1119 Pater

2265 1157 2404 1196 meus
2425 1157 2477 1196 es
2507 1149 2599 1207 tu;
2635 1154 2682 1197 et
2713 1143 2895 1214 lapidi,
2931 1146 3006 1200 Tu
3033 1163 3111 1202 me
3134 1151 3350 1219 genuisti
3377 1150 3588 1223 (Jerent.
3619 1170 3678 1220 ιι,
3706 1153 3836 1227 27);

2263 1233 2422 1291 modo
2448 1234 2588 1302 dico,
2622 1233 2780 1290 Pater
2795 1249 2979 1305 noster,
3001 1242 3085 1310 qui
3108 1258 3159 1296 es
3182 1243 3235 1296 in
3259 1245 3393 1299 cretis
3413 1245 3624 1314 (Matth.
3655 1263 3731 1313 Vt,
3756 1248 3836 1320 9).

2262 1324 2346 1378 Ad
2384 1325 2550 1395 ipsum
2595 1342 2681 1381 ore
2718 1343 2828 1383 meo
2874 1330 3103 1385 clamavi.
3157 1331 3259 1388 Ore
3285 1351 3395 1389 meo
3427 1335 3560 1406 jam,
3606 1354 3713 1394 non
3743 1355 3835 1397 ore

2241 1417 2457 1472 alieno.
2485 1416 2708 1484 Quando
2731 1420 3021 1476 clamabam
3051 1423 3116 1478 ad
3145 1425 3346 1495 lapides
3375 1426 3426 1481 in
3455 1443 3590 1484 vana
3613 1439 3835 1487 conver.

2263 1507 2468 1562 satione
2495 1518 2728 1578 paternae
2759 1511 3056 1567 traditionis
3089 1513 3129 1585 (Ι
3160 1513 3300 1570 Petr.
3329 1531 3369 1584 t,
3397 1519 3510 1588 18),
3534 1535 3632 1576 ore
3659 1521 3837 1578 alieno

2263 1597 2553 1652 clamabam
2587 1615 2601 1651 :
2632 1601 2843 1670 quando
2876 1604 3099 1660 clamavi
3124 1605 3190 1661 ad
3219 1607 3524 1677 Dominum,
3554 1614 3694 1683 quod
3723 1614 3836 1685 ipse

2263 1687 2497 1754 donavit,
2525 1691 2664 1760 quod
2690 1691 2802 1762 ipse
2841 1693 3136 1764 inspiravit,
3173 1698 3242 1752 ad
3264 1699 3428 1770 ipsum
3465 1718 3552 1757 ore
3590 1721 3698 1758 meo
3723 1705 3832 1759 cla-

2264 1781 2414 1843 mavi,
2437 1790 2484 1835 et
2509 1782 2725 1836 exaltari
2749 1783 2839 1837 sub
2863 1786 3190 1857 lingua-mea.
3221 1790 3356 1859 Quid
3382 1803 3488 1862 est,
3513 1795 3728 1850 clamaui
3750 1812 3840 1852 ore

2263 1886 2393 1940 meo,
2424 1881 2472 1926 et
2499 1873 2715 1928 exaltari
2742 1877 2831 1930 sub
2854 1878 3026 1949 lingua
3053 1897 3179 1934 mea.
3214 1881 3387 1952 Ipsum
3415 1886 3623 1956 publice
3647 1887 3834 1958 praedi-

2263 1963 2400 2028 cavi,
2452 1963 2622 2032 ipsum
2679 1967 2732 2020 in
2771 1978 2976 2024 secreto
3022 1971 3299 2027 confessus
3339 1991 3476 2029 sum.
3522 1976 3716 2032 Parum
3755 1989 3834 2034 est

2263 2053 2430 2109 Deum
2469 2057 2703 2113 exaltare
2731 2045 2954 2130 lingua;
2995 2063 3086 2119 sed
3117 2071 3172 2118 et
3203 2065 3303 2120 sub
3340 2065 3536 2136 lingua,
3587 2077 3645 2123 ut
3693 2070 3835 2140 quod

2262 2152 2440 2200 certus
2465 2145 2714 2217 loqueris,
2744 2149 2844 2205 hoc
2870 2152 3059 2208 tacitus
3085 2155 3306 2225 cogites.
3333 2156 3413 2210 Ad
3437 2159 3597 2228 ipsum
3619 2176 3704 2214 ore
3724 2176 3840 2214 meo

2262 2233 2474 2289 clamaui
2493 2277 2507 2300 ,
2539 2248 2585 2292 et
2612 2239 2828 2295 exaltari
2854 2242 2944 2296 sub
2965 2244 3137 2315 lingua
3159 2261 3286 2299 mea.
3322 2245 3456 2302 Vide
3484 2265 3638 2318 qnam
3666 2251 3718 2304 in
3746 2264 3838 2306 se-

2263 2335 2411 2381 creto
2451 2329 2562 2383 vult
2606 2344 2726 2386 esse
2751 2331 2953 2403 integer
2975 2337 3064 2404 qni
3105 2336 3261 2394 oﬂ'crt
3290 2339 3593 2395 holocausta
3622 2343 3832 2397 medul-

2264 2417 2389 2472 lata.
2441 2419 2554 2476 Hoc
2594 2423 2753 2492 agite,
2801 2424 3008 2491 fratres,
3043 2427 3144 2483 hoc
3185 2430 3479 2497 imitamini,
3521 2442 3574 2487 ut
3614 2433 3833 2499 dicatis,

2273 2508 2464 2578 Venite,
2512 2513 2682 2568 audite
2718 2527 2905 2588 quanta
2937 2519 3053 2588 fecit
3080 2523 3262 2577 animae
3302 2541 3444 2579 mete.
3477 2525 3661 2580 Omnia
3685 2527 3836 2582 enim

2263 2616 2381 2671 quae
2438 2617 2669 2672 enarrat,
2715 2608 2882 2678 ipsius
2924 2612 3089 2682 gratia
3131 2612 3262 2669 fiunt
3313 2615 3366 2670 in
3415 2617 3589 2672 anima
3628 2627 3833 2674 nostra.

2263 2693 2449 2750 Videte
2474 2696 2571 2751 alia
2601 2713 2716 2768 qua:
2746 2699 2907 2756 dicat.

2330 2783 2420 2840 22.
2463 2783 2609 2858 [νει-ε.
2643 2789 2754 2863 18.]
2795 2791 3118 2860 Iniquitatem
3142 2799 3186 2851 si
3207 2802 3442 2869 conspexi
3458 2802 3510 2854 in
3527 2803 3680 2858 corde
3699 2819 3836 2873 meo,

2260 2893 2361 2931 non
2398 2881 2636 2934 exaudiat
2673 2885 2694 2916 ³
2727 2883 2993 2942 Dominus.
3035 2886 3378 2948 Considerate
3429 2895 3585 2950 modo
3619 2896 3835 2966 fratres,

2260 2983 2417 3036 quam
2445 2969 2618 3035 facile,
2646 2989 2803 3043 quam
2836 2979 3072 3047 quotidie
3102 2980 3343 3039 homines
3369 2985 3748 3043 erubescentes
3776 2989 3827 3044 in

2262 3057 2559 3149 hominibus
2603 3063 2905 3136 iniquitates
2940 3083 3191 3128 accusant
3236 3090 3250 3128 :
3292 3075 3426 3132 Male
3453 3076 3597 3144 fecit,
3627 3079 3837 3149 perdite

2259 3146 2406 3216 fecit,
2448 3152 2735 3212 sceleratus
2763 3156 2927 3214 homo
2967 3170 3052 3218 est
3079 3181 3092 3217 :
3123 3163 3224 3220 hoc
3249 3165 3384 3222 forte
3411 3146 3830 3239 propter—homi-

2261 3254 2357 3293 nes
2384 3240 2530 3296 dicit.
2560 3243 2692 3300 Vide
2719 3247 2764 3301 si
2806 3264 2910 3304 non
2940 3252 2991 3305 in
3021 3253 3183 3310 corde
3220 3267 3310 3312 tuo
3335 3261 3598 3330 conspicis
3635 3263 3830 3332 iniqui-

2261 3336 2454 3424 tatem;
2484 3348 2550 3388 ne
2581 3333 2717 3392 forte
2755 3340 2895 3408 quod
2937 3343 3284 3412 reprehendis
3311 3347 3364 3402 in
3409 3351 3596 3420 altero,
3629 3355 3838 3424 cogites

2259 3417 2434 3520 facere
2455 3463 2468 3483 .
2501 3432 2554 3478 et
2584 3424 2705 3481 ideo
2746 3428 2800 3483 in
2841 3431 2986 3486 illum
3013 3435 3243 3504 clames,
3276 3455 3382 3493 non
3409 3444 3528 3511 quia
3561 3417 3831 3510 fecit,-sed

2259 3526 2378 3604 quia
2411 3525 2653 3570 mventus
2690 3527 2790 3572 est.
2823 3520 2957 3577 Redi
2991 3525 3056 3579 ad
3103 3535 3184 3593 te;
3218 3529 3358 3584 intus
3383 3542 3498 3587 esto
3525 3535 3616 3588 tibi
3640 3536 3823 3604 judex.

2259 3600 2397 3656 Ecce
2435 3605 2484 3657 in
2526 3608 2768 3664 cubiculo
2795 3620 2884 3667 tuo
2907 3615 3236 3688 abscondito,
3269 3621 3320 3676 in
3347 3621 3458 3692 ipsa
3489 3641 3616 3680 vena
3643 3600 3826 3683 intima

2259 3695 2456 3761 cordis,
2492 3698 2576 3752 ubi
2605 3709 2658 3754 tu
2689 3703 2837 3759 solus
2855 3720 2934 3773 es,
2959 3717 3013 3762 et
3039 3709 3125 3764 ille
3149 3713 3237 3781 qui
3270 3713 3443 3778 videt,
3475 3717 3579 3770 illic
3604 3719 3694 3773 tibi
3721 3720 3831 3775 dis—

2263 3785 2455 3854 pliceat
2502 3791 2782 3862 iniquitas,
2832 3806 2892 3851 ut
2935 3799 3144 3868 placeas
3182 3803 3310 3860 Deo.
3343 3807 3459 3862 Noli
3491 3808 3629 3863 illam
3661 3811 3831 3880 respi-

2257 3897 2402 3975 cere,
2436 3884 2487 3940 id
2514 3898 2595 3942 est
2619 3931 2635 3957 ,
2667 3892 2775 3946 noli
2805 3893 2945 3949 illam
2973 3896 3219 3967 diligere;
3261 3901 3353 3956 sed
3381 3904 3554 3970 potius
3589 3903 3832 3975 deSpice,

2259 3974 2312 4028 id
2339 3989 2442 4045 est,
2466 3990 2768 4050 contemne,
2801 3995 2854 4040 et
2876 3999 3115 4044 avertere
3143 3991 3212 4045 ab
3239 4008 3324 4048 ea.
3357 3995 3618 4064 Quidquid
3649 3974 3830 4052 tantum

2260 4073 2578 4138 promiserit,
2607 4084 2664 4128 ut
2692 4075 2872 4131 illiciat
2897 4078 2962 4132 ad
2991 4081 3316 4148 peccandum
3341 4100 3355 4147 ;
3385 4085 3640 4156 quidquid
3681 4089 3833 4143 triste

2260 4163 2452 4216 minata
2481 4164 2669 4232 fuerit,
2711 4175 2770 4222 ut
2797 4167 3030 4238 impellat
3057 4171 3122 4226 ad
3150 4156 3581 4231 malefaciendum
3600 4219 3616 4239 ,
3664 4189 3829 4234 totum

2260 4254 2385 4308 nihil
2415 4265 2515 4320 est,
2541 4265 2705 4311 totum
2734 4260 2922 4315 transit
2949 4277 2964 4325 ;
3007 4261 3204 4333 despici
3239 4265 3557 4335 dignum‘est
3583 4309 3596 4333 ,
3634 4278 3691 4322 ut
3719 4269 3830 4323 cal-

2257 4355 2440 4411 cetur;
2493 4364 2596 4401 non
2641 4351 2900 4422 conspici,
2933 4361 2992 4408 ut
3019 4364 3342 4423 acceptetur.
3394 4357 3658 4429 [Suggerit
3687 4363 3834 4415 enim

2258 4440 2538 4509 aliquando
2566 4457 2658 4511 per
2683 4445 3049 4514 cogitationes,
3081 4448 3165 4502 vel
3195 4463 3289 4517 per
3322 4451 3477 4504 verba
3515 4453 3833 4522 colloquen-

2257 4532 2385 4584 tium
2417 4533 2694 4589 malorum.
2721 4535 3075 4608 Corrumpunt
3099 4539 3239 4595 enim
3265 4555 3439 4597 mores
3463 4543 3647 4607 bonos,
3668 4547 3835 4600 collo.

2257 4624 2378 4693 quia
2407 4625 2542 4680 mala
2581 4643 2594 4679 :
2639 4635 2694 4680 tu
2721 4627 2826 4682 nali
2851 4643 2912 4683 ea
2942 4630 3206 4699 respicere
3236 4631 3277 4703 (Ι
3311 4632 3426 4688 Cor.
3456 4649 3546 4700 xv,
3581 4635 3696 4707 55).
3729 4636 3837 4692 Sed

2257 4730 2442 4784 parum
2480 4727 2559 4770 est
2589 4717 2641 4771 in
2666 4719 2848 4784 vultu,
2895 4736 3076 4789 parum
3106 4733 3189 4778 est
3229 4724 3280 4778 in
3311 4725 3485 4796 lingua
3524 4742 3538 4778 :
3585 4727 3637 4780 in
3671 4730 3839 4783 corde

2260 4808 2364 4860 noli
2403 4809 2686 4876 resliicere,
2722 4810 2772 4864 id
2801 4820 2901 4878 est,
2945 4814 3051 4867 noli
3092 4813 3332 4885 diligere,
3381 4818 3487 4871 noli
3531 4829 3837 4888 acceptare.

2258 4897 2389 4951 Nam
2419 4907 2714 4967 respectum
2747 4916 2840 4970 pro
2863 4902 3145 4960 dilectione
3173 4907 3293 4974 poni
3314 4907 3676 4977 quotidianum
3704 4919 3791 4965 est
3819 4927 3836 4965 :

2259 4989 2429 5057 primo
2455 4990 2577 5058 quia
2615 4989 2682 5043 de
2708 4991 2816 5046 Deo
2853 4991 3096 5059 dicimus,
3127 4995 3381 5065 Respexit
3410 4993 3517 5052 me.
3559 4998 3700 5066 Quid
3733 5011 3836 5068 est,

2260 5080 2512 5149 Respexit
2533 5082 2658 5136 me?
2684 5083 2820 5138 Ante
2839 5084 2982 5138 enim
3005 5093 3056 5140 te
3081 5101 3186 5141 non
3212 5087 3469 5143 videbat?
3488 5089 3592 5144 Aut
3618 5106 3840 5147 sursum

2258 5172 2582 5236 attendebat,
2622 5181 2676 5227 et
2698 5173 2940 5241 precibus
2972 5175 3075 5231 tuis
3099 5179 3453 5234 commonitus
3485 5187 3584 5244 est,
3615 5191 3679 5236 ut
3703 5183 3760 5236 in
3793 5193 3842 5238 te

2259 5265 2438 5318 oculos
2475 5266 2747 5320 mitteret?
2794 5265 3016 5322 Videbat
3061 5276 3113 5324 te
3152 5277 3207 5325 et
3235 5279 3392 5337 ante;
3423 5271 3550 5339 sed,
3579 5272 3843 5344 Respexit

2262 5371 2366 5418 me,
2398 5355 2546 5422 dicis,
2576 5357 2768 5411 Dilexit
2789 5372 2894 5412 me.
2923 5359 2986 5412 Et
3007 5359 3201 5414 homini
3227 5362 3314 5431 qui
3346 5370 3395 5416 te
3415 5363 3652 5429 videt,et
3683 5381 3845 5437 rugas

2259 5464 2402 5513 cum,
2437 5449 2588 5514 dicis,
2619 5460 2675 5503 ut
2702 5451 3013 5506 misereatur
3039 5453 3130 5517 tui,
3167 5453 3390 5522 Respice
3421 5471 3527 5512 me.
3560 5455 3726 5512 Videt
3756 5468 3846 5526 te;

2260 5549 2313 5593 et
2340 5538 2472 5593 dicis
2491 5581 2505 5604 ,
2538 5541 2764 5611 Respice
2793 5557 2898 5594 me.
2937 5541 3072 5608 Quid
3097 5552 3178 5598 est
3199 5545 3462 5625 ,_Respice
3490 5547 3619 5602 me?
3646 5547 3851 5620 Dilige,

2260 5629 2491 5695 attende,
2521 5631 2773 5686 miserere
2800 5633 2922 5688 mei.
2955 5633 3095 5704 Ergo
3118 5649 3224 5689 non
3254 5635 3372 5691 ideo
3395 5636 3544 5706 dixit,
3575 5636 3848 5712 Iniquitao

2330 5769 2341 5798 ί
2370 5769 2441 5816 sic
2465 5775 2565 5816 \tss.
2597 5776 2649 5817 At
2672 5766 2805 5827 add,
2823 5767 2939 5818 olim
2959 5769 3026 5818 ad
3049 5770 3278 5831 lapidem.

2327 5831 2345 5860 ⁹
2369 5831 2439 5877 sic
2461 5835 2565 5878 Mss.
2583 5831 2722 5892 juxta
2744 5837 2892 5880 Gram.
2927 5837 3052 5880 LXX.
3077 5839 3132 5880 At
3149 5833 3282 5892 ωδ..
3306 5832 3551 5886 exaudiet.
