4038 6464
257 351 352 408 801

255 479 352 520 rem
379 466 424 519 si
451 465 628 536 aspexi
655 466 704 520 in
729 466 878 520 corde
903 484 1010 522 meo
1030 510 1044 534 ,
1075 469 1192 538 quia
1224 472 1442 526 omnino
1470 475 1612 528 nulla
1637 477 1826 546 iniqui.

253 565 334 610 tas
360 557 661 626 suggeritur
679 557 826 612 cordi
855 557 1106 614 humano.
1135 560 1207 616 lbi
1233 564 1548 633 suggeritur,
1574 581 1678 622 non
1711 582 1832 622 ces-

163 662 166 666 '
248 656 331 698 sat
356 647 661 716 suggestio;
693 645 786 702 sed
807 663 912 702 non
935 651 1026 702 liat
1051 652 1334 720 respectio.
1360 652 1415 708 Si
1441 655 1584 708 enim
1613 656 1833 726 respicis

248 735 606 805 iniquitatem,
635 746 779 792 retro
807 739 1000 808 aspicis
1019 779 1034 805 ,
1065 749 1120 794 et
1139 740 1367 797 incurris
1399 744 1715 799 sententiam
1748 745 1833 800 di-

245 827 420 882 contis
445 829 651 882 Domini
671 829 728 884 in
755 828 1042 901 Evangelio
1066 849 1078 885 :
1114 831 1277 887 Nemo
1299 851 1491 904 ponens
1513 853 1717 890 manum
1744 853 1832 892 su-

244 935 336 986 per
355 928 587 972 aratrum
611 930 656 974 et
671 922 938 991 respiciens
958 933 1110 990 retro,
1131 933 1279 994 aptus
1302 935 1375 981 est
1395 943 1548 996 regno
1566 927 1658 981 Dei
1678 926 1831 998 (Luc.

244 1026 320 1075 ts,
342 1009 462 1079 62).
495 1010 630 1076 Quid
653 1026 782 1082 ergo
801 1011 973 1068 debeo
998 1012 1214 1069 facere?
1245 1015 1394 1084 Quod
1413 1017 1489 1071 ait
1511 1018 1790 1086 Apostolus
1815 1034 1828 1071 :

245 1103 376 1169 ριω
396 1113 531 1157 retro
557 1103 756 1165 oblitus,
779 1105 832 1158 in
851 1121 910 1158 ea
928 1122 1041 1175 qua:
1059 1117 1176 1160 ante
1190 1121 1305 1161 sunt
1327 1117 1553 1162 extentus
1574 1108 1828 1178 (Philipp.

241 1192 467 1262 111,13).
520 1193 684 1248 Retro
708 1194 849 1249 enim
878 1205 1059 1250 nostra
1101 1198 1278 1251 omnia
1323 1214 1440 1267 qua:
1485 1199 1826 1265 transierunt,

240 1281 420 1350 iniqua
442 1291 587 1337 sunt.
616 1282 786 1338 Nemo
802 1299 866 1339 ex
888 1285 1029 1339 bono
1045 1287 1188 1340 venit
1211 1286 1276 1341 ad
1299 1287 1570 1343 Christum
1602 1305 1614 1341 :
1643 1303 1830 1344 omnes

242 1386 639 1439 peccaverunt;
687 1374 952 1430 credendo
990 1376 1349 1445 justificantur
1392 1377 1569 1447 (Rom.
1602 1394 1679 1444 ιιι,
1710 1378 1824 1451 22).

239 1461 488 1516 Perfecta
515 1463 718 1533 justitia
761 1479 864 1519 non
889 1467 1006 1530 erit,
1044 1467 1144 1522 nisi
1182 1467 1236 1522 in
1277 1469 1361 1522 illa
1390 1468 1527 1532 vita;
1559 1478 1736 1525 tamen
1759 1469 1825 1533 ad

236 1565 574 1623 provectum,
604 1565 661 1611 et
689 1572 865 1613 mores
883 1558 1004 1613 boui
1030 1559 1098 1613 ab
1115 1560 1228 1630 ipso
1254 1560 1598 1632 inspirentur,
1622 1562 1690 1616 ab
1711 1563 1825 1632 ipso

233 1645 525 1700 donantur.
557 1646 672 1702 Noli
698 1662 826 1718 ergo
854 1658 940 1704 tua
970 1650 1154 1704 merita
1175 1660 1504 1720 computare.
1535 1651 1663 1706 noli.
1695 1652 1759 1706 Et
1779 1654 1822 1708 si

231 1737 471 1805 suggerit
487 1736 752 1806 iniquitas,
775 1738 878 1792 noli
896 1741 1216 1795 consentire.
1241 1739 1374 1806 Quid
1395 1741 1536 1796 enim
1566 1742 1680 1796 ait?
1705 1741 1723 1815 ]
1747 1741 1822 1815 (a)

235 1827 317 1881 Ini
333 1829 564 1893 ,uitatem
593 1830 638 1882 si
662 1831 902 1900 conspexi
925 1831 976 1884 in
997 1832 1148 1886 corde
1173 1849 1302 1900 meo,
1326 1849 1426 1886 non
1450 1833 1691 1888 exaudiat
1716 1833 1823 1889 Do-

229 1919 418 1971 minus.

294 2009 388 2065 25.
432 2009 583 2081 [νινε.
615 2010 723 2085 l9.]
764 1993 1040 2084 Propt'e'rea
1075 2013 1328 2068 exaudivit
1366 2031 1442 2068 me
1483 2013 1637 2070 Deus.
1680 2016 1814 2084 Quia

228 2101 563 2169 iniquitatem
603 2119 707 2158 non
751 2105 1001 2175 conspexi
1045 2105 1096 2160 in
1137 2105 1300 2163 corde
1337 2121 1477 2162 meo.
1511 2106 1577 2160 Et
1606 2107 1819 2162 intendit

226 2195 333 2246 t-oci
356 2195 602 2250 orationis
631 2213 771 2252 mete.

293 2285 388 2342 9A.
430 2285 581 2359 [νει-ε.
623 2289 738 2363 20.]
785 2289 1083 2347 Benedictus
1123 2291 1261 2347 Deus
1295 2309 1431 2348 meus
1473 2293 1530 2360 ',
1579 2293 1665 2363 qui
1717 2312 1818 2350 non

225 2379 410 2430 emovit
446 2378 848 2446 deprecationem
875 2398 1067 2446 meam,
1108 2392 1154 2436 et
1193 2384 1590 2438 misericordiam
1617 2402 1761 2439 suam
1785 2403 1818 2440 a

225 2485 318 2522 nte.
351 2469 523 2524 Tenet
545 2486 759 2527 sensum
788 2473 857 2527 ab
883 2489 949 2528 eo
969 2475 1088 2530 loco
1111 2517 1125 2539 ,
1154 2475 1245 2529 ubi
1271 2477 1364 2540 ait,
1401 2475 1592 2541 Venite,
1621 2478 1812 2544 audite,

222 2569 268 2611 et
296 2561 519 2614 narrabo
547 2561 701 2626 vobis,
733 2579 909 2620 omnes
937 2566 1024 2636 qui
1053 2567 1230 2620 tintetis
1263 2566 1419 2621 Deum
1440 2608 1456 2633 ,
1485 2579 1672 2638 quanta
1697 2572 1816 2640 fecit

221 2651 406 2704 animae
435 2667 598 2716 mea;
636 2662 691 2708 et
731 2655 863 2709 dixit
902 2672 1020 2726 quze
1057 2656 1305 2724 audistis,
1349 2668 1402 2712 et
1445 2659 1508 2712 ad
1539 2658 1698 2712 linem
1743 2660 1812 2715 ita

220 2741 520 2797 conclusit:
549 2742 851 2799 Benedictus
869 2745 1006 2800 Deus
1027 2765 1184 2814 meus,
1207 2749 1291 2818 qui
1315 2765 1415 2804 non
1437 2749 1622 2805 amovit
1641 2750 1812 2821 depreo

219 2835 466 2889 cationem
491 2853 651 2890 meam
668 2879 682 2899 ,
713 2848 760 2892 et
785 2840 1180 2895 misericordiam
1205 2859 1349 2896 suam
1373 2859 1404 2895 a
1432 2858 1528 2896 me.
1553 2841 1642 2898 Sic
1667 2843 1809 2898 enim

220 2927 465 2994 pervenit
485 2926 551 2979 ad
580 2929 1026 2985 resurrectionem
1052 2931 1150 2986 iste
1171 2932 1260 3002 qui
1292 2932 1548 3003 loquitur,
1584 2933 1671 2987 ubi
1697 2933 1808 3002 jznn

201 3021 268 3071 ’et
301 3033 403 3072 nos
441 3033 538 3088 spe
565 3035 751 3076 sumus
781 3037 796 3074 :
829 3022 937 3076 imo
965 3032 1018 3077 et
1048 3037 1145 3078 nos
1171 3039 1394 3088 sumus;
1425 3033 1480 3078 et
1506 3032 1683 3078 nostra
1707 3039 1809 3077 vox

216 3111 312 3165 ista
361 3119 469 3166 est.
513 3110 773 3179 Quamdiu
825 3128 954 3183 ergo
997 3113 1082 3168 hic
1131 3129 1352 3180 sumus,
1413 3114 1514 3169 hoc
1561 3129 1809 3184 rogemus

215 3202 406 3268 Deum,
451 3214 510 3257 ut
554 3219 658 3258 non
700 3219 732 3258 a
768 3205 921 3260 nobis
963 3216 1206 3260 amoveat
1239 3205 1666 3276 deprecationem
1711 3221 1808 3260 no-

211 3303 400 3360 stram,
432 3303 488 3348 et
514 3294 933 3350 misericordiam
961 3311 1147 3360 suam;
1181 3296 1232 3350 id
1257 3303 1360 3357 est.
1387 3305 1444 3350 ut
1462 3311 1806 3366 perseveran-

212 3393 293 3440 ter
319 3399 544 3440 oremus
567 3427 582 3452 ,
608 3396 663 3441 et
687 3398 1090 3456 perseveranter
1116 3386 1449 3442 misereatur.
1491 3388 1638 3442 Multi
1661 3389 1804 3444 enim

209 3474 564 3546 languescunt
591 3477 643 3530 in
670 3477 891 3543 orando,
923 3486 975 3532 ct
1003 3477 1056 3532 in
1099 3477 1331 3532 novitate
1356 3492 1466 3532 sua:
1494 3480 1802 3534 conversio-

208 3567 291 3622 nis
319 3566 591 3622 ferventer
613 3579 788 3633 orant,
833 3578 1014 3638 postea
1051 3569 1328 3639 languide,
1377 3579 1558 3637 postea
1589 3567 1799 3640 frigide,

208 3665 392 3725 postea
421 3656 788 3728 negligenter:
821 3659 968 3728 quasi
989 3659 1163 3713 securi
1193 3658 1341 3713 ﬁunt.
1373 3659 1559 3728 Vigilat
1587 3659 1755 3715 hostis
1783 3677 1797 3714 :

204 3746 412 3801 dormis
435 3756 509 3802 tu.
536 3747 654 3818 Ipse
680 3749 934 3804 Dominus
954 3750 1211 3820 praecepit
1240 3750 1292 3804 iu
1321 3750 1649 3821 Evangelio;
1679 3753 1800 3822 quia

203 3849 401 3909 oportet
424 3857 620 3910 semper
638 3857 802 3906 orare,
829 3851 873 3895 et
905 3858 1004 3895 non
1025 3841 1255 3910 deficere.
1296 3841 1362 3896 Et
1388 3842 1477 3896 dat
1499 3842 1799 3899 similitudi-

205 3947 327 3984 nem
356 3931 424 3985 de
453 3933 542 3986 illo
565 3932 746 4002 iniquo
767 3932 966 4001 judice,
994 3933 1083 4002 qui
1113 3947 1208 3987 nec
1231 3933 1395 3986 Deum
1425 3933 1666 4000 timebat,
1699 3949 1797 3989 nec

205 4023 478 4079 hominem
509 4026 885 4091 reverebatur;
927 4041 1084 4095 quem
1119 4027 1493 4095 interpellabat
1519 4027 1606 4080 illa
1637 4027 1795 4082 vidua

203 4115 444 4184 quotidie
480 4126 537 4169 ut
570 4117 776 4171 audiret
799 4132 915 4171 eam
949 4135 963 4170 :
994 4127 1048 4172 et
1071 4119 1229 4172 cessit
1262 4118 1418 4172 twdio
1443 4119 1532 4188 qui
1559 4134 1664 4172 non
1695 4118 1793 4174 lle-

203 4207 448 4262 ctebatur
476 4209 870 4273 misericordia;
894 4219 948 4264 et
975 4211 1048 4264 ait
1069 4209 1166 4264 sibi
1184 4210 1344 4278 judex
1375 4226 1601 4280 nequam
1627 4228 1640 4264 :
1677 4229 1694 4262 ι
1735 4212 1789 4266 Si

202 4314 304 4354 nec
330 4300 497 4354 Deum
526 4301 703 4365 timeo,
733 4315 831 4356 nec
871 4303 1114 4356 homines
1151 4317 1433 4366 revereor;
1461 4303 1546 4356 vel
1573 4313 1792 4372 propter

200 4392 420 4446 aedium
462 4393 601 4463 quod
627 4394 754 4447 mihi
785 4394 1020 4464 quotidie
1056 4393 1180 4448 facit
1207 4395 1320 4449 hinc
1356 4394 1534 4456 vidua,
1577 4395 1787 4450 audiam

199 4497 419 4537 causam
459 4483 594 4552 ejus,
618 4492 673 4538 et
705 4484 983 4539 vindicabo
1011 4499 1152 4539 eam.
1204 4485 1273 4539 Et
1299 4484 1371 4539 ait
1410 4485 1701 4539 Dominus:
1732 4487 1786 4541 Si

193 4572 359 4642 jndes
400 4588 627 4642 nequam
661 4573 762 4628 hoc
790 4575 933 4642 fecit,
967 4575 1125 4630 Pater
1162 4587 1340 4630 vester
1367 4591 1471 4630 non
1502 4576 1787 4633 vindicabit

196 4665 400 4718 electos
424 4679 553 4719 suos
573 4667 658 4734 qui
686 4666 751 4719 ad
774 4681 893 4720 eum
915 4667 1144 4722 clamant
1162 4667 1248 4722 die
1272 4682 1334 4721 ac
1360 4669 1554 4722 nocte?
1576 4667 1649 4723 lta
1667 4670 1784 4725 dico

195 4753 382 4816 vobis;
407 4752 566 4807 faciet
587 4754 840 4824 judicium
869 4772 1052 4810 eorum
1075 4757 1180 4811 cito
1209 4776 1228 4809 ι
1265 4756 1416 4826 (Luc.
1451 4774 1580 4812 xvnt
1603 4802 1619 4826 ,
1646 4761 1778 4832 l-8).

197 4844 343 4914 Ergo
365 4861 468 4898 non
495 4845 803 4901 deficiamus
835 4849 884 4902 iu
911 4851 1172 4904 oratione.
1201 4848 1296 4903 Ille
1322 4851 1463 4918 quod
1495 4867 1782 4908 COIICCSSII-

192 4950 289 4989 rus
309 4945 412 4998 est,
433 4937 531 4989 etsi
554 4936 746 5002 dill‘ert,
775 4953 878 4991 non
901 4938 1070 4993 atifert
1096 4958 1108 4993 :
1135 4941 1306 4994 securi
1324 4939 1390 4994 de
1407 4942 1780 5010 pollicitatione

191 5025 363 5094 ipsius
403 5041 508 5080 non
557 5027 865 5083 deﬁciamus
911 5031 1148 5098 orando;
1193 5041 1247 5087 et
1291 5033 1389 5098 hoc
1417 5047 1480 5086 es
1525 5034 1779 5089 beneficio

190 5115 362 5183 ipsius
383 5126 484 5169 est.
518 5116 803 5186 Propterea
825 5119 958 5173 dixit
987 5139 1000 5174 :
1031 5119 1326 5175 Benedictus
1359 5121 1492 5177 Deus
1513 5141 1668 5189 meus,
1693 5127 1778 5196 qui

184 5223 291 5260 non
321 5210 510 5262 amovit
535 5210 931 5279 deprecationem
948 5231 1127 5277 meam,
1153 5230 1198 5268 et
1220 5216 1606 5270 misericordiam
1633 5236 1776 5274 suam

179 5316 214 5348 α
252 5315 350 5353 me.
395 5297 528 5354 Cum
555 5302 752 5358 videris
779 5320 883 5358 non
923 5320 953 5358 a
985 5314 1036 5360 te
1075 5315 1305 5361 amotam
1345 5309 1772 5377 deprecationem

182 5399 357 5454 tuam,
389 5405 609 5446 securus
633 5403 768 5459 esto,
806 5395 926 5465 quia
967 5411 1072 5453 non
1112 5405 1192 5452 est
1215 5412 1245 5451 a
1277 5405 1330 5454 te
1347 5409 1524 5453 amota
1565 5402 1774 5456 miseri-

178 5481 366 5534 cordia
393 5483 532 5552 ejus.

179 5595 364 5702 hx;)sic
390 5597 609 5658 potiores
642 5604 747 5648 uss.
769 5606 824 5650 At
854 5600 966 5650 ωδ.
993 5615 1089 5652 ιιοιι
1104 5603 1302 5667 addunt,
1325 5617 1476 5666 meus,
1496 5609 1585 5658 nisi
1603 5607 1772 5659 ultimo

248 5671 307 5704 ω.

248 5717 323 5777 (ιι)
351 5724 518 5768 Plures
541 5727 593 5769 et
614 5723 776 5782 probae
799 5730 926 5772 notae
952 5732 1056 5775 Mss.
1083 5734 1250 5779 carent
1283 5730 1504 5779 omnibus
1530 5733 1587 5780 iis
1622 5734 1773 5782 versi-

177 5778 276 5830 bus
299 5781 380 5843 qui
404 5778 753 5834 concluduntur
777 5784 972 5836 ansulis.

1353 360 1748 419 ENARRATIO
1785 363 1850 418 ΙΝ
1891 363 2208 424 PSALMUM
2251 370 2432 426 LXVI.

3414 388 3523 446 802

2351 580 2431 641 IN
2471 582 2728 644 PSALM
2737 586 2846 647 ΗΜ
2878 589 3078 652 LXVI

2501 701 2915 761 ENARRATIO.

2446 829 2620 872 εειιιιο
2659 833 2727 872 AD
2769 833 2992 876 PLEBEI.

2007 928 2060 979 ί.
2101 924 2249 998 [ver-s.
2281 925 2358 999 2.]
2396 928 2632 985 Meminit
2677 930 2917 988 Charitas
2949 933 3156 1003 Vestra,
3212 937 3264 994 in
3304 939 3512 1000 duobus

1936 1015 2152 1084 psalmis
2189 1018 2277 1087 qui
2316 1018 2425 1087 jam
2456 1022 2661 1075 tractati
2695 1033 2837 1088 sunt,
2870 1024 3181 1083 exhortatos
3220 1045 3315 1086 nos
3347 1030 3508 1089 fuisse

1934 1105 2162 1162 animam
2204 1118 2439 1162 nostram
2481 1118 2539 1165 ut
2579 1111 2915 1169 benediceret
2957 1115 3236 1174 Dominum
3264 1161 3280 1188 ,
3321 1131 3376 1176 et
3422 1125 3508 1193 pio

1934 1205 2090 1250 cantu
2111 1196 2310 1253 dixisse
2340 1214 2354 1250 :
2381 1197 2596 1254 Benedic
2620 1201 2791 1255 anima
2812 1220 2922 1258 mea
2941 1203 3212 1261 Dominum
3228 1212 3246 1278 (
3259 1209 3505 1276 Psal.cn.

1933 1285 1986 1348 i,
2018 1295 2063 1338 et
2087 1300 2198 1352 cur,
2233 1286 2307 1357 l).
2341 1288 2396 1342 Si
2430 1305 2557 1360 ergo
2599 1287 2802 1346 hortati
2832 1308 3018 1349 sumus
3056 1296 3106 1350 in
3155 1297 3258 1354 illis
3292 1301 3509 1370 psalmis

1931 1375 2160 1430 animam
2202 1387 2434 1432 nostram
2478 1389 2534 1433 ut
2570 1380 2910 1440 benediceret
2955 1386 3267 1455 Dominum;
3308 1393 3360 1447 in
3406 1392 3508 1448 huc

1931 1469 2136 1538 psalmo
2160 1483 2305 1526 recte
2329 1471 2521 1528 dicitur
2548 1491 2564 1527 :
2597 1474 2733 1530 Deus
2755 1478 3046 1534 misereatur
3073 1485 3252 1552 nostri,
3279 1496 3326 1538 et
3356 1489 3506 1542 bene-

1929 1558 2065 1614 dicat
2094 1577 2202 1615 nos.
2235 1561 2520 1617 Benedth
2547 1565 2721 1619 anima
2753 1576 2931 1628 nostra
2961 1569 3262 1639 Dominum,
3282 1584 3334 1629 et
3365 1575 3505 1631 Dens

1931 1649 2207 1707 benedicat
2233 1669 2348 1708 nos.
2374 1652 2508 1709 Cum
2544 1655 2809 1712 benedicit
2832 1674 2931 1714 nos
2957 1659 3127 1729 Deus,
3159 1678 3256 1718 nos
3303 1668 3504 1722 cresci—

1929 1757 2076 1808 mus;
2105 1753 2156 1799 et
2185 1759 2306 1799 cum
2338 1745 2702 1803 benedicimus
2728 1765 2826 1804 nos
2846 1751 3148 1822 Dominum,
3187 1772 3282 1811 nos
3305 1761 3502 1814 cresci-

1927 1849 2045 1888 mus
2087 1850 2100 1886 :
2144 1844 2426 1906 utrumque
2479 1837 2632 1892 nobis
2686 1841 2917 1910 prodest.
2982 1842 3097 1898 Non
3144 1855 3364 1918 augetur
3416 1849 3504 1906 ille

1926 1924 2292 1983 benedictione
2329 1939 2506 1984 nostra
2528 1971 2543 1994 ,
2573 1947 2674 1988 nec
2718 1934 2971 1990 minuitur
3009 1936 3373 1995 maledictione
3406 1956 3503 1997 no-

1898 2005 2050 2072 rstra.
2079 2018 2178 2086 Qui
2210 2021 2474 2078 maledicit
2503 2023 2747 2089 Domino,
2775 2025 2888 2095 ipse
2914 2027 3195 2094 minuitur;
3226 2031 3314 2102 qui
3342 2031 3503 2088 bene-

1922 2103 2048 2160 dicit
2073 2107 2371 2176 Dominum,
2395 2112 2508 2180 ipse
2535 2121 2775 2184 augetur.
2808 2114 2960 2170 Prior
2986 2126 3066 2170 est
3089 2115 3140 2170 in
3164 2118 3318 2174 nobis
3342 2121 3502 2176 bene-

1923 2194 2084 2251 dictio
2118 2198 2343 2266 Domini,
2370 2209 2424 2254 et
2449 2216 2786 2272 consequens
2813 2213 2894 2259 est
2921 2214 2979 2259 ut
3006 2215 3061 2260 et
3090 2222 3186 2261 nos
3209 2207 3498 2265 benedica-

1922 2302 2040 2339 mus
2077 2287 2378 2343 Dominum.
2420 2290 2508 2344 Illa
2561 2291 2757 2360 pluvia,
2808 2293 2909 2349 iste
2961 2293 3163 2350 fructus
3208 2306 3312 2352 est.
3359 2297 3502 2370 Ergo

1921 2376 2159 2432 redditur
2203 2388 2448 2451 tanquam
2486 2381 2690 2437 fructus
2717 2381 2959 2454 agricolae
3000 2383 3142 2452 Deo,
3181 2389 3501 2457 comptuenti

1923 2483 2016 2522 nos
2043 2477 2096 2522 et
2114 2470 2327 2524 colenti.
2357 2469 2646 2529 Cantemus
2687 2474 2785 2530 ista
2827 2475 3110 2532 devotione
3149 2493 3252 2533 non
3293 2479 3496 2548 sterili,

1919 2576 2024 2614 non
2054 2561 2196 2616 inani
2234 2578 2382 2629 voce,
2415 2565 2507 2619 sed
2547 2581 2674 2620 vero
2728 2567 2911 2622 corde.
2967 2569 3314 2638 Apertissime
3353 2572 3495 2626 enim

1919 2649 2057 2702 Deus
2088 2650 2431 2707 l’aterdictus
2468 2663 2550 2708 est
2584 2655 2836 2724 agricola.
2881 2657 3164 2726 Apostolus
3200 2659 3326 2714 dicit
3360 2659 3496 2715 :Dei

1915 2740 2227 2810 agricultura
2259 2745 2393 2810 estis,
2425 2743 2520 2798 Dei
2540 2746 2808 2814 aediﬁcatio
2849 2749 2985 2802 estis.
3034 2747 3088 2802 lo
3137 2751 3296 2806 rebus
3341 2752 3496 2822 hujus

1916 2834 2098 2888 mundi
2128 2835 2436 2902 visibilibus,
2464 2837 2584 2892 vitis
2617 2852 2722 2892 non
2753 2847 2836 2893 est
2861 2838 3141 2895 aedilicium
3163 2883 3178 2908 ,
3226 2851 3280 2897 et
3321 2843 3492 2899 sedili-

1913 2927 2052 2981 cium
2083 2943 2187 2983 non
2218 2938 2302 2984 est
2323 2930 2474 2984 vinea
2508 2945 2644 2986 :nos
2664 2940 2841 2986 autem
2870 2930 3025 2986 vinea
3057 2933 3263 2988 Domini
3285 2949 3491 3004 sumus,

1913 3017 2034 3086 quia
2059 3019 2186 3072 colit
2212 3035 2309 3074 nos
2331 3020 2396 3074 ad
2425 3019 2687 3086 fructum;
2714 3018 2996 3076 a:dilicium
3025 3021 3114 3077 Dei
3145 3039 3349 3090 sumus,
3369 3026 3492 3096 quia

1912 3108 2002 3178 qui
2050 3109 2175 3163 colit
2222 3125 2322 3164 nos
2376 3108 2576 3164 habitat
2625 3110 2676 3164 in
2718 3111 2892 3166 nobis.
2939 3110 3008 3166 Et
3054 3113 3176 3181 quid
3229 3115 3304 3168 ait
3351 3115 3490 3170 idem

1912 3199 2235 3271 Apostolus?
2276 3199 2388 3271 Ego
2439 3200 2684 3271 plantavi,
2732 3201 2916 3271 Apollo
2957 3202 3173 3274 rigavit;
3221 3206 3311 3259 sed
3352 3203 3491 3261 Deus

1910 3291 2267 3345 incrementum
2294 3291 2448 3346 dedit.
2485 3291 2622 3364 Ergo
2651 3311 2808 3362 neque
2831 3294 2916 3367 qui
2945 3293 3145 3349 olautat
3167 3306 3239 3351 est
3272 3297 3484 3368 aliquid,

1910 3398 2066 3448 neque
2097 3383 2182 3451 qui
2207 3383 2336 3452 rigat
2355 3398 2375 3448 ,'
2397 3384 2486 3436 sed
2516 3385 2602 3452 qui
2635 3385 2990 3438 incrementum
3011 3385 3099 3438 dat
3118 3385 3260 3442 Deus
3287 3387 3305 3458 (
3322 3388 3337 3442 Ι
3367 3387 3488 3444 Cor.

1906 3489 1988 3536 ιιι,
2011 3473 2154 3546 6-9).
2187 3473 2276 3528 llle
2300 3489 2427 3543 ergo
2471 3474 2852 3529 incrementum
2893 3475 3004 3530 dat.
3039 3475 3302 3548 Numquid
3346 3479 3482 3534 forte

1908 3563 1995 3618 isti
2023 3575 2145 3618 sunt
2172 3564 2418 3635 agricola:
2439 3565 2462 3617 ‘l
2485 3565 2726 3635 Agricola
2755 3567 2896 3620 enim
2923 3565 3116 3620 dicitur
3138 3569 3225 3636 qui
3259 3569 3479 3637 plantat,

1904 3657 1992 3726 qui
2023 3655 2155 3726 rigat
2183 3672 2196 3708 :
2227 3655 2360 3710 dixit
2379 3657 2877 3726 autemApostolus,
2899 3654 3008 3728 Ego
3031 3657 3256 3727 plantavi
3274 3660 3480 3728 Apollo,

1903 3748 2100 3820 rigavit.
2126 3749 2424 3817 Quaerimus
2454 3749 2590 3804 unde
2629 3749 2740 3818 ipse
2775 3749 2877 3804 hoc
2911 3750 3138 3806 fecerit?
3178 3752 3485 3823 Respondet

1902 3839 2228 3910 Apostolus:
2262 3837 2386 3893 Non
2431 3855 2522 3911 ego
2567 3850 2776 3903 autem;
2823 3840 2912 3896 sed
2949 3843 3114 3911 grulia
3150 3841 3244 3896 Dei
3290 3857 3484 3899 mecum

1902 3929 2089 3998 (lbid.,
2111 3929 2340 4000 xv,.lO).
2362 3930 2503 4000 Ergo
2527 3947 2861 4001 quocumque
2893 3940 2942 3986 te
2962 3934 3219 3997 verteris;
3252 3935 3364 3988 sive
3389 3948 3484 4002 per

1900 4025 2150 4094 Angelos,
2195 4024 2358 4078 Deum
2406 4025 2640 4079 invenies
2677 4025 2956 4093 agricolum
3001 4034 3181 4088 tuum;
3222 4027 3333 4080 sive
3389 4042 3482 4096 per

1900 4116 2212 4186 l‘r0phetas,
2246 4117 2358 4184 ipse
2397 4123 2480 4169 est
2504 4117 2733 4186 agricola
2767 4126 2918 4179 tuus;
2963 4117 3073 4170 sive
3121 4131 3214 4184 per
3248 4119 3479 4185 Aposto-

1898 4210 1998 4272 los,
2028 4208 2274 4264 eumdem
2315 4209 2485 4277 ipsum
2527 4223 2755 4277 agnosce
2795 4208 3076 4278 agricolam
3129 4219 3294 4263 tuum.
3338 4211 3476 4274 Quid

1895 4315 2022 4368 ergo
2049 4299 2188 4353 nos?
2211 4299 2457 4352 Fortasse
2487 4297 2714 4367 operarii
2746 4311 2930 4350 sumus
2959 4297 3202 4366 agricolze
3229 4297 3388 4362 illius,
3418 4309 3475 4354 et

1895 4390 1995 4446 hoc
2021 4391 2190 4461 ipsum
2213 4391 2279 4445 ab
2305 4391 2418 4460 ipso
2441 4389 2721 4458 impartitis
2751 4388 2964 4452 viribus,
2987 4389 3116 4442 etab
3140 4389 3252 4459 ipso
3277 4388 3475 4447 donata

1892 4485 2078 4553 gratia.
2110 4483 2224 4552 Ipse
2249 4498 2376 4552 ergo
2413 4493 2464 4536 et
2496 4482 2642 4546 colit,
2672 4491 2728 4536 et
2757 4482 3138 4535 incrementum
3170 4482 3279 4536 dat.
3316 4483 3470 4551 Agri.

1891 4575 2004 4628 eola
2031 4586 2206 4628 autem
2233 4574 2392 4628 homo
2420 4575 2626 4628 vineam
2655 4573 2780 4627 colit
2805 4573 3077 4639 hactenus,
3120 4583 3175 4626 ut
3200 4583 3313 4629 aret
3333 4616 3347 4636 ,
3376 4591 3470 4644 pu.

1892 4673 1982 4731 tet,
2013 4665 2260 4719 adhibeat
2293 4674 2485 4719 cetera
2522 4680 2641 4734 qua:
2689 4664 2957 4734 pertinent
3003 4664 3068 4718 ad
3116 4659 3470 4735 agricolarum

1889 4758 2210 4828 diligentiam
2241 4775 2253 4810 :
2283 4758 2463 4828 pluere
2490 4757 2658 4812 vinea:
2698 4772 2807 4810 sua:
2850 4772 2952 4810 non
2998 4766 3189 4824 potest.
3229 4758 3380 4825 Quod
3422 4761 3466 4815 si

1889 4848 2023 4903 forte
2062 4849 2279 4919 irrigare
2309 4856 2499 4918 potest,
2546 4850 2613 4901 de
2651 4846 2799 4916 cujus
2838 4845 3050 4915 potest?
3093 4846 3208 4917 Ipse
3251 4849 3464 4917 quidem

1885 4939 2031 4994 ducit
2059 4940 2108 4993 in
2141 4940 2309 4993 rivum
2340 4940 2379 5004 ί,
2411 4939 2502 4993 sed
2533 4939 2669 4992 Deus
2712 4937 2892 5005 implet
2931 4937 3149 4990 fontem.
3191 4939 3466 4994 Postremo

1886 5033 1937 5086 in
1967 5033 2119 5086 vinea
2144 5047 2238 5086 sua
2271 5033 2651 5086 incrementum
2679 5029 2808 5084 dare
2833 5031 3119 5085 snrmeutis
3137 5047 3238 5085 non
3266 5042 3458 5100 potest.

1885 5124 2113 5179 formare
2163 5125 2360 5178 fructus
2405 5139 2507 5177 non
2543 5130 2730 5191 potest,
2774 5120 3080 5176 tnudilicare
3116 5124 3314 5176 semina
3355 5137 3457 5177 non

1882 5225 2076 5288 potest,
2110 5226 2343 5285 tempora
2367 5212 2612 5284 gignendi
2642 5221 2938 5282 temperare
2971 5230 3074 5268 non
3098 5221 3288 5283 potest.
3319 5212 3452 5268 Deus

1879 5320 2057 5364 autem
2085 5307 2175 5378 qui
2206 5306 2382 5360 omnia
2411 5314 2600 5375 potest,
2635 5305 2864 5373 agricola
2907 5317 3087 5360 noster
3125 5314 3242 5368 est;
3283 5305 3453 5360 securi

1879 5417 2084 5455 sumus.
2120 5401 2279 5454 Forte
2309 5399 2382 5453 ait
2401 5399 2588 5468 aliquis
2608 5441 2622 5464 ,
2647 5398 2726 5453 Tu
2755 5399 2885 5454 dicis
2907 5397 3186 5467 agricolam
3217 5408 3453 5453 nostrum

1877 5507 1997 5547 esse
2031 5493 2193 5546 Deum
2235 5491 2382 5546 :imo
2423 5505 2522 5560 ego
2565 5491 2845 5558 Apostolus
2879 5487 3137 5558 agricolas
3180 5487 3322 5553 dico,
3368 5489 3457 5558 qui

1877 5583 2144 5648 dixerunt,
2178 5581 2289 5652 Ego
2328 5581 2570 5649 plantavi,
2613 5580 2796 5650 Apollo
2830 5578 3028 5650 rigavit.
3074 5575 3128 5631 Si
3162 5593 3260 5647 ego
3301 5578 3455 5640 dico,

1878 5691 2037 5732 nemo
2060 5675 2241 5731 credat
2270 5691 2283 5728 :
2313 5675 2357 5731 si
2387 5674 2628 5729 Christus
2661 5671 2822 5736 dicit,
2863 5686 2942 5723 va:
2988 5669 3079 5740 qui
3123 5685 3226 5724 non
3263 5669 3452 5734 credit.

1944 5793 1957 5822 '
1986 5791 2058 5839 sic
2082 5796 2153 5837 l-fr.
2183 5796 2233 5839 et
2257 5789 2423 5852 plures
2446 5793 2548 5836 uss.
2575 5791 2626 5833 At
2649 5790 2780 5843 bov.,
2799 5780 2930 5832 ducit
2953 5781 3207 5843 irriguum.
