4038 6474
573 395 681 453 795

574 524 691 563 mur
736 507 790 561 in
839 506 971 576 ipso.
1020 499 1245 570 Quando
1288 495 1741 569 jucundabimur?
1778 495 1909 566 cum
1955 492 2155 547 ﬂumen

576 595 945 652 transierimus
972 591 1126 663 pede.
1159 589 1280 646 Vita
1323 597 1522 644 aeterna
1567 584 1893 657 promittitur
1915 625 1931 650 ,
1972 595 2156 637 resur-

574 687 742 744 rectio
770 683 1136 756 promittitur;
1169 680 1242 736 ibi
1265 694 1393 735 caro
1423 688 1603 732 nostra
1625 676 1736 746 jam
1772 689 1879 728 non
1916 673 2018 728 erit
2055 671 2155 726 ﬂu-

574 794 696 834 men
728 794 744 833 :
772 775 972 832 ﬂumen
997 773 1140 830 enim
1165 770 1325 827 modo
1348 778 1430 825 est
1455 810 1471 833 ,
1497 767 1712 838 quando
1737 765 2031 820 mortalitas
2052 770 2155 820 est.

578 868 767 925 Videte
801 867 848 923 si
887 873 994 921 stat
1034 863 1210 934 aliqua
1254 868 1404 916 tetas.
1454 858 1613 914 Pueri
1653 870 1895 913 crescere
1935 854 2152 918 volunt;

573 971 630 1017 et
655 959 896 1016 nesciunt
940 957 1170 1026 spatium
1225 953 1348 1007 vita:
1392 965 1502 1006 sua:
1545 949 1700 1003 annis
1749 945 2157 1002 succedentibus

574 1050 761 1106 minui.
790 1048 909 1104 Non
937 1046 1080 1102 enim
1121 1044 1387 1099 adduntur
1428 1040 1554 1095 anni
1579 1081 1595 1108 ,
1638 1037 1733 1094 sed
1776 1035 2157 1092 subtrahuntur

573 1139 980 1198 crescentibus:
1023 1137 1161 1191 sicut
1202 1149 1337 1205 aqua
1387 1130 1621 1186 ﬂuminis
1658 1143 1878 1200 prorsus
1915 1125 2151 1192 accedit,

575 1232 670 1290 sed
697 1246 728 1285 a
758 1229 904 1285 fonte
931 1226 1155 1284 recedit.
1184 1225 1255 1279 Et
1284 1224 1466 1278 volunt
1493 1236 1737 1277 crescere
1762 1219 1948 1289 pueri,
1988 1226 2044 1272 ut
2067 1231 2156 1272 ea-

575 1332 729 1381 reant
752 1321 1024 1378 dominatu
1051 1319 1313 1389 majorum
1339 1333 1352 1382 ;
1377 1331 1502 1371 ecce
1522 1323 1773 1371 crescunt
1796 1355 1819 1380 ,
1835 1311 2007 1382 agitur
2024 1311 2152 1376 cito,

576 1413 892 1484 perveniunt
928 1411 994 1465 ad
1031 1410 1366 1481 iuventutem
1400 1423 1414 1461 :
1456 1407 1546 1481 qui
1593 1411 1937 1460 excesserunt
1972 1404 2155 1473 pueri-

576 1507 702 1560 tiam
732 1545 747 1571 ,
775 1505 818 1560 si
848 1511 1069 1574 possunt
1097 1510 1314 1557 teneant
1335 1499 1666 1572 iuventutem
1692 1513 1707 1562 ;
1741 1497 2000 1552 transitet
2020 1496 2155 1565 ipsa.

575 1597 832 1653 Senectus
856 1594 1134 1658 succedit;
1175 1593 1258 1648 vel
1302 1599 1548 1647 senectus
1589 1599 1785 1644 mterna
1823 1589 1890 1642 sit
1933 1605 1946 1642 :
1984 1594 2157 1641 morte

577 1689 836 1744 aufertur.
870 1688 1015 1758 Ergo
1041 1685 1234 1741 ﬂuvius
1259 1691 1342 1739 est
1369 1681 1546 1738 carnis
1575 1681 1862 1735 nascentis.
1897 1678 2048 1732 llune
2067 1676 2158 1731 ﬂu-

577 1781 724 1836 vium
753 1779 1093 1838 mortalitatis
1116 1819 1131 1843 ,
1166 1791 1232 1831 ne
1260 1772 1562 1830 mortalium
1584 1787 1764 1827 rerum
1785 1769 2159 1840 concupiscen-

580 1875 652 1929 tia
683 1872 954 1930 subvertat
979 1879 1032 1926 et
1058 1869 1230 1940 rapiat
1258 1868 1298 1931 ί,
1333 1865 1484 1922 facile
1517 1865 1704 1920 transit
1732 1862 1820 1932 qui
1852 1860 2158 1929 humiliter,

583 1965 637 2021 id
667 1973 786 2032 est,
833 1963 967 2033 pede
1004 1960 1229 2024 transit,
1277 1957 1413 2014 duce
1453 1957 1547 2012 illo
1591 1955 1679 2026 qui
1726 1953 1872 2024 prior
1912 1951 2156 2019 transiit,

579 2057 670 2129 qui
697 2055 766 2112 de
796 2062 1031 2110 torrente
1059 2054 1110 2107 in
1139 2051 1223 2104 via
1259 2065 1426 2122 usque
1453 2047 1521 2102 ad
1565 2055 1790 2101 mortem
1829 2043 1963 2099 bibit
1988 2084 2004 2110 ,
2031 2056 2158 2112 pro-

581 2158 762 2221 pterea
806 2144 1056 2202 exaltavit
1097 2149 1256 2211 caput
1305 2138 1491 2213 (Psat.
1521 2153 1642 2201 crs,
1671 2134 1768 2208 7).
1801 2135 2161 2188 Transeuntes

581 2255 710 2312 ergo
747 2238 882 2309 pede
921 2235 1137 2293 ﬂuvium
1179 2234 1335 2287 istum
1361 2271 1379 2296 ,
1419 2229 1472 2284 id
1509 2238 1591 2284 est
1631 2227 1784 2281 facile
1822 2233 2160 2280 transeuntes

582 2331 960 2388 mortalitatem
1015 2327 1169 2380 istam
1212 2323 1463 2379 ﬂuentem
1492 2361 1506 2387 ,
1551 2321 1619 2373 ibi
1665 2316 2062 2389 jucundabimur
2105 2317 2160 2370 in

581 2422 713 2494 ipso.
739 2411 1096 2475 Modo’autem
1124 2415 1178 2468 in
1207 2429 1312 2484 quo
1331 2453 1349 2478 ,
1377 2411 1478 2466 nisi
1505 2410 1587 2465 vel
1615 2409 1666 2464 in
1694 2410 1808 2478 ipso
1833 2448 1849 2474 ,
1877 2407 1960 2461 vel
1987 2407 2038 2460 in
2065 2421 2160 2476 spe

553 2501 555 2504 ﬂ
579 2511 792 2582 Ipsius?
821 2509 931 2566 Etsi
962 2507 1102 2564 enim
1125 2502 1483 2575 jucundamur
1508 2500 1668 2556 modo
1691 2541 1706 2565 ,
1755 2500 1807 2553 in
1847 2513 1943 2568 spe
1970 2497 2161 2567 jucun-

579 2603 807 2669 damur;
836 2609 961 2656 tunc
985 2608 1164 2653 autem
1191 2595 1245 2650 in
1292 2595 1408 2665 ipso
1446 2591 1875 2662 jucundabimur.
1909 2589 1974 2645 Et
2001 2587 2159 2643 modo

579 2695 636 2751 in
664 2694 779 2764 ipso
802 2734 816 2758 ,
846 2691 940 2748 sed
985 2706 1080 2764 per
1115 2702 1306 2760 spem;
1350 2695 1475 2742 tunc
1511 2691 1688 2740 autem
1715 2682 1850 2738 facie
1873 2680 1939 2736 ad
1969 2680 2155 2736 faciem

578 2789 598 2860 (
629 2787 643 2842 I
673 2787 788 2842 Cor.
818 2801 907 2840 xm
931 2825 948 2852 ,
978 2782 1047 2838 12
1069 2781 1110 2855 ).

646 2880 734 2935 15.
764 2876 914 2951 [υεη.
942 2873 1019 2949 7.]
1051 2873 1130 2928 Ibi
1147 2870 1546 2946 jucundabimur
1568 2870 1620 2924 in
1645 2869 1775 2940 ipso.
1806 2868 1861 2922 In
1885 2866 2028 2938 quo?
2057 2864 2158 2931 Qui

573 2972 865 3027 dominatur
901 2969 954 3022 in
977 2969 1156 3022 uirtute
1196 2981 1290 3020 sua
1314 2965 1368 3019 in
1401 2973 1666 3018 reternum.
1695 2959 1827 3014 Nam
1871 2973 1967 3013 nos
1996 2972 2152 3029 quam

572 3063 823 3116 virtutem
850 3057 1143 3114 habemus?
1170 3065 1223 3112 et
1249 3071 1374 3110 num
1399 3053 1526 3125 quid
1552 3050 1846 3107 mternam?
1873 3049 1930 3105 Si
1955 3058 2154 3104 :eterna

571 3163 717 3208 esset
743 3152 917 3207 virtus
942 3159 1145 3215 nostra,
1175 3161 1281 3202 non
1322 3145 1458 3216 lapsi
1496 3156 1756 3207 essemus,
1785 3157 1890 3198 non
1931 3139 2154 3196 cecidis-

571 3257 752 3299 semus
780 3242 831 3296 in
858 3249 1154 3311 peccatum,
1184 3251 1292 3292 non
1345 3235 1728 3290 meruissemus
1775 3231 2152 3287 mortalitatem

571 3335 856 3407 ptenalem.
888 3333 977 3389 Ille
1013 3332 1284 3386 voluntate
1329 3326 1585 3400 suscepit,
1619 3341 1724 3396 quo
1763 3340 1860 3380 nos
1903 3325 2150 3380 meritum

571 3435 815 3483 nostrum
845 3422 1060 3494 dejecit,
1080 3421 1180 3490 Qui
1209 3420 1501 3474 dominatur
1525 3417 1578 3470 in
1602 3417 1784 3470 virtute
1811 3431 1903 3468 sua
1931 3415 1984 3469 in
2006 3423 2153 3469 teter-

573 3535 716 3573 uum.
750 3517 878 3588 Ejus
910 3515 1197 3584 participes
1235 3511 1550 3575 efficiamur,
1583 3509 1634 3564 in
1660 3508 1810 3576 cujus
1839 3507 2034 3562 virtute
2055 3521 2153 3561 nos

567 3611 769 3666 erimus
811 3609 1006 3672 fortes;
1035 3606 1121 3660 ille
1146 3613 1321 3662 autem
1353 3603 1404 3658 in
1429 3617 1547 3658 sua.
1575 3601 1683 3659 Nos
1726 3599 2152 3666 illumiuali;ille

567 3699 749 3756 lumen
776 3698 1078 3753 illuminans
1099 3715 1111 3750 :
1132 3711 1228 3751 nos
1253 3695 1425 3751 aversi
1452 3693 1519 3748 ab
1543 3695 1652 3758 illo,
1673 3691 2147 3758 contenebramur;

563 3781 660 3848 ille
679 3791 844 3846 averti
875 3806 904 3844 a
935 3805 993 3845 se
1031 3804 1136 3844 non
1164 3797 1357 3861 potest.
1377 3784 1563 3841 Calore
1591 3786 1755 3855 ipsius
1775 3784 2147 3851 accendimur;

567 3884 713 3940 unde
756 3882 1070 3937 recedentes
1131 3881 1520 3950 frigueramus,
1565 3877 1884 3934 accedentes
1934 3893 2146 3933 rursum

570 3973 943 4029 accendimur.
990 3973 1129 4042 Ergo
1171 3971 1414 4026 dicamus
1456 3971 1505 4025 ei
1554 3978 1611 4024 ut
1647 3968 1912 4027 custodiat
1953 3983 2051 4024 nos
2093 3969 2147 4022 in

570 4065 770 4119 virtute
800 4077 912 4130 sua,
947 4063 1068 4134 quia
1097 4063 1151 4118 in
1180 4063 1296 4132 ipso
1317 4061 1732 4132 jucundabimur
1751 4061 1836 4131 qui
1861 4059 2149 4115 dominatur

566 4159 619 4214 in
643 4157 822 4212 uirtute
838 4173 931 4210 sua
957 4157 1010 4210 in
1039 4166 1301 4211 internum.

588 4306 599 4314 ,
639 4250 726 4306 ii.
761 4249 865 4306 Sed
888 4264 992 4304 non
1018 4248 1119 4303 hoc
1138 4248 1266 4302 solis
1306 4247 1510 4304 Judreis
1529 4255 1743 4317 praestat
1783 4246 2148 4315 credentibus,

565 4343 700 4412 Quia
747 4343 968 4397 multum
1023 4355 1083 4395 se
1126 4339 1435 4396 extulerunt
1471 4337 1638 4394 ,ιιιόιεὶ
1695 4337 1763 4393 de
1799 4338 1993 4393 virtute
2051 4353 2145 4392 sua

566 4444 975 4506 praesumentes,
1033 4441 1218 4504 postea
1264 4440 1630 4504 cognoverunt
1668 4433 1720 4487 iu
1759 4432 1912 4501 cujus
1953 4433 2147 4487 virtute

565 4527 778 4580 fuerunt
805 4525 1088 4579 salubriter
1127 4523 1310 4590 fortes,
1341 4533 1395 4576 et
1421 4521 1632 4592 quidam
1676 4537 1860 4578 eorum
1901 4521 2145 4578 credide-

568 4624 736 4671 runt:
769 4613 863 4670 sed
927 4629 1031 4670 non
1068 4612 1266 4669 sufficit
1313 4611 1558 4678 Christo;
1603 4613 1826 4670 multum
1869 4621 1952 4668 est
2004 4612 2145 4682 quod

566 4706 733 4770 dedit,
763 4722 1008 4777 magnum
1055 4705 1283 4775 pretium
1305 4705 1472 4770 dedit,
1506 4721 1612 4760 non
1641 4721 1737 4776 pro
1781 4706 1910 4760 solis
1946 4705 2147 4762 Judazis

569 4794 755 4852 debuit
779 4780 954 4850 valere
996 4793 1138 4865 quod
1165 4793 1331 4850 dedit.
1363 4793 1512 4849 Oculi
1536 4796 1646 4864 ejus
1670 4812 1823 4865 super
1849 4794 2031 4851 Gentes
2068 4812 2149 4850 re-

565 4885 804 4958 spiciunt.
825 4884 983 4956 Ergo,
1025 4885 1174 4940 Oculi
1200 4885 1310 4956 ejus
1347 4901 1498 4954 super
1535 4883 1714 4940 Gentes
1754 4886 2050 4956 respiciunt.
2082 4883 2150 4944 Et

565 4976 693 5048 quid
724 4975 982 5030 facimus?
1011 4976 1418 5032 Murmurabunt
1455 4975 1655 5042 Judaei;
1688 4975 1877 5031 dicturi
1908 4988 2029 5032 sunt
2056 4977 2152 5034 Ju-

566 5070 667 5126 dazi
698 5087 711 5125 :
743 5067 894 5137 Quod
922 5069 1092 5134 nobis,
1114 5069 1286 5125 hocet
1316 5070 1449 5134 illis;
1475 5070 1628 5125 nobis
1655 5071 2017 5142 Evangelium,
2043 5071 2149 5127 illis

566 5158 947 5232 Evangelium;
997 5160 1150 5216 nobis
1202 5161 1424 5232 gratiam
1485 5163 1911 5229 resurrectionis,
1943 5173 1997 5218 et
2041 5163 2148 5218 illis

561 5253 786 5324 gratiam
817 5251 1222 5308 resurrectionis
1255 5251 1422 5306 :nihil
1455 5251 1608 5306 nobis
1636 5252 1856 5323 prodest
1877 5253 2016 5322 quod
2048 5268 2148 5308 nos

563 5342 760 5415 Legem
785 5343 1090 5416 accepimus
1109 5385 1124 5403 .
1157 5352 1212 5397 et
1253 5343 1304 5397 in
1330 5343 1799 5412 justiﬁcationibus
1827 5342 1984 5412 Legis
2012 5343 2148 5398 visi-

565 5450 704 5497 mus,
729 5443 783 5490 et
802 5436 1067 5491 tenuimus
1090 5443 1353 5504 praecepta
1377 5443 1618 5504 patrum:
1646 5434 1776 5489 nihil
1799 5433 2144 5501 valebithoe;

565 5527 672 5584 illis
701 5526 842 5596 quod
872 5526 1058 5582 nobis!
1087 5525 1206 5580 Non
1239 5523 1480 5596 litigent,
1513 5540 1620 5579 non
1672 5524 2014 5580 contendant.
2049 5524 2150 5593 Qui

630 5703 644 5733 ί
670 5702 870 5761 sicam.
899 5707 952 5750 At
972 5697 1106 5748 Fdd.:
1138 5708 1189 5748 In
1229 5696 1355 5761 hunc
1377 5695 1574 5761 ﬂuvium
1615 5696 1917 5749 mortalitatis
1939 5712 2076 5750 nemo
2097 5715 2149 5752 se

561 5759 1036 5887 Ἄειῖἑιιέιρῶιιὲιθτθιῗέι
1495 5758 1755 5821 subvertat,
1783 5772 1843 5812 ne
1881 5761 2100 5826 rapiatur
2128 5777 2149 5816 .'

641 5838 661 5875 ι
907 5857 921 5883 ,
1023 5855 1036 5870 .

1807 385 1867 442 S.
1908 377 2273 439 AUGUSTINI
2303 379 2606 441 EPISCOPI

2264 494 2564 558 amaricant,
2596 511 2696 550 non
2721 496 3002 551 excitentur
3025 497 3078 552 in
3103 497 3400 570 semetipsis.
3421 501 3467 556 0
3492 515 3622 557 caro
3651 502 3849 561 misera

2260 590 2316 635 et
2345 581 2660 649 tabescens,
2693 600 2871 642 nonne
2915 587 3187 658 peccatrix.
3209 604 3268 644 es
3283 590 3316 643 ?'
3334 590 3470 656 Quid
3499 591 3698 647 clamat
3739 594 3846 650 lin.-

2261 685 2361 740 gua
2391 683 2476 727 tua
2493 674 2526 727 ?-
2543 675 2862 732 Attendatur
2887 679 3232 734 conscientia.
3263 679 3463 738 Omnes
3483 684 3626 738 enim
3657 699 3840 754 pecca-

2263 774 2486 829 verunt,
2518 773 2575 820 et
2605 777 2764 838 egent
2805 769 2973 839 gloria
3003 769 3095 825 Dei
3135 769 3308 834 (Rom.
3337 788 3424 838 ιιι,
3452 772 3566 846 23).
3596 776 3851 846 Agnosce

2261 861 2336 920 te,
2361 854 2638 913 inﬁrmitas
2666 859 2915 914 humana.
2940 861 3203 931 Accepisti
3231 862 3448 933 Legem,
3479 873 3537 918 ut
3563 875 3617 920 et
3641 881 3848 935 prava-

2259 945 2476 1000 ricatrix
2504 947 2662 1018 Legis
2689 964 2870 1016 esses;
2919 965 3024 1006 non
3061 953 3204 1007 enim
3235 955 3450 1010 tenuisti
3500 964 3556 1011 et
3602 956 3843 1028 implesti

2259 1036 2402 1105 quod
2428 1039 2699 1109 accepisti.
2741 1042 2984 1096 Accessit
3012 1043 3112 1098 tibi
3149 1059 3213 1099 ex
3243 1044 3416 1116 Lege,
3449 1061 3553 1101 non
3576 1047 3843 1118 justifies-

2261 1127 2338 1182 tio
2363 1143 2520 1197 quam
2554 1129 2665 1184 Lex
2691 1132 2842 1200 jubet
2868 1174 2881 1197 ,
2928 1134 3023 1189 sed
3054 1136 3425 1204 prmvaricalio
3450 1153 3612 1208 quam
3655 1149 3714 1194 tu
3761 1139 3842 1197 fe-

2259 1218 2397 1273 cisti.
2418 1219 2472 1274 Si
2491 1235 2618 1291 ergo
2640 1221 2926 1278 abundavit
2949 1235 3246 1292 peccatum,
3269 1227 3394 1297 quid
3417 1228 3624 1285 invides
3649 1244 3842 1301 super-

2258 1309 2555 1366 abundanti‘
2579 1311 2892 1384 gratian‘d.
2941 1330 2997 1379 γ,
3055 1315 3195 1387 ‘20)?
3223 1317 3342 1371 Noli
3366 1320 3681 1386 amaricare,
3715 1322 3840 1392 quia

2258 1402 2343 1471 qui
2363 1404 2671 1472 amari'canr,
2702 1421 2808 1459 non
2833 1407 3139 1463 exaltentur.
3181 1408 3345 1476 Quasi
3397 1411 3741 1468 maledixisse
3759 1413 3838 1469 vi-

2259 1491 2433 1557 detur,
2470 1493 2576 1560 Qui
2594 1495 2907 1561 amaricant,
2951 1513 3050 1552 non
3101 1499 3387 1553 excitentur
3416 1517 3445 1556 :-
3463 1501 3572 1556 imo
3601 1503 3842 1560 exalten-

2257 1590 2366 1648 tur,
2393 1582 2488 1638 sed
2519 1599 2623 1638 non
2663 1584 2716 1639 in
2743 1586 2941 1656 seipsis.
2975 1587 3332 1643 Humil‘ientur
3357 1589 3658 1661 insei‘psis;
3687 1595 3839 1649 exali-

2263 1681 2438 1728 tentur
2465 1673 2516 1727 in
2542 1673 2775 1731 Christo.
2806 1676 2905 1744 Qui
2935 1679 3078 1732 enim
3106 1693 3167 1734 se
3189 1680 3454 1746 humiliat,
3478 1683 3802 1741 exaltabitur
3820 1702 3846 1752 ;

2259 1773 2311 1819 et
2335 1765 2503 1834 quise
2531 1757 2754 1834 exaltat,‘
2779 1767 3146 1827 humibabitur
3169 1770 3383 1844 (Matth.
3411 1789 3563 1841 nm,
3593 1775 3706 1847 12).
3739 1777 3850 1846 Qui

2261 1858 2573 1922 amaricant,
2604 1875 2705 1913 non
2731 1861 3014 1915 excitentur
3038 1862 3093 1916 in
3118 1864 3418 1934 semetipsis.

2335 1949 2420 2003 15.
2452 1946 2601 2023 [uers.
2632 1950 2686 2016 8,
2714 1949 3121 2024 9.];Benedicite,
3145 1948 3346 2020 Gentes,
3397 1954 3566 2010 Deum
3594 1967 3840 2014 nostrum.

2263 2041 2403 2098 Ecce
2427 2043 2626 2113 repulsi
2653 2053 2776 2100 sunt
2797 2047 2884 2116 qui
2907 2037 3234 2114 amarica'nt;
3266 2048 3472 2103 reddita
3504 2061 3589 2105 est
3622 2051 3729 2106 illis
3759 2067 3842 2106 ra-

2263 2135 2369 2190 tio:
2394 2136 2555 2207 aliqui
2577 2138 2967 2194 conversi'sunt
2982 2181 2996 2206 ,
3023 2141 3189 2210 aliqui
3211 2141 3425 2211 superbi
3443 2153 3845 2200 remanserunt.

2261 2225 2379 2282 Non
2419 2244 2513 2283 vos
2571 2236 2807 2284 terreant
2831 2231 2919 2300 qui
2967 2231 3187 2302 gratiam
3213 2233 3569 2304 evangelieam
3605 2234 3852 2290 invident

2263 2315 2552 2385 Gentibus;
2576 2320 2685 2390 jam
2719 2321 2867 2377 venit
2899 2337 3084 2378 semen
3113 2323 3340 2379 Abrahae
3363 2366 3378 2389 ,
3410 2325 3463 2379 in
3492 2341 3598 2395 quo
3624 2326 3847 2382 benedi-

2261 2419 2453 2466 cuntur
2481 2426 2670 2467 omnes
2697 2413 2898 2469 Gentes
2942 2412 3094 2487 (Gen.
3141 2431 3240 2481 xu,
3270 2415 3352 2483 5).
3387 2415 3686 2472 Benedicitc
3713 2433 3844 2473 eum

2263 2503 2314 2558 in
2349 2519 2456 2574 quo
2493 2504 2908 2570 benedi‘cimini‘;
2956 2505 3265 2572 Benedicite,
3293 2505 3492 2569 Gentes,
3539 2506 3703 2561 Deum
3747 2524 3846 2563 no-

2260 2605 2419 2649 strum
2447 2611 2466 2650 :
2491 2604 2535 2650 et
2554 2595 2724 2652 audite
2751 2614 2917 2651 vocem
2939 2597 3105 2652 laudis
3121 2599 3251 2669 ejus.
3274 2597 3352 2654 Ne
3369 2613 3464 2655 vos
3489 2599 3634 2668 ipsos
3654 2599 3846 2655 laude-

2261 2690 2363 2755 tis;
2408 2689 2503 2745 sed
2553 2691 2726 2760 ipsum
2774 2690 3021 2746 laudetis.
3073 2691 3202 2758 Qua:
3248 2700 3331 2746 est
3359 2707 3461 2746 vos
3489 2690 3660 2746 laudis
3688 2692 3852 2760 ejus?

2259 2779 2394 2848 Quia
2417 2781 2587 2852 gratia
2623 2781 2789 2850 ipsius
2820 2795 3024 2846 sumus,
3055 2781 3309 2852 quidquid
3338 2781 3464 2838 boni
3505 2796 3711 2837 sumus.
3741 2783 3852 2849 Qui

2260 2870 2425 2939 posuit
2449 2871 2671 2923 animam
2696 2886 2858 2924 meum
2882 2871 2936 2924 in
2956 2871 3106 2924 vitam
3131 2873 3169 2924 ¹.
3200 2871 3338 2926 Ecce
3362 2885 3462 2926 vox
3492 2871 3665 2927 laudis
3683 2875 3800 2941 ejus
3824 2889 3840 2925 :

2262 2958 2362 3024 Qui
2387 2959 2554 3030 posuit
2575 2960 2794 3014 animam
2812 2975 2975 3013 meam
2998 2961 3050 3014 in
3074 2961 3246 3014 vitam.
3272 2961 3411 3031 Ergo
3429 2961 3481 3015 in
3507 2970 3681 3016 morte
3701 2972 3838 3030 erat;

2258 3050 2312 3105 in
2338 3060 2511 3106 morte
2535 3059 2652 3106 erat
2679 3051 2730 3105 in
2772 3058 2825 3105 te
2866 3053 2909 3103 ⁸.
2944 3050 3071 3107 inde
3117 3060 3201 3106 est
3249 3051 3389 3122 quod
3422 3067 3527 3107 non
3575 3051 3843 3108 debuistis

2257 3142 2479 3197 exaltari
2511 3144 2562 3196 in
2587 3143 2739 3199 vobis
2773 3144 2922 3214 ipsis.
2953 3143 3090 3199 Ecce
3118 3145 3168 3198 in
3199 3152 3372 3200 morte
3398 3152 3513 3200 erat
3542 3145 3594 3199 in
3627 3152 3680 3200 te
3711 3163 3725 3198 :
3751 3147 3846 3201 ubi

2258 3235 2361 3289 erit
2389 3234 2442 3288 in
2469 3235 2594 3299 vita,
2621 3234 2724 3289 nisi
2744 3235 2794 3289 in
2823 3235 2914 3290 illo
2935 3236 3022 3305 qui
3047 3235 3198 3302 dixit,
3233 3235 3344 3306 Ego
3367 3253 3479 3290 sum
3505 3237 3607 3301 via,
3630 3238 3838 3302 ueritas,

2255 3335 2304 3380 et
2325 3327 2425 3380 vita
2444 3325 2620 3394 (Joan.
2647 3342 2764 3390 xrv,
2793 3323 2895 3398 6)?
2914 3327 3192 3395 Quomodo
3218 3329 3535 3399 quibusdam
3561 3330 3838 3391 credenti-

2257 3416 2354 3471 bus
2383 3417 2457 3470 ait
2483 3417 2767 3486 Apostolus
2806 3435 2820 3472 :
2863 3416 3056 3472 Fuistis
3109 3418 3385 3488 aliquando
3425 3423 3682 3491 tenebrae;
3708 3443 3843 3481 nunc

2254 3517 2422 3561 autem
2450 3509 2538 3562 tux
2565 3508 2616 3562 in
2652 3505 2868 3562 Domino
2899 3509 3112 3580 (Ep/res.
3147 3525 3202 3575 γ,
3233 3510 3310 3580 8).
3344 3511 3604 3571 Tenebrte
3629 3532 3763 3589 ergo
3790 3519 3848 3574 in.

2253 3597 2405 3652 vobis
2425 3613 2438 3664 ;
2461 3597 2549 3651 lux
2569 3597 2622 3651 in
2655 3597 2879 3652 Domino
2909 3615 2922 3651 :
2954 3599 3032 3652 sie
3061 3613 3206 3653 mors
3234 3599 3285 3652 in
3311 3605 3501 3670 vobis;
3524 3606 3629 3661 vita
3660 3607 3714 3662 in
3737 3608 3843 3664 Do-

2256 3691 2418 3745 mino.
2445 3689 2543 3756 Qui
2576 3692 2739 3760 posuit
2769 3692 2990 3745 animam
3027 3709 3186 3747 meam
3210 3693 3266 3752 in
3292 3703 3461 3752 vitam.
3491 3700 3632 3755 Ecce
3658 3704 3843 3772 posuit

2251 3781 2482 3834 animam
2513 3789 2748 3835 nostram
2777 3781 2829 3835 in
2854 3782 3038 3850 vitam,
3071 3783 3197 3855 quia
3227 3787 3492 3844 credimus
3515 3789 3567 3844 in
3589 3805 3716 3845 eum
3743 3808 3759 3856 ;
3789 3792 3840 3845 in

2252 3873 2412 3926 vitam
2441 3873 2663 3943 *posuit
2704 3874 2934 3929 animam
2982 3888 3221 3934 nosuam
3257 3897 3271 3934 :
3311 3879 3407 3935 sed
3464 3880 3591 3952 quid
3644 3881 3845 3938 deinde

2251 3977 2387 4033 opus
2415 3973 2530 4031 est,
2567 3963 2672 4020 nisi
2700 3973 2756 4020 ut
2782 3980 3190 4035 perseveremus
3234 3987 3404 4042 usque
3442 3973 3494 4027 in
3534 3971 3742 4028 ﬁnem?
3774 3974 3841 4030 Et

2251 4054 2354 4111 hoc
2381 4057 2505 4126 quis
2527 4054 2708 4124 dabit,
2742 4057 2844 4112 nisi
2865 4056 2931 4113 de
2955 4074 3064 4132 quo
3083 4071 3476 4133 consequenter
3505 4063 3704 4119 dictum
3734 4075 3847 4132 est,

2252 4145 2319 4200 Et
2347 4163 2432 4200 not
2475 4146 2612 4202 dedit
2636 4149 2689 4202 in
2719 4158 2914 4204 motum
2955 4152 3106 4222 pedes
3139 4169 3274 4207 meos
3296 4153 3322 4207 ?
3355 4152 3472 4223 Ipse
3505 4155 3680 4224 posuit
3724 4155 3843 4209 ani-

2249 4254 2395 4293 mam
2425 4241 2474 4293 in
2501 4240 2660 4294 vitam
2681 4282 2697 4305 ,
2729 4241 2847 4310 ipse
2873 4244 3006 4313 regit
3034 4243 3219 4312 pedes,
3253 4259 3323 4299 ne
3365 4253 3584 4310 nutent,
3619 4259 3687 4300 ne
3716 4261 3836 4299 mo-

2249 4339 2490 4394 veantur,
2519 4336 2572 4384 et
2599 4329 2791 4386 dentur
2833 4333 2885 4387 in
2914 4342 3115 4388 motum
3140 4350 3155 4396 ;
3194 4335 3307 4404 ipse
3336 4349 3434 4389 nos
3481 4334 3606 4389 facit
3631 4337 3841 4403 vivere,

2250 4421 2364 4492 ipse
2397 4436 2742 4491 perseverare
2771 4438 2940 4494 usque
2978 4425 3028 4479 in
3060 4424 3219 4480 ﬁnem
3246 4466 3260 4490 ,
3294 4433 3356 4480 ut
3388 4426 3440 4479 in
3471 4437 3736 4482 retentum
3760 4429 3843 4483 vi-

2249 4528 2453 4568 vamus.
2482 4511 2551 4567 Et
2574 4531 2678 4570 non
2703 4515 2842 4570 dedit
2871 4517 2921 4570 in
2941 4527 3129 4571 motum
3148 4518 3297 4588 pedes
3321 4534 3476 4572 meos.

2323 4605 2408 4660 16.
2433 4602 2582 4676 [vers.
2617 4604 2829 4678 10-12.]
2856 4606 3029 4674 Quare
3048 4607 3147 4662 hoc
3175 4608 3377 4674 dixisti,
3412 4608 3479 4663 Et
3502 4626 3600 4663 non
3627 4609 3844 4666 deditin

2250 4706 2442 4752 motum
2487 4695 2640 4764 pedes
2667 4698 2849 4752 meos?
2874 4697 3013 4766 Quid
3059 4699 3201 4754 enim
3228 4715 3416 4769 passus
3449 4715 3536 4765 es,
3567 4711 3657 4755 aut
3712 4705 3845 4772 quid

2251 4788 2358 4860 pati
2386 4787 2641 4857 potuisti,
2685 4799 2743 4843 ut
2768 4799 3112 4846 moverentur
3150 4793 3312 4861 pedes
3354 4795 3471 4848 tui?
3500 4793 3675 4861 Quid?
3710 4797 3844 4852 audi

2250 4895 2370 4951 qua:
2397 4888 2706 4950 sequantur.
2737 4881 2912 4948 Quare
2929 4881 3059 4947 dixi,
3088 4900 3190 4938 non
3220 4885 3358 4940 dedit
3387 4887 3441 4940 in
3467 4896 3656 4941 motum
3682 4890 3857 4959 pedes-

2251 4973 2428 5028 τηεοσῖ
2447 4972 2764 5038 Quiamulta
2791 4974 2928 5043 passi
2946 4987 3150 5041 sumus,
3179 4975 3247 5031 de
3273 4977 3464 5048 quibus
3492 4994 3852 5038 moverentur

2252 5063 2321 5120 de
2340 5064 2424 5118 via
2449 5063 2608 5134 pedes
2635 5063 2827 5129 nostri,
2858 5065 2958 5118 nisi
2981 5065 3094 5134 ipse
3123 5077 3362 5136 regeret,
3411 5079 3466 5123 et
3492 5083 3586 5124 eos
3631 5071 3688 5124 in
3725 5089 3850 5126 mo.

2255 5167 2366 5211 tum
2395 5172 2500 5211 non
2531 5155 2698 5211 daret.
2725 5155 2854 5225 Qua:
2879 5167 3003 5212 sunt
3043 5158 3177 5212 ista?
3207 5158 3460 5225 Quoniam
3487 5163 3723 5232 probasti
3755 5184 3853 5223 nos

2259 5247 2441 5314 Deus;
2465 5248 2636 5318 ignisti
2663 5264 2776 5315 nos,
2806 5249 2934 5302 sicut
2963 5249 3155 5320 ignitur
3181 5263 3466 5322 argentum.
3509 5252 3621 5307 Non
3653 5255 3857 5326 ignisli

2255 5341 2392 5394 sicut
2433 5339 2639 5406 fenum,
2684 5338 2779 5394 sed
2824 5341 2961 5394 sicut
2986 5352 3266 5411 argentum
3299 5360 3311 5395 :
3339 5343 3646 5402 adhibendo
3678 5351 3849 5405 nobis

2255 5432 2430 5502 ignem
2445 5471 2460 5492 ,
2489 5445 2592 5485 non
2611 5429 2666 5484 in
2682 5430 2914 5485 cinerem
2937 5433 3265 5498 eonvertisli,
3281 5433 3374 5489 sed
3390 5435 3576 5491 sordes
3595 5437 3861 5498 abluistit

2255 5523 2440 5595 lgnisti
2478 5539 2601 5589 nos,
2634 5523 2758 5576 sicut
2785 5525 2973 5595 ignitur
2997 5537 3275 5598 argentum.
3308 5526 3376 5582 Et
3409 5528 3528 5584 vide
3562 5533 3858 5600 quomodo

2318 5637 2335 5667 ί
2357 5641 2463 5684 Mss.
2490 5640 2782 5692 constanter,
2804 5634 2853 5683 in
2869 5631 2980 5684 vita.

2317 5700 2337 5728 ²
2361 5697 2433 5745 sic
2473 5703 2578 5744 uss.
2617 5696 2819 5757 λιαρὴ,
2845 5694 2896 5747 in
2931 5703 3082 5748 morte
3103 5705 3228 5758 erat,
3267 5701 3380 5762 quia
3411 5698 3463 5750 in
3491 5704 3690 5761 teerat,
3717 5701 3859 5756 indu

2253 5767 2494 5881 wit-(134113.,
2519 5817 2601 5882 qui
2625 5813 2678 5868 in
2701 5817 2809 5870 vita.
2829 5819 3107 5882 Abest,-1ui,
3128 5830 3162 5869 a
3179 5827 3285 5872 Mss.
