4038 6468
213 496 368 554 saevit
387 494 531 552 Deus
554 492 609 549 in
634 490 776 557 illos,
806 501 1033 560 quorum
1062 484 1295 542 animam
1326 486 1502 555 posuit
1528 485 1580 539 in
1610 485 1793 537 vitam.

213 587 479 644 Indua‘sti
492 584 651 639 nosin
677 576 1017 649 muscipulam
1042 592 1061 631 :
1076 590 1180 631 non
1204 585 1260 630 ut
1278 575 1418 647 capti
1444 587 1794 638 moraremur,

211 680 309 737 sed
348 678 497 734 unde
531 673 750 731 liberati
777 671 1166 743 experiremur.
1195 666 1424 722 Posuisti
1452 664 1798 721 tribulatieues

210 774 265 828 in
305 773 460 825 dorso
486 776 678 823 nostro.
722 762 899 819 Erecti
927 760 1068 817 enim
1096 759 1266 826 male,
1296 757 1511 829 superbi
1540 770 1755 812 eramus
1780 773 1795 810 :

213 863 358 919 male
387 860 553 918 erecti
579 856 782 913 curvati
807 869 1013 917 sumus,
1052 860 1109 906 ut
1155 850 1359 906 curvati
1395 849 1532 905 bene
1558 848 1799 919 erigere-

210 968 357 1012 mur.
384 949 615 1005 Posuisti
642 944 987 1001 tribulationes
1015 943 1068 996 in
1094 941 1245 996 dorso
1271 949 1443 994 nostro
1469 953 1490 992 :
1516 936 1798 1008 iiuposuisti

212 1044 447 1099 homines
466 1054 619 1105 super
638 1037 811 1106 capita
831 1042 1023 1088 nostra.
1050 1030 1177 1086 Hau:
1204 1028 1381 1085 omnia
1408 1041 1565 1098 passa
1593 1035 1675 1080 est
1693 1025 1798 1080 Ec-

209 1137 378 1191 clesia
407 1133 568 1187 variis
607 1137 662 1185 et
707 1125 935 1183 diversis
974 1121 1475 1195 persecutionibus;
1530 1132 1685 1188 passa
1716 1125 1800 1172 est

210 1227 316 1282 hoc
338 1221 681 1295 singillatim,
708 1219 868 1275 etiam
899 1216 1059 1272 modo
1087 1215 1303 1285 patitur.
1329 1212 1446 1268 Non
1474 1211 1617 1267 enim
1646 1211 1799 1281 quis-

208 1331 374 1389 quam
404 1324 508 1380 est,
539 1312 716 1383 quise
741 1312 794 1365 in
823 1309 923 1363 hac
942 1307 1048 1360 vita
1072 1305 1140 1360 ab
1167 1304 1250 1359 his
1281 1302 1656 1358 tentationibus
1676 1315 1801 1370 pos-

210 1410 280 1465 sit
331 1407 516 1463 dicere
566 1405 877 1458 immunem.
924 1400 1064 1469 Ergo
1092 1396 1439 1467 imponuntur
1466 1403 1521 1450 et
1555 1393 1798 1447 homines

211 1513 375 1568 super
402 1495 576 1565 capita
607 1504 787 1548 nostra
818 1508 833 1544 :
862 1489 1150 1544 toleramus
1172 1501 1307 1557 quos
1332 1486 1579 1541 nolumus
1598 1525 1614 1550 ,
1657 1484 1797 1553 pati-

211 1605 331 1645 mur
389 1586 703 1656 superiores
752 1580 1037 1652 aliquando
1087 1593 1225 1650 quos
1274 1580 1518 1633 novimus
1564 1576 1794 1646 pejores.

211 1679 437 1735 Peecata
468 1685 645 1730 autem
691 1674 737 1728 si
778 1671 992 1738 desint,
1041 1670 1179 1724 bene
1208 1669 1450 1738 superior
1493 1676 1577 1722 est
1605 1667 1793 1732 homo;

211 1779 417 1842 quanto
444 1776 622 1823 autem
647 1765 794 1835 phtra
824 1763 1037 1828 adsunt,
1062 1770 1208 1815 tanto
1233 1770 1315 1815 est
1346 1759 1586 1815 inferior.
1616 1759 1682 1813 Et
1706 1759 1799 1812 bo-

211 1874 337 1914 num
364 1867 451 1913 est
508 1864 568 1910 ut
592 1853 991 1910 consideremus
1019 1864 1115 1904 nos
1145 1859 1451 1918 peccatores
1473 1862 1612 1913 esse,
1644 1857 1696 1902 et
1719 1847 1797 1902 sic

212 1952 511 2007 toleremus
554 1948 833 2019 impositos
873 1960 1034 2016 super
1058 1946 1231 2014 capita
1275 1953 1489 2007 nostra;
1520 1952 1576 1997 ut
1614 1952 1666 1997 et
1699 1956 1797 1998 nos

210 2041 321 2099 Deo
341 2042 698 2097 conﬁteamur
724 2040 845 2110 quia
875 2038 1033 2108 digne
1062 2037 1307 2107 patimur.
1337 2034 1475 2104 Quid
1521 2035 1661 2090 enim
1713 2034 1796 2089 in-

208 2133 368 2204 digne
416 2132 617 2203 pateris
644 2131 785 2202 quod
819 2130 942 2184 facit
984 2130 1073 2199 qui
1098 2129 1274 2198 justus
1299 2127 1420 2184 est?
1450 2126 1675 2181 Posuisti
1704 2128 1797 2181 tri-

209 2225 496 2279 bulationcs
542 2225 593 2277 in
642 2226 794 2277 dorso
822 2231 992 2276 nostra
1020 2237 1039 2275 :
1064 2220 1349 2290 imposuisti
1391 2220 1619 2274 homines
1647 2236 1798 2290 super

208 2315 380 2383 capita
407 2323 597 2368 nostra.
631 2312 832 2368 S:uvire
856 2311 1063 2367 videtur
1088 2311 1384 2375 Deus,cum
1411 2310 1511 2365 ista
1541 2309 1703 2366 facit:
1731 2325 1797 2364 ne

210 2416 452 2470 metuas;
484 2406 732 2476 quoniam
787 2405 947 2459 Pater
988 2410 1090 2467 est,
1122 2417 1391 2473 nunquam
1432 2402 1510 2456 sic
1541 2400 1693 2455 saevit
1737 2408 1797 2455 ut

210 2498 418 2569 perdat.
450 2495 674 2565 Quando
702 2496 837 2551 male
854 2496 987 2550 vivis
1007 2533 1026 2561 ,
1058 2494 1101 2549 si
1144 2494 1345 2563 parcit,
1375 2493 1494 2563 plus
1523 2492 1789 2548 irascitur.

207 2588 444 2645 Omnino
475 2588 590 2642 ista:
619 2586 985 2643 tribulationes
1018 2585 1226 2655 ﬂagella
1270 2594 1395 2639 sunt
1438 2583 1753 2653 corrigentis
1776 2623 1791 2649 ,

210 2695 278 2735 ne
324 2680 398 2735 sit
444 2677 709 2734 sententia
746 2676 1036 2747 punientis.
1087 2675 1309 2730 Posuisti
1356 2674 1701 2729 tribulationes
1741 2675 1796 2728 in

210 2769 362 2823 dorso
389 2776 561 2821 nostro
591 2782 611 2822 :
634 2767 917 2837 imposuisti
937 2765 1163 2821 homines
1191 2782 1343 2834 super
1366 2764 1536 2835 capita
1563 2772 1755 2818 nostra.

280 2859 374 2914 i7.
407 2856 750 2912 Transiuimus
773 2873 863 2926 per
886 2858 1051 2928 ignem
1076 2864 1123 2909 et
1146 2872 1350 2927 aquam.
1373 2853 1518 2924 Ignis
1550 2862 1601 2910 et
1625 2868 1793 2924 aqua,

210 2959 501 3017 utrumque
526 2948 885 3018 periculosum
912 2956 994 3002 est
1022 2948 1076 3001 in
1121 2946 1221 3002 hac
1246 2946 1371 3001 vita.
1402 2944 1558 3001 Certe
1588 2945 1796 3001 videtur

210 3052 348 3108 aqua
381 3038 557 3108 ignem
584 3037 942 3107 exstinguere,
974 3045 1028 3090 et
1074 3036 1207 3105 ignis
1234 3035 1443 3091 videtur
1469 3050 1659 3105 aquam
1685 3036 1793 3093 sie-

210 3142 358 3183 care.
391 3127 467 3181 Ita
486 3135 542 3183 et
561 3126 688 3197 ipsa:
709 3127 1025 3181 tentationes
1042 3134 1184 3188 sunt,
1212 3125 1404 3195 quibus
1425 3125 1657 3182 abundat
1685 3125 1797 3180 haec

210 3222 339 3275 vita.
374 3220 513 3290 Ignis
535 3221 673 3285 urit,
705 3234 839 3288 aqua
868 3219 1165 3289 corrumpit
1193 3236 1207 3272 :
1239 3227 1523 3289 utrumque
1549 3228 1794 3275 metuen-

210 3309 374 3374 dum;
422 3321 479 3364 et
523 3310 661 3363 ustio
692 3309 1077 3376 tribulationis,
1126 3318 1181 3364 et
1225 3324 1363 3383 aqua
1406 3310 1786 3379 corruptionis.

211 3401 439 3469 Quando
459 3409 583 3455 sunt
610 3415 695 3454 res
724 3409 983 3470 augustae,
1005 3409 1059 3455 et
1077 3399 1252 3470 aliqua
1276 3415 1395 3470 qua:
1421 3399 1705 3455 infelicitas
1724 3400 1799 3455 dio

212 3496 355 3548 citur
382 3494 434 3546 in
458 3492 561 3547 hoc
585 3491 805 3559 mundo,
828 3493 979 3561 quasi
1019 3491 1154 3562 ignis
1178 3501 1296 3547 est:
1324 3491 1538 3561 quando
1562 3501 1685 3547 sunt
1708 3505 1797 3547 res

213 3599 510 3655 prosperae.
556 3592 612 3638 et
658 3582 981 3638 abundantia
1028 3581 1214 3637 steculi
1258 3581 1600 3649 circumﬂuit,
1646 3581 1796 3652 quasi

212 3690 351 3744 aqua
379 3683 481 3728 est.
515 3673 646 3728 Vide
670 3687 739 3728 ne
782 3682 835 3728 te
864 3674 999 3743 ignis
1039 3680 1258 3737 exurat,
1287 3687 1356 3727 ne
1395 3687 1532 3742 aqua
1551 3686 1795 3728 corrum-

212 3777 327 3836 pat.
360 3764 571 3819 Firmus
595 3773 713 3820 esto
734 3764 989 3818 adversus
1024 3764 1239 3833 ignem;
1270 3763 1428 3833 coqui
1458 3772 1510 3818 te
1536 3771 1747 3832 oportet
1772 3776 1795 3821 :

212 3866 471 3925 tanquam
502 3868 594 3908 vas
621 3854 801 3908 ﬁctum
846 3853 1075 3908 mitteris
1115 3854 1169 3908 in
1220 3854 1489 3908 caminum
1534 3854 1704 3924 ignis,
1738 3862 1796 3908 ut

213 3947 462 4000 ﬁrmetur
484 3944 625 4015 quod
654 3942 938 3999 formatum
971 3952 1072 3998 est.
1108 3943 1211 3998 Vas
1237 3959 1365 4014 ergo
1404 3943 1516 4013 jam
1544 3944 1665 4013 igne
1708 3944 1797 3998 ﬁr-

213 4045 419 4089 matum
460 4048 654 4103 aquam
704 4048 808 4087 non
856 4032 1038 4098 timet;
1071 4047 1163 4087 vas
1205 4042 1387 4087 anteiri
1422 4032 1469 4086 8‘
1510 4031 1794 4088 solidatum

213 4124 342 4195 igne
380 4138 486 4177 non
534 4124 689 4178 fuerit
708 4164 722 4188 ,
754 4132 1000 4191 tanquam
1028 4123 1194 4177 lutum
1220 4137 1355 4193 aqua
1385 4122 1646 4178 solvetur.
1676 4121 1796 4176 Noli

217 4215 477 4270 festinare
503 4213 569 4268 ad
598 4229 822 4283 aquam;
853 4228 946 4282 per
972 4214 1143 4282 ignem
1176 4214 1340 4267 transi
1367 4211 1435 4265 ad
1475 4228 1667 4282 aquam
1689 4253 1706 4279 ,
1740 4219 1798 4266 ut

214 4317 462 4362 transeas
487 4316 541 4361 et
568 4321 778 4376 aquam.
812 4305 1102 4374 Propterea
1133 4312 1189 4359 et
1234 4304 1286 4358 in
1315 4302 1674 4359 Sacrameutis
1696 4343 1713 4367 ,
1742 4311 1797 4357 et

216 4396 275 4451 in
295 4396 672 4451 catechizando
695 4436 709 4460 ,
757 4405 810 4450 et
850 4396 900 4449 in
932 4394 1314 4459 exorcizando,
1346 4393 1628 4448 adhibetur
1651 4394 1795 4463 prius

216 4490 379 4558 ignis.
410 4488 544 4543 Nam
588 4487 728 4542 unde
766 4488 1077 4557 plerumque
1126 4485 1380 4540 immundi
1426 4486 1641 4555 spiritus
1682 4485 1795 4539 cla-

217 4590 387 4647 mant,
412 4580 611 4646 Ardea,
641 4583 686 4634 si
715 4580 806 4634 ille
830 4580 965 4650 ignis
994 4594 1100 4633 non
1126 4580 1244 4634 est?
1266 4578 1384 4634 Post
1418 4579 1591 4649 ignem
1619 4586 1797 4632 autem

220 4674 508 4730 esorcismi
561 4673 768 4727 venitur
810 4672 876 4727 ad
935 4672 1295 4741 Baptismum;
1346 4680 1404 4726 ut
1450 4671 1517 4725 ab
1565 4670 1686 4740 igne
1730 4668 1798 4725 ad

218 4780 413 4835 aquam
440 4806 457 4829 ,
487 4762 556 4817 ab
575 4778 711 4833 aqua
742 4763 793 4817 iu
844 4761 1191 4831 refrigerium.
1228 4761 1378 4828 Quod
1401 4770 1575 4815 autem
1616 4760 1668 4814 in
1696 4759 1799 4815 Sa-

216 4854 508 4911 cramentis
533 4856 574 4919 ⁸,
600 4853 701 4907 hoc
744 4854 795 4906 in
843 4850 1228 4906 tentationibus
1253 4849 1411 4919 hujus
1457 4850 1637 4904 saiculi
1664 4868 1677 4901 :
1706 4864 1794 4903 au-

220 4948 393 5017 gustia
424 4945 631 4999 timoris
658 4944 864 4999 accedit
884 4942 1075 5014 prima,
1104 4942 1221 4996 vice
1252 4941 1419 5011 ignis;
1450 4949 1632 5011 postea
1653 4940 1800 4995 abla-

224 5048 283 5093 to
311 5040 526 5101 timore,
560 5034 903 5090 metuendum
931 5042 1013 5089 est
1038 5048 1103 5087 ne
1131 5032 1356 5087 felicitas
1387 5029 1650 5085 mundana
1676 5045 1800 5085 cor-

223 5137 458 5199 rumpat.
496 5126 630 5181 Cum
652 5133 830 5180 autem
863 5132 914 5178 te
946 5122 1082 5193 ignis
1107 5136 1327 5192 crepare
1366 5135 1471 5175 non
1503 5120 1722 5185 fecerit,
1748 5128 1803 5174 et

224 5222 282 5276 in
306 5232 500 5290 aquam
531 5232 637 5271 non
667 5217 942 5283 jncrseris,
964 5214 1056 5270 sed
1087 5213 1414 5279 enataveris;
1450 5226 1543 5282 per
1566 5210 1802 5281 discipli-

224 5327 351 5367 nam
382 5310 581 5365 transis
624 5306 690 5363 ad
716 5308 986 5378 requiem,
1029 5316 1083 5361 et
1113 5306 1374 5361 transiens
1418 5320 1512 5375 per
1536 5304 1711 5375 ignem
1750 5312 1804 5359 et

219 5416 421 5470 aquam
447 5399 691 5453 educcris
719 5399 771 5451 in
798 5397 1149 5467 refrigerium.
1170 5396 1423 5472 _Quarum_
1454 5395 1595 5450 enim
1626 5410 1803 5451 rerum

222 5492 378 5560 signa
405 5498 533 5545 sunt
562 5490 613 5543 in
638 5488 1015 5553 Sacramentis,
1047 5487 1175 5556 ipsa:
1214 5500 1300 5540 res
1324 5495 1448 5540 sunt
1478 5487 1528 5540 in
1558 5486 1645 5540 illa
1678 5501 1799 5555 pcr-

224 5580 461 5635 lectione
490 5578 611 5632 vitae
637 5586 872 5632 externae.
899 5575 1013 5631 Jam
1042 5591 1163 5632 cum
1192 5575 1561 5630 transierimus
1586 5574 1651 5629 ad
1676 5575 1804 5629 illud

257 5778 272 5824 ι
291 5717 308 5746 ι
328 5716 412 5764 Hie
435 5715 487 5763 in
507 5712 617 5763 edd.
635 5711 847 5763 additum
862 5709 1035 5771 fuerat,
1060 5723 1187 5775 aqua
1222 5709 1480 5775 uaptismi;
1508 5709 1636 5773 quod
1654 5721 1679 5760 a
1702 5717 1809 5759 Mss.

273 5787 385 5824 tesi.

222 5787 385 5826 30851.

1313 368 1711 429 ENARRATIO
1746 365 1812 424 1N
1848 365 2170 427 PSALMUM
2208 369 2370 427 LXV.

3384 373 3491 433 798

1903 482 2257 553 refrigerium,
2282 485 2469 539 fratres
2493 482 2813 550 charussuni,
2839 484 3042 542 nullum
3072 484 3145 542 ibi
3175 484 3485 544 timebimus

1903 572 2206 643 inimicum,
2275 574 2477 630 nullum
2531 582 2889 641 tentatorem,
2950 576 3156 631 nullum
3200 577 3485 646 invidum,

1904 664 2104 719 nullum
2136 665 2343 736 ignem,
2376 664 2571 719 nullam
2604 678 2835 734 aquam;
2867 674 3183 734 perpetuum
3214 665 3287 719 ibi
3324 665 3486 721 refri-

1902 756 2106 825 gerium
2157 761 2277 811 erit.
2331 754 2686 825 Refrigerium
2735 762 2951 824 propter
2991 754 3223 824 quietem
3268 756 3482 811 dicitur.

1903 844 2034 901 Nam
2063 846 2109 901 si
2132 845 2300 913 dicas,
2331 844 2489 902 Calor
2513 856 2616 909 est.
2658 860 2844 901 verum
2880 856 2963 902 est
2993 863 3008 900 :
3037 847 3081 900 si
3108 846 3278 917 dicas,
3309 847 3487 903 Betri-

1904 938 2128 1006 gerium,
2152 953 2334 993 verum
2355 949 2457 993 est.
2477 935 2531 993 Si
2554 937 2697 994 enim
2722 936 3057 1008 refrigerium
3076 937 3213 993 male
3230 939 3483 1009 accipias,

1903 1030 2053 1098 quasi
2086 1029 2438 1097 torpescimus
2468 1029 2558 1084 ibi.
2597 1028 2715 1083 Non
2748 1035 2926 1083 autem
2971 1028 3325 1098 torpescimus
3369 1028 3483 1097 ibi,

1904 1119 1998 1173 sed
2024 1118 2412 1188 requiescimus
2441 1135 2454 1172 :
2480 1134 2580 1174 nec
2599 1118 2724 1189 quia
2741 1119 2890 1173 calor
2909 1118 3124 1186 dicitur,
3142 1118 3493 1175 aestuabimus

1904 1211 2012 1276 ibi,
2046 1211 2140 1266 sed
2167 1211 2489 1267 fervebimus
2527 1212 2733 1280 spiritu.
2764 1210 2993 1267 Attende
3030 1212 3204 1281 ipsum
3247 1210 3483 1266 calorem

1905 1301 1957 1355 in
1987 1302 2093 1356 alio
2120 1302 2326 1373 psalmo
2358 1320 2372 1356 :
2401 1301 2516 1357 Nec
2540 1311 2614 1357 est
2643 1303 2731 1372 qui
2762 1319 2816 1357 se
2838 1301 3117 1356 abscondat
3138 1318 3171 1355 a
3190 1302 3358 1355 calore
3376 1303 3487 1373 ejus

1904 1392 2073 1464 (Psal.
2098 1409 2247 1460 xvut,
2274 1393 2353 1465 7).
2396 1393 2532 1461 Quid
2556 1392 2687 1448 dicit
2723 1401 2776 1449 et
2804 1392 3134 1464 Apostolus?
3159 1391 3354 1463 Spiritu
3380 1395 3486 1463 fer-

1903 1495 2070 1540 ventes
2100 1484 2272 1557 (Rom.
2305 1500 2399 1553 xu,
2430 1485 2540 1555 ll).
2570 1486 2728 1557 Ergo,
2760 1484 3111 1540 Transivimus
3141 1501 3231 1557 per
3254 1485 3421 1556 ignem
3439 1491 3487 1538 et

1902 1593 2087 1647 aquam
2108 1592 2127 1631 :
2152 1576 2215 1630 Et
2242 1576 2463 1631 eduwisti
2494 1593 2586 1631 nos
2612 1577 2667 1631 in
2693 1577 3032 1647 refrigerium.

1976 1667 2063 1721 l8.
2097 1665 2248 1739 [vers.
2282 1664 2395 1739 15.]
2439 1667 2670 1722 Attende
2697 1666 2820 1737 quia
2852 1681 2959 1721 non
2989 1674 3193 1720 tantum
3220 1663 3288 1719 de
3328 1662 3485 1719 refri-

1902 1758 2071 1828 gerio,
2098 1758 2193 1813 sed
2224 1772 2322 1816 nec
2361 1758 2429 1813 de
2463 1759 2579 1829 ipso
2606 1758 2725 1828 igne
2751 1757 2971 1827 optabili
3003 1756 3170 1811 tacuit
3209 1772 3222 1809 :
3252 1753 3485 1810 Introibo

1902 1851 1956 1904 in
1976 1852 2180 1904 domum
2201 1859 2344 1904 luant
2370 1850 2423 1903 in
2451 1850 2779 1904 holocaustis.
2803 1847 2941 1915 Quid
2966 1856 3047 1902 est
3071 1846 3437 1901 holocaustum
3461 1845 3485 1898 ?

1902 1940 2094 1995 Totum
2119 1941 2417 2005 incensum,
2448 1940 2543 1996 sed
2566 1940 2687 2012 igne
2711 1940 2913 1994 divino.
2945 1938 3325 1994 Holocaustum
3340 1936 3485 1992 enim

1901 2031 2094 2087 dicitur
2118 2033 2463 2099 sacriﬁcium,
2491 2046 2613 2087 cum
2641 2039 2813 2088 totum
2840 2030 3168 2087 accenditur.
3200 2029 3333 2084 Alia:
3362 2037 3486 2083 sunt

1902 2133 2082 2193 partes
2100 2124 2518 2190 sacriﬁciorum;
2544 2123 2689 2178 aliud
2715 2122 3088 2178 holocaustum
3117 2138 3130 2174 :
3159 2118 3372 2190 quando
3400 2128 3483 2173 to.

1904 2222 2013 2268 tum
2043 2213 2224 2277 ardet,
2258 2222 2313 2268 et
2337 2221 2502 2269 totum
2532 2214 2883 2285 consumitur.
2910 2213 3030 2283 igne
3079 2211 3259 2266 divino
3280 2251 3294 2275 ,
3324 2209 3482 2264 holo-

1901 2316 2143 2361 caustum
2167 2306 2381 2371 dicitur;
2400 2306 2616 2376 quando
2636 2320 2781 2374 pars,
2810 2304 3146 2359 sacriﬁcium.
3173 2302 3343 2357 Omne
3366 2302 3486 2372 qui-

1900 2394 2022 2450 dem
2052 2395 2421 2451 holocaustum
2450 2394 2772 2450 sacriﬁcium
2797 2412 2812 2460 ;
2845 2393 2941 2449 sed
2971 2407 3079 2447 non
3104 2406 3268 2447 omne
3311 2390 3480 2447 sacri-

1903 2485 2079 2541 ﬁcium
2105 2485 2489 2540 holocaustum.
2511 2484 2828 2539 liolocausta
2846 2498 2973 2556 ergo
2989 2482 3270 2555 promittit;
3289 2495 3486 2553 corpus

1900 2576 2099 2632 Christi
2130 2576 2386 2645 loquitur,
2418 2576 2598 2631 unitas
2636 2574 2834 2630 Christi
2872 2575 3109 2645 loquitur
3137 2592 3150 2628 :
3180 2571 3409 2626 Introibo
3428 2571 3485 2625 in

1900 2668 2105 2721 domum
2134 2675 2275 2720 luant
2300 2667 2353 2719 in
2382 2665 2707 2720 holocaustis.
2748 2665 2941 2721 Totum
2984 2680 3162 2720 meum
3205 2657 3486 2718 cbnsumat

1902 2760 2038 2830 ignis
2064 2768 2220 2824 tuus;
2250 2758 2380 2813 nihil
2412 2759 2516 2813 mei
2544 2767 2826 2813 remaneat
2851 2757 2983 2812 mihi
3006 2797 3024 2825 ,
3072 2765 3241 2811 totum
3269 2754 3338 2810 sit
3363 2752 3483 2808 tibi.

1902 2849 2016 2905 Hoc
2049 2856 2227 2903 autem
2254 2849 2358 2903 erit
2402 2848 2456 2902 in
2488 2847 2880 2903 resurrectione
2911 2847 3179 2917 justorum
3203 2846 3244 2909 ¹,
3275 2844 3480 2915 quando

1901 2950 1947 2995 et
1975 2939 2297 3009 corruptibile
2332 2938 2426 2992 hoc
2447 2937 2687 2993 induetur
2723 2938 3135 3009 incorruptione,
3173 2945 3222 2991 et
3264 2934 3479 2989 mortale

1901 3032 1994 3085 hoc
2012 3031 2249 3085 induatur
2275 3030 2673 3094 immortalitate;
2695 3037 2814 3083 tunc
2837 3029 2925 3099 ﬁet
2951 3028 3086 3100 quod
3102 3027 3342 3097 scriptum
3367 3034 3483 3080 est:

1900 3122 2152 3193 Absorpta
2177 3131 2249 3177 est
2275 3139 2409 3177 mors
2434 3123 2486 3177 in
2512 3122 2770 3177 uictoriam
2798 3121 2841 3192 (l
2867 3121 2985 3176 Cor.
3018 3136 3111 3187 xv,
3143 3118 3255 3187 54).
3294 3118 3478 3173 Victo-

1901 3218 1978 3272 ria
2005 3218 2155 3288 quasi
2185 3218 2321 3288 ignis
2341 3216 2555 3272 divinus
2590 3225 2674 3273 est
2700 3234 2715 3270 :
2744 3232 2866 3272 cum
2892 3215 3142 3271 absorbet
3170 3222 3224 3269 et
3251 3218 3481 3269 mortem

1901 3320 2159 3377 nostram,
2184 3310 2550 3364 holocaustum
2575 3318 2677 3365 est.
2717 3308 2832 3365 Non
2861 3316 3101 3364 remanet
3129 3305 3353 3362 mortale
3380 3305 3481 3359 ali-

1900 3400 2024 3471 quid
2065 3401 2117 3455 in
2144 3416 2326 3468 carne,
2359 3416 2465 3456 non
2495 3410 2735 3456 remanet
2757 3402 2956 3471 aliquid
2985 3399 3249 3470 culpabile
3279 3399 3330 3452 in
3366 3396 3479 3466 Spi-

1900 3490 2039 3557 ritu;
2070 3498 2239 3545 totum
2270 3506 2334 3545 ex
2360 3491 2570 3545 mortali
2601 3491 2706 3545 vita
2731 3500 3097 3555 consumetur,
3123 3499 3180 3543 ut
3206 3488 3259 3543 in
3280 3496 3480 3544 aeterna

1902 3582 2006 3634 vita
2032 3589 2431 3656 consummetur
2451 3582 2472 3612 ¹
2507 3597 2521 3635 :
2554 3589 2711 3636 erunt
2736 3596 2862 3651 ergo
2890 3581 2978 3635 illa
3007 3579 3333 3634 holocausta.

1972 3671 2060 3727 19.
2100 3670 2251 3743 [vers.
2284 3671 2396 3743 Νη]
2436 3672 2504 3727 Et
2526 3672 2650 3743 quid
2680 3674 2782 3728 erit
2805 3672 2862 3740 ³,
2883 3673 2938 3727 in
2974 3671 3317 3727 holocaustis?
3344 3670 3483 3726 Red-

1901 3763 2019 3817 dam
2038 3763 2124 3817 tibi
2152 3771 2264 3817 vota
2287 3779 2417 3828 mea,
2444 3779 2556 3834 qua:
2578 3763 2914 3818 distinxerunt
2939 3763 3073 3817 labia
3095 3778 3225 3815 mea.
3251 3762 3381 3828 Qua:
3400 3768 3485 3815 est

1901 3857 2168 3913 distinctio
2196 3857 2248 3911 in
2279 3857 2448 3911 votis?
2475 3857 2599 3912 llaec
2627 3866 2710 3912 est
2735 3856 3004 3912 distinctio
3027 3896 3043 3921 ,
3074 3863 3134 3910 ut
3162 3865 3214 3909 te
3238 3867 3479 3918 accuses,

1902 3948 2048 4002 illum
2085 3946 2300 4013 Iaudes;
2346 3955 2399 4002 te
2436 3946 2702 4018 intelligas
2730 3955 3050 4012 creaturam,
3082 3945 3230 4000 illum
3273 3953 3484 3999 creato-

1901 4054 2050 4103 rem;
2083 4048 2134 4094 te
2185 4039 2453 4103 tenebras,
2498 4040 2645 4094 illum
2697 4039 3133 4106 illuminatorcm,
3172 4038 3255 4093 cui
3296 4037 3481 4093 dicas:

1900 4127 1982 4182 Tu
2010 4126 2315 4181 illuminabis
2346 4128 2600 4182 lucernam
2627 4145 2809 4195 meam,
2846 4130 3097 4190 Domine;
3135 4128 3271 4181 Deus
3324 4144 3482 4191 meus,

1900 4218 2210 4272 illuminabis
2268 4217 2494 4301 tenebras
2562 4235 2698 4273 meas
2747 4219 2920 4289 (Psal.
2976 4236 3082 4274 xvu
3112 4261 3127 4284 ,
3179 4217 3296 4287 29).
3349 4217 3482 4271 Nam

1903 4307 2118 4379 quando
2157 4306 2376 4373 dixeris,
2422 4323 2454 4361 ο
2492 4310 2690 4374 anima,
2735 4310 2857 4379 quia
2886 4324 2952 4363 ex
2983 4318 3034 4363 te
3065 4309 3154 4361 tibi
3186 4308 3344 4371 lucet,
3378 4321 3483 4360 non

1902 4398 2220 4468 distingues.
2243 4398 2298 4453 Si
2326 4413 2431 4452 non
2454 4398 2768 4469 distingues,
2801 4414 2906 4454 non
2935 4398 3126 4454 reddes
3150 4408 3269 4451 vota
3296 4397 3489 4451 distin-

1903 4498 2008 4545 cta.
2040 4488 2221 4544 Redde
2247 4496 2364 4542 vota
2394 4488 2676 4553 distincta;
2705 4491 2959 4546 conﬁtere
2988 4500 3039 4544 te
3070 4488 3397 4551 mutabilem,
3424 4489 3486 4542 il-

1902 4581 2011 4635 lum
2030 4580 2512 4634 incommutabilem
2537 4597 2550 4633 :
2575 4581 2829 4638 conﬁtere
2858 4592 2907 4639 te
2936 4583 3049 4637 sine
3076 4581 3165 4635 illo
3188 4580 3314 4634 nihil
3343 4594 3483 4645 esse,

1905 4674 2076 4743 ipsum
2106 4682 2283 4728 autem
2315 4672 2430 4729 sine
2453 4683 2502 4728 tc
2533 4673 2824 4745 perfectum
2853 4690 3007 4741 esse;
3034 4685 3085 4730 te
3114 4674 3349 4745 indigere
3372 4675 3484 4738 illo,

1905 4765 2052 4847 illum
2085 4774 2261 4819 autem
2292 4764 2365 4818 tui
2396 4781 2500 4819 non
2532 4766 2790 4837 indigere.
2818 4764 2996 4821 Clama
3020 4767 3088 4820 ad
3131 4766 3280 4821 illum
3316 4784 3327 4819 :
3365 4766 3488 4821 Dixi

1905 4856 2147 4922 Domino,
2187 4855 2325 4910 Deus
2352 4873 2490 4935 meus
2516 4874 2568 4911 es
2598 4867 2670 4923 tu,
2705 4859 2942 4925 quoniam
2984 4858 3225 4912 bonorum
3263 4874 3489 4913 meorum

1906 4966 2008 5004 non
2032 4948 2227 5019 indiges
2247 4947 2419 5018 (Psal.
2442 4964 2527 5015 xv,
2556 4946 2633 5019 2).
2663 4948 2780 5003 Jam
2810 4964 2875 5004 eo
2894 4949 3035 5020 quod
3069 4960 3119 5005 te
3148 4950 3199 5004 in
3228 4949 3486 5005 holocau-

1907 5052 2047 5098 stum
2075 5042 2296 5097 assumit
2323 5041 2481 5108 Deus,
2509 5056 2613 5095 non
2646 5041 2733 5097 ille
2761 5044 2974 5112 crescit,
3006 5059 3112 5099 nou
3140 5044 3225 5099 illc
3245 5051 3487 5112 augetur,

1908 5151 2016 5190 non
2062 5134 2151 5189 ille
2193 5134 2372 5199 ditior,
2402 5149 2506 5187 non
2536 5133 2624 5188 ille
2654 5134 2958 5191 instructior
2985 5135 3041 5190 ﬁt
3074 5152 3088 5189 :
3129 5134 3221 5190 tibi
3260 5144 3341 5187 est
3370 5147 3488 5187 me-

1911 5225 2013 5280 lius
2036 5222 2289 5295 quidquid
2315 5224 2381 5278 de
2404 5232 2455 5277 te
2480 5238 2578 5293 pro
2606 5232 2654 5279 te
2677 5224 2833 5291 facit;
2864 5240 2968 5280 non
2995 5225 3046 5281 ei
3069 5225 3157 5295 qui
3188 5222 3332 5277 facit.
3362 5220 3487 5275 llmc

1912 5316 1954 5369 si
1982 5315 2286 5376 discernas,
2322 5313 2501 5367 reddis
2538 5324 2658 5368 vota
2691 5315 2800 5370 Deo
2843 5324 2954 5385 tuo,
2986 5330 3103 5385 qua:
3133 5311 3494 5367 distinxerunt

1913 5406 2048 5461 labia
2092 5413 2198 5458 tua.
2236 5402 2466 5457 Reddam
2514 5404 2600 5458 tibi
2648 5415 2759 5460 vota
2800 5422 2936 5472 mea,
2987 5418 3100 5477 qua:
3149 5403 3492 5456 distinxerunt

1915 5498 2047 5552 labia
2072 5513 2200 5549 mea.

1980 5590 1995 5620 ι
2023 5589 2094 5636 Sic
2115 5593 2223 5636 Mss.
2253 5584 2453 5646 Attuli,
2480 5593 2793 5638 mortuorum.

1976 5649 1998 5679 ¹
2021 5650 2102 5697 Hic
2125 5647 2235 5695 Edd.
2261 5639 2454 5704 addunt,
2479 5656 2530 5698 ut
2554 5662 2584 5698 a
2606 5656 2756 5698 morte
2793 5660 3035 5697 serventur
3058 5647 3107 5697 in
3145 5645 3289 5696 vitam
3318 5656 3334 5694 :
3368 5639 3498 5704 quod

1916 5711 2056 5765 abest
2078 5722 2105 5757 a
2126 5708 2390 5771 potioribus
2410 5717 2514 5759 Mss.

1986 5773 2006 5803 ³
2029 5771 2215 5836 Aliquot
2235 5785 2246 5834 ι
2265 5772 2396 5819 roluc
2421 5781 2545 5821 noue
2569 5778 2695 5831 Mss,
2710 5778 2865 5820 erunt.
