4038 6466
563 353 672 416 ωδ

564 472 703 542 Quid
729 489 860 546 ergo
885 477 1141 534 Dominus
1167 478 1413 538 Christus
1441 481 1548 536 ait?
1574 482 1688 555 Ego
1726 501 1839 540 sum
1869 487 2011 551 vitis,
2056 503 2143 540 vos

558 576 831 634 sarmenta,
861 567 1020 624 Pater
1043 587 1181 626 meus
1199 574 1429 643 agricola
1460 574 1638 646 (Joan.
1677 591 1768 641 xv,
1798 577 1831 632 5
1849 617 1864 641 ,
1893 578 1968 643 l).
1992 577 2145 632 Sitiat

558 674 688 730 ergo
713 671 875 726 terra,
907 672 961 718 et
989 663 1108 719 edat
1140 679 1297 720 voces
1315 667 1430 721 sitis
1457 681 1566 721 sua:
1586 683 1599 731 ;
1617 667 1864 736 quoniam
1887 668 2142 737 scriptum

564 759 648 808 est
677 767 694 807 :
728 753 909 807 Anima
929 771 1040 809 mea
1060 757 1188 811 sicut
1207 766 1337 812 terra
1363 758 1470 812 sine
1487 775 1619 828 aqua
1647 759 1735 812 tibi
1777 758 1947 828 (Psal.
1980 775 2140 828 cxut,

558 843 640 913 6).
670 844 822 901 Dicat
844 861 971 916 ergo
997 857 1135 902 terra
1159 859 1359 913 nostra,
1393 865 1490 903 nos
1516 851 1637 919 ipsi,
1667 851 1900 919 pluviam
1929 853 2019 908 Dei
2046 853 2141 906 de-

557 935 801 991 siderans
833 955 844 989 :
875 937 1014 992 De'us
1029 941 1326 994 misereatur
1345 941 1522 1006 nostri,
1545 950 1591 993 et
1617 941 1878 996 benedicat
1901 959 2012 996 nos.

628 1027 684 1082 2.
728 1027 991 1083 Illuminet
1012 1031 1201 1085 vultum
1217 1049 1362 1084 suum
1383 1049 1533 1102 super
1552 1050 1662 1088 nos.
1683 1034 2012 1102 Quassiturus
2024 1050 2143 1091 eras

559 1119 785 1176 fortasse
803 1121 929 1191 quid
949 1132 1048 1186 est,
1080 1123 1335 1178 benedicat
1357 1141 1464 1179 nos.
1486 1125 1662 1181 Multis
1686 1127 1857 1182 modis
1879 1143 1938 1183 se
1958 1130 2142 1183 volunt

563 1209 806 1268 homines
835 1212 1076 1268 benedici
1099 1228 1129 1268 a
1158 1215 1266 1271 Deo
1299 1232 1313 1268 :
1341 1217 1477 1271 alius
1509 1216 1750 1273 benedici
1795 1233 1855 1274 se
1895 1219 2038 1284 vult,
2086 1229 2143 1274 ut

559 1301 749 1360 habeat
788 1305 995 1376 plenam
1026 1306 1242 1361 domum
1287 1311 1602 1365 necessariis
1639 1311 1799 1365 rebus
1837 1310 1958 1366 huic
1987 1313 2137 1376 vita};

556 1396 694 1451 alius
721 1396 959 1453 benedici
994 1414 1052 1452 se
1078 1400 1244 1470 cupit,
1270 1409 1326 1456 ut
1360 1403 1597 1457 obtineat
1630 1403 1857 1458 salutem
1895 1404 2138 1475 corporis

557 1487 671 1542 sine
695 1487 847 1552 labe;
873 1489 1006 1544 alius
1037 1491 1278 1548 benedici
1303 1508 1362 1549 se
1386 1494 1516 1560 vult,
1545 1495 1587 1549 si
1628 1494 1760 1550 forte
1784 1505 2006 1565 tegrotat
2032 1539 2045 1561 ,
2076 1504 2134 1550 ut

505 1609 509 1613 ε
555 1589 766 1647 reparet
795 1580 1106 1645 sanitatem;
1150 1583 1284 1637 alius
1317 1583 1627 1640 desiderans
1670 1585 1841 1649 ﬁlios,
1892 1595 1946 1642 et
2003 1585 2140 1642 forte

554 1668 896 1724 contristatus
921 1671 1063 1739 quod
1091 1688 1195 1725 non
1229 1684 1515 1728 nascantur
1535 1716 1547 1737 ,
1579 1675 1818 1731 benedici
1846 1692 1904 1732 se
1934 1678 2048 1732 vult
2080 1686 2137 1731 ut

555 1754 748 1812 habeat
776 1762 1160 1828 posteritatem.
1190 1763 1256 1817 Et
1279 1764 1397 1832 quis
1433 1774 1710 1820 enumeret
1753 1765 1962 1820 diversa
2011 1777 2132 1821 vota

508 1883 510 1885 ›
554 1848 830 1905 hominum
885 1867 944 1908 se
991 1869 1023 1907 a
1072 1853 1297 1909 Domino
1346 1857 1456 1911 Deo
1494 1855 1738 1912 benedici
1778 1858 2139 1928 cupientium?

554 1938 685 2008 Quis
711 1951 887 1997 autem
926 1953 1167 1998 nostrum
1192 1944 1428 2001 dicturus
1454 1954 1537 2001 est
1565 1962 1669 2002 non
1709 1961 1828 2002 esse
1859 1947 2001 2002 illam
2046 1947 2140 2003 Dei

553 2029 998 2099 benedictionem,
1025 2035 1069 2088 si
1097 2035 1179 2091 vel
1209 2036 1524 2107 agricultura
1547 2035 1838 2092 eifructum
1864 2036 2020 2102 ferat,
2048 2038 2130 2094 vel

555 2120 750 2178 domus
777 2125 1034 2196 cujusque
1073 2126 1307 2182 abundet
1338 2129 1489 2198 c0pia
1517 2143 1696 2185 rerum
1744 2129 2135 2199 temporalium,

556 2213 641 2268 vel
671 2213 783 2284 ipsa
804 2217 1042 2286 corporis
1062 2217 1226 2283 salus,
1257 2227 1349 2273 aut
1374 2227 1614 2274 teneatur
1637 2234 1705 2274 ne
1729 2220 2026 2286 amittatur,
2049 2229 2141 2275 aut

558 2307 756 2362 amissa
782 2309 1100 2377 reparetur?
1139 2308 1461 2365 Fecunditas
1501 2311 1659 2365 etiam
1699 2310 2048 2374 feminarum,
2087 2319 2142 2367 et

555 2407 701 2453 casta
737 2407 861 2454 vota
911 2398 1047 2455 ﬁlios
1088 2401 1522 2469 desiderantium,
1562 2402 1630 2458 ad
1674 2418 1832 2474 quem
1872 2404 2142 2474 pertinent

561 2489 664 2544 nisi
685 2489 751 2545 ad
777 2489 1060 2546 Dominum
1083 2481 1408 2560 Deum?th
1429 2495 1570 2549 enim
1597 2494 2142 2565 creavitquandonon

555 2587 690 2648 erat,
717 2578 832 2651 ipse
849 2580 1014 2652 prolis
1035 2596 1285 2638 successu
1313 2582 1436 2640 facit
1479 2599 1791 2654 permanere
1825 2585 1966 2654 quod
2004 2601 2141 2640 con-

559 2669 713 2726 didit.
754 2671 903 2727 Facit
947 2675 1060 2728 haec
1090 2674 1248 2740 Deus,
1274 2675 1439 2730 donat
1469 2679 1581 2731 haec
1628 2676 1785 2731 Deus.
1828 2676 2020 2731 Parum
2061 2686 2143 2732 est

558 2763 712 2819 nobis
731 2763 927 2830 dicere,
963 2765 1109 2822 Facit
1139 2768 1252 2822 haec
1293 2769 1450 2835 Deus,
1481 2769 1647 2824 donat
1681 2769 1794 2824 haec
1835 2770 2005 2834 Deus;
2047 2771 2140 2826 sed

557 2858 706 2912 solus
733 2858 874 2925 facit,
902 2860 1048 2914 solus
1074 2860 1255 2914 donat.
1287 2860 1421 2929 Quid
1451 2861 1494 2916 si
1524 2861 1666 2917 enim
1690 2861 1813 2916 facit
1841 2862 1953 2917 haec
1975 2862 2138 2927 Deus,

556 2949 650 3004 sed
679 2949 802 3004 facit
826 2950 940 3006 inec
964 2963 1015 3007 et
1042 2953 1232 3024 aliquis
1253 2970 1356 3008 non
1389 2954 1564 3008 Deus?
1594 2953 1743 3009 Facit
1763 2954 1896 3018 haec,
1925 2963 1977 3009 et
1998 2954 2143 3010 solus

557 3037 700 3094 facit.
746 3040 810 3095 Et
857 3042 972 3097 sine
1012 3059 1168 3097 causa
1201 3044 1302 3099 ista
1330 3052 1580 3113 petuntur
1603 3045 1684 3099 vel
1720 3045 1786 3098 ab
1813 3044 2139 3111 hominibus,

557 3131 638 3186 vel
667 3146 697 3186 a
718 3131 1048 3189 dasmonibus
1081 3143 1176 3189 :et
1211 3151 1437 3205 qumque
1474 3135 1612 3190 bona
1638 3134 1904 3205 accipiunt
1941 3136 2141 3191 inimici

559 3219 676 3287 Dei,
704 3221 772 3276 ab
818 3221 908 3276 illo
935 3223 1233 3292 accipiunt;
1271 3234 1471 3280 etcum
1517 3225 1584 3280 ab
1620 3225 1736 3279 aliis
1778 3235 1980 3294 petunt,
2020 3240 2140 3280 cum

561 3311 846 3382 accipiunt,
873 3313 1173 3370 nescientes
1204 3315 1272 3370 ab
1300 3315 1390 3370 illo
1411 3316 1692 3387 accipiunt.
1722 3315 1999 3384 Quomodo
2020 3331 2141 3372 cum

561 3403 871 3472 puniuntur,
891 3414 945 3460 et
970 3415 1155 3476 putant
1193 3422 1251 3462 se
1271 3407 1338 3462 ab
1374 3407 1492 3462 aliis
1521 3409 1715 3478 puniri,
1750 3409 2049 3464 nescientes
2075 3409 2142 3464 ab

558 3495 652 3551 illo
680 3496 1015 3567 puniuntur:
1049 3499 1128 3553 sic
1179 3507 1234 3554 et
1283 3515 1403 3556 cum
1455 3510 1786 3572 vegetamur,
1835 3501 2139 3571 implentur,

557 3587 844 3655 salvantur,
877 3588 1204 3656 liberantur;
1233 3591 1331 3646 etsi
1361 3591 1465 3647 hoc
1503 3593 1837 3660 nescientes,
1861 3594 1946 3649 vel
1967 3593 2141 3648 homi-

557 3676 735 3743 nibus,
780 3679 865 3733 vel
905 3679 1280 3748 daemonibus,
1323 3682 1409 3737 vel
1453 3683 1671 3754 Angelis
1717 3684 1978 3749 tribuunt,
2035 3699 2141 3738 non

558 3767 758 3825 habent
780 3772 881 3826 nisi
907 3773 974 3826 ab
998 3772 1109 3836 illo,
1133 3787 1298 3842 penes
1324 3789 1482 3843 quem
1513 3783 1750 3844 potestas
1775 3784 1857 3830 est
1881 3777 2139 3830 omnium.

557 3859 639 3915 Ad
667 3859 768 3915 hoc
788 3861 1080 3916 dixerimus
1107 3863 1241 3927 hmc,
1269 3862 1483 3928 fratres,
1511 3872 1569 3918 ut
1593 3863 1832 3934 quisquis
1861 3865 2019 3920 etiam
2042 3865 2143 3922 ista

559 3959 772 4006 terrena
813 3951 967 4017 forte,
1001 3955 1082 4009 vel
1123 3963 1340 4024 propter
1373 3956 1742 4025 supplementa
1779 3958 2138 4025 necessitatis,

559 4042 644 4099 vel
676 4052 894 4115 propter
932 4045 1161 4117 aliquam
1202 4046 1560 4104 inﬁrmitatem
1591 4048 1890 4117 desiderat,
1930 4051 2142 4107 nonnisi

558 4131 628 4189 ab
655 4133 747 4190 illo
779 4135 1066 4205 desideret,
1104 4139 1191 4209 qui
1223 4147 1306 4196 est
1350 4139 1469 4195 fons
1497 4142 1732 4196 omnium
1773 4141 2057 4212 bonorum,
2089 4154 2146 4200 et

557 4237 771 4285 creator
797 4236 853 4284 et
871 4240 1141 4287 recreator
1162 4233 1552 4289 universorum.

630 4318 684 4374 3.
725 4317 829 4374 Sed
857 4319 960 4373 alia
982 4330 1105 4376 sunt
1150 4321 1287 4377 dona
1331 4339 1448 4394 quae
1489 4323 1581 4380 dat
1628 4323 1766 4380 Deus
1812 4334 1866 4381 et
1916 4326 2144 4383 inimicis

559 4409 691 4474 suis,
715 4408 814 4462 alia
852 4423 972 4479 qua:
999 4424 1106 4465 non
1145 4401 1320 4466 servat
1347 4413 1447 4468 nisi
1475 4413 1661 4469 amicis
1689 4415 1818 4474 suis.
1861 4417 1992 4484 Qum
2020 4427 2145 4473 sunt

560 4499 697 4555 dona
719 4515 837 4571 quae
857 4502 948 4557 dat
973 4503 1199 4557 inimicis
1223 4505 1372 4559 suis?
1413 4504 1486 4560 Ea
1530 4522 1649 4577 quae
1696 4511 1990 4564 numeravi.
2027 4510 2142 4567 Non

561 4592 703 4647 enim
731 4593 830 4647 soli
848 4594 970 4649 boni
1001 4595 1181 4664 plenas
1201 4594 1594 4653 babentdomos
1609 4599 1768 4654 rebus
1790 4602 2140 4670 necessariis;

561 4691 653 4737 aut
673 4683 771 4737 soli
802 4682 944 4752 boni,
979 4687 1064 4741 vel
1088 4685 1218 4741 salvi
1249 4687 1265 4718 ¹
1293 4695 1436 4754 sunt,
1464 4690 1547 4743 vel
1581 4691 1649 4745 ab
1675 4691 1985 4762 aegritudine
2010 4709 2141 4748 con-

560 4772 869 4837 valescunt;
901 4781 991 4829 aut
1016 4775 1118 4829 soli
1145 4775 1269 4830 boni
1295 4774 1432 4832 ﬁlios
1448 4776 1663 4844 habent,
1695 4781 1792 4835 soli
1823 4781 1950 4836 boni
1982 4798 2144 4850 pecu-

561 4863 704 4916 niam
731 4904 747 4930 ,
795 4863 893 4917 soli
939 4863 1064 4919 boni
1110 4877 1304 4921 caetera
1348 4876 1468 4938 apta
1522 4868 1662 4923 huic.
1696 4869 1818 4925 vita:
1868 4874 2143 4942 temporali

563 4961 722 5024 atque
752 4957 1066 5010 transeunti.
1114 4956 1322 5013 Habent
1350 4957 1463 5014 itch
1492 4967 1545 5014 et
1569 4959 1715 5026 mali,
1768 4969 1823 5016 et
1863 4961 2147 5032 aliquando

559 5043 758 5100 desunt
781 5043 937 5099 bonis
967 5062 980 5098 :
1010 5047 1102 5100 sed
1129 5047 1325 5103 desunt
1352 5059 1404 5104 et
1432 5049 1608 5118 malis,
1637 5061 1690 5105 et
1708 5051 2019 5123 plerumque
2032 5054 2147 5110 istis

561 5137 732 5204 magis
789 5151 947 5207 quam
985 5137 1122 5203 illis;
1162 5138 1446 5210 aliquando
1478 5143 1579 5198 illis
1619 5158 1777 5212 quam
1816 5144 1932 5200 istis
1971 5146 2148 5215 potius

561 5227 855 5283 abundant.
881 5229 1146 5284 Permixta
1178 5229 1276 5284 ista
1307 5234 1620 5303 temporalia
1649 5234 1788 5291 Deus
1808 5251 1927 5291 esse
1945 5237 2144 5305 voluit;

561 5320 683 5390 quia
712 5319 758 5373 si
789 5319 946 5374 bonis
974 5319 1103 5375 solis
1133 5336 1196 5375 ea
1219 5319 1390 5387 daret,
1424 5335 1669 5394 putarent
1692 5337 1746 5381 et
1786 5328 1908 5382 mali
1932 5340 2148 5399 propter

563 5412 678 5467 lucc
702 5413 984 5468 colendum
1017 5413 1219 5475 Deum;
1252 5431 1438 5470 rursus
1469 5417 1511 5471 si
1542 5432 1604 5472 ea
1631 5419 1760 5474 solis
1795 5421 1948 5477 malis
1974 5421 2144 5488 daret,

563 5501 816 5558 timerent
852 5504 975 5558 boni
1025 5504 1216 5559 inﬁrmi
1263 5507 1538 5571 converti,
1589 5524 1655 5563 ne
1709 5511 1808 5564 ista
1852 5512 1958 5565 illis
2012 5512 2148 5568 forte

561 5591 834 5648 deessent.
863 5595 958 5649 Est
985 5596 1126 5649 enim
1155 5596 1330 5650 adhuc
1352 5598 1525 5650 anima
1550 5599 1758 5658 inﬁrma
1783 5602 1958 5657 minus
1980 5618 2144 5671 capax

561 5686 711 5754 regni
744 5685 870 5750 Dei;
901 5687 1102 5741 nutrire
1132 5687 1274 5740 illam
1304 5687 1462 5742 debet
1501 5689 1638 5744 Deus
1672 5693 1902 5762 agricola
1944 5705 2144 5748 noster.

632 5798 646 5829 ι
674 5797 806 5858 add,
832 5799 951 5850 salvi
965 5798 1078 5860 tacti
1100 5807 1226 5850 sunt.
1250 5799 1414 5864 Abest,
1433 5801 1566 5864 facti,
1590 5815 1616 5850 a
1639 5810 1745 5853 Mss.

1800 372 1857 429 S.
1897 370 2264 430 AUGUSTINI
2303 372 2606 430 EPISCOPI

3731 364 3840 422 80b

2259 486 2392 541 Nam
2421 497 2614 557 etquae
2633 485 2793 540 arbor
2828 482 2939 553 jam
2989 486 3332 548 tempestates
3367 476 3562 534 robore
3585 478 3832 546 sustinet,

2254 593 2375 632 cum
2406 578 2473 632 de
2495 586 2634 632 terra
2661 583 2990 638 nasceretur,
3015 572 3180 627 herba
3215 579 3350 625 erat.
3387 569 3548 625 Novit
3583 583 3714 640 ergo
3746 570 3832 625 ille

2253 673 2481 742 agricola
2531 686 2635 724 non
2671 670 2843 724 solum
2893 666 3139 720 robustas
3174 663 3392 718 arbores
3441 671 3630 732 putare
3676 670 3832 731 atque

2257 774 2515 832 purgare;
2558 761 2650 815 sed
2685 760 2842 815 etiam
2888 767 3099 812 teneras
3128 755 3180 809 in
3225 754 3428 809 recenti
3469 762 3592 808 ortu
3635 752 3828 821 sepire.

2253 855 2566 924 Propterea,
2593 851 2946 917 dilectissimi,
2969 859 3026 904 ut
3055 849 3232 904 dicere
3263 860 3529 915 coeperam
3548 883 3566 910 ,
3609 845 3656 900 si
3705 844 3830 900 solis

2252 947 2406 1002 bonis
2432 947 2686 1002 darentur
2713 946 2831 1007 ista,
2862 957 3049 998 omnes
3099 950 3314 1010 propter
3363 938 3480 993 haec
3523 936 3828 1005 accipienda

2250 1039 2449 1096 vellent
2467 1038 2702 1094 converti
2718 1037 2783 1092 ad
2809 1037 2973 1090 Deum
3001 1052 3014 1087 :
3045 1048 3229 1088 rursus
3252 1033 3296 1086 si
3319 1032 3444 1086 solis
3465 1030 3617 1084 malis
3633 1028 3827 1083 daren-

2251 1138 2340 1184 tur
2366 1169 2382 1195 ,
2450 1129 2699 1183 timerent
2746 1127 2990 1188 inﬁrmi,
3045 1138 3112 1178 ne
3171 1136 3292 1176 cum
3351 1127 3824 1175 converterentur.

2251 1221 2554 1276 amitterent
2583 1217 2724 1289 quod
2769 1217 2866 1271 soli
2913 1215 3036 1270 mali
3076 1213 3352 1268 haberent.
3398 1210 3667 1266 Permixte
3707 1208 3826 1262 data

2251 1318 2376 1364 sunt
2399 1319 2452 1364 et
2469 1310 2621 1364 bonis
2647 1318 2699 1363 et
2728 1307 2899 1361 malis.
2925 1305 3130 1360 Rursus
3157 1303 3200 1356 si
3224 1301 3352 1356 solis
3376 1301 3530 1356 bonis
3555 1299 3826 1353 auferren-

2252 1409 2358 1468 tur,
2383 1399 2522 1454 idem
2552 1399 2643 1453 ille
2687 1399 2845 1451 timor
2880 1403 3023 1451 esset
3059 1392 3390 1449 inﬁrmorum
3410 1431 3426 1456 ,
3456 1406 3521 1444 ne
3550 1394 3826 1444 converte-

2250 1500 2435 1546 rentur
2458 1490 2524 1545 ad
2558 1489 2726 1544 Deum
2751 1505 2764 1541 :
2793 1500 2977 1541 rursus
3017 1485 3060 1539 si
3103 1483 3232 1538 solis
3265 1481 3417 1536 malis
3455 1479 3820 1540 auferrentur,

2252 1581 2363 1652 ipsa
2394 1582 2504 1634 sola
2539 1594 2693 1649 poma
2721 1587 2995 1648 putaretur
3027 1589 3130 1645 qua
3160 1572 3282 1627 mali
3312 1572 3637 1641 plectuntur.
3676 1567 3820 1635 Quod

2250 1687 2377 1742 ergo
2401 1673 2492 1726 dat
2519 1685 2582 1726 ea
2609 1670 2796 1734 bonis,
2821 1668 3126 1722 consolatur
3165 1665 3481 1717 itinerantes
3509 1677 3524 1713 :
3555 1660 3694 1730 quod
3736 1659 3823 1714 dat

2250 1776 2313 1817 ea
2351 1770 2406 1816 et
2435 1761 2608 1824 malis,
2645 1759 2898 1814 admonet
2922 1758 3091 1811 bonos
3117 1764 3174 1809 ut
3211 1754 3311 1807 alia
3349 1752 3674 1813 desiderent,
3706 1765 3822 1818 quat

2250 1867 2357 1906 non
2385 1851 2581 1905 habent
2595 1865 2714 1904 cum
2737 1848 2894 1903 malis
2909 1845 3228 1902 communia.
3259 1844 3464 1898 Rursus
3483 1841 3642 1896 bonis
3655 1841 3822 1897 aufert

2217 1975 2230 1982 -
2250 1955 2314 1996 ea
2337 1941 2549 2012 quando
2576 1940 2710 2006 vult,
2741 1947 2800 1994 ut
2827 1939 3154 2007 interrogent
3190 1949 3249 1991 se
3270 1933 3338 1989 de
3363 1933 3472 1988 suis
3504 1932 3738 1997 viribus;
3771 1939 3824 1987 et

2251 2032 2527 2087 inveniant
2551 2045 2630 2098 se,
2653 2031 2742 2101 qui
2764 2029 2903 2084 forte
2931 2027 3164 2082 latebant
3187 2041 3268 2092 se,
3296 2032 3472 2080 utrum
3489 2024 3596 2093 jam
3623 2022 3824 2092 possint

2249 2121 2431 2176 dicere
2460 2139 2474 2176 :
2498 2119 2744 2175 Dominus
2772 2119 2931 2186 dedit,
2955 2117 3204 2172 Dominus
3229 2115 3473 2178 abstulit;
3492 2114 3620 2167 sicut
3649 2111 3822 2166 Domi~

2250 2229 2316 2266 na
2339 2213 2548 2284 placuit,
2584 2213 2656 2266 ita
2681 2216 2872 2282 factum
2915 2216 2987 2265 est
3016 2226 3034 2264 :
3062 2210 3126 2263 sit
3172 2223 3352 2262 nomen
3385 2204 3590 2258 Domini
3620 2203 3823 2258 benedi-

2248 2313 2383 2358 ctum
2425 2303 2548 2377 (Job
2584 2320 2623 2370 ι,
2673 2304 2785 2375 21).
2813 2301 3099 2358 Benedixit
3129 2300 3270 2355 enim
3304 2307 3358 2353 et
3383 2297 3473 2352 illa
3502 2297 3676 2351 anima
3712 2295 3822 2350 Do-

2249 2398 2476 2465 mitium,
2513 2406 2569 2453 et
2592 2395 2819 2453 reddidit
2841 2394 3042 2450 fructus
3077 2393 3345 2462 compluta
3374 2389 3548 2460 sagina
3596 2388 3824 2442 benedie

2248 2491 2459 2548 clionis.
2503 2490 2750 2546 Dominus
2787 2489 2943 2552 dedit,
3001 2485 3249 2540 Dominus
3288 2483 3530 2538 abstulit:
3554 2479 3823 2536 subtraxit

2249 2577 2405 2648 data;
2437 2581 2531 2638 sed
2569 2596 2674 2636 non
2710 2579 2972 2635 subtraxit
3009 2577 3271 2632 datorem.
3315 2573 3504 2629 Anima
3544 2570 3824 2626 benedicta

2249 2674 2424 2729 omnis
2447 2673 2689 2742 simplex,
2720 2685 2824 2726 non
2852 2671 3058 2725 haerens
3079 2669 3239 2724 rebus
3268 2666 3512 2729 terrenis,
3542 2679 3641 2720 nec
3668 2663 3817 2718 visco

2251 2767 2530 2837 implicatis
2554 2765 2740 2837 pennis
2755 2764 2960 2834 jacens,
2993 2761 3088 2817 sed
3115 2769 3328 2815 exserto
3358 2758 3532 2812 nitore
3548 2756 3820 2821 virtutum,

2252 2857 2304 2910 in
2337 2857 2564 2926 geminis
2589 2855 2688 2908 alis
2716 2856 2944 2924 gemina:
2983 2849 3285 2905 dilectionis
3310 2847 3538 2902 exsultat
3570 2845 3621 2898 in
3667 2859 3822 2900 auras

2253 2946 2475 3011 liberas;
2499 2953 2554 3000 et
2577 2945 2722 2999 videt
2749 2943 2849 2998 sibi
2880 2941 3210 2997 subtractum
3237 2951 3357 2992 esse
3397 2934 3538 3006 quod
3568 2935 3823 3001 caleabat,

2252 3051 2359 3090 non
2385 3035 2472 3090 ubi
2505 3033 2871 3095 incumbebat;
2901 3040 2956 3085 et
2984 3030 3112 3084 dicit
3137 3042 3322 3083 secura
3349 3044 3362 3080 :
3388 3025 3635 3079 Dominus
3656 3024 3823 3089 dedit,

2253 3125 2500 3180 Dentium
2526 3125 2769 3188 abstulit;
2791 3124 2918 3178 sicut
2947 3121 3163 3174 Domino
3193 3118 3404 3189 placuit,
3426 3117 3495 3170 ita
3512 3117 3700 3184 factum
3719 3125 3789 3169 est
3805 3129 3825 3169 :

2251 3221 2314 3274 sit
2334 3235 2513 3274 nomen
2543 3217 2746 3272 Domini
2783 3213 3116 3270 benedictum.
3142 3210 3314 3274 Dedit,
3341 3218 3396 3264 et
3417 3208 3676 3273 abstulit;
3719 3219 3826 3260 ma-

2251 3320 2342 3367 net
2365 3311 2453 3381 qui
2481 3310 2645 3374 dedit,
2677 3317 2731 3363 et
2759 3307 2978 3362 abstulit
3013 3304 3154 3375 quod
3194 3303 3340 3359 dedit
3367 3319 3380 3354 :
3403 3302 3474 3356 sit
3495 3303 3610 3370 ejus
3637 3312 3824 3354 nomen

2251 3401 2609 3458 benedictum.
2637 3400 2717 3454 Ad
2749 3401 2850 3454 hoc
2869 3413 2997 3468 ergo
3032 3397 3129 3451 ista
3160 3393 3472 3449 auferuntur
3511 3392 3686 3447 bonis.
3723 3389 3826 3446 Sed

2250 3507 2320 3549 ne
2353 3493 2472 3562 quis
2493 3490 2628 3546 forte
2651 3489 2890 3544 inﬁrmus
2911 3488 3149 3542 diceret:
3179 3484 3401 3553 Quando
3425 3499 3525 3554 ego
3557 3498 3678 3538 esse
3704 3497 3826 3552 pos-

2249 3598 2368 3639 sum
2385 3591 2545 3638 tanta:
2576 3581 2807 3647 virtutis,
2835 3589 3044 3650 quanta:
3071 3585 3285 3632 sanctus
3309 3575 3443 3630 Job?
3468 3575 3650 3628 Robur
3667 3574 3827 3628 mira-

2250 3675 2326 3731 ris
2346 3674 2573 3739 arboris,
2597 3674 2719 3744 quia
2747 3671 2905 3726 modo
2941 3681 3062 3724 nata
3108 3684 3168 3724 es
3190 3669 3206 3700 ⁸
3235 3684 3249 3720 :
3281 3668 3394 3721 haec
3431 3681 3619 3735 magna
3669 3678 3827 3735 quam

2251 3765 2482 3831 miraris,
2509 3763 2608 3818 sub
2626 3762 2777 3833 cujus
2805 3761 2966 3816 ramis
2985 3769 3040 3815 et
3059 3759 3244 3813 umbra
3270 3757 3600 3827 refrigeraris
3617 3757 3662 3821 ’,
3684 3754 3828 3824 virga

2253 3857 2371 3914 fuit.
2408 3857 2515 3914 Sed
2553 3856 2709 3912 times
2737 3869 2804 3910 ne
2858 3853 2950 3908 tibi
2996 3851 3304 3906 auferantur
3354 3848 3492 3914 haec,
3541 3861 3665 3902 cum
3712 3845 3830 3900 talis

2251 3950 2456 4006 fueris?
2477 3949 2706 4005 Attende
2729 3947 2852 4016 quia
2879 3945 3192 4000 auferuntur
3205 3950 3261 3998 et
3280 3941 3449 3995 malis.
3474 3939 3610 4008 Quid
3636 3948 3688 3993 te
3705 3951 3833 4007 ergo

2250 4042 2434 4099 dlﬁ‘ers
2467 4057 2496 4096 a
2526 4037 2914 4096 conversione?
2963 4035 3116 4105 Quod
3160 4035 3332 4090 bonus
3365 4033 3523 4087 times
3559 4033 3829 4092 amittere,

2253 4133 2389 4190 forte
2417 4133 2590 4188 malus
2617 4131 2911 4186 amissurus
2950 4141 3028 4181 es.
3081 4126 3137 4181 Si
3186 4125 3356 4180 bonus
3404 4138 3465 4177 ea
3512 4120 3829 4190 perdideris,

2251 4224 2403 4280 adest
2447 4222 2752 4278 consolator
2799 4219 2890 4290 qui
2943 4217 3157 4272 abstulit
3199 4234 3212 4268 :
3261 4229 3382 4269 arca
3433 4212 3704 4268 exinanita
3753 4218 3836 4291 est

2253 4327 2406 4380 auro,
2432 4327 2527 4367 cor
2555 4311 2766 4382 plenum
2787 4318 2870 4364 est
2891 4308 3026 4373 ﬁde;
3059 4306 3185 4360 foris
3212 4319 3410 4376 pauper
3435 4319 3493 4358 es
3517 4345 3532 4366 ,
3560 4302 3659 4358 sed
3695 4302 3837 4356 intus

2251 4406 2402 4462 dives
2426 4419 2485 4461 es
2511 4421 2524 4456 :
2558 4404 2767 4458 divitias
2797 4409 2970 4456 tecum
3015 4409 3192 4469 portas
3231 4412 3360 4464 quas
3391 4409 3497 4449 non
3525 4394 3833 4457 amitteres,

2251 4499 2459 4555 etiamsi
2483 4496 2549 4552 de
2573 4494 2846 4563 naufragio
2889 4491 3061 4547 nudus
3099 4489 3295 4544 exii-es.
3334 4485 3484 4554 Quod
3519 4499 3656 4554 "ergo
3703 4483 3839 4538 forte

2253 4589 2559 4660 perditurus
2582 4601 2642 4641 es
2669 4585 2863 4651 malus,
2891 4597 2986 4638 cur
3011 4595 3117 4636 non
3158 4579 3354 4634 bonum
3389 4586 3442 4632 te
3492 4575 3703 4630 invenit
3746 4574 3840 4628 da-

2252 4698 2460 4747 mnum,
2486 4677 2915 4750 quandoquidem
2944 4673 3093 4729 vides
3117 4681 3170 4727 et
3198 4671 3367 4726 malos
3401 4668 3508 4740 pati
3535 4667 3842 4722 damnum?

2253 4773 2360 4831 Sed
2389 4771 2590 4842 majore
2627 4770 2701 4824 illi
2731 4769 2928 4823 damno
2953 4766 3217 4822 feriuntur
3244 4781 3258 4818 :
3290 4764 3464 4818 inanis
3497 4771 3577 4816 est
3611 4761 3842 4826 domus,

2253 4868 2461 4924 inanior
2489 4861 2817 4919 conscientia
2844 4870 2946 4916 est.
2981 4857 3232 4927 Quisquis
3258 4855 3432 4910 malus
3456 4854 3554 4908 ista
3583 4852 3844 4923 perdide-

2254 4959 2344 5025 rit,
2374 4972 2481 5012 non
2510 4954 2671 5010 habet
2694 4952 2822 5006 loris
2851 4950 2993 5022 quod
3021 4957 3219 5014 teneat,
3251 4962 3356 5004 non
3388 4945 3547 5001 habet
3573 4945 3726 4999 intus
3754 4943 3845 4998 ubi

2253 5051 2568 5123 requiescat.
2597 5047 2752 5118 Fugit
2777 5046 2864 5102 hic
2895 5045 2914 5078 ³
2945 5045 3031 5100 ubi
3056 5043 3308 5097 damnum
3331 5053 3518 5108 passus
3539 5045 3647 5104 est,
3670 5037 3763 5091 ubi
3788 5049 3849 5090 se

2255 5143 2320 5198 ad
2395 5141 2581 5197 oculos
2637 5138 2909 5194 hominum
2977 5133 3046 5187 de
3103 5130 3406 5186 dlvitiarum
3474 5129 3848 5183 ostentatione

2251 5234 2521 5306 iactabat;
2569 5232 2676 5303 jam
2731 5243 2790 5283 se
2839 5229 2890 5281 in
2943 5223 3112 5295 oculis
3164 5223 3438 5277 hominum
3487 5219 3701 5289 jactare
3744 5232 3853 5273 non

2257 5335 2430 5398 potest
2458 5324 2558 5379 :ad
2595 5337 2651 5376 se
2679 5322 2818 5374 intro
2849 5334 2960 5374 non
3006 5316 3166 5381 redit,
3195 5315 3315 5386 quia
3344 5313 3474 5367 nihil
3506 5312 3694 5367 habet.
3731 5312 3855 5368 Non

2255 5426 2339 5472 est
2361 5415 2596 5470 imitatus
2613 5411 2899 5466 formicam
2924 5425 2940 5475 ;
2967 5424 3074 5463 non
3101 5407 3202 5463 sibi
3237 5405 3449 5476 collegit
3475 5418 3681 5475 grana,
3726 5416 3855 5458 cum

2255 5517 2414 5562 testas
2439 5513 2586 5561 esset
2612 5503 2792 5572 (Prov.
2819 5517 2894 5566 vi,
2917 5500 2974 5567 6,
3003 5511 3050 5556 et
3070 5516 3198 5566 xxx,
3227 5497 3342 5570 25).
3371 5497 3508 5567 Quid
3541 5495 3693 5562 dixi,
3727 5510 3854 5550 cum

2319 5618 2335 5650 ί
2356 5617 2430 5665 sic
2462 5622 2596 5672 Mss,
2623 5613 2714 5663 nisi
2737 5612 2868 5676 quod
2891 5625 3019 5661 unus
3039 5611 3210 5669 habet,
3232 5619 3370 5660 natus
3391 5621 3461 5659 es.
3495 5614 3550 5656 At
3568 5605 3718 5666 Edd.,
3746 5614 3859 5669 qua

2276 5677 2418 5730 modo
2441 5685 2554 5728 nata
2582 5683 2667 5725 est.

2317 5743 2336 5773 ¹
2363 5747 2490 5799 Mss,
2515 5736 2792 5801 refrigcrns.
3049 5800 3054 5801 ν
3182 5791 3192 5801 _
3216 5791 3225 5801 ,

2319 5805 2339 5836 ³
2362 5791 2494 5865 add,
2520 5791 2857 5863 lia:c."aliqnot
2882 5809 3000 5847 vero
3022 5800 3150 5854 uss,
3175 5791 3270 5843 hic.
