4038 6490
216 505 377 555 aestas
405 491 584 550 esset?
612 489 742 548 Cum
762 495 904 545 esset
932 487 1054 544 vitae
1095 484 1448 556 tranquillitas
1469 523 1484 548 ,
1509 495 1633 539 cum
1657 486 1800 536 esset

216 587 398 648 saeculi
423 585 584 656 hujus
603 597 728 654 erga
757 583 902 636 illum
939 581 1287 651 prosperitas,
1333 576 1546 648 quando
1574 575 1624 630 ei
1653 588 1806 629 vaca-

219 681 328 746 bat,
363 677 581 749 quando
603 676 727 730 felix
755 673 1044 730 vocabatur
1064 673 1130 727 ab
1164 671 1431 737 omnibus,
1459 678 1616 724 testas
1642 666 1807 736 ipsius

219 779 354 827 erat.
381 770 686 825 lmitaretur
714 764 1011 830 formicam,
1061 764 1105 818 si
1155 762 1363 816 audiret
1413 759 1634 815 verbum
1671 757 1804 823 Dei;

219 864 500 934 colligeret
524 847 709 933 grana,
748 868 802 915 et
828 859 972 913 intus
997 857 1327 912 reconderet.
1369 853 1602 910 Venerat
1640 860 1809 906 tenta-

221 955 296 1009 tio
360 951 720 1008 tribulationis
748 992 764 1017 ,
818 957 1198 1019 supervenerat
1253 947 1422 1001 hiems
1474 943 1702 1010 torporis
1745 943 1761 974 ยน
1790 981 1808 1009 ,

222 1052 520 1114 tempestas
566 1041 812 1108 timoris,
855 1031 1022 1111 frigus
1070 1039 1299 1094 tristitiae
1327 1077 1342 1100 ,
1395 1038 1507 1091 sive
1555 1036 1808 1090 damnum

220 1141 406 1197 esset,
460 1132 574 1186 sive
613 1129 827 1200 aliquod
865 1130 1050 1185 salutis
1102 1127 1426 1198 periculum,
1478 1127 1590 1181 sive
1637 1125 1810 1194 aliqua

223 1225 429 1280 orbitas
470 1238 708 1288 suorum,
738 1223 850 1277 sive
883 1223 1056 1293 aliqua
1090 1221 1442 1277 exhonoratio
1477 1228 1531 1275 et
1565 1218 1814 1274 humilia-

224 1315 332 1379 tio;
378 1313 553 1369 hiems
595 1321 709 1368 erat
741 1330 754 1366 :
781 1312 919 1367 redit
959 1313 1176 1367 formica
1222 1311 1289 1367 ad
1333 1311 1384 1366 id
1431 1310 1571 1382 quod
1625 1316 1812 1365 aestate

223 1405 471 1476 collegit;
500 1412 554 1460 et
594 1403 736 1460 intus
792 1404 847 1458 in
889 1412 1096 1459 secreto
1146 1418 1263 1468 suo,
1305 1402 1394 1458 ubi
1443 1416 1600 1458 nemo
1649 1401 1811 1469 videt,

225 1494 430 1551 restivis
460 1493 732 1550 laboribus
756 1503 1046 1550 recreatur.
1086 1494 1310 1562 Quando
1331 1494 1431 1549 sibi
1471 1495 1571 1550 ista
1599 1494 1815 1564 collige-

225 1587 314 1642 bat
339 1594 552 1654 aestate,
582 1586 833 1645 videbant
851 1602 1038 1643 omnes
1068 1606 1081 1642 :
1112 1603 1230 1643 cum
1253 1587 1336 1643 his
1363 1588 1592 1658 pascitur
1616 1588 1813 1655 hieme,

225 1680 408 1735 nullus
441 1679 607 1735 videt.
637 1679 774 1746 Quid
801 1679 1045 1735 esthoc?
1067 1679 1197 1736 Vide
1224 1678 1499 1736 formicam
1527 1681 1619 1736 Dei
1650 1699 1662 1734 :
1693 1695 1815 1736 sur-

224 1771 303 1842 git
326 1770 592 1842 quotidie,
616 1772 784 1827 currit
806 1772 872 1827 ad
903 1773 1180 1828 ecclesiam
1212 1773 1340 1840 Dei,
1371 1783 1526 1840 orat,
1557 1773 1705 1828 audit
1739 1773 1817 1829 le-

225 1863 466 1917 ctionem
494 1903 509 1928 ,
559 1861 814 1934 hymnum
858 1872 1072 1930 cantat,
1113 1864 1344 1918 ruminat
1388 1866 1527 1933 quod
1579 1865 1812 1932 audivit,

227 1951 369 2022 apud
392 1968 453 2008 se
471 1952 683 2024 cogitat,
705 1952 946 2008 recondit
972 1953 1111 2009 intus
1136 1970 1298 2024 grana
1328 1956 1551 2011 collecta
1576 1955 1644 2011 de
1667 1972 1814 2012 area.

229 2042 356 2100 Haec
382 2043 502 2114 ipsa
527 2061 646 2117 qua:
665 2045 827 2102 modo
845 2045 1093 2102 dicuntur
1118 2048 1208 2118 qui
1240 2049 1528 2118 prudenter
1563 2049 1814 2114 audiunt,

228 2132 331 2190 hoc
372 2143 572 2206 agunt,
619 2145 674 2191 et
718 2136 786 2192 ab
832 2138 1079 2194 omnibus
1131 2139 1376 2195 videntur
1421 2140 1708 2211 procedere
1749 2141 1817 2197 ad

225 2226 516 2282 ecclesiam
541 2267 559 2294 ,
609 2226 787 2285 redire
826 2227 895 2285 de
933 2231 1195 2294 ecclesia,
1246 2231 1430 2286 audire
1477 2247 1814 2299 sermonem,

229 2317 418 2375 audire
446 2319 754 2388 lectionem,
788 2321 1030 2378 invenire
1051 2323 1267 2393 librum,
1293 2325 1500 2396 aperire
1520 2335 1575 2382 et
1594 2327 1772 2397 legere
1797 2342 1815 2382 :

228 2413 413 2468 omnia
445 2413 546 2470 ista
569 2414 838 2481 videntur,
873 2430 990 2471 cum
1016 2417 1168 2471 fiunt.
1199 2417 1444 2474 Formica
1472 2418 1556 2474 illa
1579 2429 1662 2476 est
1689 2435 1820 2475 con-

232 2513 416 2559 terens
462 2504 583 2568 iter,
610 2515 827 2576 portans
851 2515 906 2562 et
939 2507 1238 2564 recondens
1278 2508 1333 2563 in
1369 2519 1659 2580 conspectu
1702 2527 1822 2566 cer-

231 2593 503 2672 nantium.
532 2595 691 2653 Venit
711 2598 881 2652 hiems
902 2599 1220 2670 aliquando;
1246 2601 1329 2655 cui
1351 2602 1492 2656 enim
1509 2617 1615 2658 non
1637 2603 1820 2658 venit?

231 2687 446 2742 Accidit
469 2687 743 2755 damnum,
783 2689 976 2745 accidit
1013 2691 1213 2747 orbitas
1245 2692 1462 2750 :cacteri
1500 2695 1823 2752 miserantur

232 2774 374 2833 forte
402 2788 462 2832 ut
482 2779 758 2846 miserum,
786 2780 874 2849 qui
901 2795 1008 2834 non
1050 2790 1247 2837 norunt
1273 2784 1398 2853 quid
1442 2785 1582 2841 intus
1631 2785 1823 2841 habeat

233 2869 462 2925 formica
490 2870 629 2940 quod
654 2871 919 2939 comedat,
947 2881 1001 2928 et
1026 2872 1230 2940 dicunt,
1262 2874 1421 2930 Miser
1462 2875 1552 2930 ille
1592 2876 1678 2931 cui
1720 2875 1822 2931 hoc

233 2960 454 3028 accidit,
483 2970 574 3016 aut
602 2962 689 3016 ille
709 2962 795 3017 cui
822 2961 924 3018 hoc
947 2963 1142 3019 accidit
1170 2981 1184 3018 :
1211 2964 1338 3034 quid
1366 2965 1441 3020 illi
1458 2965 1632 3021 credis
1655 2967 1818 3020 animi

235 3051 400 3107 esse?
444 3051 714 3124 quomodo
744 3053 1021 3110 confectus
1045 3063 1130 3111 est
1161 3056 1174 3110 l
1205 3055 1417 3111 Metitur
1457 3071 1523 3111 ex
1552 3071 1634 3123 se,
1670 3071 1821 3112 com-

236 3142 439 3212 patitur
467 3157 535 3199 ex
559 3143 759 3200 viribus
783 3144 913 3211 suis,
957 3153 1013 3201 et
1052 3145 1175 3202 ideo
1199 3145 1426 3214 fallitur;
1457 3149 1578 3218 quia
1607 3163 1825 3204 mensu-

235 3248 353 3288 ram
404 3248 511 3304 qua
540 3247 599 3288 se
625 3234 862 3302 metitur,
886 3235 998 3290 vult
1023 3235 1216 3293 afferre
1250 3236 1319 3292 ad
1347 3251 1469 3292 eum
1515 3253 1674 3307 quem
1715 3252 1823 3295 non

235 3323 409 3380 novit.
441 3321 605 3380 Vides
628 3324 776 3379 illum
805 3339 1020 3395 passum
1049 3325 1322 3394 damnum,
1353 3337 1444 3384 aut
1463 3328 1821 3395 humiliatum,

237 3423 332 3469 aut
373 3414 608 3471 orbitate
637 3429 995 3486 percussum:
1028 3417 1157 3488 quid
1200 3417 1421 3476 credis?
1472 3419 1580 3475 Iste
1624 3419 1824 3492 aliquid

238 3506 367 3560 mali
395 3503 544 3574 fecit,
578 3517 634 3563 ut
661 3506 764 3562 hoc
792 3508 866 3562 illi
891 3510 1246 3582 contingeret.
1279 3511 1406 3568 Tale
1432 3528 1526 3568 cor
1556 3512 1822 3580 habeant,

237 3599 403 3654 talem
429 3601 666 3655 animum
696 3601 895 3658 inimici
921 3602 1045 3659 mei.
1074 3602 1311 3675 Ignoras,
1335 3619 1368 3660 0
1399 3605 1588 3670 homo;
1622 3622 1745 3661 vere
1770 3614 1824 3661 tu

238 3691 334 3745 tibi
380 3691 630 3746 inimicus
671 3706 750 3758 es,
783 3693 870 3762 qui
911 3707 1006 3763 per
1047 3702 1286 3749 aestatem
1328 3695 1420 3750 tibi
1472 3709 1578 3750 non
1621 3694 1827 3766 colligis

237 3781 383 3850 quod
407 3783 508 3836 iste
529 3782 760 3854 collegit.
784 3783 940 3840 Modo
965 3785 1107 3840 intus
1128 3786 1343 3841 formica
1364 3787 1598 3842 comedit
1617 3787 1827 3843 labores

239 3874 444 3928 aestatis
477 3890 490 3926 :
518 3874 614 3928 sed
641 3890 756 3929 eam
787 3875 1126 3946 colligentem
1167 3877 1345 3933 videre
1377 3889 1627 3948 poteras;
1677 3893 1828 3934 tuan-

239 3967 532 4023 ducantem
553 3969 734 4025 videre
764 3985 870 4025 non
919 3980 1090 4042 potes.
1141 3970 1268 4037 Ista,
1316 3972 1529 4038 fratres,
1571 3982 1828 4044 quantum

245 4057 507 4112 Dominus
525 4057 692 4125 dedit,
715 4071 972 4131 quantum
995 4079 1278 4134 suggerere
1303 4075 1354 4120 et
1387 4065 1626 4122 imbuere
1653 4065 1831 4137 digna-

243 4156 428 4205 tusest
457 4147 820 4206 infirmitatem
848 4161 902 4207 et
930 4151 1281 4211 humilitatem
1303 4165 1828 4226 nostram,quantum

241 4239 489 4308 capimus
517 4255 615 4311 pro
643 4240 862 4297 modulo
886 4251 1092 4308 nostro,
1121 4243 1370 4311 diximus,
1385 4259 1558 4321 quare
1574 4245 1667 4300 det
1693 4247 1830 4302 Deus

242 4331 426 4385 omnia
456 4332 559 4386 ista
579 4333 842 4401 permixta
862 4342 918 4390 et
943 4334 1097 4390 bonis
1135 4344 1190 4391 et
1212 4335 1384 4402 malis,
1411 4344 1464 4392 et
1487 4351 1650 4408 quare
1683 4337 1832 4394 aufe-

243 4432 336 4478 rat
383 4433 440 4478 et
481 4423 640 4479 bonis
677 4433 732 4480 et
763 4425 936 4481 malis.
985 4426 1138 4482 Dedit
1183 4427 1308 4493 tibi;
1355 4443 1458 4483 nou
1515 4428 1828 4484 extollaris:

246 4514 473 4571 abstulit
497 4515 619 4583 tibi;
643 4531 752 4573 non
780 4515 1056 4587 frangaris.
1086 4518 1267 4575 Times
1304 4533 1372 4574 ne
1412 4519 1644 4586 auferat;
1692 4519 1834 4575 bono

249 4614 432 4676 potest
452 4605 667 4662 auferre
689 4617 741 4664 et
777 4609 916 4666 malo
944 4625 957 4661 :
989 4609 1179 4665 melius
1213 4625 1343 4680 ergo
1368 4609 1539 4666 bonus
1567 4611 1709 4681 quod
1740 4611 1832 4666 Dei

251 4707 340 4753 est
365 4698 592 4767 amittis,
618 4698 716 4755 sed
742 4699 908 4754 Deum
946 4709 1119 4756 tenes.
1149 4700 1238 4756 Sic
1266 4715 1394 4772 ergo
1428 4709 1485 4757 et
1509 4701 1596 4757 ille
1623 4702 1792 4758 malus
1817 4719 1832 4768 ;

248 4789 430 4862 ipsum
485 4790 804 4848 hortamur:
832 4793 1090 4849 Passurus
1132 4808 1192 4849 es
1233 4795 1520 4860 damnum;
1547 4794 1688 4867 (quis
1730 4810 1834 4850 non

249 4894 514 4951 passurus
549 4891 632 4938 est
655 4875 1001 4957 orbitatem?)
1023 4884 1214 4956 aliquis
1247 4899 1403 4941 casus
1441 4885 1628 4950 irruet,
1664 4888 1836 4957 aliqua

247 4974 534 5030 calamitas
584 4974 652 5030 de
703 4985 1007 5033 transverso
1032 5017 1048 5045 ,
1102 4977 1468 5048 undecumque
1519 4977 1707 5046 plenus
1756 4988 1840 5034 est

247 5067 508 5134 mundus,
541 5068 783 5138 exempla
802 5083 910 5124 non
939 5078 1154 5126 cessant
1181 5085 1194 5122 :
1228 5069 1416 5139 loquor
1440 5069 1532 5124 tibi
1556 5069 1608 5124 in
1630 5077 1835 5138 testate,

247 5175 420 5232 grana
440 5175 564 5232 qua:
583 5161 802 5232 colligas
831 5176 936 5217 non
963 5162 1186 5218 desunt:
1218 5161 1435 5218 attende
1458 5161 1523 5217 ad
1540 5161 1835 5228 formicam,

247 5268 290 5309 ฮฟ
315 5253 661 5326 piger(Prov.
692 5269 766 5320 vr,
796 5254 862 5322 6,
892 5262 948 5310 et
963 5270 1093 5318 xxx,
1110 5255 1236 5325 25);
1273 5255 1462 5328 collige
1498 5264 1683 5312 aestate
1717 5271 1838 5312 cum

247 5355 439 5412 potes;
473 5344 648 5400 hiems
675 5344 923 5414 colligere
953 5354 1005 5399 te
1030 5359 1135 5399 non
1171 5345 1328 5410 sinet,
1375 5346 1469 5403 sed
1519 5347 1840 5422 manducare

247 5438 399 5509 quod
447 5437 746 5507 collegeris.
799 5437 967 5504 Quam
1000 5437 1153 5494 multi
1181 5439 1322 5494 enim
1350 5440 1739 5496 tribulationem
1770 5443 1837 5496 ita

249 5533 553 5604 patiuntur,
589 5540 646 5585 ut
678 5547 784 5588 non
810 5532 889 5588 eis
919 5541 1086 5595 vacet,
1132 5547 1230 5587 nec
1279 5533 1457 5602 legere
1489 5534 1708 5604 aliquid,
1742 5549 1839 5591 nec

245 5618 443 5679 audire
487 5621 721 5691 aliquid;
771 5637 869 5677 nec
916 5621 1050 5678 forte
1093 5621 1443 5678 admittuntur
1489 5625 1554 5678 ad
1593 5640 1686 5680 eos
1749 5627 1837 5695 qui

319 5823 336 5850 ยน
356 5819 486 5881 Vox,
502 5817 729 5881 torporis,
753 5819 891 5868 abest
908 5831 933 5867 a
962 5826 1064 5869 Mss.

1277 363 1676 428 ENABRATIO
1711 362 1779 421 IN
1818 361 2146 423 PSALMUM
2183 366 2367 424 LXVI.

3383 379 3490 438 806

1909 490 2002 531 eos
2049 479 2410 536 consolentur.
2455 481 2730 539 Remansit
2763 485 2984 544 formica
3012 489 3066 546 in
3103 504 3362 560 caverna;
3407 496 3492 552 vi-

1908 566 2033 623 deat
2056 569 2102 624 si
2137 570 2352 642 collegit
2395 572 2590 643 aliquid
2621 582 2830 642 :estate,
2862 595 2968 648 quo
2993 595 3053 637 se
3079 593 3268 640 avocet
3296 584 3492 642 hieme.

1982 659 2035 714 4.
2067 659 2170 716 Sed
2201 662 2361 718 modo
2398 665 2522 734 quia
2565 666 2844 724 benedicet
2868 684 2966 726 nos
2992 672 3132 729 Deus
3153 714 3171 742 ,
3201 678 3490 746 quarebe-

1911 749 2120 804 nedicet
2145 752 2282 807 nos?
2307 767 2466 822 quam
2495 755 2915 814 benedictionem
2949 762 3078 830 petit
3121 763 3236 821 haec
3261 781 3362 822 vox
3383 809 3398 833 ,
3427 767 3510 824 Ut

1912 839 2168 894 benedicat
2195 858 2286 896 nos
2312 842 2446 898 Deus
2462 845 2490 899 ?
2516 845 2947 905 Benedictiouem
2978 866 3135 922 quam
3161 867 3339 914 servat
3355 860 3488 915 ami-

1910 927 1988 982 cis
2013 930 2124 984 suis
2142 972 2158 997 ,
2181 947 2339 1000 quam
2365 934 2495 990 solis
2524 937 2679 994 bonis
2703 939 2813 994 dat.
2831 940 2909 996 Ne
2927 957 3026 1014 pro
3054 944 3246 1015 Magno
3274 960 3494 1019 appetas

1911 1020 2052 1091 quod
2069 1030 2123 1075 et
2150 1025 2272 1079 mali
2289 1026 2554 1096 accipiunt
2576 1046 2590 1084 :
2614 1030 2734 1102 quia
2754 1031 2926 1087 bonus
2951 1041 3035 1089 est
3053 1035 3210 1102 Deus,
3235 1037 3359 1094 facit
3384 1040 3492 1107 illa,

1912 1119 2002 1188 qui
2032 1119 2196 1174 solem
2221 1136 2378 1176 suum
2408 1121 2529 1177 facit
2555 1123 2684 1178 oriri
2709 1139 2871 1194 super
2906 1126 3077 1182 bonos
3104 1137 3158 1184 et
3187 1129 3355 1186 malos
3375 1173 3391 1199 ,
3441 1142 3496 1189 et

1912 1210 2048 1281 pluit
2089 1227 2250 1281 super
2289 1211 2462 1282 justos
2499 1223 2554 1269 et
2601 1213 2827 1284 injustas
2853 1216 3075 1286 (Matth.
3106 1235 3160 1285 v,
3192 1220 3322 1290 45).
3355 1220 3494 1288 Quid

1915 1315 2040 1371 ergo
2069 1302 2334 1373 praecipue
2363 1303 2700 1376 bonis?quid
2729 1309 2992 1378 przecipue
3012 1309 3205 1381 iustis?
3230 1311 3498 1370 llluminet

1914 1395 2108 1448 uultum
2147 1411 2295 1450 suum
2329 1412 2482 1469 super
2512 1416 2623 1458 nos.
2647 1401 2786 1456 Solis
2810 1401 2967 1473 hujus
2997 1404 3200 1460 vultum
3231 1407 3496 1464 illuminas

1914 1502 2076 1557 super
2101 1487 2271 1544 bonos
2299 1497 2351 1546 et
2381 1491 2584 1559 malos;
2616 1493 2820 1548 vultum
2867 1503 3014 1550 tuum
3060 1495 3296 1552 illumina
3337 1514 3497 1570 super

1915 1595 2033 1636 nos.
2066 1580 2261 1638 Vident
2301 1584 2457 1639 istam
2500 1584 2672 1641 lucem
2711 1601 2832 1642 cum
2879 1588 3158 1657 pecoribus
3185 1599 3243 1646 et
3273 1590 3399 1646 boni
3443 1599 3493 1648 et

1916 1673 2039 1728 mali
2069 1690 2082 1726 :
2120 1676 2261 1731 beati
2289 1684 2466 1733 autem
2496 1677 2695 1734 mundo
2722 1679 2904 1749 corde,
2924 1681 3173 1751 quoniam
3204 1684 3303 1753 ipsi
3329 1685 3494 1740 Deum

1916 1764 2171 1820 videbunt
2215 1765 2389 1840 (Ibid.
2419 1784 2472 1835 v,
2503 1767 2599 1841 8).
2630 1769 2895 1826 Illuminet
2921 1773 3114 1827 vultum
3151 1790 3300 1830 suum
3343 1791 3489 1847 super

1918 1874 2028 1912 nos.
2060 1856 2316 1914 Geminus
2346 1861 2644 1916 intellectus
2683 1870 2792 1929 est;
2837 1871 3060 1934 uterque
3097 1864 3358 1922 dicendus
3388 1876 3490 1923 est.

1918 1947 2158 2002 lllumina
2183 1990 2198 2016 ,
2248 1949 2451 2019 inquit,
2497 1951 2700 2006 vultum
2729 1962 2874 2008 tuum
2902 1969 3068 2024 super
3104 1971 3230 2022 nos;
3270 1957 3494 2014 ostende

1918 2038 2072 2094 nobis
2113 2039 2314 2093 vultum
2347 2055 2521 2096 suum.
2553 2042 2671 2097 Non
2719 2045 2858 2099 enim
2907 2047 3190 2116 aliquando
3236 2049 3497 2106 illuminat

1918 2130 2119 2184 vultum
2153 2140 2298 2186 tuum
2325 2133 2484 2198 Deus,
2513 2135 2663 2205 quasi
2691 2135 2974 2206 aliquando
3005 2136 3163 2194 fuerit
3193 2140 3308 2196 sine
3334 2141 3496 2197 lumi-

1919 2237 1987 2276 ne
2011 2239 2025 2275 :
2057 2223 2150 2278 sed
2179 2223 2416 2278 illumina
2444 2241 2605 2295 super
2633 2243 2751 2293 nos,
2781 2236 2836 2282 ut
2860 2229 3001 2298 quod
3027 2245 3125 2285 nos
3152 2231 3348 2288 latebat
3372 2248 3498 2303 ape-

1921 2313 2087 2368 riatur
2112 2313 2268 2369 nobis
2291 2354 2306 2380 ,
2339 2325 2393 2369 et
2427 2316 2568 2385 quod
2594 2327 2712 2372 erat
2735 2359 2750 2385 ,
2796 2318 2889 2372 sed
2937 2319 3086 2374 nobis
3131 2321 3500 2378 absconditum

1923 2414 2039 2461 erat
2059 2448 2073 2470 ,
2101 2407 2369 2462 reveletur
2394 2424 2556 2480 super
2587 2425 2683 2464 nos
2703 2451 2719 2477 ,
2769 2410 2868 2464 hoc
2898 2419 2982 2465 est
3019 2412 3362 2469 illuminetur.
3395 2416 3500 2470 Aut

1921 2507 2090 2566 certe,
2139 2499 2422 2569 imaginem
2472 2509 2614 2554 tuam
2661 2501 2898 2556 illumina
2926 2517 3086 2572 super
3132 2488 3268 2559 nos:
3302 2515 3360 2559 ut
3402 2505 3500 2562 hoc

1921 2589 2152 2656 dixerit,
2182 2587 2424 2643 lllumina
2456 2590 2655 2645 vultum
2701 2600 2846 2645 tuum
2876 2607 3036 2662 super
3064 2610 3160 2648 nos
3184 2610 3199 2660 ;
3223 2594 3500 2665 lntprcssi~

1922 2681 1988 2734 sti
2019 2680 2172 2736 nobis
2199 2680 2401 2736 vultum
2445 2691 2592 2736 tuum
2617 2724 2632 2748 ,
2665 2683 2832 2738 fecisti
2864 2699 2962 2739 nos
3008 2686 3075 2741 ad
3119 2687 3401 2757 imaginem
3446 2700 3500 2747 et

1922 2772 2318 2828 similitudinem
2363 2783 2503 2828 tuam
2535 2774 2554 2847 (
2573 2772 2697 2829 Gen.
2729 2793 2775 2843 t,
2807 2775 2951 2847 26),
3000 2779 3168 2833 fecisti
3201 2796 3297 2835 nos
3342 2799 3499 2837 num-

1925 2878 2068 2917 mum
2099 2871 2286 2929 tuum;
2320 2862 2412 2918 sed
2443 2879 2547 2919 non
2578 2865 2736 2921 debet
2764 2867 2939 2938 imago
2966 2877 3052 2923 tua
3076 2869 3126 2923 in
3154 2872 3387 2927 tenebris
3414 2889 3501 2929 re-

1925 2966 2178 3018 manere;
2207 2953 2357 3008 mitte
2383 2953 2590 3009 radium
2615 2957 2886 3026 sapientia:
2919 2967 3022 3013 tuae
3045 2999 3060 3025 ,
3100 2961 3328 3030 expellat
3356 2972 3502 3020 tene-

1925 3044 2048 3100 bras
2076 3057 2312 3112 nostras,
2341 3055 2396 3119 et
2422 3045 2621 3117 fulgeat
2649 3049 2700 3103 in
2748 3049 2902 3104 nobis
2931 3051 3104 3122 imago
3151 3062 3274 3120 tua;
3303 3070 3502 3125 cogno-

1925 3149 2135 3190 scamus
2162 3150 2260 3190 nos
2290 3135 2573 3207 imaginem
2601 3145 2743 3192 tuam
2764 3179 2780 3206 ,
2825 3139 3103 3197 audiamus
3141 3145 3279 3214 quod
3305 3144 3503 3201 dictum

1927 3237 2009 3281 est
2054 3227 2105 3281 in
2143 3224 2377 3282 Canticis
2425 3229 2796 3286 canticorum:
2832 3231 2950 3287 Nisi
2999 3237 3288 3306 cognoveris
3334 3246 3504 3293 temet~

1926 3317 2111 3387 ipsant,
2139 3333 2170 3371 ฮฟ
2197 3317 2414 3388 pulchra
2451 3320 2584 3375 inter
2612 3321 2852 3377 mulieres
2878 3323 3064 3393 (Cant.
3103 3342 3152 3391 t,
3183 3327 3274 3398 7).
3303 3327 3506 3384 Dicitur

1925 3409 2066 3462 cuitu
2090 3407 2384 3467 Ecclesiae;
2430 3410 2550 3466 Nisi
2588 3417 2876 3483 cognoveris
2903 3419 3230 3484 temetipsum.
3261 3419 3395 3487 Quid
3426 3430 3505 3477 est

1928 3500 2030 3556 hoc
2051 3504 2074 3555 ?
2099 3500 2212 3558 Nisi
2237 3503 2550 3573 cognoveris
2584 3505 2650 3560 ad
2689 3507 2970 3577 imaginem
3005 3509 3096 3564 Dei
3126 3520 3176 3565 te
3203 3509 3416 3566 factam.
3459 3511 3505 3568 0

1926 3595 2101 3649 anima
2143 3593 2401 3653 Ecclesia:
2427 3598 2659 3669 pretiosa
2683 3600 2699 3631 ยน
2725 3642 2741 3666 ,
2775 3600 3046 3672 redempta
3079 3604 3338 3673 sanguine
3371 3606 3504 3676 ฮฮตฮนฮนแฝต

1929 3689 2250 3744 immaculati
2276 3731 2292 3758 ,
2333 3690 2550 3746 attende
2579 3693 2759 3762 quanti
2793 3693 3004 3759 valeas;
3048 3695 3171 3765 quid
3203 3711 3300 3766 pro
3331 3707 3382 3753 te
3407 3698 3506 3752 da-

1929 3785 2040 3833 tum
2081 3779 2149 3834 sit
2189 3780 2384 3850 cogita.
2414 3781 2663 3837 Dicamus
2690 3798 2816 3852 ergo
2843 3793 2897 3840 et
2922 3795 3168 3854 aptemus
3193 3828 3208 3852 ,
3249 3785 3508 3843 llluminet

1928 3869 2120 3924 uultum
2147 3888 2293 3925 suum
2330 3889 2480 3943 super
2505 3889 2615 3926 nos.
2645 3874 2929 3930 Gestamus
2957 3875 3158 3930 vultum
3186 3875 3302 3947 ejus
3327 3895 3341 3928 :
3369 3893 3502 3948 quo-

1931 3961 2090 4016 modo
2128 3961 2377 4018 dicuntur
2435 3964 2610 4019 vultus
2663 3965 3077 4035 imperatorum,
3121 3984 3249 4025 vere
3294 3969 3511 4040 quidam

1930 4069 2085 4111 sacer
2106 4056 2280 4112 vultus
2304 4056 2394 4112 Dei
2421 4066 2503 4114 est
2529 4058 2582 4113 in
2613 4059 2841 4131 imagine
2872 4061 3066 4131 ipsius;
3091 4063 3184 4118 sed
3211 4063 3378 4133 iniqui
3404 4080 3511 4121 non

1930 4160 2260 4219 cognoscunt
2286 4151 2336 4202 in
2365 4165 2424 4204 se
2451 4150 2732 4220 imaginem
2756 4153 2875 4208 Dei.
2891 4153 2959 4209 Ut
2986 4155 3312 4210 illutninetur
3334 4157 3512 4212 vultus

1935 4241 2032 4295 Dei
2065 4256 2225 4311 super
2250 4241 2398 4308 illos,
2443 4242 2571 4312 quid
2609 4243 2804 4298 debent
2833 4245 3063 4301 dicere?
3099 4245 3173 4300 Tu
3201 4247 3512 4302 illuminabis

1933 4331 2187 4384 lucernam
2233 4347 2393 4385 meant
2418 4371 2433 4396 ,
2481 4331 2740 4398 Domine;
2785 4333 2921 4388 Deus
2970 4352 3108 4388 meus
3131 4376 3147 4402 ,
3203 4337 3513 4392 illuminabis

1933 4424 2158 4479 tenebras
2184 4439 2318 4477 meas
2341 4423 2510 4496 (Psal.
2532 4441 2636 4479 xvtt
2657 4466 2672 4491 ,
2696 4425 2819 4496 29).
2839 4425 2965 4482 Sum
2990 4427 3040 4480 in
3075 4427 3305 4484 tenebris
3325 4443 3512 4498 pecca-

1935 4529 2107 4575 torum
2131 4534 2146 4586 ;
2174 4516 2268 4573 sed
2297 4516 2445 4572 radio
2472 4518 2745 4588 sapientiae
2777 4528 2879 4574 tuae
2904 4517 3252 4574 discutiantur
3280 4520 3513 4576 tenebrae

1935 4626 2106 4666 metu:
2152 4619 2406 4679 appareat
2441 4603 2618 4664 vultus
2646 4616 2799 4674 tuus,
2840 4617 2894 4664 et
2921 4608 2966 4663 si
2997 4610 3130 4665 forte
3169 4620 3388 4681 apparet
3413 4625 3511 4680 per

1937 4717 2023 4756 me
2066 4701 2448 4771 aliquantulum
2491 4698 2746 4756 deformis
2774 4698 2995 4754 effectus
3015 4741 3028 4763 ,
3057 4715 3083 4752 a
3117 4708 3168 4756 te
3195 4701 3515 4756 reformetur

1938 4790 2078 4864 quod
2108 4807 2139 4846 a
2169 4799 2219 4847 te
2247 4789 2533 4846 formatum
2560 4801 2661 4848 est.
2698 4789 2957 4845 Illuminet
2981 4806 3110 4864 ergo
3142 4791 3332 4847 uultum
3367 4810 3514 4848 suum

1939 4899 2089 4954 super
2119 4899 2228 4938 nos.

2011 4974 2064 5029 5.
2095 4971 2237 5047 [vers
2265 4971 2357 5044 5.}
2402 4977 2469 5028 Ut
2512 4990 2868 5044 cognoscamus
2907 4973 2958 5028 in
3005 4983 3139 5032 terra
3177 4978 3308 5031 viam
3354 4989 3512 5032 tuam.

1941 5063 2008 5118 In
2035 5074 2188 5128 terra,
2209 5064 2312 5131 hic,
2333 5064 2382 5118 in
2407 5063 2504 5118 hac
2528 5065 2653 5126 vita,
2673 5060 3031 5133 cognoscamus
3055 5069 3187 5123 viam
3204 5079 3360 5122 tuam.
3376 5069 3512 5134 Quid

1941 5165 2055 5223 est,
2097 5157 2230 5211 viam
2261 5157 2438 5210 luant?
2466 5157 2594 5224 Qum
2623 5155 2769 5212 ducit
2794 5157 2860 5212 ad
2904 5167 2974 5214 te.
3007 5161 3371 5231 Agnoscamus
3409 5177 3516 5231 quo

1941 5260 2124 5302 eamus
2148 5287 2163 5311 ,
2205 5260 2557 5316 agnoscamus
2587 5261 2686 5316 qua
2731 5262 2948 5316 eamus;
2983 5259 3260 5320 utrumque
3284 5251 3336 5304 in
3361 5260 3513 5306 tene-

1945 5341 2053 5396 bris
2079 5355 2186 5397 non
2217 5353 2514 5411 possumus.
2534 5340 2712 5411 Lettge
2737 5356 2798 5396 es
2818 5357 2846 5396 a
2867 5343 3352 5413 peregrinantibus;
3374 5343 3513 5398 viant

1942 5433 2096 5488 nobis
2144 5432 2424 5502 porrexisti
2477 5449 2568 5503 per
2619 5450 2776 5504 quam
2826 5435 3151 5491 redeundum
3195 5437 3264 5490 sit
3305 5435 3370 5489 ad
3413 5445 3513 5492 te:

1939 5526 2286 5598 Agnoscamus
2318 5524 2370 5580 in
2414 5533 2548 5578 terra
2577 5532 2706 5580 riam
2751 5526 3062 5593 tuam.th
3089 5536 3170 5580 est
3203 5527 3278 5581 via
3311 5527 3475 5597 ipsius
3499 5568 3514 5593 ,

1941 5617 2062 5686 quia
2107 5615 2578 5684 hoe-optavimus,
2627 5628 2681 5669 ut
2710 5633 3071 5688 (agnoscamus
3118 5618 3168 5670 in
3214 5628 3348 5672 terra
3388 5621 3516 5672 ciam

2004 5825 2016 5853 ฮน
2047 5827 2120 5868 Er.
2143 5825 2196 5867 et
2217 5819 2313 5867 duo
2338 5817 2414 5867 vel
2440 5828 2541 5868 tres
2565 5825 2692 5876 Mss,
2709 5817 2929 5878 pretioso.
