4038 6496
571 330 674 390 807

572 443 756 500 tuam?
786 442 1068 512 Quarsituri
1095 457 1281 500 sumus
1309 457 1430 499 eam
1454 456 1554 498 nos
1572 484 1586 506 ,
1617 455 1722 496 non
1749 454 1846 510 per
1870 453 1968 493 nos
1986 437 2150 493 disci-

575 535 700 589 turi.
741 534 1030 590 Possumus
1054 549 1172 590 eam
1197 533 1264 588 de
1291 531 1576 604 Evangelio
1605 532 1850 586 discere:
1895 528 2008 598 Ego
2037 543 2150 581 sum

572 626 684 690 via,
712 625 968 680 Dominus
1006 625 1098 679 ait.
1127 624 1371 679 Christus
1406 623 1574 678 dixit:
1608 621 1720 692 Ege
1763 636 1872 675 sum
1901 620 2000 672 via.
2045 617 2149 673 Sed

575 715 732 768 times
759 729 825 768 ne
851 713 1035 768 erres?
1061 713 1304 782 Adjecit:
1337 711 1404 766 Et
1433 713 1633 766 veritas.
1661 709 1790 778 Quis
1818 717 1961 764 errat
1985 708 2037 761 in
2061 722 2150 762 ve-

573 802 767 859 ritate?
781 803 938 858 Errat
950 804 966 834 ⁸
979 802 1071 874 qui
1088 803 1408 857 recesserita
1422 798 1874 855 veritate.Veritas
1885 796 2147 862 Christus,

575 895 657 948 via
671 894 913 950 Christus
932 912 946 948 :
969 894 1384 949 ambula.Times
1400 907 1465 947 ne
1483 890 1726 945 moriaris
1741 899 2022 959 antequam
2040 902 2154 957 per»

575 985 795 1040 venias?
810 985 918 1055 Ege
937 1001 1050 1039 sum
1065 986 1165 1038 vita
1185 999 1205 1037 :
1227 983 1336 1053 Ego
1351 999 1482 1048 sum,
1497 980 1686 1049 inquit,
1705 981 1804 1043 via,
1823 988 1868 1033 et
1887 980 2086 1044 veritas,
2104 986 2153 1032 et

573 1077 677 1132 vita
690 1075 979 1148 (laenam,
996 1074 1240 1145 6).Quasi
1256 1073 1474 1137 diceret,
1488 1070 1622 1139 Quid
1637 1070 1821 1125 times?
1834 1069 1936 1124 Per
1951 1083 2036 1122 me
2047 1083 2152 1122 am-

576 1165 754 1230 bulas,
770 1166 822 1219 in
839 1167 955 1220 me’
971 1163 1230 1228 ambulas,
1251 1163 1304 1217 in
1323 1177 1407 1216 me
1423 1160 1732 1244 requiescis.
1748 1158 1884 1225 Quid
1902 1172 2030 1228 ergo
2053 1159 2147 1224 ait,

574 1253 946 1326 Cognoscamus
974 1254 1028 1307 in
1055 1263 1187 1307 terra
1215 1253 1343 1306 viam
1366 1260 1524 1316 tuam,
1544 1250 1668 1317 nisi,
1690 1263 2074 1322 cognoscamus
2097 1248 2148 1302 in

575 1355 719 1403 terra
739 1347 1003 1403 Christum
1031 1345 1217 1400 tuum?
1243 1340 1350 1400 Sed
1371 1345 1486 1414 ipse
1507 1343 1747 1415 psalmus
1789 1340 2109 1414 respondeat
2131 1355 2146 1396 :

575 1454 645 1494 ne
666 1438 861 1508 putetis
875 1452 943 1492 ex
960 1434 1078 1492 aliis
1103 1435 1390 1506 Scripturis
1410 1432 1770 1490 adhibendum
1786 1448 1905 1489 esse
1921 1436 2152 1488 testimo-

576 1530 721 1584 nium
747 1527 886 1598 quod
915 1526 1054 1584 forte
1100 1527 1187 1582 hic
1214 1525 1397 1595 deest,
1428 1525 1720 1598 repetendo
1757 1525 1989 1580 ostendit
2023 1524 2150 1595 quid

573 1620 802 1688 dixerit,
834 1619 902 1676 Ut
928 1636 1287 1691 cognoscamus
1315 1620 1369 1674 in
1396 1629 1532 1674 terra
1557 1619 1690 1672 viam
1719 1626 1859 1671 tuam
1881 1633 1900 1681 ;
1924 1625 1978 1672 et
1998 1617 2147 1687 quasi

571 1720 627 1766 tu
655 1724 954 1781 quaereres,
1000 1709 1056 1764 ln
1082 1725 1184 1779 qua
1224 1717 1362 1764 terra
1388 1750 1403 1775 ,
1429 1723 1587 1778 quam
1613 1705 1794 1761 viam?
1832 1698 1899 1760 In
1921 1700 2150 1760 omnibus

569 1801 794 1872 gentibus
820 1802 1040 1855 salutare
1064 1809 1224 1854 tuum.
1265 1800 1321 1853 ln
1360 1814 1461 1868 qua
1506 1806 1650 1853 terra
1694 1795 1932 1866 qumris?
1968 1795 2146 1850 Audi:

568 1889 637 1946 In
664 1889 889 1945 omnibus
913 1890 1158 1962 gentibus.
1178 1889 1346 1958 Quam
1369 1887 1505 1944 viam
1531 1883 1766 1959 quaaris?
1789 1885 1960 1941 Audi:
1992 1885 2148 1941 Salu-

568 1991 677 2036 tare
700 1993 861 2036 tuum.
890 1983 969 2036 An
997 1978 1134 2036 forte
1154 1996 1259 2035 non
1288 1990 1369 2036 est
1407 1977 1653 2034 Christus
1679 1976 1911 2034 salutare
1941 1977 2147 2047 ipsius?

569 2071 640 2126 Et
665 2071 793 2143 quid
819 2083 900 2128 eSt
928 2071 1066 2141 quod
1092 2071 1228 2126 dixit
1255 2086 1418 2126 senex
1449 2071 1536 2125 ille
1561 2069 1812 2136 Simeon;
1843 2083 2004 2125 senex
2033 2066 2142 2136 ille,

567 2163 803 2234 inquam,
823 2165 874 2216 in
895 2161 1198 2234 Evangelio,
1213 2173 1453 2218 servatus
1467 2178 1699 2218 annosus
1717 2177 1881 2232 usque
1897 2157 1963 2216 ad
1978 2162 2147 2217 infan-

567 2255 694 2308 tiam
723 2253 924 2308 Verbi?
953 2254 1170 2322 Accepit
1197 2253 1338 2309 enim
1365 2268 1528 2308 senex
1562 2252 1651 2307 ille
1677 2255 1728 2307 in
1754 2253 1998 2307 manibus
2033 2254 2143 2308 suis

566 2343 821 2397 infantem
855 2342 1087 2397 Verbum
1129 2343 1242 2398 Dei.
1284 2338 1382 2410 Qui
1409 2352 1464 2397 et
1490 2343 1544 2396 in
1572 2351 1727 2396 utero
1756 2356 1875 2396 esse
1899 2341 2143 2412 dignatus

564 2442 679 2500 est,
703 2434 754 2486 in
783 2432 1024 2487 manibus
1051 2433 1195 2488 senis
1224 2447 1344 2487 esse
1364 2431 1777 2503 dedignaretur?
1802 2432 1895 2486 llle
1919 2429 1971 2486 in
1995 2442 2143 2487 utero

565 2523 815 2592 virginis,
847 2522 936 2592 qui
968 2522 1020 2576 in
1059 2522 1304 2578 manibus
1337 2523 1514 2588 senis;
1562 2521 1802 2577 inﬁrmus
1833 2521 2008 2576 infans
2033 2565 2048 2589 ,
2089 2532 2144 2578 et

563 2611 701 2665 intra
733 2611 934 2665 viscera
954 2651 968 2675 ,
991 2619 1044 2666 et
1068 2611 1120 2664 in
1146 2610 1390 2666 manibus
1415 2612 1558 2666 senis
1579 2653 1593 2676 ,
1634 2610 1700 2666 ad
1727 2611 1954 2665 dandam
1988 2611 2142 2667 nobis

562 2702 866 2756 ﬁrmitatem
887 2743 901 2768 ,
933 2717 1026 2773 per
1051 2717 1208 2772 quem
1232 2702 1366 2757 facta
1397 2712 1521 2758 sunt
1544 2703 1754 2766 omnia;
1779 2712 1835 2758 et
1863 2703 1907 2758 si
1935 2704 2136 2772 omnia,

559 2804 614 2850 et
640 2795 749 2864 ipsa
777 2804 978 2859 mater;
1016 2795 1165 2850 venit
1191 2795 1424 2862 humilis,
1456 2794 1602 2850 venit
1628 2793 1897 2861 inﬁrmus,
1934 2796 2028 2851 sed
2060 2795 2141 2851 in-

559 2884 720 2940 dutus
747 2885 1055 2941 inﬁrmitate
1080 2886 1332 2941 mutanda
1355 2903 1369 2940 :
1411 2887 1529 2957 quia
1557 2887 1647 2941 etsi
1670 2887 1943 2957 cruciﬁxus
1967 2898 2042 2944 est
2078 2906 2141 2945 ea:

559 2978 890 3047 inﬁrmitate;
918 2978 1006 3032 sed
1034 2979 1150 3032 vivit
1184 2995 1246 3033 ea:
1273 2979 1451 3033 virtute
1491 2975 1585 3033 Dei
1627 2979 1704 3050 (ll
1734 2979 1853 3035 Cor.
1888 2997 2010 3046 xm,
2042 2981 2136 3054 4).

561 3068 850 3137 Apostolus
882 3067 977 3122 ait.
1010 3068 1139 3122 Erat
1180 3083 1308 3139 ergo
1338 3068 1388 3122 in
1427 3069 1866 3124 manibus‘senis.
1905 3070 1970 3124 Et
2011 3072 2138 3144 quid

558 3157 633 3211 ait
659 3173 824 3213 senex
845 3157 958 3212 ille?
979 3158 1103 3227 quid
1130 3157 1232 3224 ait,
1255 3158 1527 3228 gratulans
1553 3159 1692 3230 quod
1716 3158 1826 3230 jam
1848 3161 2137 3219 solvendus

559 3248 684 3303 hinc
709 3259 871 3313 esset,
897 3247 1082 3304 videns
1107 3250 1219 3304 suis
1247 3251 1490 3305 manibus
1514 3251 1777 3306 contineri
1809 3267 1838 3306 a
1867 3268 1971 3324 quo
1999 3262 2052 3308 et
2081 3254 2132 3308 in

555 3358 661 3413 quo
690 3341 834 3398 salus
860 3342 975 3413 ejus
995 3343 1404 3398 continebatur?
1438 3363 1457 3395 ι
1481 3342 1598 3399 Jam
1624 3343 1869 3411 dimittis,
1903 3365 1921 3397 ι
1943 3345 2130 3416 inquit,

563 3451 582 3485 ι
621 3433 876 3500 Domine,
903 3449 1116 3489 servum
1154 3442 1299 3489 tuum
1331 3435 1382 3489 in
1422 3450 1584 3507 pace;
1612 3441 1864 3506 quoniam
1892 3437 2137 3494 viderunt

553 3523 694 3577 oeuli
725 3524 826 3578 mei
863 3524 1098 3579 salutare
1146 3533 1294 3579 tuum
1329 3543 1348 3578 ι
1375 3524 1539 3597 (Luc.
1572 3542 1637 3593 ιι,
1662 3526 1762 3592 29,
1794 3528 1919 3597 50).
1946 3527 2088 3600 Ergo
2113 3570 2131 3597 ,

560 3632 578 3664 ι
607 3614 1007 3670 Benedicatnos
1029 3615 1187 3681 Deus,
1217 3627 1270 3672 et
1293 3616 1610 3671 misereatur
1635 3619 1802 3672 nostri
1833 3636 1846 3672 :
1874 3618 2135 3676 illuminet

523 3707 757 3760 .vultum
797 3722 950 3762 suum
996 3723 1153 3779 super
1197 3723 1326 3771 nos,
1358 3716 1417 3763 ut
1458 3723 1843 3779 cognoscamus
1893 3711 1945 3766 in
1988 3720 2131 3768 terra

553 3797 691 3851 viam
721 3805 884 3851 tuam.
915 3816 933 3849 ι
962 3798 1018 3852 ln
1049 3813 1148 3866 qua
1171 3799 1345 3852 terra?
1376 3817 1394 3850 ι
1423 3798 1480 3854 ln
1523 3799 1770 3855 omnibus
1805 3801 2070 3872 gentibus.
2105 3820 2126 3855 ι

554 3886 722 3952 Quam
752 3887 924 3940 viam?
957 3905 976 3938 ι
1013 3887 1256 3942 Salutare
1283 3898 1449 3942 tuum.
1491 3906 1510 3940 ι

627 3975 681 4030 6.
713 3974 871 4048 [vers.
899 3973 994 4048 4.]
1032 3977 1168 4042 Quid
1222 3976 1498 4047 sequitur;
1531 3978 1651 4048 quia
1696 3981 2033 4050 cognoscitur
2075 3981 2127 4036 in

557 4075 698 4122 terra
736 4067 819 4121 via
863 4068 994 4132 Dei,
1045 4068 1164 4138 quia
1221 4068 1558 4140 cognoscitur
1595 4070 1647 4125 iu
1693 4072 1941 4127 omnibus
1995 4088 2129 4144 gen-

553 4156 697 4211 tibus
726 4157 958 4213 salutare
1005 4159 1140 4213 Dei?
1177 4158 1527 4228 Con/iteantur
1562 4161 1651 4214 tibi
1699 4163 1898 4233 pepuli,
1947 4163 2128 4229 Deus;

552 4249 890 4317 conﬁteantur
950 4250 1037 4303 tibi
1071 4291 1084 4314 ,
1141 4251 1363 4321 inquit,
1435 4253 1611 4324 pepuli
1681 4269 1870 4307 omnes.
1934 4253 2130 4309 Existit

552 4339 861 4407 hmreticus,
908 4350 962 4396 et
1003 4341 1160 4405 dicit,
1202 4341 1314 4412 Ego
1355 4342 1406 4396 in
1446 4343 1618 4398 Africa
1662 4345 1885 4414 pepulos
1914 4345 2123 4400 habeo:

549 4439 605 4485 et
648 4430 782 4485 alius
832 4445 896 4485 ex
943 4431 1044 4485 alia
1081 4440 1233 4501 parte
1266 4471 1279 4496 ,
1332 4433 1398 4487 Et
1462 4449 1562 4503 ego
1603 4434 1655 4488 in
1696 4434 1900 4490 Galatia
1959 4451 2127 4507 popu-

548 4523 633 4576 los
690 4521 881 4577 habeo.
925 4522 1003 4576 Tu
1078 4524 1129 4577 in
1192 4523 1414 4592 Africa,
1470 4525 1559 4580 ille
1611 4526 1666 4581 in
1715 4526 1917 4582 Galatia
1963 4546 1976 4582 :
2027 4543 2126 4599 ego

547 4610 694 4665 illum
741 4625 920 4679 quacro
961 4612 1048 4682 qui
1079 4612 1271 4683 ubique
1323 4614 1497 4670 habet.
1547 4615 1704 4673 Certe
1741 4618 1806 4672 ad
1836 4619 1990 4674 istam
2024 4635 2124 4675 vo-

549 4716 665 4756 cem
697 4703 962 4759 exsultare
977 4719 1073 4759 vos
1093 4705 1207 4760 ausi
1238 4707 1384 4774 estis,
1407 4709 1656 4777 quoniam
1683 4711 1924 4778 audistis,
1953 4709 2126 4781 Conﬁ-

545 4803 746 4848 teantur
766 4793 853 4849 tibi
882 4797 1085 4867 populi,
1109 4796 1264 4852 Deus.
1293 4799 1484 4854 Audite
1521 4809 1828 4870 sequentem
1867 4817 2078 4858 versum
2103 4843 2119 4869 ,

543 4887 666 4957 quia
693 4901 799 4942 non
825 4886 892 4943 de
936 4898 1083 4956 parte
1112 4888 1342 4959 loquitur
1370 4906 1384 4945 :
1417 4889 1794 4958 Cenﬁtebantur
1820 4891 1910 4946 tibi
1947 4893 2124 4964 pepuli

543 4995 737 5034 omnes.
765 4980 1043 5035 Ambulate
1073 4981 1125 5036 in
1157 4981 1237 5036 via
1264 4997 1384 5037 cum
1413 4981 1662 5038 omnibus
1687 4983 1929 5052 gentibus
1953 5027 1967 5050 ,
2009 5001 2124 5040 am-

542 5073 725 5128 bulate
763 5071 814 5127 in
844 5072 926 5126 via
957 5089 1074 5127 cum
1118 5075 1361 5129 omnibus
1389 5076 1593 5145 populis
1617 5117 1631 5139 ,
1662 5091 1694 5129 ο
1718 5075 1807 5130 lilii
1838 5077 1999 5147 pacis,
2028 5077 2121 5133 lilii

541 5166 710 5220 unicae
732 5164 1050 5226 Catholicze;
1080 5166 1344 5221 ambulate
1378 5166 1428 5220 in
1459 5167 1542 5221 via
1563 5209 1576 5232 ,
1615 5178 1823 5223 cantate
1846 5171 2123 5226 ambulan-

543 5269 641 5313 tes.
666 5258 889 5313 Faciunt
919 5258 1019 5311 hoc
1040 5258 1269 5312 viatores
1290 5257 1355 5312 ad
1383 5259 1618 5315 solamen
1650 5261 1866 5317 laboris.
1895 5262 2119 5318 Cantate

539 5367 632 5402 vos
661 5351 712 5404 in
745 5350 842 5405 hac
869 5350 986 5408 via:
1027 5350 1248 5405 obsecro
1272 5367 1367 5406 vos
1394 5367 1486 5420 per
1511 5353 1678 5421 ipsam
1709 5355 1846 5408 viam
1866 5396 1880 5420 ,
1909 5365 2118 5410 cantate

537 5440 592 5495 in
623 5440 720 5494 hac
746 5441 828 5494 via
859 5457 872 5495 :
905 5445 1168 5495 canticum
1195 5457 1390 5496 novum
1439 5451 1686 5508 cantate;
1716 5459 1874 5498 nemo
1918 5446 1987 5501 ibi
2019 5461 2118 5501 ve-

537 5539 649 5588 tera
680 5542 896 5588 cantet:
925 5545 1135 5589 cantate
1179 5533 1434 5588 amatoria
1473 5534 1656 5603 patria:
1691 5544 1915 5601 vestrm;
1957 5551 2116 5591 nemo

599 5685 613 5750 ξ
641 5685 725 5750 nit.
747 5684 796 5732 in
818 5683 1182 5750 Edd.,_addttur,
1207 5685 1259 5735 in
1280 5687 1476 5738 veritate
1501 5699 1513 5736 :
1539 5687 1668 5750 quod
1687 5687 1826 5740 abest
1848 5700 1877 5739 a
1900 5695 2005 5740 Mss.

597 5747 617 5777 ⁸
640 5747 711 5796 sic
735 5758 799 5795 ex
824 5751 929 5794 uss.
951 5745 1020 5809 [in
1043 5747 1158 5808 me]

1797 329 1856 384 S.
1896 323 2260 384 AUGUSTIM
2299 325 2602 384 EPISGOPI

2261 447 2460 492 vetera.
2491 434 2588 493 Via
2636 451 2775 494 nova
2799 479 2816 507 ,
2869 439 3042 495 viator
3070 455 3274 510 novus,
3307 445 3573 503 cantian
3617 465 3834 508 novum.

2257 528 2392 582 Audi
2419 529 2729 598 Apostolum
2763 530 3062 586 hortantem
3096 541 3148 588 te
3185 535 3252 589 ad
3280 539 3547 593 canticum
3599 557 3837 598 novum:

2257 609 2319 672 Si
2341 634 2442 688 qua
2458 611 2611 688 igitur
2625 621 2675 674 in
2691 618 2890 675 Christe
2911 638 3040 676 nova
3053 607 3303 693 creatura,
3321 639 3487 683 vetera
3509 635 3838 703 transierunt;

2256 719 2364 761 ecce
2391 711 2527 778 facta
2550 719 2664 766 sunt
2693 726 2820 764 nova
2847 711 2926 784 (ll
2957 712 3074 767 Cor.
3105 729 3158 778 v,
3187 717 3308 787 t7).
3335 718 3616 776 Canticum
3645 737 3837 779 novum

2254 809 2463 854 cantate
2489 800 2543 854 in
2563 801 2646 854 via
2671 817 2827 870 quam
2854 805 3176 873 cognovistis
3203 807 3428 863 interra.
3451 810 3506 865 ln
3527 827 3630 882 qua
3654 817 3836 870 terra?

2253 884 2323 941 In
2350 889 2578 943 omnibus
2619 889 2868 960 gentibus.
2897 891 3187 962 Propterea
3236 903 3291 951 et
3328 899 3592 955 canticum
3642 917 3837 962 novum

2256 993 2362 1032 non
2390 979 2622 1049 pertinet
2646 979 2712 1034 ad
2747 990 2970 1050 partem.
3001 980 3101 1050 Qui
3148 982 3200 1038 in
3241 995 3395 1057 parte
3437 999 3660 1057 cantat,
3684 1000 3838 1049 vetus

2255 1077 2468 1124 cantat:
2497 1069 2771 1140 quodlibet
2810 1073 3026 1140 cantet,
3055 1084 3205 1130 vetus
3229 1086 3410 1132 cantat
3436 1116 3452 1144 ,
3482 1091 3635 1135 vetus
3679 1081 3838 1140 homo

2254 1167 2450 1224 cantat;
2481 1157 2680 1215 divisus
2707 1168 2806 1226 est,
2830 1163 3060 1216 carnalis
3077 1172 3177 1219 est.
3201 1165 3356 1222 Certe
3374 1167 3424 1222 in
3447 1180 3704 1240 quantum
3724 1189 3839 1228 car-

2257 1243 2389 1303 nalis
2427 1257 2527 1313 est,
2560 1249 2611 1304 in
2635 1253 2839 1305 tantum
2866 1259 3038 1317 vetus,
3061 1259 3116 1308 et
3143 1255 3195 1309 in
3222 1263 3477 1326 quantum
3503 1261 3798 1330 spiritualis
3818 1305 3833 1329 ,

2255 1339 2306 1396 in
2331 1351 2532 1398 tantum
2563 1359 2750 1399 novus.
2768 1337 2900 1401 Vide
2924 1347 3048 1417 quid
3081 1349 3222 1404 dicat
3245 1349 3532 1421 Apostolus
3556 1371 3569 1406 :
3599 1348 3723 1408 Non
3750 1373 3836 1424 pe-

2254 1433 2330 1486 tui
2353 1435 2487 1489 vobis
2517 1433 2653 1507 loqui
2671 1437 2816 1506 quasi
2841 1431 3206 1507 spiritualibus,
3235 1441 3326 1494 sed
3352 1444 3499 1511 quasi
3527 1446 3832 1502 ramalibus.

2257 1519 2410 1578 Unde
2439 1523 2556 1577 illos
2585 1525 2771 1593 probat
2795 1526 3073 1581 carnales?
3097 1526 3221 1581 Cum
3241 1530 3372 1582 enim
3399 1548 3527 1586 unus
3551 1532 3693 1600 dicit,
3725 1530 3833 1607 Ego

2252 1626 2364 1664 sunt
2393 1610 2583 1678 Pauli;
2609 1613 2738 1667 alter
2788 1631 2924 1682 vero,
2959 1615 3069 1687 Ege
3095 1617 3279 1687 Apelle
3323 1635 3340 1674 :
3388 1636 3554 1676 nonne
3583 1663 3599 1688 ,
3632 1625 3828 1695 inquit,

2252 1704 2486 1757 carnales
2507 1709 2626 1759 estis
2647 1705 2690 1776 (I
2721 1704 2842 1762 Cor.
2869 1723 2942 1772 ιιι,
2982 1709 3034 1772 1,
3069 1709 3168 1782 4)ἳ
3198 1711 3336 1782 Ergo
3375 1712 3426 1766 lu
3453 1715 3641 1783 spiritu
3665 1721 3831 1773 canti-

2251 1807 2370 1847 cum
2436 1803 2630 1849 nOVum
2687 1807 2840 1851 canta
2888 1797 2942 1852 in
2993 1799 3076 1852 via
3130 1813 3337 1856 secura.
3396 1803 3545 1859 Sicut
3607 1808 3833 1865 viatores

2251 1895 2466 1938 cantant
2495 1927 2511 1952 ,
2583 1894 2638 1942 et
2691 1886 3000 1959 plerumque
3060 1899 3215 1946 nocte
3266 1905 3499 1950 cantant.
3558 1895 3831 1956 Formido-

2249 1972 2363 2027 losa
2406 1975 2850 2046 circumstrepunt
2877 1977 3052 2034 omnia
3077 2022 3093 2048 ,
3140 1983 3221 2037 vel
3251 1986 3423 2052 potius
3451 2000 3556 2042 non
3605 1989 3829 2044 circum-

2249 2074 2528 2136 strepunt,
2569 2069 2662 2123 sed
2703 2072 3097 2140 circnmsilent;
3130 2082 3184 2129 et
3228 2087 3425 2145 quanto
3461 2081 3629 2150 magis
3675 2083 3831 2137 silen-

2250 2158 2321 2211 tia
2350 2199 2365 2224 ,
2398 2168 2542 2214 tanto
2573 2161 2737 2231 magis
2765 2161 3145 2231 formidolosa;
3183 2177 3399 2222 cantant
3437 2178 3612 2225 tamen
3651 2181 3707 2226 et
3744 2175 3829 2245 qui

2247 2247 2480 2303 latrones
2534 2250 2740 2305 timent.
2787 2253 2997 2320 Quanto
3053 2257 3292 2310 securius
3335 2269 3520 2315 cantas
3562 2259 3615 2314 iu
3674 2262 3829 2319 Chri-

2247 2339 2362 2393 sto?
2401 2339 2515 2394 Non
2562 2341 2719 2397 habet
2760 2343 2844 2398 via
2880 2345 2978 2398 ista
3010 2345 3266 2400 latronem
3291 2389 3306 2414 ,
3348 2349 3393 2404 si
3437 2356 3490 2404 tu
3533 2368 3635 2406 non
3675 2353 3830 2413 dese-

2247 2430 2414 2485 rcndo
2441 2432 2576 2485 viam
2605 2433 2794 2488 incidis
2835 2435 2884 2488 in
2918 2435 3193 2491 latronem.
3227 2436 3424 2509 Canta,
3454 2441 3661 2511 inquam
3685 2486 3701 2509 ,
3727 2461 3825 2502 se-

2244 2535 2403 2575 curus
2448 2527 2711 2578 canticum
2765 2539 2956 2578 novum
3011 2525 3062 2579 in
3095 2528 3178 2581 via
3231 2545 3388 2600 quam
3437 2535 3727 2602 cognovisti
3771 2537 3828 2590 in

2245 2618 2377 2662 terra
2401 2650 2415 2676 ,
2448 2609 2550 2666 hoc
2579 2621 2661 2667 est
2703 2614 2756 2666 in
2785 2615 3014 2668 omnibus
3042 2616 3290 2687 gentibus.
3323 2618 3452 2676 Vide
3491 2623 3613 2692 quia
3653 2625 3828 2695 ipsum

2243 2701 2510 2756 canticum
2536 2716 2728 2758 novum
2768 2720 2870 2758 non
2913 2712 3086 2760 tecum
3132 2717 3311 2762 cantat
3335 2709 3422 2779 qui
3454 2710 3505 2765 in
3533 2722 3686 2781 parte
3711 2727 3830 2774 esse

2243 2789 2430 2844 voluit.
2459 2789 2667 2846 Cantate
2694 2835 2708 2856 ,
2737 2793 2907 2863 inquit
2935 2836 2950 2860 ,
2985 2794 3203 2850 Domine
3247 2801 3498 2854 canticum
3526 2819 3710 2858 novum
3731 2822 3753 2870 ;
3776 2816 3830 2862 et

2243 2882 2499 2951 sequitur,
2531 2881 2738 2939 Cantale
2761 2883 3011 2950 Domine,
3044 2888 3206 2943 omnis
3235 2899 3367 2944 terra
3395 2891 3566 2964 (Psel.
3600 2911 3720 2959 xcv,
3749 2897 3826 2968 l).

2243 2970 2591 3042 Cenﬁteantur
2609 2975 2696 3028 tibi
2716 2977 2912 3046 populi,
2941 2975 3094 3032 Deus.
3127 2979 3449 3038 Invenerunt
3472 2981 3612 3039 viam
3645 2995 3825 3053 tuam;

2241 3063 2612 3118 confiteantur.
2644 3063 2760 3134 Ipsa
2804 3067 3039 3122 cantatio
3077 3069 3344 3125 confessio
3387 3081 3507 3139 est;
3561 3075 3827 3132 confessio

2241 3163 2578 3221 peccatorum
2615 3163 2846 3222 tuorum,
2871 3158 3149 3214 etvirtutis
3171 3161 3281 3215 Dei.
3299 3161 3466 3217 Tuam
3493 3164 3827 3236 iniquitatem

2239 3241 2514 3309 conﬁtere,
2543 3245 2766 3313 gratiam
2791 3246 2884 3301 Dei
2905 3248 3194 3315 conﬁtere;
3225 3259 3276 3304 te
3297 3265 3510 3320 accusa,
3539 3255 3686 3312 illum
3704 3258 3827 3328 glo-

2239 3332 2422 3400 riﬁca;
2449 3343 2500 3390 te
2527 3337 2882 3406 reprehende,
2911 3339 3058 3394 illum
3086 3341 3240 3396 lauda
3266 3360 3279 3396 :
3308 3353 3365 3397 ut
3387 3354 3439 3400 et
3461 3345 3574 3415 ipse
3599 3349 3828 3406 veniens

2239 3425 2470 3481 inveniat
2496 3437 2548 3482 te
2574 3429 2870 3498 punitorem
2891 3438 3058 3497 tuum,
3077 3442 3131 3487 et
3155 3433 3406 3489 exhibeat
3433 3450 3493 3491 se
3523 3437 3616 3491 tibi
3644 3439 3824 3492 salva.

2241 3526 2408 3573 torem
2454 3528 2620 3572 tuum.
2667 3519 2802 3588 Quid
2829 3524 2972 3576 enim
3019 3523 3214 3578 timetis
3238 3524 3518 3591 conﬁteri,
3549 3528 3639 3596 qui
3672 3527 3818 3584 inve-

2237 3608 2392 3662 nistis
2444 3607 2582 3664 hanc
2608 3610 2746 3664 viam
2775 3611 2828 3665 in
2857 3611 3105 3668 omnibus
3146 3614 3430 3684 gentibus?
3457 3617 3581 3686 quid
3625 3619 3830 3674 timetis

2236 3695 2514 3763 conﬁteri,
2559 3707 2613 3753 et
2643 3700 2694 3754 in
2738 3699 3072 3757 confessione
3097 3713 3272 3758 vestra
3313 3714 3525 3760 cantare
3553 3709 3823 3763 canticum

2237 3803 2431 3842 novum
2457 3803 2578 3843 cum
2609 3791 2751 3844 omni
2781 3800 2944 3856 terra,
2963 3793 3023 3847 .in
3049 3795 3191 3848 omni
3217 3802 3380 3862 terra,
3403 3797 3453 3851 in
3482 3797 3612 3868 pace
3637 3800 3828 3854 catho-

2237 3877 2382 3933 lica?
2415 3879 2667 3935 Conﬁteri
2700 3881 2856 3936 times
2884 3883 2992 3937 Deo
3011 3925 3026 3950 ,
3058 3899 3123 3940 ne
3147 3886 3449 3942 confessum
3475 3889 3742 3946 damnet?
3767 3891 3826 3949 Si

2235 3981 2340 4022 non
2357 3969 2632 4024 confessus
2644 3970 2777 4025 lates
2789 3972 2830 4037 ί,
2843 3972 3118 4028 confessus
3138 3973 3827 4036 damnaberis.’l‘imescon-

2236 4057 2370 4112 literi
2388 4059 2504 4128 ,qui
2518 4074 2624 4113 non
2655 4059 2956 4117 conﬁtendo
2976 4077 3097 4119 esse
3126 4080 3231 4118 non
3263 4069 3665 4134 potesoccultus
3691 4071 3828 4128 :dao

2233 4149 2504 4204 mnaberis
2537 4152 2748 4219 tacitus,
2781 4153 2870 4223 qui
2889 4167 3072 4224 posses
3101 4154 3313 4211 liberari
3329 4157 3624 4215 confessus.
3643 4163 3828 4232 Conﬁ-

2234 4248 2432 4293 teantur
2451 4240 2536 4294 tibi
2565 4243 2760 4311 pepuli,
2778 4242 2950 4308 Deus;
2977 4245 3316 4314 conﬁteantur
3331 4247 3417 4301 tibi
3437 4251 3612 4319 populi
3625 4268 3826 4309 enata.

2304 4331 2356 4385 7.
2387 4329 2538 4403 [vers.
2580 4330 2659 4404 8.]
2686 4332 2754 4386 Et
2781 4333 2903 4402 quia
2933 4334 3031 4388 ista
3058 4336 3330 4392 confessio
3364 4354 3467 4393 non
3505 4340 3572 4395 ad
3611 4343 3828 4412 suppli-

2231 4421 2371 4476 cium
2398 4421 2580 4488 ducit,
2612 4423 2882 4493 sequitur,
2921 4433 2976 4480 et
3003 4424 3131 4480 dicit
3161 4444 3174 4481 :
3199 4425 3458 4483 latenter
3496 4439 3542 4484 et
3570 4437 3832 4487 multem

2231 4522 2419 4585 gentes.
2465 4511 2520 4568 Si
2551 4513 2808 4584 plangunt
2829 4525 2952 4570 ante
2977 4515 3246 4573 hominem
3277 4521 3507 4576 confessi
3535 4522 3789 4580 latrones
3811 4566 3829 4591 ,

2231 4605 2479 4660 laetentur
2501 4613 2624 4660 ante
2652 4605 2816 4662 Deum
2843 4608 3072 4664 confessi
3093 4609 3291 4666 ﬁdeles.
3316 4611 3373 4668 Si
3396 4614 3557 4674 homo
3580 4616 3829 4686 judices,

2229 4696 2393 4766 exigit
2431 4712 2461 4750 a
2499 4697 2707 4754 latrone
2737 4699 3130 4756 confessionem
3174 4712 3345 4759 tortor
3375 4717 3433 4760 et
3472 4707 3673 4774 timor;
3707 4710 3833 4766 imo

2229 4786 2518 4857 aliquando
2545 4788 2930 4846 confessionem
2959 4793 3152 4861 premit
3181 4797 3373 4868 timor,
3416 4797 3579 4868 exigit
3603 4798 3779 4855 dolor
3812 4818 3828 4854 :

2229 4887 2285 4932 et
2313 4878 2401 4934 ille
2425 4880 2514 4949 qui
2546 4879 2748 4950 plangit
2786 4882 2841 4936 in
2876 4885 3185 4952 tormentis,
3229 4887 3381 4941 timet
3417 4896 3594 4941 autem
3641 4891 3837 4947 occidi

2227 4968 2522 5036 confessus,
2553 4980 2730 5039 portat
2755 4982 3016 5026 tormenta
3042 4983 3295 5043 quantum
3321 4983 3534 5045 potest;
3565 4986 3619 5032 et
3659 4979 3714 5035 si
3744 4982 3838 5034 vi-

2227 5069 2345 5117 ctus
2371 5059 2558 5115 dolore
2589 5059 2749 5117 fuerit
2770 5104 2784 5126 .
2816 5063 3016 5132 profert
3054 5065 3119 5119 ad
3162 5075 3388 5121 mortem
3419 5082 3606 5124 vocem
3635 5083 3833 5126 suam.

2227 5151 2498 5221 Nusquam
2527 5166 2656 5222 ergo
2685 5153 2858 5216 laetus,
2890 5169 3151 5224 nusquam
3178 5155 3448 5212 exsultans
3481 5175 3494 5211 :
3521 5168 3838 5229 antequam

2229 5244 2581 5309 conﬁteatur,
2631 5255 2815 5299 exarat
2858 5247 3086 5315 ungula;
3130 5263 3248 5302 cum
3294 5249 3571 5305 confessus
3611 5250 3828 5329 fuerit,

2226 5333 2533 5389 damnatum
2559 5334 2791 5389 carnifex
2811 5335 2957 5390 ducit
2989 5354 3002 5389 :
3033 5339 3194 5392 miser
3220 5338 3412 5410 ubique
3435 5342 3477 5396 '.
3505 5341 3609 5397 Sed
3639 5345 3847 5400 (teten-

2226 5437 2309 5481 tur
2332 5437 2380 5480 et
2407 5426 2653 5481 exsultent
2679 5437 2868 5497 gentes.
2915 5425 3102 5483 Unde?
3152 5430 3253 5484 Per
3296 5432 3465 5500 ipsam
3509 5432 3861 5498 confessio—,

2227 5533 2370 5574 nem.
2401 5519 2615 5587 Quare?
2643 5517 2774 5584 Quia
2806 5519 2975 5573 bonus
2999 5529 3083 5574 est
3106 5521 3190 5575 cui
3215 5523 3536 5578 conﬁtentur
3569 5542 3584 5579 :
3615 5527 3696 5581 ad
3733 5529 3852 5585 hoc

2288 5631 2305 5662 ι
2329 5628 2465 5703 ι-ξίιίιἒξ
2489 5641 2581 5678 non
2611 5629 2853 5693 confessus
2883 5627 3206 5682 damnaberis.
3252 5638 3507 5698 Expunge,
3547 5648 3668 5696 neri,
3700 5641 3850 5703 quod

2428 5698 2537 5800 ἓξὲξ
2551 5758 2605 5802 At
2617 5751 2728 5801 ωδ.
2746 5786 2761 5813 ,
2778 5752 2975 5804 damnat
2988 5753 3226 5817 carnifex,
3241 5755 3432 5808 ducitur
3447 5756 3602 5809 miser
3623 5761 3832 5825 ubique
