4038 6460
257 362 362 420 809

253 477 412 549 exigit
440 473 851 537 confessionem,
877 479 935 526 ut
968 470 1154 527 liberet
1184 470 1472 535 humilem;
1498 469 1566 524 ad
1593 469 1695 524 hoc
1721 468 1816 523 da-

254 580 397 624 mnat
426 582 530 622 non
555 564 918 628 conﬁtentem,
946 570 1003 616 ut
1024 562 1203 632 puniat
1221 560 1529 631 superbum.
1556 559 1696 629 Ergo
1722 558 1820 613 tri-

250 661 344 715 stis
367 668 484 713 esto
503 666 783 728 antequam
803 654 1138 717 conﬁtearis;
1163 652 1437 707 confessus
1460 650 1687 716 exsulta,
1711 648 1820 718 jam

249 750 541 806 sanaberis.
571 746 908 803 Conscientia
944 754 1028 799 tua
1058 746 1075 777 ⁸
1107 745 1307 799 saniem
1333 744 1618 813 collegerat
1639 783 1654 808 ,
1682 756 1819 812 apo-

248 852 415 897 stema
447 846 732 904 tumuerat,
762 836 1034 892 cruciabat
1060 844 1131 901 te,
1160 834 1496 903 requiescere
1522 848 1629 887 non
1669 832 1815 887 sine-

246 933 336 987 bat
378 950 393 985 :
436 930 654 985 adhibet
700 928 939 983 medicus
990 925 1223 980 fomenta
1272 924 1578 990 verborum,
1624 931 1677 977 et
1720 920 1820 976 ali-

244 1022 456 1094 quando
469 1030 642 1085 secat;
660 1019 872 1074 adhibet
887 1015 1197 1071 medicinale
1209 1014 1402 1069 ferrum
1420 1014 1472 1067 in
1487 1013 1818 1081 correptione

244 1112 601 1168 tribulationis
627 1119 716 1165 :tu
743 1122 971 1180 agnosce
1002 1105 1192 1161 medici
1214 1119 1428 1159 manum
1452 1120 1467 1169 ;
1517 1106 1771 1159 conﬁtere
1796 1144 1813 1169 ,

239 1218 398 1265 exeat
434 1210 486 1263 in
531 1208 869 1264 confessione
905 1218 960 1262 et
999 1205 1198 1260 deﬂuat
1240 1203 1413 1259 omnis
1456 1202 1634 1257 sanies
1663 1217 1676 1253 :
1703 1200 1815 1269 jam

240 1301 447 1356 cxsulta
469 1341 484 1362 ,
506 1300 615 1369 jam
642 1300 854 1363 ketare;
883 1297 1023 1368 quod
1050 1298 1312 1365 reliquum
1351 1303 1434 1350 est
1461 1293 1614 1347 facile
1656 1305 1814 1345 sana—

242 1392 406 1447 bitur.
430 1389 778 1459 Confiteantur
806 1389 894 1442 tibi
918 1388 1093 1458 pepuli
1115 1427 1131 1454 ,
1158 1385 1298 1440 Deus
1314 1402 1334 1447 ;
1357 1384 1688 1453 conﬁteantur
1726 1379 1815 1434 tibi

241 1484 420 1553 populi
458 1499 647 1537 omnes.
676 1482 742 1535 Et
778 1481 897 1549 quia
923 1479 1244 1533 conﬁtentur
1267 1518 1283 1541 ,
1311 1476 1543 1530 (tutentur
1570 1483 1617 1528 et
1647 1473 1814 1526 exsul-

236 1584 337 1631 tent
360 1584 570 1644 gentes;
595 1572 831 1642 quoniam
850 1570 1049 1640 judicas
1070 1567 1283 1639 populos
1300 1567 1353 1620 in
1373 1566 1623 1637 (equitate.
1644 1563 1812 1618 Nemo

235 1674 287 1719 te
324 1664 508 1718 fallit:
537 1661 760 1732 gaudeat
793 1659 1140 1729 judicandus,
1200 1656 1291 1726 qui
1332 1655 1506 1710 timuit
1541 1653 1811 1723 judicatu-

234 1770 372 1809 rum.
402 1752 654 1809 Praevidit
678 1752 843 1817 enim,
874 1759 925 1805 et
954 1748 1212 1819 praevenit
1236 1746 1426 1801 faciem
1452 1743 1567 1816 ejus
1596 1744 1649 1799 in
1677 1758 1809 1799 con-

231 1847 467 1903 fessione
489 1844 660 1917 (Psal.
685 1860 822 1907 xciv,
849 1841 920 1914 2)
954 1860 966 1895 :
1000 1842 1087 1896 ille
1111 1849 1285 1895 autem
1313 1854 1433 1894 cum
1459 1837 1684 1899 venerit,
1709 1851 1808 1905 po-

233 1939 386 2010 pulos
417 1939 469 1992 in
502 1937 751 2007 aequitate
772 1933 1050 2003 iudicabit.
1079 1931 1215 1998 Quid
1236 1931 1306 1985 ibi
1330 1930 1526 1985 valebit
1549 1927 1810 1983 calliditas

226 2031 582 2095 accusatoris,
614 2030 699 2083 ubi
726 2040 807 2083 est
836 2028 985 2083 testis
1017 2024 1343 2081 conscientia
1365 2065 1382 2089 ,
1411 2023 1502 2077 ubi
1540 2030 1596 2076 tu
1623 2020 1730 2076 eris
1755 2028 1809 2076 et
1854 2044 1859 2045 ν

228 2138 388 2177 causa
419 2130 505 2176 tua
527 2164 541 2186 ,
571 2120 658 2175 ubi
682 2120 840 2189 judex
871 2133 972 2172 non
1001 2117 1193 2187 quaerit
1218 2115 1451 2171 testem?
1478 2114 1805 2169 Advocatum

228 2212 373 2266 misit
405 2211 498 2264 tibi
533 2227 546 2262 :
579 2218 793 2279 propter
816 2209 983 2272 illum,
1013 2216 1067 2261 et
1099 2221 1193 2275 per
1213 2206 1361 2259 illum
1382 2204 1675 2268 conﬁtere;
1708 2216 1807 2271 age

226 2316 451 2356 causam
479 2310 619 2354 tuam
640 2340 656 2365 ,
687 2307 742 2353 et
769 2298 1020 2352 defensor
1047 2306 1129 2351 est
1159 2294 1466 2364 paenitentis
1488 2335 1504 2358 ,
1531 2302 1586 2348 et
1613 2293 1809 2362 petitor

226 2393 396 2447 venite
426 2389 733 2446 conﬁtentis
757 2429 770 2453 ,
814 2399 868 2444 et
892 2389 1053 2456 judex
1103 2386 1418 2441 innocentis.
1452 2385 1591 2440 Vere
1616 2384 1805 2439 timere

230 2484 435 2551 poteris
474 2496 688 2536 causam
717 2489 880 2543 tuam,
915 2479 1002 2532 ubi
1049 2478 1336 2533 advocatus
1363 2484 1483 2530 tuus
1512 2476 1613 2529 erit
1645 2474 1803 2543 judex

225 2575 389 2631 tuus?
422 2574 677 2629 Lctentur
693 2588 823 2643 ergo
846 2614 860 2637 ,
890 2581 934 2625 et
961 2571 1208 2625 exsultent
1232 2579 1433 2639 gentes;
1463 2567 1697 2637 quoniam
1713 2566 1806 2635 ju-

224 2666 363 2718 dicas
388 2665 604 2736 papulas
624 2666 674 2717 in
695 2664 941 2732 aequitate.
967 2662 1071 2716 Sed
1092 2661 1281 2715 timere
1304 2667 1551 2729 poterunt
1576 2673 1642 2712 ne
1666 2657 1804 2710 male

222 2757 529 2825 iudicentur
560 2774 573 2808 :
606 2754 733 2809 dent
761 2768 819 2808 se
845 2751 1207 2821 corrigendos,
1238 2751 1365 2805 dent
1396 2764 1455 2804 se
1496 2747 1803 2818 dirigendos

222 2848 266 2901 ci
296 2848 389 2917 qui
421 2846 562 2899 videt
587 2843 921 2913 jndicandos.
963 2842 1058 2896 llic
1086 2840 1448 2911 corrigantur,
1502 2848 1556 2893 et
1597 2851 1701 2891 non
1732 2836 1801 2889 ti-

223 2946 404 2993 meant
454 2954 575 2991 cum
614 2936 1010 3004 judicabnntur.
1060 2932 1191 2987 Vide
1240 2930 1365 3001 quid
1413 2929 1556 2983 dicat
1596 2929 1648 2982 in
1697 2927 1802 2983 alio

221 3030 430 3098 psalmo
466 3048 478 3082 :
515 3027 667 3093 Deus,
690 3028 740 3080 in
772 3027 971 3080 nomine
991 3036 1076 3077 tuo
1103 3024 1295 3078 salvum
1323 3038 1403 3075 me
1425 3021 1528 3091 fac,
1557 3028 1601 3073 et
1627 3020 1679 3072 in
1703 3019 1801 3071 vir-

221 3126 321 3172 tute
354 3127 443 3172 tua
460 3117 639 3188 judico
672 3134 751 3171 me
780 3116 948 3187 (1)ααὶ.
976 3130 1088 3178 aut,
1112 3115 1187 3183 5).
1212 3112 1345 3180 Quid
1374 3111 1483 3165 ait?
1506 3110 1563 3166 Si
1590 3125 1802 3177 nuane

221 3213 370 3280 prius
406 3211 583 3264 salvas
620 3211 671 3264 in
718 3210 930 3263 nomine
960 3218 1081 3272 tuo,
1124 3206 1295 3262 debeo
1337 3206 1525 3260 timere
1563 3219 1683 3258 cum
1712 3218 1800 3257 me

221 3300 483 3370 iudicabis
514 3300 566 3354 in
599 3299 792 3353 virtute
825 3309 908 3352 tua
940 3317 953 3350 :
984 3297 1026 3351 si
1054 3306 1229 3351 autem
1257 3310 1341 3350 me
1368 3294 1512 3364 prius
1540 3294 1718 3347 salvas
1747 3293 1798 3345 in

221 3394 440 3447 nomine
467 3402 577 3456 tuo,
608 3392 733 3460 quid
761 3391 959 3445 timebo
980 3389 1304 3459 jndicantem
1332 3387 1383 3440 in
1411 3388 1623 3451 virtute,
1650 3384 1801 3453 cujus

221 3485 369 3538 salus
396 3484 669 3553 praecessit
712 3484 762 3537 in
790 3480 1041 3535 nomine?
1066 3480 1152 3533 Sic
1179 3479 1337 3533 etiam
1368 3477 1468 3531 hoc
1496 3477 1631 3537 loco,
1664 3474 1798 3527 Con-

220 3576 466 3644 ﬂteantur
504 3574 594 3627 tibi
630 3574 805 3643 populi
830 3588 1019 3626 omnes.
1065 3571 1134 3625 Et
1182 3586 1248 3624 ne
1271 3570 1470 3639 putetis
1496 3566 1692 3637 aliquid
1733 3566 1798 3618 Ii-

217 3668 474 3721 mendum
503 3666 555 3719 in
579 3664 934 3726 confessione,
961 3663 1238 3726 Lwtentur,
1266 3662 1452 3730 inquit,
1478 3670 1525 3714 et
1549 3659 1800 3714 exsultent

220 3769 413 3828 gentes.
446 3758 623 3824 Quare
642 3798 656 3822 ,
690 3756 920 3810 la'tentur
947 3766 993 3807 et
1017 3756 1308 3810 exsultent?
1331 3754 1584 3821 Quoniam
1594 3753 1801 3823 judicas

220 3852 447 3921 popilius
468 3850 521 3902 in
560 3850 807 3918 (equitate.
839 3848 1005 3903 Nemo
1033 3856 1218 3901 contra
1247 3860 1345 3900 nos
1372 3846 1644 3914 praemium
1671 3846 1796 3909 dat,

220 3957 385 3999 nemo
410 3952 465 3996 :e
499 3941 810 4010 corrumpit,
839 3955 995 3994 nemo
1021 3948 1073 3994 te
1114 3939 1262 3992 fallit.
1295 3939 1430 4008 Ergo
1456 3952 1676 3993 securus
1703 3938 1798 3992 sis.

218 4034 324 4088 Sed
347 4032 475 4103 quid
492 4031 559 4086 de
574 4046 729 4086 causa
752 4039 836 4084 tua
858 4030 882 4083 ?
908 4029 1074 4085 Nemo
1092 4030 1385 4098 corrumpit
1403 4030 1567 4083 Deum
1588 4045 1603 4094 ;
1633 4029 1803 4082 mani-

220 4125 421 4181 festum
448 4132 531 4178 est
560 4141 574 4177 :
606 4138 675 4177 ne
701 4122 836 4176 forte
863 4120 982 4176 ideo
1020 4120 1189 4189 magis
1223 4118 1495 4173 timendus
1531 4119 1638 4184 sit,
1674 4119 1800 4189 quia

221 4214 497 4283 corrumpi
528 4211 854 4267 nullomodo
886 4219 1077 4280 potest.
1108 4208 1387 4277 Quomodo
1417 4222 1545 4277 ergo
1579 4222 1798 4262 securus

220 4308 323 4363 es?
355 4306 656 4361 Secundum
687 4303 814 4358 illud
853 4301 994 4372 quod
1028 4301 1136 4371 jam
1165 4299 1364 4354 dictum
1394 4308 1477 4352 est
1506 4315 1519 4351 :
1554 4296 1707 4361 Deus,
1748 4298 1801 4349 in

220 4399 431 4454 neruine
455 4407 540 4450 tuo
563 4396 757 4449 salvum
782 4410 862 4448 me
887 4395 968 4462 {ac
986 4433 1003 4459 ,
1030 4400 1075 4445 et
1098 4392 1152 4445 in
1178 4390 1359 4445 virtute
1381 4398 1466 4443 tua
1490 4389 1671 4458 judica
1705 4404 1799 4441 me.

220 4490 309 4547 Sic
340 4499 398 4545 ct
422 4488 509 4543 hic
540 4506 554 4542 :
583 4486 837 4541 Lattentur
861 4494 907 4538 et
924 4482 1171 4539 exsultent
1194 4490 1381 4551 gentes,
1408 4479 1644 4548 quoniam
1658 4477 1804 4547 judi-

222 4597 308 4635 cas
332 4579 554 4651 populos
580 4578 634 4631 in
674 4576 923 4647 (equitate.
956 4573 1019 4627 Et
1049 4588 1116 4626 ne
1142 4572 1363 4625 timeant
1386 4570 1549 4639 iniqui
1578 4611 1593 4635 ,
1634 4568 1807 4638 subje—

223 4672 296 4726 cit
326 4688 345 4725 :
378 4669 446 4724 Et
474 4678 643 4740 gentes
666 4668 722 4721 in
749 4677 881 4720 terra
904 4663 1082 4735 dirigis
1105 4665 1147 4716 ⁸.
1177 4662 1359 4717 Prava:
1401 4669 1554 4715 erant
1589 4668 1802 4729 gentes,

223 4772 279 4817 ρι
310 4770 566 4816 ιοτιυοεω
585 4768 736 4815 erant
759 4767 963 4829 gentes,
987 4770 1255 4825 perversa:
1277 4763 1429 4808 erant
1452 4764 1637 4823 gentes
1657 4769 1671 4816 ς
1696 4766 1809 4807 mc-

226 4853 331 4908 rito
365 4850 641 4921 pravitatis
669 4860 725 4904 et
750 4846 1098 4902 ‘distorsionis
1122 4854 1175 4900 et
1201 4844 1563 4913 perversitatis
1592 4858 1701 4897 sua:
1722 4842 1808 4911 ju-

225 4945 402 4999 dicem
434 4941 733 4996 venientem
762 4938 1015 4993 timebant
1048 4953 1062 4989 :
1094 4937 1239 4990 venit
1264 4949 1451 4988 manus
1481 4934 1646 5001 ipsius
1666 4973 1682 4998 ,
1710 4948 1807 4986 ex-

229 5045 375 5090 tenta
424 5041 509 5088 est
556 5029 967 5085 misericorditer
1011 5028 1062 5081 in
1108 5026 1367 5097 p0pulos;
1408 5025 1709 5095 diriguntur
1752 5033 1811 5079 ut

229 5124 512 5178 ambulent
532 5130 730 5175 rectam
760 5120 897 5171 viam
929 5134 944 5174 :
974 5116 1100 5186 quid
1131 5118 1353 5171 timeant
1376 5125 1655 5170 venturum
1688 5115 1708 5147 ³
1731 5115 1812 5185 ju-

228 5217 427 5278 dicem,
463 5214 553 5284 qui
589 5212 759 5282 primo
783 5218 1112 5281 agnoverunt
1138 5209 1539 5264 correctorem?
1571 5207 1812 5263 Manibus

228 5309 353 5375 ejus
380 5306 509 5360 dent
554 5319 649 5369 se;
694 5303 806 5372 ipse
848 5308 1030 5370 gentes
1072 5299 1124 5353 in
1165 5308 1305 5353 terra
1343 5298 1543 5369 dirigit.
1586 5298 1812 5353 Directa:

230 5408 414 5452 autem
444 5405 653 5465 gentes,
677 5392 1009 5447 ambulantes
1034 5389 1086 5444 in
1115 5388 1239 5457 ﬁde,
1268 5390 1595 5445 exsultantes
1616 5389 1667 5444 in
1696 5390 1810 5457 illo,

301 5530 316 5559 ¹
344 5530 417 5577 sic
432 5534 538 5575 MSS.
552 5524 813 5574 Edd.vero:
832 5530 925 5571 Non
934 5520 1196 5579 conﬁtentis
1207 5520 1493 5571 conscientia
1506 5521 1703 5579 saniem,
1718 5531 1812 5572 etc.

297 5590 572 5667 'ht’lerique
604 5596 741 5645 tuss.,
775 5583 985 5649 diriges,
1023 5583 1184 5634 futuro
1220 5591 1466 5645 tempore,
1496 5584 1636 5647 juxta
1666 5590 1813 5633 Grzec.

232 5657 539 5773 ἰ’Χιλῖιειεςμκῃ
562 5716 688 5773 uss,
730 5712 979 5756 venturum
1008 5711 1241 5758 rectorem
1252 5703 1473 5769 judicem
1499 5716 1517 5754 :
1548 5704 1670 5755 forte
1712 5717 1813 5768 Ρτο,

234 5770 482 5824 nuarum
489 5770 729 5830 judicent.

478 5856 707 5919 διδοῖ.
748 5854 1022 5912 Auousr.
1067 5852 1171 5911 IV.

1270 352 1661 409 ENARRATIO
1698 349 1761 407 IN
1802 347 2119 406 ΡεΑωυΜ
2158 347 2339 405 LXVI.

3394 354 3500 412 810

1927 464 2179 520 facientes
2201 478 2361 535 opera
2388 462 2525 519 bona
2557 456 2573 528 ξ
2604 474 2659 519 et
2685 463 2728 518 si
2764 480 2867 535 qua
2896 468 3034 523 forte
3053 508 3070 535 ,
3113 469 3364 539 quoniam
3402 487 3496 542 per

1925 570 2072 610 mare
2099 556 2384 625 navigant,
2420 553 2582 610 intrat
2605 570 2739 625 aqua
2768 572 2864 626 per
2889 559 3272 616 minutissimas
3302 577 3491 618 caver—

1924 661 2040 711 nas,
2070 662 2165 716 per
2188 647 2406 702 rimulas
2430 646 2497 701 ad
2525 646 2785 701 sentinam
2810 689 2825 714 ,
2853 648 3221 707 exhauriendo
3245 668 3362 709 eam
3394 670 3492 725 per

1923 753 2081 808 opera
2110 739 2268 804 bona,
2297 755 2363 794 ne
2390 738 2505 808 plus
2530 738 2775 793 intrando
2801 740 3069 795 cumulum
3097 744 3269 811 faciat,
3313 754 3369 800 et
3394 763 3492 801 na—

1921 842 2041 882 vem
2083 828 2373 899 deprimat;
2418 828 2781 884 exhauriendo
2812 830 2828 861 ¹
2856 831 3121 901 quotidie,
3164 833 3490 904 jejunando,

1920 918 2142 980 orando.
2173 919 2537 989 eleemosynas
2568 917 2809 974 faciendo
2830 959 2848 987 ,
2882 920 3110 975 dicendo
3133 937 3268 991 pnro
3294 926 3491 993 corde,

1924 1008 2135 1063 Dimitte
2162 1010 2302 1065 nobis
2321 1010 2484 1063 debita
2506 1020 2695 1075 nostra,
2727 1012 2853 1065 sicut
2880 1021 2926 1066 et
2950 1028 3041 1066 nos
3070 1014 3363 1069 dimittimus
3401 1017 3493 1072 de-

1921 1097 2158 1151 bitoribus
2186 1100 2368 1153 nostris
2391 1097 2602 1170 (Matth.
2628 1115 2704 1166 v1,
2729 1100 2817 1170 12)
2842 1117 2856 1153 :
2880 1101 3106 1156 dicendo
3131 1104 3249 1165 ista.
3280 1106 3489 1161 ambula

1918 1202 2138 1243 securus
2161 1230 2177 1254 ,
2211 1197 2264 1243 ct
2288 1192 2492 1245 exsulta
2520 1188 2572 1243 in
2597 1190 2679 1243 via
2704 1230 2721 1255 ,
2763 1200 2915 1245 canta
2947 1191 2998 1245 in
3027 1192 3132 1245 via.
3158 1191 3275 1247 Noli
3304 1194 3493 1252 timere

1913 1278 2184 1348 judicem;
2231 1288 2519 1348 antequam
2560 1294 2706 1335 esses
2753 1278 2944 1347 ﬁdelis,
2987 1281 3231 1337 invenisti
3259 1285 3493 1340 salvato-

1918 1386 2030 1425 rem
2061 1370 2104 1424 ⁵.
2134 1371 2355 1441 lmpium
2390 1380 2440 1426 te
2465 1371 2707 1440 quaesivit
2732 1380 2787 1424 ut
2813 1371 3127 1435 redimeret;
3159 1373 3490 1445 redemptum

1915 1462 2127 1518 deseret
2153 1472 2210 1517 ut
2238 1462 2468 1532 perdat?
2493 1460 2563 1516 Et
2590 1472 2757 1533 gentes
2779 1462 2832 1515 in
2857 1471 2989 1516 terra
3014 1464 3209 1534 dirigis.

1985 1553 2039 1607 8.
2068 1550 2220 1625 [vers.
2260 1552 2314 1618 6,
2347 1551 2425 1625 7.]
2457 1552 2720 1616 Exsultat,
2748 1551 2960 1621 gaudet.
2993 1551 3266 1617 hortatur,
3296 1556 3491 1623 repetit

1913 1641 2129 1698 eosdem
2168 1658 2355 1699 versus
2385 1644 2437 1697 in
2472 1642 2861 1698 exhortatione.
2910 1643 3255 1713 Conﬁteantur
3280 1646 3370 1700 tibi
3396 1662 3491 1714 po-

1914 1733 2042 1803 puli,
2072 1731 2214 1788 Deus
2234 1748 2256 1797 ,'
2279 1735 2613 1801 confiteantur
2640 1730 2727 1785 tibi
2754 1733 2931 1802 populi
2951 1750 3117 1787 omnes
3147 1749 3166 1788 :
3190 1743 3323 1788 terra
3350 1734 3489 1789 dedit

1913 1822 2130 1891 fructum
2157 1841 2325 1879 suum.
2370 1823 2538 1891 Quem
2585 1822 2853 1878 fructum?
2879 1822 3226 1888 Can/iteantur
3266 1826 3356 1879 tibi
3384 1843 3482 1894 po-

1913 1915 2023 1983 puli
2062 1932 2252 1970 omnes.
2299 1915 2467 1971 Terra
2508 1924 2660 1979 erat;
2706 1916 2871 1984 spinis
2899 1915 3050 1984 plena
3082 1925 3195 1970 erat
3225 1934 3238 1969 :
3267 1918 3490 1973 accessit

1910 2005 2229 2061 eradicantis
2257 2021 2466 2070 manus,
2491 2005 2716 2061 accessit
2742 2006 2948 2060 vocatio
2977 2005 3268 2075 majestatis
3292 2006 3408 2077 ejus
3433 2018 3490 2061 et

1911 2093 2327 2160 misericordize;
2375 2095 2538 2163 ccepit
2582 2103 2721 2150 terra
2764 2094 3028 2159 conﬁteri,
3060 2095 3305 2164 jam.dat
3347 2105 3488 2150 terra

1911 2182 2137 2238 fructum
2167 2200 2342 2239 suum.
2372 2185 2531 2239 Daret
2574 2184 2795 2239 fructum
2825 2199 2976 2238 suum
2999 2226 3014 2249 ,
3062 2185 3159 2238 nisi
3199 2195 3321 2240 ante
3344 2200 3486 2241 com-

1911 2273 2221 2342 plueretur?
2246 2275 2398 2330 daret
2425 2283 2567 2330 terra
2591 2273 2819 2328 fructum
2847 2291 3025 2338 suum,
3048 2276 3149 2329 nisi
3178 2284 3304 2331 ante
3331 2276 3486 2332 mise-

1910 2363 2138 2419 ricordia
2180 2364 2271 2419 Dei
2302 2364 2504 2419 veniret
2531 2363 2806 2433 desuper?
2833 2363 3036 2432 Legant
3076 2363 3204 2417 mihi
3230 2404 3246 2431 ,
3288 2363 3486 2433 inquis,

1909 2452 2049 2521 quod
2093 2454 2357 2523 compluta
2407 2452 2614 2506 dederit
2660 2459 2798 2507 terra
2853 2450 3081 2506 fructum
3128 2466 3303 2506 suum.
3351 2453 3489 2508 Audi

1908 2544 2299 2613 compluentem
2350 2543 2633 2597 Dominum
2666 2561 2679 2596 :
2710 2543 2857 2612 Agite
2880 2544 3261 2612 pmnitentiam;
3301 2558 3492 2614 appro-

1909 2634 2163 2703 pinquavit
2185 2635 2317 2688 enim
2346 2651 2557 2703 regnum
2583 2633 2824 2688 caelorum
2855 2632 2965 2706 (Id.
3007 2649 3085 2699 ιη,
3116 2633 3196 2704 9.).
3222 2633 3365 2689 Pluit
3385 2676 3402 2701 ,
3429 2644 3484 2688 et

1908 2726 2020 2797 ipsa
2052 2727 2226 2796 pluvia
2268 2726 2497 2781 tonitrus
2523 2734 2634 2790 est;
2683 2734 2847 2780 terret
2878 2742 2890 2778 :
2925 2725 3053 2779 time
3091 2732 3363 2779 tonantem
3387 2766 3403 2793 ,
3432 2737 3487 2781 et

1906 2819 2092 2888 excipe
2118 2818 2406 2888 pluentem.
2436 2817 2576 2872 Ecce
2607 2824 2726 2887 post
2767 2817 2909 2871 illam
2953 2830 3137 2871 vocem
3166 2818 3399 2871 tonantis
3426 2828 3483 2872 et

1909 2910 2139 2980 pluentis
2169 2910 2297 2969 Dei;
2332 2916 2451 2979 post
2472 2909 2611 2963 illam
2645 2923 2825 2963 vocem
2848 2907 3044 2977 aliquid
3072 2906 3138 2963 de
3169 2908 3283 2978 ipso
3308 2908 3482 2963 Evan-

1904 3003 2042 3071 gelio
2073 3002 2367 3058 videamus.
2400 3002 2539 3057 Ecce
2570 3001 2658 3055 illa
2704 3001 2957 3056 meretrix
2984 3041 2998 3065 ,
3045 3000 3237 3054 malam
3283 2998 3481 3054 famam

1906 3093 2109 3149 habens
2135 3093 2185 3146 in
2211 3093 2445 3159 civitate,
2473 3092 2663 3161 irrupit
2686 3091 2737 3144 in
2765 3090 2991 3146 alienam
3012 3090 3226 3144 domum
3249 3104 3352 3159 quo
3373 3104 3480 3143 non

1906 3193 2020 3239 erat
2048 3184 2266 3238 invitata
2294 3183 2361 3238 ab
2391 3182 2620 3251 hospite,
2651 3181 2745 3236 sed
2772 3181 2839 3235 ab
2878 3181 3098 3235 invitato
3126 3188 3343 3244 vocata;
3374 3194 3481 3233 non

1907 3273 2104 3343 lingua,
2132 3273 2223 3328 sed
2250 3272 2435 3343 gratia.
2462 3271 2689 3326 Noverat
2714 3286 2852 3342 {egra
2882 3270 3078 3325 habere
3099 3270 3167 3325 ibi
3190 3285 3249 3325 sc
3274 3270 3471 3331 locum,

1906 3362 1993 3417 ubi
2026 3362 2287 3417 medicum
2320 3376 2473 3416 suum
2500 3360 2837 3415 discumbere
2863 3360 3084 3415 sciebat.
3126 3360 3366 3428 lngressa
3401 3368 3483 3412 est

1904 3468 2023 3522 qua:
2052 3462 2164 3506 erat
2192 3451 2488 3521 peccatrix;
2518 3466 2622 3504 non
2649 3449 2810 3504 audet
2848 3450 3101 3504 accedere
3130 3449 3232 3502 nisi
3272 3449 3338 3501 ad
3382 3463 3477 3517 pc-

1904 3543 1998 3598 des
2030 3561 2042 3596 :
2074 3541 2164 3597 ﬁet
2188 3541 2253 3595 ad
2293 3540 2473 3611 pedes,
2504 3541 2687 3609 irrigat
2717 3539 2986 3610 lacrymis,
3021 3540 3177 3607 tergit
3202 3538 3437 3593 crinibus
3463 3580 3476 3599 ,

1906 3635 2087 3703 unguit
2108 3639 2375 3703 unguento
2392 3630 2542 3702 (Luc.
2557 3647 2648 3697 vn,
2664 3631 2752 3693 57,
2775 3628 3027 3701 38).Quid
3052 3629 3301 3684 miraris?
3324 3618 3501 3682 Τέω-(ι’

1905 3727 2032 3780 didit
2055 3730 2277 3796 fructum
2301 3740 2468 3777 suum.
2499 3722 2639 3794 Ergo
2669 3722 2771 3777 hoc
2794 3720 2989 3776 factum
3021 3730 3122 3784 est,
3153 3721 3222 3776 ibi
3268 3721 3481 3791 pluente

1908 3819 2133 3872 Domino
2182 3833 2275 3887 per
2316 3832 2377 3872 os
2418 3831 2612 3879 suum;
2654 3813 2790 3870 facta
2832 3824 2956 3869 sunt
2998 3830 3117 3885 qua:
3161 3815 3385 3885 legimus
3427 3815 3478 3868 in

1906 3911 2190 3980 Evangelia
2221 3926 2237 3963 :
2267 3926 2373 3980 quo
2400 3908 2621 3980 pluente
2645 3922 2743 3978 per
2768 3907 2933 3962 nubes
2957 3921 3099 3970 suas,
3130 3907 3306 3962 missis
3338 3909 3479 3976 Apo-

1906 4002 2057 4056 stolis
2076 4043 2090 4067 ,
2119 4010 2174 4056 et
2199 3998 2610 4070 praedicantibus
2634 3999 2910 4053 veritatem
2933 4040 2949 4065 ,
2982 4007 3115 4051 terra
3140 3998 3367 4069 amplius
3396 3998 3484 4050 de-

1906 4096 1979 4146 dit
2000 4098 2215 4163 fructum
2240 4107 2419 4155 suum;
2459 4099 2510 4144 et
2540 4090 2636 4143 ista
2676 4103 2828 4159 seges
2863 4088 2973 4158 jam
3023 4088 3260 4157 implevit
3299 4087 3482 4142 orbem

2016 4198 2183 4234 arum.

2016 4198 2041 4234 a
2170 4220 2183 4233 .

1908 4192 2028 4329 mg.
2049 4197 2208 4342 311:8.
2239 4266 2318 4341 8.]
2354 4268 2487 4322 Vide
2529 4266 2651 4337 quid
2691 4265 2885 4321 deinde
2931 4265 3136 4320 dicatur
3169 4284 3182 4320 :
3214 4265 3483 4319 Benedicat

1907 4376 1997 4414 nos
2026 4359 2181 4425 Deus,
2216 4357 2350 4412 Deus
2374 4366 2578 4420 noster;
2606 4356 2863 4410 benedicat
2884 4371 2975 4410 nos
2999 4355 3157 4409 Deus.
3185 4355 3475 4416 Benedicat,

1906 4450 2043 4504 sicut
2057 4449 2165 4519 jam
2196 4447 2303 4502 dixi
2327 4448 2516 4513 ;etiam
2543 4454 2702 4517 atque
2731 4447 2887 4501 etiam
2913 4445 3212 4511 benedicat,
3236 4444 3486 4515 multipli-

1908 4549 1993 4596 cet
2019 4539 2401 4595 benedicendo.
2438 4538 2691 4603 Attendat
2731 4536 2975 4592 Charitas
3015 4536 3202 4591 Vestra
3230 4536 3479 4606 quoniam

1904 4632 2012 4702 jam
2044 4631 2313 4701 praecessit
2339 4629 2537 4684 fructus
2569 4638 2726 4683 terrae
2753 4628 2804 4682 in
2830 4627 3143 4682 Jerusalem.
3187 4625 3313 4681 lnde
3341 4628 3484 4682 enim

1909 4725 2069 4793 ctepit
2093 4722 2328 4777 Ecclesia
2363 4740 2376 4774 :
2408 4721 2554 4776 venit
2580 4721 2649 4775 ibi
2681 4720 2909 4790 Spiritus
2934 4728 3146 4774 sanctus
3165 4761 3179 4785 ,
3210 4727 3263 4774 et
3293 4720 3485 4790 imple-

1912 4814 1987 4868 vit
2006 4820 2215 4868 sanctos
2235 4813 2286 4865 in
2306 4826 2469 4866 unum
2491 4821 2838 4881 congregatos
2864 4826 2879 4875 ;
2904 4809 3041 4865 facta
3063 4818 3189 4865 sunt
3209 4810 3485 4875 miracula,

1915 4903 2103 4974 linguis
2145 4903 2382 4957 omnium
2423 4901 2589 4955 locuti
2632 4909 2755 4953 sunt
2787 4898 2919 4971 (Act.
2967 4917 3002 4954 ιι
3029 4942 3045 4966 ,
3098 4900 3237 4972 1-4).
3282 4900 3487 4970 lmpleti

1913 5004 2037 5051 sunt
2060 4994 2257 5065 Spiritu
2285 4992 2398 5059 Dei,
2428 4991 2673 5047 conversi
2702 4998 2825 5044 sunt
2849 4991 2937 5061 qui
2970 4991 3041 5046 ibi
3068 5000 3250 5055 erant;
3292 4990 3487 5045 limen:

1918 5095 2033 5151 tes,
2081 5092 2135 5139 et
2176 5084 2524 5152 suscipientes
2568 5080 2791 5135 imbrem
2821 5080 3057 5135 divinum
3084 5122 3101 5147 ,
3146 5080 3409 5136 dederunt
3434 5080 3487 5133 in

1916 5175 2245 5230 confessione
2282 5181 2484 5227 tantum
2526 5170 2751 5225 fructum
2773 5211 2789 5239 ,
2818 5180 2875 5224 ut
2902 5171 3079 5225 omnia
3119 5184 3213 5223 sua
3255 5169 3308 5222 in
3343 5182 3488 5222 com-

1918 5281 2077 5320 mune
2100 5264 2421 5326 conferrent,
2451 5262 2832 5317 distribuentes
2861 5262 3211 5332 pauperibus;
3248 5268 3305 5313 ut
3331 5276 3491 5315 nemo

1918 5356 2118 5411 diceret
2138 5352 2332 5423 aliquid
2359 5351 2630 5422 proprium
2652 5391 2666 5415 ,
2696 5350 2788 5406 sed
2809 5360 2989 5406 essent
3017 5349 3121 5403 illis
3140 5349 3316 5402 omnia
3341 5363 3489 5402 com-

1921 5445 2115 5512 munia,
2148 5452 2203 5500 ct
2237 5442 2493 5498 haberent
2523 5441 2752 5497 animam
2790 5456 2952 5495 unam
2990 5448 3044 5495 et
3085 5452 3179 5493 cor
3219 5453 3385 5491 unum
3436 5439 3488 5495 in

1986 5639 1999 5670 ¹
2022 5644 2096 5684 Er.
2119 5644 2168 5685 et
2187 5636 2320 5698 pauci
2336 5642 2439 5684 Mss.
2458 5635 2552 5693 hic,
2576 5631 2878 5685 exhauriant.

1984 5701 2005 5730 '
2028 5700 2100 5746 sic
2124 5686 2226 5746 Mss.
2259 5705 2310 5745 Αι
2332 5698 2464 5746 add:
2503 5686 2760 5758 Antequam
2798 5706 2924 5743 esses
2944 5687 3122 5754 ﬁdelis,
3150 5686 3386 5750 timebas;
3405 5692 3491 5741 sed

1917 5759 2025 5824 jam
2046 5758 2261 5808 immisti
2281 5759 2579 5808 salvatorem.

2720 5834 3159 5916 (Vingl-six.)
3406 5832 3417 5857 ’
