4038 6490
549 380 641 436 8H
1790 375 1846 430 S.
1890 369 2250 430 AUGUSTINI
2291 369 2586 426 El'lSCUPI

550 495 718 550 Deum
747 491 880 565 (Act.
915 508 985 558 tv,
1015 491 1126 562 59.).
1162 491 1398 546 Donatus
1437 491 1578 545 enim
1612 491 1715 546 illis
1757 499 1865 545 erat
1911 488 2124 557 sanguis

551 587 759 640 Domini
793 601 950 655 quem
983 584 1263 648 fuderant;
1293 583 1517 638 donatus
1546 593 1660 638 erat
1687 579 1992 652 iguoscc‘nte
2020 578 2124 631 Do-

549 679 714 746 mino,
746 687 804 732 ut
825 678 935 749 jam
966 677 1106 748 quod
1138 677 1384 732 fuderant
1416 677 1572 732 etiam
1615 675 1797 728 bibere
1835 672 2122 727 discerent.

548 770 768 841 Magnus
794 769 865 824 ibi
895 768 1098 825 fructus
1131 786 1143 822 :
1178 777 1311 824 terra
1337 767 1472 821 dedit
1503 771 1724 837 fructum
1748 779 1912 828 suum,
1938 771 1990 816 et
2016 776 2128 815 ma-

548 875 709 931 gnum
746 860 974 915 fructum
996 902 1010 926 ,
1042 867 1095 914 et
1122 861 1376 930 optimum
1409 857 1658 912 fructum.
1689 852 1954 924 Numquid
1987 860 2124 906 terra

548 951 638 1007 illa
665 952 776 1007 sola
821 952 1003 1007 debuit
1039 951 1168 1006 dare
1208 949 1433 1005 fructum
1480 948 1681 1002 suum?
1729 945 1998 999 Benedicat
2037 959 2128 998 nos

555 1043 714 1110 Deus,
747 1043 880 1097 Deus
903 1053 1103 1106 noster;
1127 1041 1376 1096 benedicat
1402 1055 1491 1092 nos
1515 1037 1667 1092 Dens.
1698 1037 1884 1090 Adhuc
1905 1033 2125 1090 benedi—

549 1144 669 1200 cat;
699 1133 1000 1188 benedictio
1028 1133 1166 1187 enim
1191 1132 1240 1184 iu
1265 1129 1709 1199 multiplicatione
1733 1127 1868 1182 solet
1893 1125 2125 1179 maxime

547 1234 601 1280 et
631 1224 841 1294 proprie
882 1221 1121 1292 intelligi.
1161 1216 1456 1275 Probemus
1501 1219 1601 1274 hoc
1640 1219 1690 1273 in
1732 1216 1927 1273 Genesi
1961 1233 1975 1270 :
2005 1215 2126 1271 vide

472 1381 476 1385 ἓ
548 1330 708 1385 opera
743 1314 853 1368 Dei.
895 1313 1043 1367 Fecit
1073 1313 1209 1366 Deus
1241 1312 1447 1374 lucem;
1494 1320 1548 1366 et
1581 1310 1762 1366 divisit
1804 1309 1946 1364 Deus
1985 1308 2126 1362 inter

546 1406 740 1471 lucem,
771 1415 826 1460 et
852 1405 1098 1459 tenebras
1131 1422 1144 1457 :
1177 1404 1346 1458 lucem
1375 1402 1578 1457 vocavit
1601 1402 1765 1466 diem,
1797 1409 1852 1456 et
1875 1399 2124 1455 tenebras

544 1497 752 1552 vocavit
780 1506 1009 1551 noctem.
1054 1495 1170 1550 Non
1215 1496 1411 1550 dictum
1440 1504 1556 1562 est,
1601 1493 1883 1550 Benedixit
1923 1493 2120 1547 lucem.

543 1586 751 1641 Etenim
779 1587 964 1640 eadem
997 1586 1086 1640 lux
1111 1585 1247 1640 redit
1274 1595 1328 1639 et
1356 1585 1584 1640 alternat
1623 1584 1812 1640 diebus
1854 1597 1917 1638 ac
1947 1582 2119 1637 nocti-

541 1677 662 1732 bus.
715 1677 935 1732 Vocavit
981 1677 1178 1732 caelum
1234 1677 1626 1731 firmamentum
1680 1678 1817 1730 inter
1860 1690 2025 1745 aquas
2067 1683 2122 1729 et

542 1780 706 1838 aquas.
733 1784 747 1820 :
781 1783 885 1821 non
913 1767 1112 1822 dictum
1153 1776 1267 1835 est,
1299 1765 1577 1822 Benedixit
1613 1767 1827 1822 caelum.
1860 1767 2120 1822 Discrevit

539 1872 689 1912 mare
719 1856 785 1912 ab
815 1856 982 1920 arida,
1010 1865 1064 1912 et
1092 1856 1384 1912 nominavit
1412 1866 1729 1927 utrumque;
1755 1856 1979 1921 aridam,
2013 1864 2122 1910 ter-

538 1960 651 2000 ram
679 1987 694 2012 ,
739 1956 792 2000 et
831 1946 1294 2016 congregationem
1333 1961 1586 2016 aquarum
1609 1988 1622 2011 ,
1665 1961 1812 2004 mare
1845 1962 1858 1998 :
1897 1959 1996 2001 nec
2035 1945 2119 2000 hic

537 2037 736 2093 dictum
767 2047 886 2105 est,
925 2039 1206 2094 Benedixit
1237 2039 1395 2093 Deus.
1438 2038 1665 2092 Ventum
1695 2046 1776 2092 est
1810 2036 1877 2091 ad
1907 2051 1968 2092 ea
1998 2052 2118 2106 quae

536 2127 876 2182 fecunditatis
912 2127 1153 2182 habitura
1195 2137 1346 2183 erant
1383 2142 1600 2192 semen,
1642 2135 1696 2182 et
1725 2141 1788 2182 ex
1823 2127 1977 2196 aquis
2001 2127 2116 2181 exi-

537 2218 751 2272 stentia.
784 2217 900 2287 Ipsa
934 2219 1073 2272 enim
1103 2218 1387 2272 maximam
1420 2218 1870 2287 multiplicationis
1897 2218 2114 2273 uberta-

537 2317 644 2362 tem
675 2308 908 2373 habent;
956 2317 1008 2362 et
1046 2308 1317 2363 benedixit
1345 2323 1407 2363 ea
1443 2307 1700 2363 Dominus
1735 2308 1920 2364 dicens
1953 2308 2114 2363 :Cre-

535 2398 678 2464 scite,
720 2407 765 2450 et
790 2399 1232 2466 multiplicamini,
1262 2407 1307 2452 et
1333 2399 1520 2468 replete
1541 2416 1698 2469 aquas
1726 2401 1881 2454 maris
1897 2415 1917 2464 ;
1950 2409 1996 2454 et
2026 2416 2113 2454 uo-

534 2487 696 2539 latilia
720 2488 1114 2558 nntltiplicentur
1152 2504 1304 2559 super
1330 2500 1535 2542 terram.
1567 2488 1655 2544 Sic
1692 2497 1748 2544 et
1787 2504 1907 2544 cum
1938 2491 2112 2545 omnia

531 2578 757 2648 subjecit
789 2579 1007 2643 homini,
1038 2594 1195 2650 quem
1216 2579 1343 2635 fecit
1371 2579 1435 2635 ad
1465 2579 1745 2650 imaginem
1775 2595 1946 2648 suam,
1978 2583 2110 2637 scri-

531 2677 676 2736 ptum
712 2678 829 2723 est:
865 2667 931 2722 Et
972 2669 1222 2723 benedixit
1268 2685 1352 2724 eos
1397 2668 1537 2723 Deus
1572 2670 1742 2725 dicens
1773 2687 1791 2724 :
1817 2670 2032 2726 Crescite
2065 2683 2113 2726 et

529 2756 958 2828 multiplicamini,
997 2768 1044 2812 et
1074 2758 1276 2829 implete
1304 2759 1486 2828 faciem
1519 2769 1665 2814 terra!
1692 2759 1842 2830 (Gen.
1872 2759 1934 2830 ι).
1968 2761 2111 2832 Ergo

528 2848 830 2903 benedictio
871 2851 1084 2919 proprie
1120 2849 1186 2904 ad
1229 2848 1721 2919 multiplicationem
1761 2850 1931 2919 valet,
1960 2861 2016 2907 et
2042 2852 2108 2907 ad

526 2937 849 3007 implendam
895 2940 1084 2994 faciem
1131 2948 1306 2995 terrae.
1353 2940 1488 2995 Audi
1530 2949 1584 2994 et
1626 2941 1677 2994 in
1715 2941 1816 2996 hoc
1852 2943 2058 3012 psalmo
2092 2961 2105 2996 :

525 3027 795 3083 Benedicat
825 3046 914 3084 nos
944 3029 1114 3096 Deus,
1143 3030 1283 3086 Deus
1309 3042 1512 3097 noster;
1542 3032 1799 3087 benedicat
1825 3050 1916 3088 nos
1945 3034 2104 3089 Deus.

525 3120 595 3174 Et
619 3135 724 3190 quo
750 3122 891 3177 valet
920 3124 1019 3178 ista
1049 3123 1349 3179 benedictio
1376 3125 1399 3178 ?
1442 3125 1509 3178 Et
1539 3135 1758 3180 metuant
1785 3143 1897 3181 eum
1935 3145 2106 3184 omnes

523 3209 650 3276 fines
677 3219 839 3265 terrae.
873 3212 1032 3283 Ergo,
1067 3213 1257 3268 fratres
1286 3215 1411 3280 mei,
1455 3216 1532 3270 sic
1558 3215 1892 3272 abundanter
1919 3219 1971 3273 in
2003 3235 2102 3273 no-

521 3300 666 3356 mine
699 3300 895 3358 Christi
941 3305 1216 3360 benedixit
1256 3322 1354 3362 nos
1399 3309 1568 3373 Deus,
1614 3319 1673 3364 ut
1708 3310 1827 3366 filiis
1857 3312 1970 3370 suis
1999 3311 2102 3367 im-

521 3390 664 3460 pleat
702 3394 1002 3450 universam
1043 3397 1230 3452 faciem
1276 3408 1464 3466 terrae,
1496 3400 1759 3472 adoptatis
1789 3403 1841 3458 in
1877 3419 2100 3476 regnum

518 3496 674 3538 suum
703 3483 1072 3543 eohaeredibus
1101 3487 1367 3559 Unigeniti
1409 3491 1512 3545 sui.
1546 3491 1768 3548 Unicum
1799 3496 2019 3566 genuit,
2049 3505 2104 3552 et

518 3589 682 3629 unum
709 3590 829 3631 esse
870 3577 1038 3632 noluit
1071 3596 1084 3632 :
1118 3579 1328 3634 unicum
1355 3582 1557 3650 genuit,
1588 3583 1824 3654 inquam,
1853 3595 1907 3641 et
1937 3603 2098 3641 unum

517 3679 637 3718 eum
664 3666 836 3720 noluit
859 3682 1158 3724 remanere.
1211 3668 1358 3725 Fecit
1393 3671 1441 3725 ei
1478 3671 1700 3739 fratres;
1742 3676 1843 3730 etsi
1885 3693 1989 3732 non
2016 3679 2098 3748 gi-

515 3754 727 3822 gnendo
751 3795 765 3821 ,
797 3765 971 3810 tamen
998 3757 1300 3826 adoptando
1343 3759 1468 3814 fecit
1495 3761 1542 3815 ei
1584 3762 1913 3835 cohaeredes.
1951 3766 2100 3821 Fecit

517 3859 639 3898 eum
671 3845 981 3916 participem
1011 3848 1158 3916 prius
1187 3852 1524 3904 mortalitatis
1564 3861 1760 3908 nostra:
1780 3897 1795 3922 ,
1824 3864 1882 3910 ut
1907 3857 2095 3913 crede-

516 3947 698 3988 remus
726 3948 823 3988 nos
852 3949 971 3990 esse
999 3952 1154 4006 posse
1181 3939 1464 4010 participes
1491 3943 1782 4000 divinitatis
1817 3946 1953 4016 ejus.

588 4024 677 4079 l0.
709 4025 1058 4083 Attendamus
1104 4030 1330 4099 pretium
1378 4042 1640 4088 nostrum.
1677 4036 1932 4094 Praedicta
1975 4051 2096 4096 sunt

516 4116 689 4170 omnia
716 4158 730 4184 ,
759 4116 1077 4174 exhibentur
1105 4122 1279 4176 omnia
1301 4163 1316 4188 ,
1346 4123 1385 4178 it
1411 4123 1752 4196 Evangelium
1794 4145 1889 4198 per
1912 4131 2092 4186 orbem

516 4218 772 4264 terrarum
807 4229 821 4263 ε
853 4212 1026 4266 omnis
1063 4212 1214 4268 labor
1249 4214 1465 4270 humani
1508 4219 1717 4288 generis
1745 4220 1796 4274 in
1829 4220 1930 4277 hoc
1958 4231 2094 4277 tem-

517 4314 643 4367 pore
667 4301 1024 4356 testimonium
1047 4303 1193 4367 dicit,
1220 4305 1504 4375 implentur
1530 4311 1705 4366 omnia
1733 4328 1851 4383 quae
1878 4314 1929 4369 in
1953 4314 2092 4371 Scri-

511 4393 678 4461 pluris
707 4391 955 4462 prmdieta
981 4403 1121 4449 sunt.
1149 4394 1297 4452 Sicut
1323 4414 1491 4468 usque
1517 4400 1583 4455 ad
1611 4401 1924 4459 hodiernum
1951 4406 2090 4461 diem

511 4485 688 4538 omnia
730 4496 1064 4550 evenerunt,
1095 4487 1175 4542 sic
1213 4499 1267 4544 et
1294 4506 1412 4560 qua:
1440 4502 1641 4547 restant
1666 4506 1917 4550 eventura
1948 4507 2088 4552 sunt.

510 4573 814 4630 Timeamus
850 4575 1032 4645 judicii
1072 4577 1248 4644 diem;
1289 4591 1540 4636 venturus
1581 4593 1665 4640 est
1695 4584 1967 4641 Dominus.
1990 4588 2088 4655 Qui

509 4665 654 4718 venit
679 4665 895 4721 humilis
914 4708 931 4733 ,
957 4669 1137 4724 veniet
1166 4670 1436 4738 excelsus;
1465 4673 1553 4742 qui
1585 4674 1727 4728 venit
1747 4674 2087 4747 judicandus,

508 4754 1056 4823 venietjudieaturus.
1091 4759 1454 4829 Agnoscamus
1486 4763 1758 4832 humilem,
1791 4775 1972 4821 utnon
1998 4785 2089 4823 ex-

510 4858 855 4913 paveseamus
896 4851 1202 4915 excelsum;
1247 4851 1635 4920 amplectamur
1688 4853 1978 4924 humilem,
2035 4870 2089 4914 ut

510 4933 880 4991 desideremus
907 4940 1196 4994 excelsum.
1229 4941 1658 4998 Desiderantibus
1684 4945 1826 5000 enim
1850 4961 1928 5010 se,
1962 4963 2085 5018 pro-

512 5025 674 5096 pitius
701 5027 896 5099 veniet.
927 5029 1001 5082 llli
1039 5045 1158 5084 eum
1187 5030 1494 5086 desiderant
1521 5034 1609 5103 qui
1636 5035 1903 5090 tenuerint
1928 5037 2085 5093 fidem

505 5117 642 5186 ejus,
674 5127 728 5174 et
758 5119 976 5175 fecerint
1018 5121 1263 5176 mandata
1309 5122 1441 5194 ejus.
1484 5122 1616 5178 Nam
1660 5127 1760 5180 etsi
1802 5127 2081 5195 nolumus,

505 5209 703 5265 veniet.
734 5211 968 5268 Velimus
992 5228 1121 5283 ergo
1146 5214 1340 5280 veniat,
1370 5215 1459 5286 qui
1484 5217 1662 5272 veniet
1687 5219 1786 5274 etsi
1817 5221 2080 5277 nolumus.

503 5299 782 5367 Quomodo
823 5303 1050 5360 velimus
1091 5315 1148 5360 ut
1199 5307 1411 5362 veniat?
1452 5308 1598 5366 Bene
1640 5311 1900 5381 vivendo,
1949 5313 2084 5369 bene

505 5391 734 5462 agendo.
765 5393 1035 5449 Prazterita
1067 5413 1173 5451 non
1206 5411 1303 5454 nos
1333 5398 1635 5468 delectent,
1667 5406 1946 5472 praesentia
1975 5419 2080 5458 non

505 5497 605 5539 nos
632 5491 874 5549 teneant;
903 5501 969 5541 ne
993 5486 1300 5542 elaudamus
1329 5503 1511 5543 aurem
1536 5501 1783 5562 tanquam
1805 5493 1870 5549 de
1890 5495 2078 5556 cauda.

501 5587 568 5628 ne
595 5589 897 5643 premamus
937 5591 1120 5632 aurem
1171 5578 1221 5631 in
1269 5586 1408 5632 terra
1440 5579 1551 5650 (a);
1583 5597 1648 5636 ne
1675 5584 1953 5652 praeteritis
1996 5602 2075 5640 re.

505 5663 776 5718 tardcmur
797 5663 866 5719 ab
892 5665 1153 5721 audiendo
1173 5708 1189 5732 ,
1222 5683 1289 5722 ne
1315 5668 1661 5736 praesentibus
1692 5671 2021 5741 implicemur
2047 5692 2074 5729 a

568 5791 644 5854 (α)
673 5792 769 5840 \‘id.
795 5799 931 5843 Enar.
960 5796 1006 5842 in
1029 5793 1151 5843 l'sal.
1179 5810 1284 5856 Lvu,
1306 5809 1352 5843 n.
1380 5797 1425 5844 7.

3713 388 3814 446 ω

2238 483 2410 539 futura
2454 485 2760 542 meditando
2783 486 2834 554 ';
2863 488 3212 547 extendamus
3243 507 3340 548 nos
3367 494 3417 548 in
3447 511 3510 551 ea
3535 512 3656 569 qum
3692 513 3812 558 ante

2234 584 2376 643 sunt,
2400 576 3056 651 obliviscamurprmterita
3080 581 3336 655 (Philipp.
3353 601 3431 653 Ill,
3457 589 3569 658 15).
3587 592 3653 646 Et
3673 595 3810 663 quod

2234 666 2394 722 modo
2423 667 2723 724 laboramus
2746 711 2762 736 ,
2792 670 2934 741 quod
2971 673 3129 727 modo
3156 676 3417 743 gemimus
3439 719 3454 742 ,
3483 681 3625 750 quod
3655 682 3811 737 modo

2235 757 2585 827 suspiramus,
2612 761 2753 829 quod
2775 761 2934 817 modo
2959 762 3245 833 loquimur,
3273 767 3414 836 quod
3439 783 3504 823 ex
3533 773 3810 840 quantula-

2233 862 2458 918 cumque
2497 858 2646 918 parte
2687 853 2981 922 sentimus,
3024 863 3080 911 et
3107 870 3300 927 capere
3340 873 3448 914 non
3491 875 3808 930 possumus,

2233 938 2523 1007 capiemus,
2552 942 2886 1010 perfruemur
2911 944 2963 998 in
2988 949 3378 1004 resurrectione
3395 950 3683 1020 jnstorum.
3708 954 3809 1008 Re-

2233 1028 2516 1085 novabitur
2533 1030 2784 1100 juventus
2804 1043 2986 1089 nostra
3013 1037 3150 1092 sicut
3175 1038 3364 1108 aquila:
3393 1041 3562 1111 (Psal.
3588 1058 3682 1108 cu,
3714 1042 3806 1116 5);

2233 1122 2600 1176 tantummodo
2622 1138 2719 1178 nos
2741 1133 3059 1180 vetustatem
3085 1136 3319 1183 nostram
3342 1130 3410 1185 ad
3430 1139 3636 1200 petram
3659 1132 3808 1188 Chri-

2231 1218 2368 1264 stum
2406 1219 2746 1268 eonteramus
2785 1214 2804 1286 (
2829 1213 2972 1269 Psal.
3003 1231 3217 1286 cxxxvt,
3248 1219 3314 1286 9,
3344 1230 3390 1274 et
3418 1219 3577 1276 lCor.
3617 1238 3682 1288 x,
3711 1225 3744 1278 4
3768 1224 3804 1292 ).

2229 1299 2353 1357 Sive
2381 1303 2468 1357 illa
2492 1319 2616 1359 vera
2645 1305 2772 1372 sint,
2799 1305 3009 1374 fratres,
3040 1324 3158 1379 quae
3185 1309 3432 1366 dicuntur
3451 1313 3517 1368 de
3537 1326 3802 1385 serpente,

2227 1391 2312 1446 vel
2333 1407 2452 1462 quae
2479 1392 2728 1450 dicuntur
2749 1395 2817 1451 de
2839 1398 3036 1466 aquila,
3061 1399 3174 1454 sive
3193 1399 3262 1454 sit
3287 1401 3421 1457 fama
3441 1402 3616 1471 potius
3641 1404 3803 1459 homi.

2229 1496 2356 1536 num
2385 1496 2543 1552 quam
2566 1484 2793 1550 veritas;
2815 1487 3013 1542 veritas
3037 1497 3120 1544 est
3138 1497 3314 1549 tamen
3342 1491 3394 1546 in
3421 1490 3730 1562 Scripturis,
3755 1504 3803 1548 et

2226 1585 2332 1626 non
2362 1572 2478 1628 sine
2497 1588 2655 1630 causa
2680 1575 2782 1630 hoc
2803 1575 3056 1633 dixerunt
3079 1577 3368 1651 Scriptura:
3394 1600 3408 1640 :
3433 1598 3532 1638 nos
3553 1583 3800 1654 quidquid

2225 1659 2358 1715 illud
2386 1661 2647 1732 significat
2671 1663 2944 1731 faciamus,
2971 1676 3024 1724 et
3047 1683 3206 1738 quam
3232 1669 3301 1724 sit
3326 1671 3456 1726 illud
3484 1687 3671 1727 verum
3698 1689 3798 1728 non

2223 1748 2549 1806 laboremus.
2585 1752 2665 1807 Tu
2707 1762 2825 1810 esto
2870 1755 3024 1822 talis,
3071 1765 3131 1812 ut
3167 1759 3420 1828 juventus
3445 1771 3530 1820 tua
3558 1765 3800 1818 renOvari

2224 1840 2396 1908 possit
2419 1840 2555 1897 sicut
2582 1844 2794 1913 aquilae.
2819 1844 2888 1900 Et
2909 1847 3045 1902 scias
3075 1862 3193 1903 eam
3221 1864 3324 1904 non
3353 1866 3509 1921 posse
3529 1856 3798 1919 renovari,

2224 1930 2326 1986 nisi
2355 1941 2596 1990 vetustas
2637 1944 2722 1990 tua
2750 1935 2804 1990 in
2829 1945 2979 2006 petra
3005 1940 3232 1995 contrita
3258 1937 3454 1997 fuerit:
3479 1943 3528 1998 id
3556 1953 3672 2012 est,
3702 1944 3798 2000 nisi

2222 2023 2424 2078 auxilio
2445 2033 2611 2093 petrae
2629 2066 2643 2090 ,
2675 2027 2774 2081 nisi
2800 2028 3004 2084 auxilio
3031 2028 3260 2097 Christi,
3289 2047 3393 2086 non
3421 2035 3620 2104 poteris
3642 2050 3787 2090 reno-

2222 2113 2356 2168 vari.
2385 2113 2466 2168 Tu
2494 2115 2605 2170 noli
2647 2116 2927 2175 dulcedine
2970 2122 3249 2189 prmteritze
3276 2124 3396 2179 vitat
3420 2125 3787 2183 obsurdescert

2219 2201 2475 2259 adversus
2500 2205 2721 2261 verbum
2753 2208 2846 2263 Dei
2872 2226 2886 2262 :
2914 2210 3024 2264 noli
3055 2214 3404 2281 praesentibus
3425 2217 3588 2273 rebus
3615 2220 3694 2276 sic
3723 2231 3786 2277 te-

2220 2293 2339 2348 neri
2365 2301 2420 2348 et
2444 2294 2708 2365 impediri,
2731 2305 2787 2352 ut
2809 2297 2974 2364 dicas,
2992 2300 3107 2355 Non
3131 2303 3262 2358 mibi
3288 2314 3438 2360 vacat
3463 2306 3658 2378 legere,
3688 2327 3792 2367 non

2220 2383 2350 2438 mihi
2380 2395 2535 2441 vacat
2562 2388 2768 2446 audire.
2797 2389 2910 2445 lloe
2937 2406 3123 2448 aurem
3163 2409 3408 2464 premere
3447 2398 3500 2452 in
3528 2409 3662 2456 terra
3688 2413 3793 2458 est.

2219 2470 2296 2527 Tu
2321 2488 2450 2544 ergo
2476 2477 2597 2532 talis
2627 2479 2733 2533 noli
2758 2494 2916 2537 esse:
2941 2481 3037 2537 sed
3062 2491 3178 2538 esto
3204 2485 3323 2541 talis
3345 2488 3483 2558 quod
3507 2501 3690 2547 contra
3709 2494 3793 2549 in-

2216 2568 2386 2635 venis,
2419 2569 2474 2625 id
2501 2581 2602 2636 est,
2627 2581 2685 2627 ut
2707 2575 2976 2643 praeterita
3003 2577 3351 2646 obliviscaris,
3379 2581 3431 2636 in
3454 2586 3718 2641 anteriora
3742 2596 3797 2643 te

2216 2661 2503 2728 extendas;
2548 2673 2607 2720 ut
2633 2675 2950 2722 vetustatem
2986 2677 3134 2747 tuam.
3168 2670 3222 2724 in
3264 2680 3411 2740 petra
3438 2683 3702 2733 conteras.
3730 2679 3797 2733 Et

2213 2752 2260 2806 si
2289 2768 2406 2822 qua:
2435 2754 2531 2810 tibi
2556 2755 2927 2813 similitudines
2951 2757 3089 2816 data:
3118 2758 3356 2829 fuerint;
3384 2765 3428 2818 si
3458 2765 3725 2824 inveneris
3744 2769 3797 2823 in

2213 2843 2521 2915 Scripturis,
2549 2847 2708 2903 crede
2733 2867 2745 2902 :
2769 2849 2814 2903 si
2841 2864 2945 2904 non
2968 2850 3232 2908 inveneris
3253 2853 3358 2909 dici
3387 2856 3487 2910 nisi
3509 2857 3672 2926 fama,
3698 2876 3796 2915 nec

2211 2933 2369 2990 valde
2393 2935 2601 2992 credas.
2629 2937 2737 2992 Res
2759 2938 2870 3008 ipsa
2905 2939 3039 2996 forte
3072 2942 3144 2995 ita
3175 2951 3277 3008 est,
3310 2943 3446 3001 forte
3469 2960 3677 3004 nonest
3704 2951 3793 3006 ita.

2212 3023 2288 3080 'l‘u
2320 3027 2546 3096 profice;
2573 3029 2664 3084 tibi
2691 3031 2866 3086 valeat
2883 3030 2948 3085 ad
2972 3031 3196 3088 salutem
3222 3035 3319 3090 ista
3342 3038 3654 3095 similitudo.
3674 3041 3794 3096 Non

2209 3118 2290 3172 vis
2315 3133 2414 3189 per
2439 3121 2595 3175 istam
2615 3122 3061 3180 similitudinem?
3086 3127 3189 3183 Per
3213 3128 3372 3184 aliam
3402 3129 3484 3185 fac
3505 3172 3520 3195 ,
3548 3131 3674 3187 dum
3710 3142 3793 3188 ta-

2208 3225 2330 3266 men
2360 3211 2553 3278 facias;
2577 3223 2630 3268 et
2657 3229 2880 3271 securus
2903 3227 3154 3288 exSpecta
3177 3236 3400 3291 regnum
3421 3222 3535 3289 Dei,
3558 3239 3628 3280 ne
3653 3226 3794 3280 rixe-

2210 3311 2296 3356 tur
2323 3312 2498 3357 tecum
2541 3305 2714 3360 oratio
2747 3317 2853 3362 tua.
2881 3307 2960 3362 Tu
2986 3309 3128 3364 enim
3153 3353 3168 3378 ,
3215 3311 3534 3380 Christiane,
3578 3318 3795 3386 quando

2207 3391 2358 3460 dicis,
2395 3393 2570 3449 Veniat
2590 3413 2798 3467 regnum
2821 3407 2981 3465 tuum,
3010 3401 3278 3470 quomodo
3306 3404 3460 3470 dicis,
3500 3403 3681 3460 Veniat
3707 3424 3789 3460 re—

2205 3499 2360 3554 gnum
2383 3493 2523 3538 tuuin
2548 3485 2757 3556 (Matth.
2788 3504 2862 3554 vr,
2897 3489 3030 3562 l0)?
3055 3491 3260 3548 Excute
3282 3508 3379 3550 cor
3409 3503 3554 3550 tuum
3587 3515 3601 3551 :
3634 3497 3790 3566 vide;

2205 3589 2363 3642 ecce,
2400 3574 2580 3630 Veniat
2606 3594 2816 3648 regnum
2856 3589 3018 3635 tuum.
3049 3582 3253 3638 Clamat
3293 3585 3417 3650 tibi,
3447 3583 3622 3643 Venio
3647 3607 3660 3642 :
3685 3606 3792 3644 non

2205 3665 2396 3720 times?
2422 3666 2576 3737 Saepe
2603 3668 2841 3725 diximus
2868 3670 3127 3728 Charitati
3153 3673 3354 3730 Vestra:
3380 3693 3393 3730 :
3417 3685 3471 3731 et
3496 3679 3794 3747 praedicare

2202 3756 2480 3812 veritatem
2507 3758 2639 3813 nihil
2665 3770 2780 3826 est,
2814 3761 2862 3816 si
2895 3776 2987 3817 cor
3016 3777 3044 3816 a
3073 3763 3248 3834 lingua
3278 3764 3595 3834 dissentiat;
3620 3778 3675 3834 ei
3700 3786 3796 3823 au-

2202 3845 2318 3904 dire
2341 3847 2622 3904 veritatem
2658 3850 2793 3905 nihil
2833 3860 2947 3918 est,
2979 3853 3024 3908 si
3069 3869 3174 3909 non
3222 3857 3545 3914 auditionem
3587 3859 3794 3916 fruetus

2201 3944 2475 4006 sequatur.
2503 3938 2579 3993 De
2613 3939 2716 3993 isto
2741 3940 2858 3996 loco
2886 3941 3036 4011 quasi
3079 3943 3390 4001 sublimiore
3430 3947 3701 4016 loquimur
3725 3951 3794 4006 ad

2199 4039 2296 4081 vos
2325 4044 2338 4082 :
2366 4041 2524 4097 quam
2553 4029 2721 4085 simus
2745 4041 2922 4086 autem
2955 4034 3146 4090 timore
3183 4037 3282 4092 sub
3325 4037 3547 4107 pedibus
3592 4044 3796 4112 vestris

2200 4115 2341 4172 Deus
2369 4118 2613 4184 noverit,
2643 4121 2732 4190 qui
2775 4123 3031 4192 propitius
3058 4124 3120 4180 fit
3145 4125 3463 4197 humilibus;
3508 4132 3634 4202 quia
3679 4149 3794 4188 non

2199 4219 2298 4264 nos
2345 4215 2448 4261 tam
2487 4207 2754 4265 delectant
2780 4226 2940 4268 voces
2971 4214 3332 4285 laudantium,
3371 4235 3527 4291 quam
3572 4223 3798 4280 devotio

2197 4295 2562 4358 confitentium
2591 4309 2647 4354 et
2673 4299 2814 4357 facta
2839 4290 3129 4360 rectorum.
3154 4307 3222 4362 Et
3239 4290 3402 4380 quam
3421 4328 3524 4367 non
3547 4313 3797 4372 delecte-

2196 4402 2319 4442 mur
2347 4389 2450 4444 nisi
2479 4390 2807 4459 profectibus
2837 4397 3061 4465 vestris,
3105 4400 3158 4454 in
3196 4401 3310 4455 istis
3330 4413 3507 4460 autem
3535 4407 3797 4464 laudibus

2195 4495 2351 4549 quam
2384 4483 2764 4552 periclitemur,
2794 4486 2882 4543 ille
2907 4491 3120 4546 noverit
3158 4493 3248 4562 qui
3276 4508 3373 4550 nos
3417 4496 3483 4550 ab
3504 4551 3506 4553 ,
3527 4500 3792 4564 omnibus

2195 4571 2443 4639 periculis
2468 4574 2679 4643 liberet,
2709 4587 2764 4634 et
2787 4595 2886 4634 nos
2915 4581 3189 4639 vobiscum
3215 4585 3283 4640 ab
3307 4589 3450 4643 omni
3485 4594 3800 4650 tentatione

2194 4661 2427 4719 salvatos
2475 4665 2528 4720 in
2575 4681 2738 4737 regno
2779 4685 2877 4726 suo
2917 4686 3242 4742 cognoscere
3285 4685 3342 4740 et
3385 4694 3655 4739 coronare
3701 4685 3793 4738 di-

2191 4761 2404 4822 gnetur.

2193 4884 2420 4897 ———-—

2431 4887 3781 4924 .___.________________________

2600 4963 2680 5024 IN
2715 4966 3094 5032 PSALMUM
3135 4974 3364 5037 LXVII

2720 5089 3114 5148 ENARRATIO
3154 5093 3253 5167 (ιι).

2263 5193 2314 5248 l.
2347 5191 2494 5266 [uers.
2528 5194 2604 5269 1.]
2636 5197 2826 5253 Psalmi
2868 5201 3025 5270 hujus
3058 5205 3239 5260 titulus
3282 5223 3384 5263 non
3424 5210 3643 5269 videtur
3671 5231 3806 5272 esse

2189 5301 2430 5356 operosa:
2454 5287 2866 5358 disputationis:
2900 5295 3131 5366 simplex
3159 5299 3303 5353 enim
3334 5315 3560 5372 apparet
3604 5319 3671 5362 et
3718 5311 3806 5364 fa-

2187 5377 2322 5448 cilis.
2347 5377 2480 5434 Nam
2506 5379 2574 5433 ita
2606 5395 2665 5436 se
2694 5380 2853 5437 habet
2881 5401 2893 5436 :
2925 5383 2990 5438 In
3016 5387 3188 5456 linem,
3217 5391 3316 5460 ipsi
3343 5391 3510 5447 Dauid
3533 5395 3808 5456 Psalmus

2186 5469 2386 5520 cantici.
2430 5468 2487 5524 In
2537 5471 2717 5526 multis
2761 5482 2935 5529 autem
2976 5476 3086 5546 jam
3132 5481 3350 5549 psalmis
3395 5484 3808 5549 admonuimus

2250 5625 2261 5639 ‘
2290 5631 2365 5704 ire
2392 5631 2495 5704 atris.
2526 5630 2578 5672 At
2598 5625 2734 5704 ald?
2774 5629 3080 5704 retur-demur
3103 5632 3383 5704 obediendo,
3421 5651 3482 5689 ne
3519 5647 3808 5704 prementi-

2183 5691 2270 5754 bus
2290 5685 2583 5754 implicemur
2609 5700 2626 5746 ;
2647 5689 2734 5737 sed
2758 5690 2988 5754 att/iitum
3009 5694 3302 5754 meditando,
3323 5685 3418 5749 etc.

2186 5817 2217 5850 Π
2246 5742 2318 5852 (ἵ)
2358 5742 2536 5795 Dictata
2574 5742 2700 5797 anno
2732 5742 2964 5815 (ibr'uilb',
3002 5767 3061 5803 ex
3082 5742 3418 5822 ιῖρἱὶῶἶίδῇξ
3442 5762 3500 5810 ad
3526 5768 3812 5834 Rodium,
