4038 6460
249 361 352 418 815

247 474 370 546 quid
399 473 491 540 sit,
519 471 585 527 In
612 473 764 542 finem
787 489 804 526 :
829 473 1075 543 quoniam
1117 474 1234 544 ﬁnis
1260 474 1408 544 Legis
1447 475 1710 541 Christus.
1753 478 1819 531 ad

243 567 487 640 justitiam
514 568 650 621 omni
667 567 894 630 credenti.
911 567 1084 652 (Rom.
1110 583 1162 630 χ,
1196 567 1280 634 4);
1306 568 1427 622 ﬁnis
1449 569 1536 638 qui
1560 570 1819 637 perliciat,

243 675 348 726 non
377 660 468 731 qui
496 668 774 714 consumat
820 668 911 714 aut
949 660 1151 728 perdat.
1184 659 1560 716 Verumtamen
1600 663 1642 716 si
1673 665 1820 732 quis-

241 765 400 821 quam
432 750 952 832 conetur'inquirere
975 751 1097 822 quid
1126 751 1224 804 sibi
1252 751 1401 816 velit,
1436 750 1673 824 Psalmus
1694 770 1821 808 can-

240 843 326 904 tici
341 859 362 907 ;
383 858 479 898 cur
505 858 611 896 non
633 852 722 898 aut
751 841 990 896 Psalmus
1010 884 1024 908 ,
1054 851 1146 897 aut
1169 843 1431 896 Canticum
1450 885 1464 908 ,
1495 842 1587 898 sed
1616 853 1821 900 utrum-

241 915 384 1002 que;
416 935 499 990 vel
523 935 648 1004 quid
681 934 889 988 intersit
911 935 1050 991 inter
1070 935 1337 990 Psalmum
1366 934 1579 1001 cantici,
1607 945 1660 990 et
1685 934 1822 992 Can-

236 1027 404 1081 ticum
452 1025 678 1096 psalmi,
710 1025 832 1094 quia
879 1033 930 1080 et
976 1027 1055 1082 sic
1095 1027 1444 1096 quorumdam
1497 1027 1820 1097 psalmorum

236 1117 377 1178 tituli
423 1117 817 1182 inscribuntur;
862 1115 1102 1177 inveniet
1145 1115 1368 1171 fortasse
1409 1117 1644 1186 aliquid,
1676 1117 1816 1188 quod

234 1195 656 1274 acutioribusct
692 1207 1032 1274 Otiosioribns
1056 1221 1153 1262 nos
1189 1207 1566 1278 relinquimus.
1605 1208 1817 1262 Discre-

233 1305 429 1351 verunt
473 1296 688 1370 quidam
720 1298 947 1367 (alente
977 1312 1090 1366 nos
1121 1297 1256 1361 inter
1275 1297 1574 1363 Canticum,
1597 1305 1650 1352 et
1670 1297 1819 1352 Psalo

236 1369 508 1452 tnun1;,ut
534 1387 784 1459 quoniam
811 1385 1084 1450 Canticum
1125 1402 1220 1441 ore
1263 1388 1544 1456 profertur,
1577 1386 1818 1442 Psalmus

236 1473 417 1546 autem
448 1461 641 1536 visibili
671 1478 1126 1560 erganoadbibito
1146 1477 1239 1548 ,.id
1260 1487 1362 1544 est,
1396 1477 1645 1547 psalterio
1669 1478 1815 1536 cautis
1847 1522 1851 1526 .

238 1577 343 1642 tur,
373 1567 613 1630 videatur
639 1567 860 1627 Cantico
885 1567 1176 1637 significari
1213 1567 1558 1637 intelligentia
1587 1568 1828 1634 mentis,

237 1641 452 1716 PSalmo
480 1674 608 1713 vero
637 1673 802 1726 opera
826 1659 1088 1728 corporis.
1118 1659 1264 1714 Sicut
1301 1659 1351 1712 in
1379 1657 1481 1712 hoc
1510 1658 1624 1728 ipso
1660 1672 1814 1713 sexa-

234 1750 442 1818 gesimo
462 1750 719 1820 septimo,
743 1765 900 1820 quem
927 1765 1065 1806 utmc
1086 1749 1417 1805 tractandum
1448 1749 1815 1820 suscepimus,

236 1840 364 1895 illud
394 1841 538 1912 quod
566 1841 768 1896 dictum
807 1850 919 1906 est,
951 1842 1162 1898 Cantate
1197 1843 1306 1897 Deo
1327 1883 1343 1910 ,
1391 1843 1594 1916 psallite
1630 1846 1819 1898 nomini

235 1932 344 2000 ejus
364 1947 383 1984 :
403 1932 474 1984 ita
502 1931 713 2000 quidam
733 1933 1120 1998 discreverunt,
1141 1941 1215 2001 ut,
1241 1933 1451 1989 Cantate
1473 1935 1594 1999 Deo,
1619 1935 1817 2009 dictum

235 2020 500 2087 videatur,
533 2023 655 2092 quia
683 2037 743 2077 ea
770 2039 889 2092 qua:
920 2025 969 2076 in
998 2025 1171 2092 scipsa
1212 2040 1363 2080 mens
1387 2027 1520 2096 agit,
1553 2028 1664 2082 Deo
1695 2037 1818 2082 nota

235 2123 380 2180 sunt,
412 2115 480 2169 ab
521 2115 824 2170 hominibus
863 2131 968 2171 non
999 2118 1277 2182 videntur;
1307 2133 1465 2187 Opera
1509 2135 1636 2174 vero
1679 2121 1818 2176 bona

236 2205 488 2274 quoniam
520 2205 638 2260 ideo
665 2206 890 2261 videnda
918 2216 1042 2262 sunt
1070 2208 1138 2262 ab
1167 2207 1502 2276 hominibus,
1535 2220 1592 2263 ut
1615 2210 1816 2280 glorifi-

235 2304 358 2352 cent
386 2295 601 2362 Patrem
632 2307 875 2354 nostrum
901 2300 990 2368 qui
1017 2299 1068 2352 in
1091 2300 1241 2354 caelis
1261 2310 1340 2354 est
1364 2299 1576 2371 (Matth.
1603 2317 1665 2365 v,
1702 2302 1814 2372 16),

233 2389 430 2444 merito
453 2387 654 2446 dictum
680 2390 768 2456 sit,
800 2389 1010 2444 Psatlite
1031 2392 1223 2446 nomini
1249 2394 1379 2464 ejus,
1401 2392 1451 2447 id
1473 2403 1556 2448 est
1579 2393 1818 2448 ditl’ama-

234 2482 370 2544 tioni
401 2482 522 2550 ejus
545 2525 558 2548 ,
589 2492 648 2539 ut
674 2482 1006 2538 laudabiliter
1034 2485 1357 2539 nominetur.
1392 2486 1538 2541 lianc
1564 2485 1816 2542 differen-

232 2574 362 2630 tiam
411 2575 639 2639 alicubi,
691 2585 946 2645 quantum
994 2577 1210 2644 recolo,
1243 2577 1403 2638 etiam
1446 2579 1562 2646 ipse
1601 2586 1817 2634 secutus

231 2679 372 2720 sum.
400 2665 617 2720 Memini
645 2676 821 2722 autem
854 2668 1046 2738 legisse
1093 2683 1192 2724 nos
1231 2670 1413 2733 etiam,
1456 2668 1673 2724 Psallite
1707 2670 1816 2726 Deo

235 2752 408 2824 (Psal.
440 2771 580 2822 vat,
607 2756 660 2820 7,
687 2756 740 2826 8)
764 2773 780 2822 ;
803 2758 923 2827 quia
947 2759 1067 2812 talia
1089 2773 1206 2829 qua:
1231 2759 1509 2813 visibiliter
1528 2760 1663 2815 bene
1683 2775 1814 2830 ope-

231 2860 437 2911 ramur,
468 2861 574 2902 non
607 2855 808 2901 tantum
855 2847 1190 2914 hominibus,
1223 2849 1318 2906 sed
1363 2851 1523 2908 etiam
1570 2852 1678 2932 Deo
1706 2853 1816 2922 pla-

229 2946 376 2992 cent.
403 2937 518 2994 Non
548 2947 725 2994 autem
755 2940 936 2994 omnia
971 2956 1090 3010 qure
1119 2942 1228 2996 Deo
1256 2943 1498 3011 placent,
1531 2944 1689 2999 etiam
1723 2946 1818 3000 lio-

230 3029 468 3083 minibus
510 3038 770 3098 possunt,
821 3031 941 3098 quia
987 3031 1168 3086 videre
1217 3048 1320 3088 non
1374 3045 1615 3103 possunt.
1664 3035 1816 3092 Unde

231 3119 430 3174 mirum
479 3128 560 3174 est
604 3120 649 3174 si
695 3121 1142 3190 quemadmodum
1173 3133 1456 3195 utrumque
1506 3126 1719 3196 legitur,
1763 3136 1818 3183 et

231 3207 448 3262 Caritate
474 3207 607 3274 Deo,
637 3218 693 3264 et
724 3209 934 3265 Psallite
965 3211 1115 3277 Deo;
1153 3213 1220 3267 ita
1247 3214 1437 3269 alicubi
1470 3216 1569 3286 legi
1604 3226 1812 3286 potest,

230 3299 446 3355 Cantate
471 3303 662 3355 nomini
687 3303 816 3372 ejus.
845 3302 996 3368 Quod
1023 3303 1066 3357 si
1093 3314 1145 3358 et
1172 3304 1274 3360 hoc
1304 3305 1355 3360 in
1383 3305 1669 3377 Scripturis
1694 3324 1816 3364 san-

231 3393 334 3448 ctis
370 3392 572 3448 dictum
621 3393 906 3458 invenitur,
939 3393 1053 3449 lucc
1079 3395 1373 3452 differentia
1417 3398 1606 3453 frustra
1637 3401 1817 3455 elabo-

229 3493 346 3538 rata
370 3493 475 3538 est.
500 3483 670 3537 Movet
694 3485 854 3538 etiam
882 3500 969 3540 me
991 3487 1130 3556 quod
1151 3489 1382 3558 generali
1411 3492 1627 3546 nomine
1649 3493 1816 3564 magis

229 3573 432 3629 Psalmi
461 3589 621 3644 quam
648 3573 860 3630 Cantica
890 3587 1165 3642 vocantur,
1203 3581 1272 3633 ita
1297 3590 1352 3634 ut
1383 3581 1634 3637 Dominus
1662 3585 1812 3640 dice-

228 3673 312 3720 ret
335 3682 349 3718 :
379 3666 506 3729 Qute
525 3667 712 3735 scripta
737 3676 852 3720 sunt
878 3669 928 3720 in
955 3667 1106 3738 Lege,
1129 3681 1175 3724 ct
1199 3669 1489 3739 PrOphetis,
1519 3685 1566 3727 ct
1590 3673 1815 3732 Psalmis

227 3756 288 3808 de
319 3772 401 3809 nte
431 3753 578 3826 (Luc.
609 3773 753 3822 xxiv,
785 3757 908 3829 44);
938 3769 992 3814 et
1022 3760 1157 3814 liber
1188 3762 1300 3832 ipse
1323 3763 1654 3821 Psalmorum
1680 3767 1814 3824 dici-

227 3855 336 3910 tur,
381 3861 488 3900 non
516 3847 853 3902 Canticorum
889 3869 902 3904 :
935 3851 1081 3905 Sicut
1114 3855 1357 3922 scriptum
1387 3867 1458 3910 est
1479 3897 1493 3922 ,
1525 3859 1720 3928 inquit,
1760 3862 1815 3915 in

225 3935 357 3990 libro
381 3935 705 3994 Psalmorum
738 3939 756 4009 (
783 3940 895 3994 Act.
919 3956 956 4007 ι,
987 3942 1056 3996 9.0
1077 3944 1128 4011 );
1164 3959 1282 3997 enm
1322 3948 1498 4014 potius
1523 3951 1813 4006 secundum

225 4029 386 4091 istam
414 4029 771 4086 differentiam
800 4073 814 4096 ,
847 4034 1066 4090 Cantica
1095 4036 1198 4091 diei
1228 4037 1475 4095 debuisse
1501 4042 1810 4111 videantur;

224 4121 483 4190 quoniam
515 4121 790 4178 Canticum
835 4126 993 4178 etiam
1037 4127 1152 4181 sine
1181 4128 1391 4184 Psalmo
1433 4147 1552 4188 esse
1596 4144 1810 4203 potest,

226 4211 475 4266 Psalmus
507 4228 632 4266 vero
660 4215 775 4268 sine
801 4216 1022 4272 Cantico
1050 4233 1171 4274 esse
1216 4235 1320 4274 non
1364 4231 1556 4290 potest.
1588 4225 1816 4283 Possunt

225 4302 428 4356 ctenim
479 4317 599 4358 esse
645 4305 994 4374 cogitationes
1027 4310 1255 4376 mentis,
1300 4327 1522 4381 quarum
1569 4330 1675 4370 non
1708 4318 1814 4372 sint

225 4408 388 4462 opera
421 4396 716 4462 corporalia
740 4413 752 4448 :
778 4398 978 4452 nullum
1010 4408 1094 4454 est
1115 4413 1294 4456 autem
1315 4419 1447 4473 opus
1473 4405 1688 4474 bonum,
1716 4423 1814 4463 cu-

220 4481 308 4550 jus
343 4498 450 4537 non
478 4484 549 4538 sit
576 4485 628 4539 in
655 4496 835 4542 mente
860 4489 1128 4557 cogitatio.
1161 4492 1239 4546 Ae
1276 4508 1372 4562 per
1395 4494 1496 4550 hoc
1535 4499 1815 4569 utrobique

223 4571 448 4628 Cantica
473 4590 488 4637 ;
523 4590 626 4628 non
654 4577 937 4647 utrobique
958 4579 1153 4634 Psalmi
1184 4598 1197 4634 :
1226 4592 1282 4638 et
1299 4591 1497 4647 tamen.
1525 4589 1662 4644 sicut
1679 4590 1806 4658 dixi,

224 4666 554 4734 generaliter
569 4667 765 4724 Psalmi
789 4671 1143 4738 appellantur,
1166 4689 1272 4729 non
1297 4676 1547 4744 Cantica;
1576 4680 1814 4754 liberque

224 4754 586 4822 Psalmorum,
617 4773 720 4812 non
752 4760 1113 4818 Canticorum.
1152 4765 1219 4819 Et
1253 4767 1297 4821 si
1341 4768 1702 4840 intelligantur
1728 4783 1811 4830 at-

225 4862 332 4916 que
354 4846 708 4912 discutiantur
723 4865 920 4907 sensus
943 4852 1228 4921 dictorum,
1262 4857 1348 4912 ubi
1382 4861 1565 4915 titulus
1591 4874 1672 4919 est
1700 4875 1814 4921 tan-

226 4940 510 4995 tummodo
539 4939 760 5007 Psalmi,
785 4952 844 4999 et
872 4946 960 5000 ubi
988 4951 1354 5006 tantummodo
1379 4951 1578 5008 Cantia'
1595 4998 1609 5023 ,
1639 4967 1696 5014 et
1723 4959 1814 5015 ubi

222 5041 332 5096 non
357 5028 600 5086 Psalmis
617 5032 830 5099 Cantici,
850 5036 987 5093 sicut
1003 5038 1054 5092 in
1075 5039 1196 5106 isto,
1219 5041 1312 5096 sed
1327 5041 1594 5100 Conticuit
1615 5047 1812 5105 Psalmi

221 5120 543 5190 inscriptum
571 5134 687 5191 est;
721 5127 901 5184 nescio
943 5139 1120 5185 utrum
1160 5135 1325 5202 possit
1367 5137 1464 5191 ista
1511 5139 1809 5200 differentia

221 5211 603 5273 demonstrari.
625 5217 856 5275 Proinde
884 5222 1022 5276 sicut
1045 5239 1378 5295 cmperamns
1395 5271 1408 5293 ,
1445 5232 1809 5301 relinquentes

220 5301 321 5367 ista
351 5303 432 5358 eis
458 5305 561 5374 qui.
580 5316 822 5374 possunt,
841 5318 907 5366 et
936 5312 1134 5380 quibus
1153 5325 1308 5370 vacat
1331 5319 1454 5374 talia
1481 5321 1806 5393 discernere,

219 5400 274 5452 et
298 5401 447 5448 certa
474 5395 892 5456 differentiarum
914 5403 1120 5458 ratione
1145 5405 1399 5476 delinire;
1429 5425 1526 5466 nos
1553 5423 1806 5482 quantum

218 5483 506 5548 adiuvante
549 5489 780 5544 Domino
826 5493 1096 5562 valemus,
1155 5498 1312 5568 hujus
1362 5503 1550 5572 palmi
1597 5514 1806 5562 textum

217 5577 626 5635 consideremus
653 5591 814 5651 atque
842 5592 1152 5643 tractemus.

289 5666 348 5720 2.
381 5667 531 5738 [βενε.
561 5670 643 5742 2.]
674 5671 931 5745 Emonrgat
957 5675 1128 5744 Deus,
1161 5689 1205 5732 et
1239 5683 1584 5750 dissipentnr'
1618 5691 1808 5747 inimici

238 5811 240 5813 ,
265 5759 310 5827 ,¹,
327 5757 664 5827 aliquosum...
683 5762 1044 5827 disperguntur.

291 5818 368 5880 (tt)
393 5818 594 5870 Hilarius
612 5818 657 5871 iri
678 5818 877 5888 Prologo
901 5842 1006 5892 sup.
1039 5831 1256 5882 l‘salmos.

1309 356 1706 413 ENARRATIO
1745 359 1809 412 IN
1848 356 2167 412 PSALMUM
2207 356 2410 415 LXVII.

3405 367 3506 422 διι

1927 475 2067 542 eius.
2111 475 2226 530 Jam
2273 475 2467 532 factum
2509 487 2591 532 est
2624 496 2634 530 :
2665 483 2967 537 exsurrexit
3006 481 3246 536 Christus
3295 484 3382 552 qui
3426 496 3508 537 est

1931 581 2092 636 super
2117 569 2289 623 omnia
2323 569 2463 623 Deus
2494 569 2803 626 benedictus
2829 574 2878 625 in
2909 575 3098 627 sarcula
3122 576 3138 644 (
3151 575 3292 627 Rom.
3315 591 3392 641 ιχ,
3427 574 3501 647 5),

1931 666 1986 712 et
2010 658 2236 728 dispersi
2264 668 2387 714 sunt
2414 660 2612 715 inimici
2645 661 2759 731 ejus
2800 678 2892 732 per
2928 680 3111 717 omnes
3151 677 3364 734 gentes,
3408 665 3507 720 Ju-

1930 746 2029 802 dtei
2052 763 2066 812 ;
2092 749 2142 802 in
2169 763 2234 803 eo
2256 749 2371 818 ipso
2396 749 2513 817 loco
2538 751 2623 804 ubi
2654 752 2958 807 inimicitias
2984 768 3332 810 exercuerttnt
3357 798 3370 820 ,
3414 759 3506 811 de-

1931 835 2130 904 bellati,
2158 847 2317 908 atque
2347 839 2468 894 inde
2496 855 2593 910 per
2619 851 2804 896 cuncta
2834 841 3056 912 dispersi
3087 863 3099 896 :
3133 856 3184 899 et
3215 863 3354 901 nunc
3379 848 3504 902 ode-

1929 936 2086 992 runt,
2120 927 2213 982 sed
2243 939 2515 995 metuunt;
2543 939 2595 985 et
2625 932 2674 986 in
2705 933 2818 1002 ipso
2850 943 2992 987 metu
3019 933 3215 989 faciunt
3253 939 3391 1006 quod
3423 955 3505 992 sc-

1928 1017 2126 1085 quitur,
2158 1017 2223 1070 Et
2249 1020 2444 1090 fugiant
2472 1023 2559 1089 qui
2587 1022 2800 1076 oderunt
2824 1041 2956 1089 cum,
2982 1043 3012 1077 a
3038 1026 3167 1096 facie
3196 1029 3322 1097 ejus.
3358 1029 3497 1102 Fuga

1929 1107 2123 1178 quippe
2157 1109 2350 1176 animi,
2381 1121 2462 1165 est
2501 1111 2678 1166 timor.
2708 1112 2838 1167 Nam
2867 1116 3065 1170 carnali
3104 1115 3220 1188 fuga
3245 1161 3257 1184 ,
3290 1135 3395 1188 quo
3427 1120 3504 1175 fu-

1928 1197 2078 1266 giunt
2107 1198 2172 1251 ab
2196 1197 2309 1267 ejus
2340 1199 2470 1256 facie
2497 1202 2584 1272 qui
2613 1203 2807 1274 ubique
2839 1207 3131 1275 praesentia:
3159 1223 3268 1263 sum
3289 1209 3506 1265 demon-

1927 1297 2060 1342 strat
2085 1289 2372 1344 effectum?
2403 1292 2512 1358 Quo
2546 1293 2705 1359 abibo,
2743 1296 2908 1364 inquit
2937 1296 3056 1362 ille,
3089 1314 3120 1350 a
3167 1299 3346 1367 spiritu
3388 1310 3502 1364 tuo,

1926 1388 1972 1432 et
1997 1397 2028 1431 a
2052 1379 2182 1448 facie
2210 1391 2294 1434 tua
2323 1399 2418 1452 quo
2452 1385 2643 1454 fugiam
2671 1385 2689 1456 (
2719 1385 2860 1439 Psal.
2893 1403 3144 1454 cxxxvttt,
3181 1388 3288 1462 7)?
3315 1391 3506 1445 Animo

1925 1485 2053 1541 ergo
2073 1512 2086 1536 ,
2117 1486 2220 1524 non
2249 1487 2471 1542 corpore
2502 1474 2737 1545 fugiunt;
2775 1478 3006 1532 timendo
3034 1480 3269 1548 scilicet,
3298 1497 3402 1535 non
3433 1483 3506 1536 la-

1927 1559 2123 1626 tendo;
2159 1575 2258 1615 nec
2296 1563 2363 1615 ab
2403 1577 2463 1616 ea
2495 1561 2626 1620 facie
2669 1582 2825 1633 quam
2869 1581 2973 1619 non
2999 1567 3199 1635 vident,
3230 1569 3323 1624 sed
3353 1571 3419 1624 ab
3443 1585 3502 1623 ea

1925 1667 2082 1721 quam
2114 1652 2296 1708 videre
2339 1666 2618 1726 coguntur.
2651 1657 2838 1712 Facies
2865 1659 3060 1729 quippe
3089 1660 3203 1730 ejus
3243 1664 3503 1731 appellata

1923 1750 2005 1796 est
2033 1746 2316 1812 przesentia
2348 1745 2462 1814 ejus
2490 1761 2586 1816 per
2616 1748 2908 1802 Ecelesiam
2937 1750 3071 1819 ejus.
3101 1750 3252 1806 Unde
3274 1753 3374 1807 illis
3400 1755 3504 1808 iui¢

1924 1832 2240 1888 micantibus
2268 1833 2402 1888 dixit
2431 1853 2444 1889 :
2473 1837 2668 1890 Amodo
2702 1838 2928 1892 videbitis
2953 1838 3146 1893 Filium
3173 1841 3388 1898 hominis
3418 1861 3502 1898 ve-

1925 1923 2141 1978 nientem
2183 1926 2232 1979 in
2275 1927 2485 1982 nubibus
2512 1929 2529 2000 (
2555 1928 2742 1983 Matth.
2772 1948 2920 1996 xxvi,
2948 1932 3014 1987 64
3038 1932 3076 2003 ).
3103 1933 3249 1989 Sicut
3279 1936 3423 1990 venit
3452 1938 3502 1990 in

1924 2014 2156 2071 Ecclesia
2187 2033 2278 2071 sua
2306 2060 2319 2082 ,
2369 2019 2668 2075 dill'undens
2701 2038 2814 2076 eam
2845 2031 2954 2077 tom
2981 2025 3110 2080 orbe
3140 2036 3418 2094 terrarum,
3453 2027 3502 2082 in

1922 2121 2028 2176 quo
2055 2106 2278 2178 dispersi
2311 2120 2434 2164 sunt
2461 2113 2657 2166 inimici
2682 2113 2818 2183 ejus.
2847 2112 3004 2168 Venit
3035 2126 3210 2171 autem
3237 2119 3285 2172 in
3313 2119 3504 2172 talibus

1923 2197 2171 2264 nubibus,
2210 2198 2275 2254 de
2304 2200 2547 2270 qualibus
2575 2203 2703 2256 dicit
2734 2222 2746 2259 :
2779 2204 3036 2259 Mandabo
3058 2207 3267 2261 nubibus
3297 2211 3417 2261 meis
3445 2225 3506 2263 ue

1924 2288 2103 2357 pluunt
2133 2307 2284 2362 super
2303 2309 2412 2346 eam
2434 2294 2639 2347 imbrem
2666 2293 2817 2366 (Isai.
2848 2312 2901 2364 ν,
2927 2299 3004 2366 6).
3031 2297 3253 2370 Fugiunt
3280 2318 3405 2372 ergo
3421 2305 3506 2372 qui

1922 2379 2131 2434 oderunt
2151 2399 2284 2445 eum,
2309 2399 2339 2435 a
2359 2384 2490 2453 [acie
2516 2387 2625 2455 ejus
2648 2403 2666 2439 :
2690 2387 2909 2443 timeant
2927 2403 2956 2442 a
2982 2394 3263 2460 praesentia
3295 2377 3506 2448 saneto-

1921 2486 2036 2525 rum
2069 2471 2410 2544 fideliumque
2455 2477 2572 2545 ejus
2597 2519 2612 2543 ,
2653 2476 2718 2530 de
2746 2480 2937 2548 quibus
2961 2479 3118 2547 dicit,
3164 2481 3290 2536 Cum
3325 2485 3412 2537 nni
3447 2503 3508 2540 ea:

1921 2563 2141 2621 minimis
2172 2564 2293 2618 meis
2321 2567 2526 2635 fecistis,
2560 2568 2683 2619 mihi
2711 2569 2900 2637 fecistis
2925 2570 3137 2638 (Matth.
3160 2589 3286 2636 xxv,
3320 2575 3432 2645 40).

1991 2651 2045 2704 5.
2075 2649 2220 2723 [vers
2239 2653 2328 2726 3.]
2361 2654 2505 2709 Sicut
2521 2656 2689 2724 deﬁcit
2704 2662 2890 2728 fumus,
2921 2660 3171 2727 deﬁciant.
3196 2663 3506 2722 Extulerutzt

1924 2741 2066 2796 enim
2097 2757 2155 2798 se
2181 2743 2248 2798 ab
2285 2744 2493 2813 ignibus
2517 2745 2756 2800 odiorum
2803 2764 3017 2804 suorum
3051 2752 3101 2805 in
3130 2755 3390 2821 super-bim
3421 2766 3502 2826 ty-

1923 2833 2118 2902 pbum;
2145 2843 2196 2888 et
2228 2845 2488 2904 ponentes
2526 2837 2576 2891 in
2606 2839 2797 2894 cmlum
2833 2855 2893 2894 os
2917 2855 3070 2896 suum
3099 2840 3120 2914 (
3147 2841 3285 2896 Psut.
3318 2859 3462 2898 Lxxu
3484 2879 3500 2910 δ

1920 2925 2028 2996 9),
2056 2935 2213 2996 atque
2248 2928 2538 2984 clamantes
2559 2971 2574 2997 ,
2621 2929 2886 3002 Cruci/ige,
2916 2935 3150 3006 cruciﬁge
3179 2936 3352 3007 (Joan.
3385 2955 3499 3005 xxx,

1919 3015 2032 3088 6),
2066 3027 2222 3087 capto
2248 3019 2544 3088 illuserunt,
2572 3022 2892 3091 pendentem
2937 3024 3214 3082 irriserunt
3244 3043 3256 3078 :
3283 3040 3334 3084 et
3361 3029 3500 3085 unde

1920 3107 2148 3164 victores
2181 3119 2503 3176 tumuerunt,
2537 3128 2660 3168 mox
2689 3115 2812 3169 victi
2835 3128 3182 3173 evanuerunt.
3209 3121 3352 3175 Sicut
3382 3125 3496 3191 ﬂuit

1919 3215 2034 3253 cera
2059 3216 2092 3254 a
2119 3201 2246 3272 facie
2269 3201 2398 3273 ignis
2428 3245 2442 3270 ,
2471 3205 2542 3258 sic
2595 3217 2798 3275 pereant
2839 3218 3120 3275 peccatores
3147 3227 3177 3262 a
3205 3213 3334 3280 {acie
3388 3212 3499 3267 Dei.

1920 3291 2232 3362 Quanquam
2276 3294 2502 3350 fortasse
2540 3312 2633 3352 eos
2679 3299 2777 3354 hoc
2800 3299 2918 3356 loco
2943 3301 3336 3371 significaverit,
3365 3322 3500 3376 quo-

1918 3397 2037 3436 rum
2057 3383 2250 3438 duritia
2291 3386 2342 3440 in
2371 3389 2696 3456 poenitentia:
2732 3391 2995 3464 lacrymas
3030 3397 3288 3452 solvitur:
3324 3407 3498 3455 tamen

1919 3473 2078 3528 etiam
2130 3477 2258 3531 illud
2318 3478 2542 3550 intelligi
2592 3491 2804 3552 potest,
2857 3493 2915 3539 ut
2967 3486 3198 3543 futurum
3243 3490 3498 3558 judicium

1919 3565 2304 3633 comminetur;
2346 3568 2467 3637 quia
2494 3585 2614 3626 cum
2644 3573 2694 3625 in
2728 3573 2827 3627 hoc
2851 3577 3043 3629 sreculo
3063 3578 3197 3633 sicut
3227 3580 3402 3637 fumus
3439 3597 3501 3639 se

1919 3655 2220 3711 extollendo
2245 3699 2259 3722 ,
2288 3659 2340 3712 itl
2370 3669 2473 3726 est,
2502 3664 2856 3732 superbiendo
2896 3667 3206 3738 defecerint,
3239 3675 3413 3730 veniet
3437 3677 3500 3734 il-

1919 3743 1982 3799 lis
2005 3745 2056 3799 in
2088 3745 2191 3801 line
2217 3759 2451 3805 extrema
2481 3752 2767 3820 damnatio,
2804 3766 2859 3810 ut
2885 3759 2951 3812 ab
2980 3760 3095 3828 ejus
3123 3762 3254 3818 facie
3279 3777 3499 3834 pereant

1919 3836 1971 3890 in
1998 3848 2278 3906 mternum,
2306 3857 2426 3896 cum
2469 3844 2522 3898 in
2546 3860 2639 3900 sua
2673 3848 2911 3904 claritate
2941 3848 3100 3906 fuerit
3128 3867 3494 3926 praesentatue,

1918 3928 2062 3983 velut
2110 3930 2266 4000 ignis,
2319 3932 2386 3986 ad
2433 3949 2644 4002 pmziatn
2695 3937 2978 4007 impiorum
3023 3942 3304 4014 lumenque
3323 3947 3499 4016 justo-

1918 4035 2056 4075 rum.

1988 4113 2042 4165 4-.
2075 4111 2222 4184 [vers.
2265 4113 2342 4186 4.]
2391 4115 2624 4184 Denique
2665 4121 2941 4188 sequitur:
2974 4121 3040 4175 Et
3061 4125 3191 4193 justi
3209 4127 3499 4195 jucunden-

1919 4211 2020 4267 tur,
2051 4213 2094 4256 et
2120 4205 2369 4258 etsultent
2397 4207 2448 4258 in
2479 4219 2744 4277 conspectu
2777 4209 2871 4264 Dei
2888 4253 2901 4276 ,
2929 4222 2976 4266 et
2998 4214 3304 4272 delectentur
3326 4221 3380 4274 in
3400 4223 3494 4276 [res

1917 4295 2046 4347 tilia.
2074 4295 2222 4349 Tunc
2248 4296 2617 4353 cnitnaudicnt
2645 4317 2656 4351 :
2692 4299 2878 4362 Venite,
2911 4304 3151 4359 benedicti
3167 4307 3340 4364 Patris
3360 4315 3458 4367 mei
3477 4333 3497 4379 ;

1919 4385 2154 4453 percipite
2183 4401 2388 4454 regnum
2417 4387 2626 4458 (Matth.
2657 4406 2761 4444 xxv
2787 4433 2802 4455 ,
2829 4393 2896 4447 54
2917 4397 2960 4464 ).
2988 4393 3342 4452 Jucttndeutur
3369 4418 3498 4472 ergo

1920 4475 2008 4545 qui
2045 4475 2439 4542 laboraverunt,
2487 4489 2532 4532 et
2573 4483 2820 4537 exsultent
2845 4484 2898 4536 in
2922 4499 3189 4555 conspectu
3217 4488 3331 4544 Dei.
3379 4493 3498 4551 Non

1918 4567 2060 4621 enim
2084 4567 2184 4622 erit
2211 4569 2580 4626 exsultationis
2607 4573 2762 4642 hujus
2787 4617 2803 4642 ,
2832 4584 3080 4647 tanquam
3107 4595 3286 4638 coram
3322 4585 3496 4644 bomis

1918 4656 2094 4722 nibus,
2143 4658 2315 4712 inanis
2359 4661 2464 4715 ulla
2505 4663 2795 4732 jactantia;
2839 4667 2934 4722 sed
2978 4669 3032 4723 in
3070 4685 3356 4742 consuectu
3384 4680 3496 4750 ejus

1917 4747 2006 4816 qui
2039 4747 2155 4803 sine
2182 4763 2366 4804 errore
2392 4750 2612 4820 inspicit
2651 4755 2792 4823 qttod
2832 4755 3066 4812 denavit.
3098 4747 3425 4822 Delectentur
3445 4773 3499 4825 in

1918 4841 2092 4894 laetitia
2115 4859 2133 4894 :
2171 4857 2275 4898 non
2302 4843 2411 4914 jam
2439 4848 2762 4903 exsultantes
2792 4864 2913 4905 cum
2952 4862 3182 4913 tremore
3211 4859 3230 4931 (
3255 4859 3398 4916 Psal.
3437 4880 3495 4930 tt,

1919 4931 1980 4985 Η
2004 4931 2023 5002 )
2045 4973 2061 4998 ,
2089 4933 2230 4988 sicut
2255 4935 2306 4988 in
2345 4934 2446 4991 hoc
2470 4939 2695 5004 saeculo,
2724 4941 2974 5006 quamdiu
3004 4949 3224 5002 tentatio
3260 4961 3345 5005 est
3393 4955 3496 5009 vita

1918 5018 2149 5077 humana
2178 5038 2339 5093 super
2365 5034 2556 5080 terram
2587 5025 2706 5098 (Job
2737 5045 2826 5096 vu,
2861 5031 2942 5103 ι).

1989 5111 2042 5166 5.
2070 5111 2217 5184 [vers.
2242 5115 2295 5178 5,
2315 5114 2392 5187 6.]
2425 5117 2623 5172 Deinde
2643 5133 2701 5174 se
2735 5120 2799 5176 ad
2823 5121 2970 5192 ipsos
2992 5130 3272 5196 convertit,
3303 5133 3494 5200 quibus

1920 5208 2116 5279 tantam
2139 5218 2288 5272 spem
2318 5205 2482 5274 dedit,
2521 5216 2574 5262 et
2599 5207 2683 5263 hic
2710 5211 2952 5270 viventes
2979 5217 3261 5287 alloquitur
3292 5233 3346 5276 et
3370 5222 3494 5280 lter-

1921 5302 2060 5348 tatur
2087 5311 2102 5348 :
2126 5293 2336 5349 Caritate
2363 5296 2502 5363 Deo,
2528 5300 2731 5368 psallite
2766 5307 2956 5359 nomini
2980 5308 3110 5376 ejus.
3149 5307 3264 5362 Jam
3297 5313 3417 5368 hinc
3439 5316 3488 5368 in

1918 5383 2055 5438 tituli
2080 5387 2432 5454 expositione,
2477 5390 2618 5458 quod
2667 5392 2942 5450 videbatur
2969 5398 3237 5465 prmiocuti
3283 5416 3484 5459 sumus.

1917 5475 2105 5530 Cantat
2151 5477 2281 5544 Deo,
2309 5481 2397 5549 qui
2442 5482 2741 5550 vivitDeo;
2768 5487 2944 5555 psollit
2992 5490 3190 5545 nomini
3220 5493 3354 5562 ejus,
3401 5501 3490 5567 qui

1915 5575 2166 5637 operatur
2191 5569 2242 5623 in
2272 5571 2492 5638 gloriam
2523 5575 2657 5642 ejus.
2687 5575 2760 5638 lta
2785 5577 3067 5642 cantando,
3099 5581 3168 5636 ita
3195 5586 3488 5652 psallendo.

1914 5657 1967 5710 id
1996 5667 2096 5722 est,
2125 5659 2204 5713 sic
2224 5660 2470 5730 vivendo,
2494 5666 2572 5718 sic
2593 5665 2877 5734 operando,
2904 5665 3009 5721 lter
3031 5670 3183 5739 facite
3207 5676 3270 5734 ei.
3301 5676 3486 5746 inquit,

1912 5748 2000 5817 qui
2018 5751 2242 5816 ascendit
2260 5769 2411 5823 super
2427 5771 2682 5808 occasum.
2718 5757 2820 5809 lter
2849 5757 3004 5814 facite
3040 5761 3284 5830 Christo;
3314 5776 3369 5821 ut
3396 5786 3490 5837 per

1915 5843 2182 5910 speciosus
2214 5845 2376 5912 pedes
2423 5848 2889 5910 cvangelizautium
2927 5851 2947 5922 (
2967 5850 3093 5906 lsai.
3125 5870 3214 5924 LII,
3247 5859 3302 5933 7)
3329 5901 3341 5924 ,
3367 5876 3487 5930 per»
