4038 6468
509 402 613 460 815

512 516 596 568 vla
649 513 754 568 sint
805 511 853 565 ei
905 506 1062 562 corda
1109 504 1457 561 credentium.
1509 503 1623 574 Ipse
1679 512 1759 558 est
1800 504 1939 558 enim
1995 502 2082 567 qui

517 602 756 660 ascendit
796 615 956 670 super
993 612 1236 653 occasum
1272 614 1285 651 :
1315 596 1424 650 sive
1451 595 1571 665 quia
1597 607 1700 649 non
1738 608 1859 648 eum
1890 596 2087 660 excipit

512 712 646 751 nova
687 694 793 748 vita
842 706 899 747 se
929 691 992 745 ad
1035 705 1154 744 eum
1184 687 1570 752 convertentis,
1601 685 1701 741 nisi
1740 693 1888 738 vetus
1944 682 2086 737 occi-

510 788 648 843 derit
675 785 797 840 huic
842 783 1037 837 smculo
1091 779 1476 841 renuntiantis;
1527 775 1639 831 sive
1680 775 1801 845 quia
1846 771 2086 827 ascendit

511 896 672 951 super
717 891 985 940 occasum,
1036 889 1154 928 cum
1202 868 1527 940 resurgendo
1575 867 1699 922 vicit
1731 865 1970 934 corporis
1997 878 2087 918 ca-

511 987 652 1027 sum.
685 967 930 1022 Dominus
971 963 1102 1018 enim
1126 978 1303 1016 nomen
1334 969 1403 1013 est
1433 959 1496 1011 ei.
1538 957 1688 1022 Quod
1717 955 1790 1009 illi
1817 955 1860 1009 si
1891 968 2088 1022 cogno-

511 1061 756 1125 vissent,
806 1069 1072 1126 nunquam
1131 1051 1405 1107 Dominum
1459 1048 1640 1119 gloria:
1703 1043 2088 1101 erncilixissent

549 1151 568 1205 Ι
597 1152 714 1205 Cor.
743 1166 802 1217 tt,
831 1148 925 1217 8).
1683 1151 1685 1154 ⁴

582 1245 638 1299 6.
672 1241 935 1296 Exsultate
960 1238 1012 1292 in
1032 1243 1297 1306 conspectu
1326 1234 1451 1304 ejus.
1474 1231 1518 1287 0
1544 1245 1636 1286 vos
1665 1229 1854 1299 quibus
1885 1227 2082 1283 dictum

513 1344 614 1400 est,
637 1334 844 1389 Cantate
869 1331 994 1396 Deo,
1025 1328 1224 1399 psallite
1249 1325 1437 1381 nomini
1484 1325 1591 1393 ejus
1607 1364 1621 1389 ,
1648 1323 1741 1376 iter
1762 1321 1911 1393 facile
1935 1321 1979 1374 ei
2003 1318 2090 1392 qui

514 1424 733 1480 ascendit
769 1438 918 1492 super
953 1435 1203 1483 occasum,
1254 1417 1412 1472 etiam
1460 1415 1702 1469 exsultate
1745 1413 1798 1465 in
1823 1420 2088 1482 conspectu

514 1519 621 1588 ejus
641 1533 659 1570 :
689 1514 837 1586 quasi
868 1513 1042 1568 tristes
1065 1553 1080 1577 ,
1111 1524 1324 1578 semper
1351 1517 1524 1562 autem
1553 1504 1843 1576 gaudentes
1865 1501 1943 1572 (ll
1969 1500 2084 1556 (lor.

513 1623 588 1673 vt,
624 1606 751 1677 10).-
802 1604 933 1658 Dum
965 1601 1104 1656 enim
1147 1599 1319 1654 facilis
1359 1600 1458 1653 iter
1485 1597 1531 1651 ei
1557 1638 1571 1660 ,
1620 1596 1744 1648 dum
1778 1591 2090 1663 pra-paratis

512 1713 617 1768 qua
644 1695 858 1760 veniat,
905 1701 1193 1762 gentesque
1225 1687 1512 1759 possideat,
1545 1684 1708 1738 multa
1733 1681 1939 1754 passuri
1963 1679 2090 1735 estis

515 1789 568 1841 iu
597 1793 884 1857 conspectu
909 1782 1182 1838 hominum
1209 1778 1425 1835 tristitia
1459 1793 1473 1832 :
1522 1776 1616 1832 sed
1645 1789 1740 1830 vos
1786 1789 1891 1829 non
1919 1771 2089 1826 solum

515 1878 677 1934 nolite
703 1877 952 1940 deiicere,
981 1871 1075 1929 sed
1095 1872 1250 1927 etiam
1269 1870 1561 1933 exsultate;
1589 1882 1694 1921 non
1726 1865 1776 1919 in
1805 1868 2090 1931 conspectu

512 1967 792 2024 hominum
821 1965 915 2020 sed
945 1965 996 2019 in
1018 1971 1306 2032 conspectu
1330 1960 1446 2017 Dei.
1464 1957 1570 2028 Spe
1595 1955 1903 2027 gaudentes,
1919 1953 1970 2007 iu
1995 1952 2092 2007 tri-

518 2060 782 2114 bulatioue
811 2057 1094 2113 tolerantes
1131 2054 1303 2127 (Rom.
1333 2068 1402 2108 xu
1433 2092 1450 2119 ,
1483 2049 1592 2121 12).
1616 2047 1877 2103 Exsultate
1901 2046 1952 2100 in
1975 2061 2094 2099 con-

517 2158 685 2220 spectu
717 2148 845 2218 ejus.
877 2147 954 2202 llli
997 2145 1137 2201 enim
1177 2144 1267 2216 qui
1292 2159 1384 2198 vos
1411 2145 1462 2198 iu
1489 2149 1773 2210 conspectu
1822 2138 2092 2194 hominum

519 2241 731 2296 turbant
753 2280 768 2306 ,
788 2239 1154 2293 ’Turbabuntur
1199 2253 1229 2288 a
1253 2235 1381 2305 facie
1410 2236 1539 2307 ejus,
1568 2233 1725 2304 patris
1757 2232 2095 2302 orphanorum

516 2339 563 2382 et
605 2329 796 2400 judicis
843 2328 1123 2381 viduarum.
1158 2324 1438 2380 Desolatos
1485 2323 1624 2377 enim
1663 2329 1862 2392 putant,
1907 2335 1935 2373 a
1975 2321 2094 2390 qui-

520 2434 618 2474 utts
638 2419 947 2488 plerumque
973 2417 1145 2488 gladio
1168 2415 1314 2470 verbi
1341 2416 1454 2480 Dei,
1479 2422 1534 2470 et
1559 2422 1802 2485 parentes
1821 2428 1852 2468 a
1873 2411 2012 2478 filiis,
2044 2419 2098 2466 ct

520 2509 693 2564 mariti
736 2509 802 2564 ab
840 2507 1092 2562 uxoribus
1139 2513 1450 2576 separantur
1475 2503 1695 2575 (Matth.
1726 2519 1782 2568 x,
1810 2503 1879 2558 34
1903 2545 1916 2569 ,
1945 2501 2049 2571 35)
2077 2518 2092 2556 :

520 2594 614 2650 scd
683 2597 878 2650 habent
937 2593 1354 2650 consolationem
1404 2593 1637 2648 destituti
1699 2603 1854 2661 atque
1901 2591 2095 2646 viduati

518 2687 674 2755 patris
718 2687 1055 2757 orp‘hanorum
1096 2693 1141 2740 et
1175 2684 1368 2755 judicis
1417 2684 1712 2747 viduarum;
1742 2682 1940 2738 habent
1981 2682 2097 2752 ejus

518 2778 930 2833 consolationem
981 2775 1070 2846 qui
1122 2776 1169 2830 ei
1223 2775 1422 2840 dicunt,
1456 2773 1705 2839 Quoniam
1732 2781 1872 2844 pater
1897 2790 2034 2828 meus
2052 2781 2098 2826 et

517 2876 675 2922 mater
694 2884 804 2922 mea
842 2866 1203 2937 dereliquerunt
1237 2882 1316 2918 me
1336 2879 1355 2928 ,'
1378 2863 1619 2917 Dominus
1644 2872 1808 2916 autem
1826 2863 2098 2932 assumpsit

519 2974 597 3012 me
625 2959 642 3029 (
668 2958 809 3012 Psal.
833 2972 964 3011 xxvt
991 2997 1006 3022 ,
1040 2955 1136 3024 l0)
1171 2972 1182 3006 :
1213 2963 1268 3010 et
1294 2954 1382 3024 qui
1405 2963 1746 3023 speraverant
1771 2953 1820 3006 in
1851 2953 2092 3021 Domino,

527 3051 873 3119 persistentes
925 3049 978 3102 in
1028 3047 1354 3102 orationibus
1403 3055 1558 3099 nocte
1604 3059 1667 3098 ac
1711 3043 1797 3098 die
1843 3042 1906 3108 (l
1958 3043 2091 3097 Tim.

521 3155 571 3204 v,
599 3141 632 3193 5
653 3139 706 3209 );
760 3153 790 3192 a
834 3137 986 3206 cujus
1039 3136 1169 3190 facie
1196 3135 1267 3189 illi
1300 3133 1652 3189 turbabuntur
1675 3173 1689 3198 ,
1721 3149 1840 3188 cum
1869 3133 2097 3187 viderint

520 3243 579 3284 se
619 3227 748 3283 nihil
797 3227 1083 3298 prolicere,
1124 3223 1372 3295 quoniam
1404 3230 1543 3278 lotus
1573 3223 1800 3278 mundus
1827 3233 1945 3293 post
1973 3238 2092 3278 eum

523 3318 650 3372 abiit
679 3315 873 3387 (Joan.
903 3331 999 3380 xu,
1020 3315 1143 3381 l9).

601 3410 652 3463 7.
678 3407 830 3482 [i-ers.
871 3405 948 3480 7.]
980 3406 1110 3460 Nam
1135 3404 1202 3460 de
1228 3404 1309 3459 bis
1335 3404 1584 3475 orphanis
1612 3413 1664 3460 et
1695 3404 1866 3459 viduis
1891 3447 1904 3471 ,
1933 3404 1985 3459 id
2014 3413 2096 3460 est

521 3501 634 3568 Spei
665 3499 933 3554 saecularis
962 3497 1216 3553 societate
1239 3496 1524 3561 destitutis,
1553 3497 1806 3552 Dominus
1831 3497 1930 3551 sibi
1961 3506 2096 3551 tem-

520 3590 662 3662 plum
685 3591 911 3648 fabricat
937 3609 950 3644 :
989 3591 1056 3647 de
1083 3606 1188 3661 quo
1215 3599 1602 3660 consequenter
1628 3591 1754 3644 dicit
1778 3632 1791 3655 ,
1828 3588 2092 3657 Dominus,

520 3685 574 3737 in
604 3669 710 3737 loco
743 3675 915 3737 sancto
957 3697 1069 3737 suo.
1103 3682 1229 3749 Quis
1261 3681 1402 3736 enim
1445 3681 1514 3735 sit
1546 3683 1689 3734 locus
1716 3680 1832 3749 ejus
1867 3680 2091 3749 aperuit,

521 3788 640 3828 cum
662 3774 752 3837 ait,
786 3772 920 3826 Deus
945 3773 1031 3842 qui
1053 3772 1332 3825 inhabitare
1353 3772 1472 3842 facit
1499 3771 1644 3823 unius
1670 3771 1804 3822 modi
1835 3769 1887 3822 in
1912 3770 2090 3824 domo:

525 3865 798 3919 unanimes
823 3907 837 3927 ,
869 3879 1028 3917 nutum
1078 3865 1365 3918 sentientes
1396 3879 1408 3914 :
1437 3862 1536 3917 iste
1581 3870 1661 3915 est
1700 3862 1848 3916 locus
1882 3870 2094 3916 sanctus

527 3953 752 4007 Domini.
782 3952 912 4006 Cum
941 3953 1082 4006 enim
1129 3953 1350 4007 dixisset
1376 3993 1388 4015 ,
1425 3951 1669 4004 Dominus
1710 3952 1762 4004 in
1792 3951 1899 4004 loco
1923 3961 2093 4005 sancto

525 4060 616 4097 suo
642 4059 661 4098 :
693 4052 938 4113 tanquam
969 4044 1362 4114 requireremus
1391 4043 1440 4096 in
1489 4058 1596 4113 quo
1645 4043 1786 4109 loco,
1841 4058 1960 4097 cum
2003 4043 2090 4098 ille

526 4121 718 4205 ubique
741 4119 810 4190 sit
832 4144 990 4200 totus,
1017 4145 1071 4190 et
1094 4135 1271 4188 nullus
1291 4151 1411 4189 eum
1433 4135 1707 4188 contineat
1732 4135 2088 4204 corporalium

524 4225 816 4296 spatiorum
849 4225 1016 4288 locus,
1065 4225 1204 4278 illico
1227 4223 1490 4292 subjecit;
1537 4239 1602 4278 ne
1627 4239 1926 4293 quaeramus
1972 4239 2092 4279 eum

523 4319 722 4387 absque
763 4316 952 4382 nobis;
1003 4314 1096 4370 sed
1147 4314 1322 4386 potius
1361 4315 1512 4369 unius
1560 4315 1696 4368 modi
1722 4314 2016 4370 habitantes
2043 4317 2095 4370 in

525 4401 673 4460 domo
696 4447 710 4472 ,
738 4421 1035 4460 mereamur
1057 4417 1114 4459 ut
1157 4404 1394 4459 habitare
1437 4406 1596 4458 etiam
1633 4405 1745 4474 ipse
1772 4404 2013 4475 dignetur
2042 4405 2094 4460 in

525 4495 700 4550 nobis.
742 4496 845 4550 lste
869 4503 950 4549 est
995 4495 1144 4549 locus
1171 4489 1384 4549 sanctus
1414 4489 1640 4561 Demini,
1669 4493 1810 4564 quo’d
1857 4495 2096 4565 plerique

527 4587 768 4642 homines
795 4596 1054 4657 quaerunt,
1095 4595 1152 4640 ιιι
1175 4586 1398 4640 habeant
1431 4585 1518 4639 ubi
1567 4595 1783 4641 orantes
1811 4587 2095 4641 exaudian.

527 4687 632 4731 tur.
673 4675 789 4731 Sint
829 4676 927 4746 ipsi
953 4691 1081 4747 ergo
1124 4675 1266 4746 qttod
1291 4684 1568 4744 quaerunt;
1597 4685 1652 4730 et
1691 4692 1810 4746 qua:
1836 4677 2013 4732 dicunt
2042 4678 2093 4732 in

526 4765 774 4820 cordibus
797 4767 923 4828 suis,
956 4765 1007 4819 id
1046 4775 1128 4820 est
1164 4766 1215 4819 iu
1258 4765 1447 4819 talibus
1473 4765 1734 4820 cubilibus
1759 4768 1870 4821 suis
1891 4807 1906 4833 ,
1934 4782 2087 4820 eom-

529 4862 825 4926 pungautur
869 4853 1053 4925 (Psal.
1093 4871 1165 4922 tv,
1192 4853 1296 4928 5),
1351 4853 1648 4909 habitantes
1687 4858 1838 4909 unius
1867 4857 2000 4909 modi
2038 4858 2094 4912 in

526 4946 696 5011 domo‘,
739 4953 796 4999 ut
835 4958 867 4999 ι
910 4944 1132 5000 Domino
1169 4959 1373 5014 magnae
1396 4943 1586 4998 domus
1623 4932 1998 5010 inhabitetttur,
2040 4957 2096 5001 et

525 5036 663 5107 apud
681 5037 888 5106 seipsos
915 5035 1285 5090 esaudiantur.
1308 5036 1405 5090 Est
1430 5037 1570 5090 enim
1593 5036 1780 5091 domus
1804 5051 2009 5108 magna,
2041 5039 2092 5093 in

524 5143 626 5198 qua
660 5142 766 5184 non
813 5127 982 5182 solum
1027 5139 1186 5180 aurea
1212 5132 1338 5180 vasa
1383 5135 1510 5181 sunt
1549 5136 1602 5182 et
1625 5139 1893 5196 argentea,
1922 5128 2015 5183 sed
2041 5138 2097 5184 et

527 5219 698 5290 lignea
741 5227 795 5275 et
825 5217 1039 5282 ﬁctilia;
1066 5224 1123 5272 et
1155 5216 1261 5270 alia
1286 5205 1499 5287 quidem
1549 5213 1674 5273 sunt
1716 5220 1766 5273 in
1809 5218 2091 5288 honorem,

526 5312 626 5366 alia
671 5311 724 5365 in
752 5308 1125 5365 contumeliam
1155 5323 1171 5362 :
1207 5322 1251 5361 st
1277 5308 1365 5376 qui
1405 5316 1578 5364 autem
1600 5311 1966 5365 mtmdaveriut
2003 5327 2092 5367 se-

527 5400 783 5469 metipsos
809 5414 838 5453 a
861 5399 1001 5452 vasis
1041 5395 1373 5451 contumelia:
1396 5395 1476 5466 (ll
1506 5396 1638 5451 Tim.
1670 5414 1734 5463 ιι,
1761 5399 1832 5454 20
1853 5401 1870 5466 )
1895 5443 1910 5466 ,
1939 5412 2096 5458 crttnt

525 5490 674 5544 unius
698 5489 834 5543 modi
856 5488 908 5540 in
933 5487 1098 5552 domo,
1129 5493 1186 5542 et
1225 5485 1375 5540 locus
1427 5497 1638 5542 sanctus
1676 5489 1904 5544 Domini.
1955 5491 2085 5546 Nam

525 5581 664 5638 sicut
692 5580 744 5636 in
785 5593 974 5650 magna
1008 5578 1240 5634 hominis
1256 5577 1438 5644 domo,
1489 5594 1594 5634 non
1632 5581 1683 5634 in
1724 5581 2092 5655 qualicumque

525 5671 646 5725 loco
669 5670 786 5742 ejus
813 5670 1098 5741 requiescit
1134 5669 1384 5726 dominus
1411 5658 1546 5740 ejus,
1578 5660 1670 5726 sed
1701 5672 1751 5726 in
1781 5673 1958 5743 aliquo
1984 5679 2089 5731 uti-

526 5775 632 5831 quo
654 5762 939 5818 secretiore
963 5771 1015 5818 et
1039 5760 1377 5818 honoratiore
1422 5761 1539 5818 loco
1569 5783 1582 5820 :
1625 5763 1703 5821 sic
1733 5762 1871 5820 Deus
1915 5775 2020 5817 non
2046 5764 2101 5819 lu

1736 391 1793 448 S.
1834 384 2194 448 AUGUS'ﬂNl
2235 386 2532 446 EPISCOPI

3660 394 3767 454 816

2192 503 2436 558 omnibus
2474 505 2563 574 qui
2609 503 2662 558 in
2702 503 2863 560 domo
2903 502 3020 574 ejus
3045 512 3170 560 sunt
3207 504 3409 562 habitat
3449 507 3596 580 (non
3623 509 3767 566 enim

2191 592 2391 647 habitat
2420 593 2471 648 in
2499 595 2640 649 vasis
2673 594 3006 650 contumelia:
3027 595 3086 666 );
3114 595 3208 652 sed
3232 597 3380 653 locus
3403 608 3618 655 sanctus
3647 601 3767 671 ejus

2190 693 2312 737 sunt
2336 698 2469 753 quos
2498 684 2724 739 habitare
2748 686 2872 754 facit
2897 688 3048 741 unius
3075 687 3233 756 modi,
3255 688 3340 744 vel
3368 689 3517 744 unius
3539 691 3693 746 moris
3715 691 3768 745 in

2189 773 2358 829 domo.
2383 774 2485 841 Qui
2514 776 2656 830 enim
2681 785 2852 848 τρόποι
2876 792 3049 847 grzece
3085 777 3333 834 dicuntur
3353 821 3368 846 ,
3416 789 3470 834 et
3513 781 3654 835 mrdi
3673 821 3689 846 ,
3716 792 3772 837 et

2193 881 2372 921 utores
2404 865 2570 922 latine
2597 867 2932 938 interpretari
2961 877 3201 938 possunt.
3227 867 3339 925 Nec
3363 871 3519 925 habet
3538 888 3767 943 grmcus.

2193 955 2294 1021 Qui
2317 954 2598 1011 inhabitare
2622 957 2780 1028 facit;
2805 958 2901 1014 sed
2934 967 3160 1025 tantum,
3187 960 3411 1016 habitare
3432 961 3572 1030 facit.
3601 962 3773 1015 Densi.

2189 1061 2286 1098 nus
2313 1059 2441 1116 ergo
2473 1046 2526 1099 in
2562 1047 2671 1100 loco
2693 1057 2865 1102 sancto
2901 1063 3012 1103 suo.
3045 1049 3173 1117 Quis
3209 1060 3293 1105 est
3314 1050 3464 1105 locus
3488 1051 3628 1107 iste?
3653 1052 3770 1122 Ipse

2191 1135 2330 1190 Deus
2368 1152 2490 1192 eum
2536 1137 2637 1192 sibi
2665 1136 2811 1194 facit.
2843 1141 2983 1195 Deus
3019 1139 3161 1195 enim
3208 1141 3434 1195 habitare
3467 1142 3594 1212 facit
3618 1144 3772 1198 unius

2190 1227 2342 1280 moris
2368 1226 2421 1280 in
2445 1226 2594 1280 domo
2615 1242 2636 1281 :
2663 1227 2749 1284 hic
2765 1238 2846 1284 est
2872 1229 3019 1284 locus
3041 1239 3255 1285 sanctus
3276 1229 3412 1300 ejus.

2259 1317 2313 1371 8.
2340 1316 2491 1384 Quod
2516 1327 2692 1374 autem
2719 1320 2885 1390 gratia
2911 1336 3006 1376 sua
3032 1321 3134 1376 sibi
3151 1321 3378 1378 ardificet
3397 1321 3536 1379 hunc
3559 1321 3768 1392 locum,

2191 1417 2296 1460 non
2342 1405 2544 1461 meritis
2583 1423 2768 1463 eorum
2819 1410 3240 1480 przecedentibus
3291 1426 3358 1467 ex
3407 1412 3601 1482 quibus
3645 1429 3770 1469 eum

2189 1494 2436 1562 aedificat,
2485 1495 2608 1552 vide
2634 1498 2760 1568 quid
2785 1508 3075 1570 sequatur:
3128 1501 3230 1569 Qui
3270 1501 3438 1556 educit
3463 1504 3775 1574 compeditos

2191 1586 2244 1640 in
2269 1587 2583 1656 fortitudine.
2609 1587 2780 1644 Solvit
2799 1590 2942 1645 enim
2968 1591 3146 1662 gravia
3172 1593 3380 1648 vincula
3408 1603 3766 1664 peccatorum,

2192 1677 2382 1747 quibus
2428 1678 2850 1748 impediebantur
2877 1696 2944 1736 ne
2979 1681 3311 1738 ambularent
3351 1684 3403 1738 in
3441 1684 3524 1739 via
3568 1699 3770 1756 prace-

2193 1777 2403 1839 ptorum
2434 1788 2447 1823 :
2477 1770 2653 1826 educit
2677 1781 2853 1829 autem
2893 1787 2987 1829 eos
3026 1773 3082 1828 in
3115 1773 3440 1842 fortitudine,
3468 1790 3628 1846 quam
3647 1786 3771 1831 ante

2194 1859 2310 1928 ejus
2336 1862 2556 1931 gratiam
2591 1877 2697 1917 non
2723 1859 3016 1930 habebant.
3037 1857 3286 1919 Similiter
3312 1866 3647 1922 amaricantes
3684 1868 3771 1939 qui

2195 1951 2419 2005 habitant
2476 1952 2531 2005 in
2569 1954 2808 2022 sepulcris
2849 1969 2870 2008 :
2895 1953 2946 2009 id
2991 1963 3072 2009 est
3119 1956 3264 2010 omni
3306 1956 3467 2013 modo
3508 1966 3766 2024 mortuos,

2193 2048 2480 2111 occupatos
2509 2044 2560 2096 in
2583 2042 2832 2112 operibus
2854 2045 3096 2100 mortuis.
3123 2044 3184 2099 Ili
3206 2045 3347 2101 enim
3375 2047 3668 2102 amaricaut
3685 2063 3770 2102 re-

2195 2131 2433 2188 sistendo
2476 2133 2694 2203 iustitia:
2722 2151 2738 2189 :
2768 2149 2888 2189 nam
2920 2135 2994 2189 illi
3023 2135 3307 2206 compediti
3337 2136 3555 2193 forsitan
3581 2139 3764 2194 volunt

2197 2225 2468 2280 ambulare
2490 2268 2503 2291 ,
2533 2241 2633 2281 nec
2657 2234 2909 2296 possunt;
2941 2227 3211 2297 Deumque
3249 2238 3531 2297 precantur
3559 2239 3618 2285 ut
3641 2246 3768 2301 pos-

2197 2315 2320 2380 sint,
2378 2316 2532 2385 eique
2580 2315 2762 2371 dicunt
2793 2335 2808 2372 :
2835 2316 2912 2372 De
2963 2317 3332 2373 necessitatibus
3365 2319 3487 2375 meis
3525 2321 3650 2376 educ
3691 2339 3773 2376 me

2199 2407 2218 2478 (
2241 2407 2380 2462 Psal.
2410 2423 2558 2474 xxtv,
2587 2409 2654 2462 l7
2673 2408 2714 2480 ).
2755 2408 2800 2464 Δ
2827 2423 2935 2480 quo
2957 2409 3185 2465 exauditi
3211 2451 3226 2476 ,
3254 2410 3448 2480 gratias
3488 2421 3650 2481 agunt
3696 2411 3770 2467 di-

2199 2508 2386 2556 centes
2417 2498 2731 2571 :Disrupisti
2768 2501 2967 2556 vincula
3007 2517 3118 2555 mea
3147 2499 3326 2572 (Psal.
3365 2517 3487 2570 cxv,
3525 2503 3644 2574 17).
3675 2502 3769 2557 isti

2197 2599 2374 2646 autem
2436 2592 2786 2648 amaricantes
2826 2592 2917 2664 qtti
2951 2591 3190 2648 habitant
3223 2593 3274 2647 in
3305 2593 3580 2663 sepulcris,
3607 2592 3660 2646 in
3700 2607 3768 2647 eo

2198 2697 2392 2752 genere
2420 2689 2543 2738 sunt
2582 2683 2722 2752 quod
2764 2683 2870 2738 alio
2905 2683 3025 2738 loco
3051 2682 3324 2753 Scriptura
3370 2681 3648 2752 signiﬁcat,
3688 2682 3770 2737 di-

2197 2788 2325 2830 cens
2370 2791 2385 2829 :
2425 2775 2467 2829 Α
2509 2783 2724 2840 mortuo,
2773 2775 2908 2830 velut
2957 2775 3043 2846 qui
3090 2791 3189 2829 non
3231 2775 3313 2840 sit,
3360 2775 3486 2845 perit
3522 2773 3771 2843 confessio

2199 2867 2219 2938 (
2244 2867 2401 2921 Eccli.
2423 2882 2552 2933 xvn,
2579 2866 2649 2920 26
2670 2865 2712 2935 ).
2742 2864 2895 2922 Unde
2911 2875 2994 2920 est
3017 2865 3145 2920 illud
3178 2881 3196 2919 :
3225 2865 3468 2919 Peccator
3485 2881 3599 2918 cum
3619 2881 3770 2918 vene-

2198 2957 2264 3012 rit
2293 2957 2344 3010 in
2371 2955 2680 3026 profundum
2703 2956 2970 3018 malorum,
2994 2955 3262 3008 contemnit
3289 2953 3466 3027 (Prov.
3495 2969 3653 3020 xvm,
3689 2955 3766 3024 5).

2199 3047 2354 3102 Aliud
2381 3055 2463 3103 est
2485 3047 2623 3101 enim
2655 3045 2974 3111 desiderare,
2992 3045 3131 3100 aliud
3151 3060 3453 3117 oppugnare
3471 3045 3768 3116 justitiam;

2197 3138 2339 3193 aliud
2361 3153 2390 3193 a
2421 3139 2560 3193 malo
2580 3138 2789 3194 liberari
2835 3138 2991 3205 velle,
3019 3138 3160 3192 aliud
3190 3139 3325 3192 mala
3351 3153 3445 3192 sua
3485 3137 3773 3193 defendere

2200 3231 2372 3301 potius
2422 3246 2578 3303 quam
2630 3229 2825 3286 fateri:
2858 3239 3108 3301 utrosque
3151 3241 3324 3286 tamen
3365 3230 3534 3299 gratia
3563 3228 3772 3285 Christi

2197 3320 2361 3375 educit
2383 3321 2436 3375 in
2462 3321 2774 3394 fortitudine.
2801 3321 2918 3390 Qua
2940 3320 3268 3387 fortitudine,
3299 3321 3401 3375 nisi
3433 3329 3488 3375 ut
3513 3320 3772 3375 adversus

2199 3419 2471 3481 peccatum
2516 3425 2687 3481 usque
2714 3411 2780 3466 ad
2809 3411 3116 3481 sanguinem
3165 3410 3405 3466 certent?
3431 3409 3517 3466 Ex
3545 3419 3774 3479 utroque

2196 3503 2338 3559 enim
2377 3518 2571 3574 genere
2613 3503 2746 3557 fiunt
2792 3502 2968 3558 idonei
3017 3503 3207 3573 quibus
3235 3511 3576 3558 construatur
3624 3501 3774 3556 locus

2197 3602 2410 3649 sanctus
2445 3594 2592 3664 ejus;
2625 3593 2728 3648 illis
2768 3593 2991 3660 solutis,
3037 3594 3139 3648 illis
3166 3593 3513 3650 resuscitatis.
3544 3593 3678 3660 Quia
3721 3603 3776 3647 et

2201 3685 2456 3752 mulieris,
2487 3699 2642 3754 quam
2673 3683 3208 3754 alligaveratsatanas
3237 3698 3332 3754 per
3357 3683 3542 3738 decem
3568 3693 3626 3738 et
3651 3694 3775 3738 octo

2199 3791 2388 3842 annos,
2415 3775 2648 3845 jubeudo
2671 3775 2877 3830 vincula
2899 3773 3058 3831 solvit
3083 3775 3100 3845 (
3118 3774 3244 3828 Luc.
3271 3790 3387 3842 xm,
3419 3773 3553 3846 £6);
3588 3783 3645 3830 et
3673 3774 3776 3828 La-

2199 3867 2304 3922 zari
2332 3875 2554 3921 mortem
2584 3865 2862 3921 clamando
2888 3866 3157 3936 superavit
3187 3863 3377 3936 (Joan.
3403 3880 3475 3929 ιι,
3515 3864 3608 3930 45,
3645 3865 3714 3918 46
3730 3863 3771 3933 ).

2199 3958 2295 4024 Qui
2328 3956 2452 4012 fecit
2471 3957 2586 4012 bare
2613 3956 2664 4010 in
2685 3955 3020 4026 corporibus,
3051 3962 3223 4024 potest
3250 3954 3568 4008 mirabiliora
3595 3954 3779 4009 facere

2201 4050 2252 4103 in
2295 4048 2530 4104 moribus
2555 4088 2571 4114 ,
2600 4057 2653 4102 et
2679 4047 2851 4103 facere
2894 4046 3045 4101 unius
3068 4045 3204 4098 modi
3231 4044 3456 4098 habitare
3496 4045 3547 4098 in
3569 4039 3731 4098 domo
3756 4060 3776 4098 .-

2199 4142 2409 4196 educens
2437 4139 2740 4210 compeditos
2765 4140 2817 4192 in
2843 4135 3415 4210 fortitudine;similiter
3438 4136 3780 4190 amaricantcs

2197 4231 2284 4302 qui
2303 4231 2525 4285 habitant
2549 4230 2600 4282 in
2625 4229 2886 4298 sepulcris.

2269 4319 2322 4375 9.
2357 4318 2506 4390 [vers.
2549 4317 2728 4389 8-10.]
2757 4316 2891 4371 Deus
2914 4333 3028 4370 cum
3061 4316 3362 4388 egredereris
3387 4333 3556 4371 coram
3585 4317 3781 4386 popqu

2199 4419 2303 4465 tuo.
2327 4409 2585 4478 Egressus
2611 4407 2724 4477 ejus
2754 4406 3085 4476 intelligitur,
3114 4422 3235 4461 cum
3261 4419 3484 4477 apparet
3517 4406 3569 4460 in
3591 4407 3783 4476 operi-

2200 4501 2297 4556 bus
2316 4499 2445 4555 suis.
2468 4496 2701 4569 Apparet
2720 4506 2896 4553 autem
2919 4511 3023 4551 non
3047 4495 3315 4564 omnibus,
3346 4495 3438 4551 sed
3458 4495 3534 4551 eis
3561 4495 3656 4566 qui
3684 4510 3785 4549 no-

2200 4598 2388 4646 verunt
2442 4603 2604 4658 opera
2653 4588 2769 4657 ejus
2804 4587 3016 4642 intueri.
3038 4585 3153 4641 Non
3177 4586 3320 4641 enim
3355 4600 3417 4640 ea
3443 4599 3582 4639 nunc
3606 4599 3780 4654 opera

2199 4681 2340 4744 dico,
2354 4695 2470 4750 qua:
2488 4677 2770 4746 conspicua
2796 4685 2920 4732 sunt
2938 4676 3205 4740 omnibus,
3221 4677 3440 4742 celum,
3467 4685 3522 4730 et
3548 4684 3781 4741 terram,

2201 4778 2257 4824 et
2279 4784 2446 4833 mare,
2471 4777 2527 4823 et
2557 4768 2800 4822 universa
2829 4782 2948 4836 quae
2973 4767 3025 4820 in
3054 4767 3132 4821 eis
3149 4775 3309 4830 sunt;
3337 4766 3430 4820 sed
3459 4779 3624 4835 Opera
3652 4767 3785 4835 quis

2202 4860 2298 4916 bus
2315 4858 2481 4913 educit
2503 4857 2807 4927 compeditos
2823 4857 2877 4910 in
2902 4856 3212 4928 fortitudine,
3229 4857 3460 4910 similiter
3477 4857 3780 4910 amarican-

2201 4963 2273 5008 tes
2297 4952 2384 5023 qui
2429 4949 2653 5005 habitant
2689 4951 2744 5004 in
2779 4949 3056 5021 sepulcris,
3083 4958 3131 5003 et
3155 4949 3280 5020 facit
3315 4963 3410 5004 eos
3447 4947 3599 5003 unius
3621 4951 3788 5002 moris

2203 5044 2430 5098 habitare
2451 5044 2504 5097 in
2530 5042 2700 5098 domo.
2720 5040 2809 5097 Sic
2835 5040 3106 5110 egreditur
3133 5053 3312 5096 coram
3343 5040 3541 5110 populo
3569 5055 3703 5106 suo,
3731 5041 3790 5096 id

2201 5145 2281 5192 est
2295 5149 2473 5190 coram
2493 5131 2572 5188 eis
2590 5133 2677 5202 qui
2700 5133 2853 5187 istam
2877 5131 3094 5202 gratiam
3117 5130 3233 5199 ejus
3261 5131 3574 5200 intelligunt.
3607 5131 3791 5186 Deni-

2199 5242 2303 5298 que
2317 5225 2556 5296 sequitur
2582 5239 2596 5277 :
2623 5220 2748 5279 Cum
2773 5223 3010 5276 transires
3036 5223 3089 5275 in
3109 5221 3306 5276 deserto
3331 5262 3346 5286 ,
3366 5229 3499 5275 terra
3522 5230 3668 5276 mota
3684 5231 3788 5276 est.

2205 5318 2479 5372 Desertum
2512 5320 2662 5368 erant
2695 5311 2916 5380 Gentes,
2951 5327 3070 5382 qua:
3098 5312 3409 5383 ignorabant
3433 5312 3598 5367 Deum
3636 5331 3655 5368 :
3690 5314 3794 5370 de-

2201 5416 2400 5463 sertum
2421 5413 2556 5470 erat,
2585 5403 2672 5458 ubi
2708 5403 2794 5457 lex
2821 5403 2960 5456 nulla
2981 5403 3049 5458 ab
3079 5403 3193 5473 ipso
3219 5403 3330 5456 Deo
3353 5401 3474 5456 data
3499 5413 3656 5467 erat;
3693 5404 3792 5459 ubi

2200 5495 2328 5552 nulli
2365 5494 2639 5565 Propheta:
2664 5493 3058 5560 babitaverant,
3092 5494 3475 5563 Dominamque
3497 5506 3800 5551 esso'vena

2200 5597 2375 5642 turum
2425 5586 2794 5656 praedixerant.
2843 5584 2969 5639 Cum
3013 5599 3140 5655 ergo
3177 5587 3415 5640 transires
3455 5587 3509 5639 in
3551 5585 3791 5654 deserto,

2198 5691 2319 5734 cum
2341 5675 2708 5747 prmdicareris
2733 5676 2783 5730 in
2807 5674 3069 5730 Gentibus
3087 5715 3104 5742 ,
3131 5683 3265 5729 terra
3290 5685 3426 5730 mota
3449 5686 3541 5742 est,
3571 5680 3793 5733 terreni
3811 5673 3832 5689 ⁶

2203 5767 2443 5825 homines
2463 5766 2527 5822 ad
2568 5766 2721 5822 ﬁdem
2751 5766 2966 5821 excitati
3001 5773 3142 5820 sunt.
3175 5763 3279 5821 Sed
3314 5767 3452 5822 unde
3480 5776 3624 5822 mota
3660 5769 3796 5823 est?
