4038 6452
260 422 360 485 διν

262 542 460 596 Etenim
485 540 596 595 σαειὶ
616 540 988 598 distillaverunt
1013 557 1046 595 a
1066 542 1194 612 facit.
1222 541 1334 596 Dei.
1363 543 1603 599 Forsitan
1627 544 1713 598 hic
1739 545 1833 598 ali-

256 632 374 701 quis
418 633 621 687 recolat
648 632 776 687 illud
824 642 1033 703 tempus
1056 674 1072 699 ,
1105 633 1315 704 quando
1366 635 1416 687 in
1447 634 1663 691 deserto
1691 635 1835 689 Deus

254 724 515 779 transibat
535 740 712 780 coram
737 726 930 795 populo
958 741 1074 791 suo,
1106 740 1284 781 coram
1314 726 1435 780 filiis
1463 727 1645 789 Israel,
1676 726 1764 781 die
1785 726 1836 779 in

253 818 503 873 columna
529 818 705 884 nubis,
734 826 888 873 nocte
930 816 985 872 in
1036 817 1242 888 fulgore
1292 817 1428 889 ignis
1478 817 1683 888 (Exod.
1719 834 1833 883 χιιι,

249 908 314 963 2t
342 909 397 978 );
430 918 484 963 et
527 908 629 964 hoc
658 922 778 963 esse
819 909 1016 964 sentiat
1066 908 1205 976 quod
1232 908 1343 963 caeli
1387 909 1755 963 distillaverunt
1805 926 1837 962 a

248 998 383 1067 facie
410 996 527 1063 Dei,
558 998 807 1068 quoniam
835 1012 1027 1052 manna
1053 998 1185 1068 pluit
1219 1000 1413 1068 populo
1439 1014 1539 1054 suo
1571 996 1682 1069 (Id.
1715 1014 1829 1060 xvi,

248 1092 318 1146 15
344 1092 401 1161 );
434 1089 537 1145 hoc
559 1090 719 1146 etiam
747 1106 867 1147 esse
898 1089 1039 1162 quod
1079 1091 1336 1161 sequitur,
1372 1090 1521 1146 Mons
1550 1092 1679 1146 Sina
1701 1109 1732 1145 ιι
1755 1092 1836 1161 [a-

244 1181 323 1234 cie
352 1180 447 1235 Dei
472 1178 657 1245 Israel,
710 1181 933 1252 pluviam
971 1182 1305 1236 voluntariam
1339 1197 1625 1253 segregans,
1674 1180 1829 1249 Deus,

246 1273 531 1327 htereditati
549 1282 669 1340 tute,
697 1273 820 1344 quia
838 1274 889 1327 in
920 1284 1100 1329 monte
1126 1273 1252 1329 Sina
1280 1274 1486 1329 locutus
1512 1286 1594 1328 est
1617 1274 1752 1329 Deus
1766 1274 1831 1329 ad

244 1362 485 1435 Moysen,
516 1362 726 1433 quando
751 1363 944 1434 Legem
975 1363 1120 1418 dedit
1146 1364 1270 1435 (Id.
1315 1379 1428 1432 χιιι,
1471 1364 1556 1431 18,
1584 1363 1701 1437 etc.)
1733 1382 1746 1419 :
1779 1374 1832 1420 ut

244 1469 441 1507 manna
472 1454 541 1507 sit
590 1453 763 1523 pluvia
811 1454 1106 1509 voluntaria
1145 1471 1304 1525 quam
1350 1456 1645 1526 segregavit
1692 1457 1830 1511 Deus

242 1543 546 1599 hmreditati
586 1560 732 1613 sum,
771 1546 822 1601 id
863 1556 944 1602 est
991 1547 1185 1617 populo
1214 1563 1343 1603 suo:
1377 1550 1500 1619 quia
1544 1550 1687 1604 solos
1736 1564 1829 1605 eos

240 1634 311 1689 ita
338 1636 515 1705 pavit,
572 1651 677 1690 non
725 1645 779 1691 et
812 1648 1035 1693 caeteras
1078 1639 1276 1695 Gentes
1316 1656 1330 1695 :
1372 1650 1429 1695 ut
1472 1641 1611 1712 quod
1637 1643 1829 1697 deinde

239 1726 389 1793 dicit,
422 1724 491 1780 Et
509 1727 767 1796 inﬁrmata
801 1738 895 1795 est,
924 1730 1035 1799 ipsa
1063 1730 1347 1787 haereditas
1373 1733 1636 1788 inﬁrmata
1667 1735 1825 1791 intel-

237 1815 469 1886 ligatur;
500 1806 748 1886 quoniam
778 1829 1193 1886 murmurantes,
1227 1837 1420 1877 manna
1444 1823 1698 1880 fastidiosi
1725 1842 1815 1881 re-

236 1917 519 1978 spuerant,
548 1907 916 1966 desiderantes
946 1926 1098 1967 escas
1137 1914 1399 1983 carnium,
1435 1927 1489 1972 et
1523 1933 1584 1972 ea
1634 1919 1825 1988 quibus

236 1997 379 2052 vesci
408 1998 461 2053 in
491 1998 724 2072 Egypto
755 2012 1143 2058 consueverant
1169 2003 1187 2073 (
1214 2003 1374 2058 Nunt.
1403 2020 1476 2070 ιι,
1504 2006 1558 2072 5,
1600 2006 1688 2079 6).
1716 2008 1821 2065 Sed

236 2090 289 2145 in
317 2089 403 2145 his
428 2092 606 2147 verbis
646 2093 689 2147 si
722 2094 1018 2162 preprietas
1049 2096 1413 2151 tantummodo
1453 2097 1645 2154 littera:
1670 2140 1685 2165 ,
1716 2116 1820 2156 non

236 2184 532 2254 spiritualis
583 2185 935 2256 requirendus
980 2197 1063 2243 est
1116 2188 1456 2275 intellectus,
1504 2200 1715 2261 oportet
1768 2204 1825 2248 ut

235 2276 552 2332 ostendatur
591 2279 880 2334 secundum
930 2280 1308 2350 proprietatem
1349 2284 1701 2352 corporalem,
1734 2287 1821 2355 qui

232 2378 361 2424 tunc
390 2371 697 2441 compediti,
742 2372 937 2441 quique
966 2373 1124 2428 etiam
1169 2373 1466 2430 habitantes
1492 2375 1547 2430 in
1567 2376 1821 2446 sepulcris

229 2459 409 2515 educti
437 2470 561 2515 sunt
608 2462 660 2516 in
683 2462 1008 2519 fortitudine.
1037 2464 1237 2520 Deinde
1260 2465 1304 2519 si
1332 2465 1424 2521 ille
1459 2468 1705 2536 populus,
1734 2470 1820 2523 illa

229 2550 442 2605 scilicet
467 2550 747 2607 hmreditas
770 2553 886 2619 Dei,
914 2554 1127 2609 fastidio
1158 2572 1353 2610 manna
1387 2572 1646 2626 reSpuens
1676 2560 1823 2613 infir-

229 2650 369 2695 mata
402 2651 503 2707 est,
550 2658 653 2697 non
683 2643 861 2699 debuit
890 2646 1062 2716 sequi,
1094 2644 1172 2700 Tu
1204 2663 1318 2701 vero
1362 2649 1613 2718 perfecisti
1657 2668 1766 2705 eam
1800 2669 1815 2718 ;

228 2732 346 2800 sed,
379 2732 459 2787 Tu
484 2748 611 2789 vero
638 2737 942 2804 percussisti
970 2752 1108 2791 eam.
1138 2738 1249 2792 Deo
1278 2738 1470 2809 quippe
1495 2739 1698 2795 offenso
1727 2758 1821 2812 per

228 2821 313 2876 itla
342 2840 614 2879 murmura
637 2835 796 2896 atque
828 2826 1067 2893 fastidia,
1098 2829 1285 2900 ingens
1325 2829 1474 2901 plaga
1510 2840 1689 2887 secuta
1735 2841 1822 2889 est

228 2910 249 2982 (
267 2911 434 2978 Ibid,
455 2913 579 2986 53).
611 2915 889 2973 Postremo
930 2918 1005 2973 illi
1035 2934 1221 2975 omnes
1266 2920 1318 2976 in
1365 2935 1549 2977 eremo
1580 2933 1819 2978 conster-

224 3006 336 3059 nati
386 3015 544 3071 suut,
576 3024 674 3064 nec
704 3010 979 3080 quisquam
1010 3026 1194 3067 eorum
1216 3054 1231 3081 ,
1271 3024 1464 3082 praeter
1501 3014 1635 3071 duos
1661 3058 1677 3084 ,
1712 3027 1820 3072 ter-

225 3110 339 3149 ram
372 3098 566 3151 meruit
612 3099 975 3167 promissionis
1014 3101 1212 3157 intrare
1254 3101 1377 3176 (Id.
1424 3120 1535 3170 xw,
1564 3105 1656 3173 29,
1686 3107 1813 3176 50).

224 3184 541 3255 Quanquam
569 3187 776 3244 etiamsi
815 3189 1021 3245 dicatur
1051 3190 1104 3246 in
1155 3191 1276 3247 filiis
1301 3207 1487 3249 eorum
1534 3193 1818 3254 baercditas

224 3272 314 3328 illa
372 3275 625 3345 perfecta,
650 3292 748 3334 nos
782 3293 999 3334 sensum
1025 3280 1354 3351 spiritualem
1374 3283 1593 3341 liberius
1635 3294 1816 3343 tenere

224 3363 508 3424 debemus.
550 3370 739 3426 Omnia
785 3372 980 3442 quippe
1032 3373 1120 3427 illa
1159 3373 1211 3428 in
1240 3373 1409 3444 ﬁgura
1437 3377 1816 3448 contingebant

224 3458 278 3514 in
330 3460 479 3531 illis(
507 3460 558 3533 (Ι
600 3460 717 3518 Cor.
772 3479 827 3530 χ,
862 3465 921 3519 ll
953 3465 1005 3535 );
1062 3464 1231 3521 donec
1270 3468 1531 3537 aspiraret
1580 3467 1717 3537 dies,
1760 3480 1814 3527 et

224 3561 632 3606 removerentur
659 3552 860 3608 umbra:
887 3553 1054 3625 (Cant.
1086 3570 1163 3623 tt,
1192 3554 1302 3629 l7).

296 3639 390 3695 10.
421 3640 638 3711 Aperiat
682 3643 862 3714 itaque
890 3644 1041 3699 nobis
1069 3645 1405 3717 pulsantibus
1436 3647 1727 3717 Dominus;
1759 3660 1816 3708 et

223 3731 601 3802 mysteriorum
632 3732 783 3803 ejus,
828 3744 1080 3805 quantum
1126 3737 1239 3807 ipse
1279 3738 1564 3810 dignatur,
1608 3754 1811 3798 secreta

224 3823 547 3891 pandantur.
571 3825 779 3881 Etenim
808 3836 863 3882 ut
887 3837 1026 3884 terra
1053 3838 1192 3885 mota
1224 3842 1365 3887 esset
1392 3832 1457 3887 ad
1484 3834 1663 3903 fidem,
1691 3852 1810 3892 cum

224 3915 278 3970 in
307 3915 581 3972 desertum
611 3916 859 3975 Gentium
886 3922 1135 3979 transiret
1172 3923 1516 3996 Evangelium
1536 3969 1551 3993 ,
1580 3931 1694 3985 caeli
1732 3933 1813 3984 di-

223 4009 539 4063 stillaverunt
568 4027 602 4064 a
629 4012 759 4081 faeie
780 4011 890 4067 Dei.
915 4012 979 4068 Hi
1006 4025 1129 4070 sunt
1154 4018 1295 4084 εαξη,
1318 4018 1385 4074 de
1410 4020 1602 4090 quibus
1634 4022 1683 4077 in
1706 4024 1811 4079 alio

224 4098 435 4168 psalmo
459 4099 669 4156 canitur
700 4120 713 4156 :
744 4100 868 4158 Caeli
909 4115 1147 4160 enarrant
1186 4092 1402 4177 gloriam
1445 4109 1561 4164 Dei.
1607 4112 1681 4167 De
1729 4113 1811 4169 his

222 4193 424 4265 quippe
459 4194 618 4264 paulo
645 4204 765 4266 post
791 4195 861 4251 ibi
889 4196 1117 4252 dicitur:
1152 4197 1273 4253 Non
1313 4211 1429 4254 sunt
1471 4202 1682 4271 loquela:
1719 4222 1808 4259 ne-

222 4300 322 4355 que
353 4301 608 4342 sermones
627 4328 641 4353 ,
688 4304 898 4359 quorum
923 4306 1024 4344 non
1053 4290 1323 4344 audiantur
1348 4307 1487 4345 voces
1513 4309 1687 4348 eorum
1714 4312 1733 4349 :
1758 4296 1811 4351 in

222 4392 426 4431 onmem
446 4386 629 4432 (errant
654 4382 772 4434 exiit
796 4397 947 4436 sonus
971 4399 1142 4436 eorum
1162 4423 1179 4450 ,
1204 4391 1251 4438 et
1279 4383 1332 4438 in
1361 4386 1485 4454 ﬁnes
1510 4386 1643 4441 orbis
1666 4397 1814 4444 terrm

223 4467 374 4521 verba
398 4485 571 4522 eorum
599 4468 768 4540 (Psal.
796 4487 923 4527 xvnt
946 4513 962 4537 ,
993 4472 1132 4544 2-5).
1172 4473 1280 4529 Nec
1307 4484 1483 4530 tamen
1514 4477 1631 4532 istis
1659 4479 1808 4535 cmlis

221 4567 373 4615 tanta
399 4559 569 4630 gloria
601 4560 875 4617 tribuenda
903 4573 1004 4628 εει,
1035 4572 1281 4634 tanquam
1304 4565 1371 4620 ab
1391 4565 1693 4622 hominibus
1721 4569 1808 4624 illa

220 4652 395 4722 gratia
427 4651 632 4707 venerit
658 4652 710 4707 in
736 4652 1004 4723 desertum
1031 4654 1301 4723 Gentium,
1328 4666 1385 4711 ut
1412 4665 1550 4712 terra
1572 4673 1812 4714 movere-

221 4751 309 4797 tur
347 4741 415 4797 ad
447 4742 626 4797 fidem.
658 4743 773 4799 Non
800 4745 940 4799 enim
963 4747 1082 4802 cmli
1112 4761 1141 4805 ιι
1168 4748 1359 4817 seipsis
1383 4747 1806 4817 distillaverunt;

219 4834 317 4890 sed
346 4851 378 4888 a
408 4835 538 4905 facie
576 4834 704 4902 Dei,
747 4837 925 4906 utique
964 4837 1305 4894 inhabitantis
1329 4853 1423 4893 eos
1444 4880 1458 4903 ,
1485 4847 1542 4893 et
1568 4840 1808 4897 facientis

218 4942 316 4983 eos
348 4926 645 4983 inhabitare
672 4929 826 4983 unius
849 4930 1010 4983 moris
1039 4929 1090 4982 in
1116 4929 1293 4983 domo.
1318 4929 1420 4999 Ipsi
1441 4939 1564 4984 sunt
1588 4932 1729 4985 enim
1756 4942 1810 4986 et

218 5028 437 5075 montes
461 5060 476 5086 ,
523 5019 591 5075 de
633 5020 823 5090 quibus
850 5021 1042 5075 dicitur
1087 5038 1100 5073 :
1141 5018 1323 5073 Levavi
1366 5019 1538 5074 oculos
1580 5037 1715 5075 meos
1740 5022 1809 5076 ad

217 5122 418 5166 montes
444 5153 459 5178 ,
504 5111 637 5166 unde
680 5114 838 5166 veniet
880 5111 1126 5166 auxilium
1153 5113 1295 5166 mihi.
1327 5111 1394 5166 Et
1423 5121 1599 5166 tamen
1646 5127 1713 5167 ne
1753 5114 1805 5168 in

219 5201 533 5257 hominibus
547 5217 695 5272 spem
718 5202 957 5272 posuisse
978 5202 1261 5267 videretur,
1280 5203 1532 5257 continuo
1548 5203 1769 5273 subjecit
1788 5222 1803 5259 :

216 5292 488 5345 Auxilium
513 5308 675 5346 meum
699 5310 730 5346 a
758 5290 972 5346 Domino
996 5332 1010 5356 ,
1055 5292 1140 5362 qui
1182 5292 1301 5361 fecit
1327 5292 1504 5347 caelum
1540 5302 1587 5348 et
1622 5302 1806 5347 terram

217 5384 398 5452 (Psal.
426 5399 547 5449 cxx,
573 5385 626 5450 l,
651 5384 731 5455 2).
761 5384 822 5439 Ei
856 5384 1050 5455 quippe
1078 5384 1183 5438 alio
1214 5383 1330 5439 loco
1354 5384 1547 5439 dicitur
1566 5426 1581 5447 ,
1611 5383 1809 5440 Illumi-

218 5492 353 5528 nans
382 5485 437 5528 tu
464 5474 832 5530 admirabiliter
849 5515 866 5542 ,
895 5492 926 5527 a
947 5475 1193 5529 montibus
1215 5474 1414 5530 aeternis
1441 5473 1611 5544 (Psal.
1645 5491 1801 5541 Lxxv,

216 5566 275 5635 5)
314 5584 327 5619 :
356 5565 599 5635 quamvis
626 5581 655 5620 a
696 5566 963 5621 montibus
987 5565 1198 5621 aeternis
1222 5607 1237 5633 ,
1279 5573 1454 5620 tamen
1502 5565 1805 5622 illuminans

219 5664 298 5710 tu.
330 5656 420 5710 Sic
447 5663 501 5711 et
528 5654 634 5721 hic,
660 5655 769 5710 cali
797 5655 1162 5710 distillaverunt
1182 5671 1202 5720 ;
1230 5654 1321 5710 sed
1342 5695 1358 5723 ,
1389 5671 1420 5708 a
1440 5654 1570 5724 facie
1595 5654 1708 5708 Dei.
1739 5657 1805 5711 Et

216 5745 326 5815 ipsi
373 5745 518 5802 enim
560 5746 691 5801 salvi
729 5745 853 5802 facti
883 5754 1007 5801 sunt
1033 5762 1127 5817 per
1153 5745 1311 5802 fidem
1333 5784 1348 5812 ,
1376 5754 1433 5801 et
1476 5745 1575 5800 hoc
1605 5760 1708 5801 non
1734 5761 1800 5801 ex

217 5836 446 5909 seipsis;
487 5835 580 5893 sed
630 5835 722 5893 Dei
766 5835 962 5893 donum
1005 5846 1084 5893 est
1116 5856 1127 5892 :
1159 5850 1263 5893 non
1305 5850 1366 5892 ex
1404 5835 1686 5904 operibus,
1731 5851 1798 5892 ne

1313 421 1709 486 ENARRATIO
1745 427 1809 483 IN
1850 421 2173 490 PSALMUSI
2205 431 2409 491 LXVII.

3419 426 3525 511 sis

1948 546 2086 603 forte
2126 553 2245 620 quis
2285 551 2581 607 extollatur.
2614 552 2780 623 Ipsius
2823 559 2961 614 enim
2992 575 3172 620 sumus
3215 564 3523 636 figmentum

1945 634 2157 706 (Ephes.
2190 657 2252 717 ιι,
2301 641 2502 713 8-10),
2543 643 2629 712 qui
2668 646 2788 714 facit
2833 648 2981 703 unius
3024 655 3159 707 ntodi
3201 634 3426 711 habitare
3469 661 3520 713 in

1942 729 2110 784 domo.

2013 819 2098 910 ll:
2131 821 2234 875 Sed
2260 823 2381 893 quid
2411 833 2489 878 est
2515 826 2653 894 quod
2695 828 2960 898 sequitur,
2992 831 3140 888 Mons
3176 836 3303 893 Sina
3328 857 3358 893 a
3386 834 3516 910 facie

1941 906 2035 961 Dei
2078 907 2280 965 Israel?
2322 916 2399 966 An
2446 914 2862 973 subaudiendum
2916 929 3036 989 est,
3080 911 3349 983 di'stillavit
3386 906 3407 984 ’ς
3457 930 3516 987 ut

1938 1001 2079 1068 quod
2108 1005 2311 1058 vocavit
2340 1006 2595 1061 cmlorum
2622 1009 2835 1065 nomine
2860 1052 2873 1077 ,
2906 1013 3007 1067 hoc
3046 1015 3270 1071 voluerit
3292 1015 3513 1091 intelligi

1941 1093 2154 1149 nomine
2181 1095 2338 1150 etiam
2366 1099 2559 1154 montis
2587 1099 2710 1155 Sina
2734 1118 2749 1167 ;
2795 1104 2932 1159 sicut
2955 1105 3185 1163 diximus
3222 1125 3315 1166 eos
3338 1115 3520 1169 vocari

1938 1194 2180 1251 montes,
2206 1186 2294 1254 qui
2323 1190 2489 1243 vocati
2515 1198 2637 1246 sunt
2660 1193 2812 1248 caeli?
2835 1194 2945 1251 Nec
2983 1197 3035 1252 in
3075 1200 3178 1255 isto
3206 1216 3366 1259 sensu
3394 1220 3513 1259 mo-

1938 1290 2063 1330 vere
2088 1275 2244 1332 debet
2264 1278 2403 1349 quod
2431 1281 2524 1349 ait,
2552 1299 2718 1351 mons;
2742 1301 2868 1354 non,
2899 1298 3125 1356 montes;
3153 1307 3272 1348 cum
3296 1295 3365 1350 ibi
3387 1295 3519 1351 dicti

1937 1366 2041 1421 sint
2061 1407 2074 1431 ,
2099 1369 2252 1435 caeli;
2281 1385 2385 1426 non
2406 1413 2420 1437 ,
2456 1374 2650 1429 coelum
2682 1392 2696 1430 :
2728 1378 2848 1448 quia
2873 1388 2927 1435 et
2954 1382 3006 1435 in
3029 1383 3133 1437 alio
3167 1386 3369 1454 psalmo
3392 1403 3515 1444 cunt

1934 1455 2132 1510 dictum
2165 1468 2325 1526 esset,
2354 1459 2478 1516 Caeli
2502 1476 2740 1520 enarrant
2765 1467 2977 1537 gloriam
3005 1471 3138 1539 Dei;
3175 1491 3324 1532 more
3366 1478 3513 1533 Scri-

1935 1557 2101 1617 ptura:
2126 1551 2370 1606 eumdem
2410 1570 2623 1610 sensum
2652 1559 2825 1613 verbis
2862 1561 2980 1616 aliis
3006 1567 3294 1632 repetentis
3320 1568 3508 1625 subse-

1932 1648 2155 1706 quenter
2186 1640 2383 1697 dictum
2408 1654 2490 1725 est
2512 1687 2527 1713 ,
2568 1645 2633 1699 Et
2660 1664 2815 1719 Opera
2846 1667 3081 1706 manuunt
3108 1656 3218 1725 ejus
3246 1660 3512 1713 annuntiat

1931 1729 2320 1797 ﬁrmamentum.
2352 1734 2503 1790 Prius
2530 1735 2681 1805 dixit,
2710 1739 2850 1806 costi;
2884 1757 2988 1796 non
3008 1744 3220 1809 coelum;
3254 1756 3307 1802 et
3335 1755 3511 1804 tamen

1931 1828 2111 1888 postea
2142 1837 2269 1890 nou,
2299 1823 2665 1893 firmamenta;
2696 1830 2787 1885 sed
2808 1842 2823 1896 ‘,
2854 1830 3265 1890 firmamentum.
3308 1838 3515 1895 Vocavit

1928 1913 2071 1967 enim
2102 1912 2239 1970 Deus
2262 1916 2667 1985 ﬁrmamentum,
2696 1921 2875 1976 caelum
2915 1922 3064 1996 (Gen.
3092 1941 3139 1993 ι,
3164 1928 3250 1997 8),
3283 1929 3417 1986 sicut
3454 1932 3513 1986 in

1928 2001 2122 2059 Genesi
2150 2007 2402 2077 scriptum
2430 2018 2530 2065 est.
2557 2008 2630 2065 ita
2657 2024 2783 2082 ergo
2819 2015 2939 2069 coeli
2966 2025 3015 2071 et
3043 2018 3232 2073 coelum
3259 2061 3276 2088 ,
3303 2030 3510 2077 montes

1927 2106 1979 2151 et
2006 2112 2157 2151 mons
2179 2139 2192 2163 ,
2225 2115 2330 2154 non
2373 2102 2511 2157 aliud
2534 2145 2548 2169 ,
2582 2104 2673 2159 sed
2717 2105 2818 2160 hoc
2848 2107 3016 2177 ipsum
3052 2128 3064 2163 :
3093 2111 3232 2166 sicut
3260 2113 3510 2169 Ecclesiae

1928 2190 2103 2242 multae
2127 2200 2177 2245 et
2210 2207 2309 2247 una
2352 2192 2589 2249 Ecclesia
2616 2238 2631 2264 ,
2674 2212 2777 2253 non
2823 2200 2996 2265 aliud,
3037 2203 3129 2257 sed
3171 2202 3273 2261 hoc
3314 2205 3507 2277 ipsum.

1926 2278 2033 2333 Cur
2056 2296 2184 2352 ergo
2208 2324 2221 2349 ,
2251 2300 2392 2339 mons
2420 2286 2547 2340 Sina
2584 2290 2671 2359 qui
2706 2291 2758 2343 in
2799 2293 3081 2348 servitutem
3119 2308 3322 2367 generat
3363 2298 3506 2372 (Gal.

1926 2387 1977 2425 tv
1999 2415 2013 2437 ,
2037 2373 2128 2445 ΞΑ)
2151 2414 2167 2440 ,
2198 2368 2334 2430 sieut
2363 2377 2489 2432 dicit
2517 2379 2841 2449 Apostolus?
2870 2384 2949 2438 An
2978 2387 3112 2441 forte
3143 2386 3249 2443 Lex
3278 2368 3399 2460 ipsa,
3424 2390 3510 2445 in-

1925 2464 2203 2535 telligenda
2234 2475 2316 2522 est
2342 2468 2391 2521 in
2420 2478 2599 2525 monte
2621 2470 2746 2527 Sina
2771 2514 2785 2539 ,
2811 2489 2969 2544 quam
2999 2476 3365 2535 distillaverttnt
3395 2482 3508 2538 caeli

1922 2570 1953 2607 a
1982 2556 2113 2625 facie
2142 2555 2255 2622 Dei,
2281 2567 2335 2613 ut
2361 2566 2498 2616 terra
2524 2563 2853 2619 moveretur?
2880 2576 2933 2620 et
2964 2568 3076 2637 ipse
3101 2578 3181 2624 est
3205 2579 3358 2626 terra:
3388 2588 3506 2627 mo-

1924 2655 2027 2713 tus,
2058 2663 2177 2703 cum
2201 2651 2581 2708 conturbantur
2606 2653 2850 2712 homines
2873 2699 2888 2725 ,
2913 2660 3035 2729 quia
3060 2659 3254 2730 Legem
3282 2662 3505 2733 implere

1922 2751 2025 2790 non
2054 2741 2300 2809 possunt?
2325 2742 2479 2807 Quod
2504 2744 2545 2797 si
2569 2743 2640 2798 ita
2669 2754 2769 2811 est,
2798 2746 2913 2802 haec
2942 2758 3023 2804 est
3044 2758 3098 2805 et
3120 2751 3291 2821 pluvia
3312 2755 3503 2810 volun-

1923 2829 2073 2896 taria,
2097 2831 2162 2886 de
2187 2847 2289 2903 qua
2318 2845 2706 2905 consequenter
2729 2837 2877 2906 dicit,
2905 2838 3140 2896 Ptuviam
3167 2842 3502 2900 voluntariam

1920 2939 2212 2996 segregans,
2240 2925 2395 2993 Deus,
2421 2929 2700 2986 ltarreditati
2731 2942 2831 2989 tua:
2845 2952 2865 3000 ;
2885 2936 3005 3005 quia
3032 2952 3137 2993 non
3160 2937 3283 2994 fecit
3308 2939 3385 2996 sic
3408 2942 3501 2997 ulli

1918 3015 2082 3083 genti,
2105 3017 2364 3085 etjudicia
2391 3035 2482 3074 sua
2506 3037 2609 3075 non
2638 3023 2996 3080 manifestavit
3016 3026 3093 3083 eis
3111 3026 3279 3098 (Psal.
3297 3046 3497 3099 cnvn,

1918 3104 2031 3177 ΩΟ).
2054 3107 2356 3179 Segregavit
2376 3110 2549 3183 itaque
2576 3115 2803 3184 pluviam
2827 3116 2960 3173 hanc
2981 3118 3331 3177 voluntariam
3360 3123 3500 3181 Deus

1920 3195 2211 3253 hnreditati
2241 3216 2351 3255 sue
2370 3242 2387 3268 ,
2417 3204 2558 3274 quod
2588 3204 2782 3275 Legem
2810 3206 2973 3263 dedit.
3006 3209 3069 3263 Et
3092 3210 3350 3281 inﬁrntata
3377 3222 3453 3269 est
3481 3230 3500 3270 :

1918 3289 2002 3344 vel
2040 3289 2151 3360 ipsa
2188 3290 2330 3360 Lex,
2363 3297 2445 3352 vel
2483 3296 2595 3367 ipsa
2640 3297 2944 3355 hrereditas.
2984 3301 3091 3358 Lex
3130 3304 3392 3361 infirmata
3421 3308 3500 3363 sic

1917 3383 2084 3455 accipi
2114 3394 2307 3455 potest,
2335 3402 2400 3442 eo
2419 3388 2559 3459 quod
2588 3404 2693 3444 non
2724 3382 3069 3462 impleretur:
3100 3410 3203 3450 non
3225 3397 3360 3468 quod
3386 3397 3498 3469 ipsa

1917 3474 2121 3531 infirma
2153 3478 2247 3542 sit,
2280 3478 2371 3533 sed
2398 3479 2537 3549 quod
2571 3480 2809 3536 infirmos
2836 3481 2958 3538 facit
2982 3484 3232 3541 minando
3261 3501 3496 3557 ptenam,

1916 3581 2015 3621 nec
2040 3567 2340 3637 adjuvando
2370 3585 2463 3639 per
2498 3573 2743 3641 gratiam.
2773 3571 2907 3627 Nam
2949 3583 3004 3629 et
3048 3574 3337 3644 Apostolus
3380 3578 3498 3651 ipso

1916 3659 2077 3716 verbo
2120 3676 2245 3718 usus
2272 3673 2381 3729 est,
2433 3664 2519 3718 ubi
2568 3664 2675 3732 ait,
2709 3664 2858 3731 Quod
2896 3668 3027 3722 enim
3054 3668 3363 3738 impossibile
3390 3682 3498 3726 erat

1914 3749 2066 3823 Legi,
2100 3753 2154 3806 in
2180 3770 2278 3824 quo
2316 3753 2667 3823 inﬁrmabatur
2694 3773 2784 3826 per
2821 3773 3020 3813 carnent
3037 3776 3057 3825 ,°
3086 3760 3386 3831 significare
3410 3777 3499 3819 vo-

1915 3840 2028 3897 lens
2063 3843 2186 3913 quia
2212 3859 2309 3915 pcr
2332 3845 2574 3915 Spiritum
2614 3847 2862 3918 impletur
2896 3867 2909 3904 :
2938 3857 3115 3906 tamen
3159 3852 3323 3922 ipsam
3363 3852 3504 3909 dixit

1915 3930 2168 3987 infirmari
2192 3975 2208 4002 ,
2239 3948 2357 3989 cum
2383 3934 2449 3991 ab
2487 3935 2708 3992 infirmis
2737 3953 2843 3993 non
2870 3939 3036 4009 possit
3063 3940 3290 4010 impleri.
3341 3941 3494 3998 fitfit:-

1913 4032 2054 4078 mata
2084 4041 2210 4080 vero
2250 4027 2359 4097 ipsa
2389 4026 2670 4084 hzcreditas
2689 4071 2703 4093 ,
2732 4028 2785 4084 id
2822 4038 2904 4085 est
2928 4031 3042 4101 ipse
3082 4035 3308 4103 populus
3327 4075 3344 4102 ,
3372 4034 3509 4090 data

1913 4116 2016 4172 sibi
2045 4116 2206 4187 Lege,
2230 4119 2345 4173 sine
2373 4120 2475 4173 ulla
2498 4120 2838 4190 ambiguitate
2869 4122 3196 4193 intelligitur.
3228 4124 3337 4179 Lex
3362 4127 3495 4181 enim

1913 4206 2206 4260 subintravit
2225 4247 2240 4272 ,
2268 4216 2323 4259 ut
2342 4207 2617 4260 abundaret
2644 4208 2898 4262 delictum.
2922 4209 3073 4277 Quod
3112 4221 3286 4267 autem
3317 4216 3496 4283 sequi.

1913 4301 2029 4357 tur,
2057 4293 2138 4348 Tu
2184 4311 2297 4349 vero
2326 4296 2576 4367 perfecisti
2603 4313 2714 4350 eattt
2735 4337 2749 4361 ,
2778 4297 2843 4352 ad
2872 4298 3065 4369 Legem
3114 4300 3184 4355 ita
3231 4300 3488 4368 refertur,

1912 4385 2031 4454 quia
2059 4384 2345 4440 secundum
2374 4385 2498 4440 illud
2528 4386 2780 4456 perfecta,
2807 4388 2857 4443 id
2883 4398 2965 4445 est
2985 4390 3195 4460 impleta
3220 4401 3322 4457 est;
3348 4396 3489 4463 quod

1914 4473 2170 4529 Dominus
2197 4475 2248 4529 iu
2280 4474 2565 4546 Evangelia
2591 4476 2714 4531 dicit
2743 4494 2756 4531 :
2786 4476 2908 4533 Non
2934 4481 3043 4534 veni
3070 4479 3251 4552 Legem
3280 4482 3488 4548 solvere,

1912 4564 2000 4619 sed
2023 4565 2231 4635 implere
2257 4565 2467 4635 (Matth.
2507 4582 2573 4632 v,
2620 4566 2736 4639 17).
2779 4566 2931 4624 [inde
2974 4579 3029 4624 et
3073 4571 3357 4640 Apostolus
3401 4579 3488 4644 qui

1911 4656 2118 4710 dixerat
2144 4654 2339 4726 Legem
2371 4656 2686 4711 infirmatam
2709 4672 2827 4713 esse
2851 4675 2942 4729 per
2963 4674 3198 4727 carnem,
3222 4663 3349 4741 quia;
3365 4678 3518 4730 caro,

1913 4762 2017 4802 non
2045 4747 2226 4817 implet
2254 4746 2392 4816 quod
2437 4762 2531 4816 per
2571 4749 2808 4818 spiritum
2847 4750 3127 4819 impletur,
3177 4752 3229 4807 id
3271 4763 3354 4809 est
3397 4769 3517 4825 per.

1911 4837 2131 4908 gratiam
2162 4837 2509 4907 spiritualem;
2541 4838 2654 4908 ipse
2682 4839 2807 4893 item
2835 4838 2961 4893 dicit
2987 4858 3000 4893 :
3029 4840 3097 4896 Ut
3115 4842 3319 4912 justitia
3340 4841 3488 4916 Legis

1912 4930 2203 4999 impleretur
2230 4930 2282 4983 in
2313 4928 2473 4997 nobis,
2499 4931 2585 5002 qui
2605 4947 2704 4985 non
2727 4916 3003 4985 secundum
3034 4950 3234 4989 carnem
3261 4936 3487 4991 ambula-

1910 5035 2039 5084 mus,
2062 5018 2152 5073 sed
2178 5020 2449 5073 secundum
2476 5007 2704 5095 spiritum
2735 5019 2909 5093 (Rom.
2939 5038 3047 5090 vul,
3082 5025 3133 5089 5,
3166 5027 3245 5094 4).
3275 5026 3384 5080 lloc
3404 5037 3485 5081 est

1910 5122 2036 5177 ergo
2059 5147 2086 5177 ,1
2113 5106 2193 5161 Tu
2220 5124 2334 5161 vero
2358 5107 2610 5177 ρει-[εεὶδιὶ
2633 5126 2774 5177 eam;
2805 5112 2923 5181 quia
2956 5112 3215 5182 plenitudo
3242 5112 3391 5183 Legi:
3412 5126 3485 5170 est

1910 5197 2129 5251 cltaritas
2171 5196 2280 5263 (Id.
2324 5194 2449 5275 aut,
2486 5198 2611 5269 10);
2643 5211 2696 5256 et
2734 5201 2954 5256 citat-itas
2988 5200 3086 5256 Dei
3114 5201 3299 5269 diffusa
3323 5214 3393 5275 est
3429 5206 3482 5263 in
3518 5194 3521 5199 ’

1908 5286 2140 5341 cordibus
2160 5288 2345 5365 nostris
2368 5329 2382 5352 ,
2408 5304 2509 5342 non
2540 5305 2634 5359 per
2662 5305 2758 5345 nos
2792 5292 2933 5362 ipsos
2951 5332 2965 5357 ,
2992 5290 3087 5347 sed
3114 5308 3203 5361 per
3223 5291 3482 5364 Spiritum
3520 5362 3523 5369 ~

1908 5387 2133 5433 sanetum
2156 5377 2242 5444 qui
2283 5378 2432 5433 datus
2471 5389 2541 5434 est
2585 5380 2725 5434 nobis
2752 5396 2770 5435 :
2799 5381 2900 5435 hoc
2926 5390 3035 5447 est,
3068 5374 3144 5435 Tu
3172 5398 3285 5437 vero
3311 5391 3480 5458 perfe-

1907 5470 2019 5523 εἱειὶ
2045 5485 2178 5536 eam,
2201 5470 2243 5524 si
2266 5467 2458 5539 Legem
2481 5470 2766 5540 perfecisse
2789 5470 3133 5545 intelligatur;
3156 5473 3200 5527 si
3222 5488 3349 5529 vero
3370 5475 3479 5531 hce-

1909 5559 2183 5614 reditatem
2210 5597 2227 5624 ,
2269 5558 2471 5615 facilior
2509 5570 2591 5613 est
2627 5560 2942 5616 intellectus.
2984 5560 3041 5616 Si
3072 5562 3218 5617 enim
3264 5574 3478 5635 prepter

1908 5650 2009 5704 hoc
2031 5649 2169 5703 dicta
2203 5656 2284 5704 est
2312 5649 2587 5704 hmrcdilas
2622 5650 2715 5705 Dci
2741 5651 3001 5705 infirmata
3021 5690 3037 5717 ,
3069 5652 3120 5706 id
3145 5664 3227 5709 est
3254 5656 3476 5724 populus

1907 5742 1999 5796 Dei
2029 5741 2322 5795 infirmatus
2348 5740 2466 5796 data
2493 5739 2649 5809 Lege,
2670 5740 2790 5811 quia
2821 5739 2928 5795 Lex
2949 5742 3240 5799 subintravit
3260 5787 3275 5813 ,
3298 5757 3352 5799 ut
3379 5746 3471 5801 ab.

1910 5830 2117 5887 undaret
2147 5830 2379 5885 delictum
2404 5846 2423 5884 :
2442 5840 2568 5897 tngo
2593 5839 2641 5885 et
2666 5832 2802 5907 quod
2826 5832 3082 5903 sequitur,
3120 5833 3194 5889 Tu
3218 5853 3328 5891 vero
3359 5853 3491 5906 per--
