4038 6480
500 425 603 481 819

499 533 655 605 fecisti
682 548 810 595 eam,
841 546 909 586 ex
937 530 1028 586 illo
1053 527 1359 598 intelligitur
1383 524 1525 596 quod
1549 523 1705 578 etiam
1731 521 1786 576 in
1816 517 2070 591 Apostolo

501 623 756 693 sequitur,
784 619 881 675 Ubi
900 629 1066 673 autem
1092 615 1357 671 abundavit
1378 615 1631 678 delictum,
1656 607 2072 678 superabundavit

502 715 660 785 gtalia
678 715 852 784 (llam.
866 728 917 777 v,
938 712 993 777 ὅ,
1008 708 1124 779 20).
1141 708 1378 778 Namque
1388 703 1687 761 abundante
1699 700 1911 765 delicto,
1931 699 2072 752 mul-

502 805 746 875 tiplicaue
762 812 886 859 sunt
899 800 1233 857 inﬁrmitates
1247 811 1452 861 eorum;
1472 803 1525 850 et
1546 801 1723 865 postea
1739 790 2071 846 accelerave-

504 906 624 952 runt
662 896 830 967 (Psul.
873 910 977 962 xv,
1003 893 1061 966 ι)
1090 912 1103 948 :
1136 894 1256 964 quia
1284 892 1679 961 ingemuerunt,
1710 896 1764 941 et
1791 886 2073 940 invocave-

503 997 645 1051 runt,
680 995 736 1040 ut
764 987 879 1056 ipso
906 984 1188 1055 adjuvante
1213 981 1523 1051 impleretur
1545 976 1687 1048 quod
1716 976 1832 1046 ipso
1855 974 2075 1048 jubente

503 1066 611 1131 non
637 1076 969 1146 implebatur.

576 1167 663 1222 12.
698 1168 792 1222 Est
816 1169 868 1221 in
897 1166 981 1223 his
1007 1165 1181 1220 verbis
1207 1172 1260 1218 et
1287 1162 1420 1217 alius
1445 1174 1634 1217 sensus
1654 1202 1669 1228 ,
1697 1157 1787 1229 qui
1826 1156 2075 1229 probabi-

504 1259 604 1312 lior
641 1257 772 1313 mihi
798 1257 1022 1312 videtur.
1066 1240 1226 1310 lilulto
1257 1253 1399 1309 enim
1433 1250 1810 1322 congruentius
1835 1247 2079 1318 intelligi-

507 1361 592 1404 tur
620 1349 728 1418 ipsa
756 1348 921 1419 gratia
946 1347 1119 1416 pluvia
1145 1345 1439 1401 voluntaria
1460 1386 1475 1410 ,
1516 1343 1639 1414 quia
1675 1341 1834 1396 nullis
1875 1353 2076 1410 prazce-

504 1438 749 1493 dentibus
771 1451 988 1507 cperam
1022 1435 1221 1490 meritis
1248 1433 1411 1505 gratis
1431 1432 1604 1513 datur.
1635 1430 1696 1487 Si
1720 1430 1852 1485 enim
1878 1429 2079 1499 gratia;

503 1536 611 1601 iam
639 1550 738 1587 non
762 1548 824 1587 ex
848 1532 1079 1602 aperibus
1108 1546 1129 1585 .'
1152 1529 1374 1600 alioquin
1392 1528 1555 1600 gratia
1575 1529 1682 1589 iant
1701 1541 1802 1579 non
1824 1533 1897 1579 est
1916 1522 2081 1594 gratia

508 1624 680 1697 (Rom.
725 1639 808 1689 χι,
854 1623 934 1693 6).
968 1621 1090 1677 Non
1123 1622 1253 1676 enim
1297 1619 1478 1689 dignus
1504 1634 1648 1683 sum,
1680 1615 1884 1687 inquit,
1913 1613 2081 1667 vocari

506 1711 793 1786 apostolus,
824 1714 943 1785 quia
981 1722 1265 1782 persecutus
1299 1726 1412 1771 sunt
1456 1707 1732 1762 Ecclesium
1758 1705 1851 1759 Dei
1879 1703 2083 1775 :gratia

508 1814 677 1858 autem
705 1802 796 1857 Dei
825 1820 935 1859 sum
961 1802 1015 1857 id
1055 1801 1188 1873 quod
1211 1816 1322 1855 sum
1359 1798 1399 1870 (l
1429 1796 1545 1854 Cor.
1575 1812 1662 1862 xv,
1690 1795 1724 1851 9
1743 1803 1791 1850 et
1820 1796 1932 1867 10).
1960 1794 2085 1849 Haec

508 1903 589 1948 est
633 1891 805 1963 pluvia
847 1891 1163 1947 voluntaria.
1210 1887 1504 1944 Voluntarie
1550 1887 1736 1958 quippe
1780 1885 1949 1958 genuit
1991 1899 2084 1940 nos

508 1982 653 2037 verba
684 1982 902 2037 veritatis
944 1980 1143 2053 (Jacobi
1168 1997 1220 2046 ι,
1254 1976 1365 2052 18).
1404 1978 1528 2034 Haec
1566 1976 1740 2048 pluvia
1768 1975 2083 2030 voluntaria.

508 2060 636 2131 Inde
663 2074 783 2128 alibi
811 2073 1003 2128 dicitur
1031 2092 1044 2127 :
1074 2071 1231 2127 Scuto
1252 2072 1393 2127 bona:
1416 2070 1684 2125 voluntatis
1717 2078 1819 2123 tua:
1835 2067 2087 2122 coronasti

509 2180 601 2219 nos
623 2162 790 2235 (Psal.
820 2180 873 2231 v,
904 2162 1016 2233 15).
1043 2162 1199 2217 [stam
1228 2161 1460 2231 pluviam
1481 2202 1496 2228 ,
1527 2175 1646 2217 cum
1673 2160 1810 2216 Deus
1840 2159 2088 2215 transiret

510 2256 564 2309 in
585 2255 830 2324 deserto,
856 2255 908 2310 id
937 2264 1052 2322 est,
1084 2255 1457 2325 praedicaretur
1482 2254 1532 2308 in
1553 2253 1809 2309 Gentibus
1829 2294 1842 2317 ,
1873 2252 1984 2307 caeli
2003 2253 2086 2307 di-

510 2347 821 2401 stillaverunt
856 2363 875 2401 :
910 2363 1016 2401 non
1054 2356 1228 2402 tamen
1268 2361 1297 2400 a
1337 2345 1525 2415 seipsis
1549 2386 1563 2411 ,
1593 2345 1685 2401 sed
1726 2362 1759 2399 a
1794 2345 1925 2415 facie
1952 2344 2084 2410 Dei,

512 2437 756 2506 quoniam
784 2446 837 2492 et
864 2436 962 2508 ipsi
990 2436 1158 2508 gratia
1178 2435 1270 2492 Dei
1301 2443 1425 2490 sunt
1451 2434 1503 2491 id
1526 2435 1665 2506 quod
1703 2442 1846 2490 sunt.
1878 2434 1943 2489 Et
1969 2432 2088 2488 ideo

510 2541 655 2580 mons
684 2525 831 2592 Sina,
864 2526 984 2596 quia
1015 2538 1068 2581 et
1094 2526 1207 2597 ipse
1232 2525 1319 2596 qui
1348 2525 1466 2596 plus
1491 2525 1733 2582 omnibus
1754 2524 1858 2579 illis
1879 2524 2088 2580 labora-

510 2618 622 2683 vit,
652 2632 756 2672 non
789 2618 901 2688 ipse
930 2626 1104 2673 autem
1125 2658 1139 2682 ,
1172 2616 1267 2672 sed
1304 2616 1471 2688 gratia
1497 2617 1588 2671 Dei
1614 2632 1735 2672 cum
1773 2616 1862 2671 illo
1887 2615 1929 2687 (l
1966 2614 2086 2671 Cor.

508 2726 601 2776 xv,
633 2708 721 2781 l0)
743 2751 756 2775 ,
790 2718 845 2763 ut
865 2708 1217 2764 abundantius
1241 2706 1523 2764 distillaret
1544 2707 1595 2762 in
1626 2708 1900 2778 gentibus,
1930 2706 1982 2762 id
2007 2714 2090 2762 est

510 2798 563 2853 in
593 2799 824 2867 deserto,
854 2800 940 2854 ubi
965 2798 1207 2869 Christus
1234 2814 1339 2855 non
1365 2807 1479 2855 erat
1507 2798 1869 2864 annuntiatus,
1899 2811 1966 2853 ne
1994 2813 2088 2853 su-

511 2906 605 2961 per
631 2891 863 2947 alienum
893 2888 1289 2946 fundamentum
1319 2887 1606 2953 aedificaret
1636 2886 1809 2962 (Rom.
1838 2903 1938 2953 xv,
1971 2887 2085 2958 20);

512 2981 644 3049 ipse,
668 2981 899 3050 inquam,
922 2978 1154 3035 Israelita
1182 2988 1297 3034 erat
1326 2995 1392 3034 ex
1420 2993 1613 3050 genere
1636 2978 1796 3034 Israel
1817 3019 1831 3043 ,
1857 2977 1924 3033 de
1950 2976 2091 3033 tribu

512 3071 783 3141 Beniamin
809 3070 1063 3145 (Philipp.
1083 3087 1139 3126 ιιι
1159 3113 1174 3139 ,
1202 3071 1255 3141 5,)
1288 3088 1300 3124 :
1326 3078 1379 3127 et
1406 3071 1522 3140 ipse
1547 3085 1673 3141 ergo
1700 3070 1750 3123 in
1780 3070 2087 3126 servitutem

509 3172 790 3233 generatus
819 3171 950 3226 erat,
982 3161 1047 3219 de
1072 3162 1365 3219 Jerusalem
1396 3171 1605 3216 terrena
1633 3179 1751 3233 qua:
1778 3163 1940 3218 servit
1965 3178 2086 3218 cum

512 3252 633 3306 tlliis
653 3254 781 3321 suis,
806 3262 858 3309 et
886 3253 1003 3308 ideo
1021 3255 1431 3325 persequebatur
1450 3252 1757 3309 Ecelesiam.
1777 3251 1929 3322 Nam,
1946 3254 2089 3326 quod

512 3345 625 3413 ipse
651 3345 1009 3413 commonuit,
1027 3336 1294 3399 sicuttunc
1317 3345 1402 3418 qui
1428 3343 1701 3400 secundum
1726 3362 1924 3399 carnem
1940 3362 2090 3416 gene-

509 3445 648 3490 ratus
671 3445 745 3489 est
768 3436 1149 3508 persequebatur
1164 3454 1274 3491 eum
1293 3438 1378 3508 qui
1400 3436 1671 3492 secundum
1687 3437 1941 3508 spiritum;
1956 3438 2026 3489 itu
2043 3445 2088 3490 et

511 3531 641 3580 nunc
668 3526 803 3598 (Gal.
825 3527 1219 3600 tv,25,?9).Sed
1233 3528 1646 3585 misericordiam
1673 3538 1987 3584 consecutus
2007 3538 2089 3584 est

509 3617 628 3687 quia
650 3618 893 3687 ignorans
909 3618 1029 3674 fecit
1045 3619 1094 3673 in
1117 3619 1485 3676 incredulitate
1508 3619 1549 3692 (ι
1573 3618 1700 3673 Tim.
1726 3635 1772 3683 ι,
1805 3618 1912 3691 15).
1932 3618 2082 3673 Mira.

511 3722 630 3761 mur
654 3724 781 3780 ergo
808 3709 946 3780 quod
977 3710 1086 3765 caeli
1119 3710 1487 3766 distillaverunt
1516 3729 1547 3764 a
1581 3712 1707 3782 facie
1744 3709 1841 3764 Dei
1872 3728 1890 3765 :
1921 3712 2088 3783 magis

511 3798 767 3852 miremur
794 3799 933 3869 quod
965 3817 1105 3853 ntons
1133 3800 1281 3867 Sina,
1307 3802 1359 3871 id
1384 3811 1487 3867 est,
1514 3803 1599 3872 qui
1626 3802 1769 3870 prius
1796 3817 2085 3873 perseque-

511 3887 684 3951 batur,
711 3888 964 3943 Hebrteus
989 3904 1051 3944 ex
1071 3889 1306 3945 lleb’raeis
1325 3933 1340 3957 ,
1369 3892 1657 3947 secundum
1686 3890 1879 3962 Legem
1911 3892 2086 3963 phari-

510 3988 650 4030 saeus
676 3975 932 4048 (Philipp.
958 3994 1034 4047 ιιι,
1056 3978 1130 4050 5).
1150 3980 1285 4047 Quid
1303 3988 1475 4034 autem
1496 3982 1783 4036 miremur?
1807 3981 1920 4037 Non
1942 3980 2100 4038 cnim-

509 4064 543 4122 θ’
567 4065 763 4136 seipse,
785 4068 876 4123 sed
895 4069 1033 4139 quod
1059 4070 1315 4139 sequitur,
1336 4089 1366 4123 a
1384 4072 1510 4141 facie
1533 4070 1633 4143 Dei
1655 4069 1858 4138 Israel;
1887 4073 1952 4127 de
1977 4068 2100 4145 quoi

509 4159 622 4227 ipse
651 4159 810 4225 dicit,
844 4152 908 4213 Et
932 4177 1082 4232 super
1126 4159 1293 4217 Israel
1334 4161 1430 4217 Dei
1474 4162 1611 4235 (Gal.
1642 4158 1695 4219 vt
1720 4205 1735 4232 ,
1767 4164 1852 4235 16)
1881 4162 1949 4221 de
1978 4149 2098 4249 quo:

508 4248 762 4304 Dominus
791 4249 949 4317 dicit,
990 4250 1120 4305 Ecce
1145 4267 1255 4306 vere
1281 4249 1514 4307 Israelita
1536 4295 1552 4320 ,
1583 4254 1635 4307 in
1680 4271 1778 4325 quo
1806 4254 1953 4311 dolus
1980 4248 2105 4310 non"

505 4340 576 4393 est
620 4337 794 4409 (Joan.
839 4354 888 4405 ι,
937 4338 1051 4414 47).
1098 4341 1246 4396 lianc
1276 4350 1412 4414 ergo
1454 4343 1682 4411 pluviam
1730 4342 2079 4400 voluntariam

505 4431 663 4486 nullis
693 4432 1110 4502 praecedentibus
1138 4434 1340 4490 meritis
1366 4451 1582 4506 operum
1609 4435 1866 4491 bonorum
1895 4451 2089 4509 segre-V

502 4520 643 4593 gavit
673 4518 810 4579 Deus
835 4524 1129 4581 bmreditati
1170 4540 1300 4580 sum.
1330 4524 1398 4579 Et
1431 4527 1688 4595 inﬁrmata
1722 4536 1814 4582 est.
1852 4528 2081 4599 Agnovit

503 4616 643 4670 enim
688 4626 790 4670 non
818 4632 936 4672 esse
961 4632 1020 4673 se
1047 4616 1243 4688 aliquid
1288 4632 1382 4688 per
1418 4612 1685 4689 seipsum;
1730 4632 1833 4672 non
1874 4617 2076 4674 viribus

504 4705 629 4771 suis,
665 4707 754 4760 sed
786 4709 967 4778 gratias
995 4708 1088 4764 Dei
1112 4708 1444 4763 tribuendum
1470 4724 1590 4765 esse
1614 4709 1752 4781 quod
1782 4721 1880 4767 est.
1905 4712 2073 4782 Agno-
2096 4696 2102 4709 ⁵

502 4796 574 4850 vit
615 4797 750 4861 quod
778 4798 971 4853 dictum
1013 4808 1134 4855 est:
1165 4799 1234 4853 In
1262 4786 1636 4869 inﬁrmitatibus
1665 4798 1786 4856 meis
1820 4802 2075 4873 gloriabor

502 4882 569 4954 (ll
599 4882 715 4939 Cor.
748 4900 843 4953 xu,
870 4886 947 4957 9).
978 4889 1202 4960 Agnovit
1227 4889 1367 4960 quod
1392 4889 1591 4944 dictum
1618 4899 1733 4945 est:
1766 4889 1888 4944 Noli
1913 4890 2073 4948 altum

498 4991 695 5047 sapere,
723 4975 811 5029 sed
846 4977 961 5030 time
989 4978 1161 5049 (Rom.
1195 4997 1251 5035 ιιι
1271 5023 1286 5049 ,
1314 4978 1425 5051 20).
1458 4981 1685 5051 Agnovit
1708 4981 1847 5051 quod
1870 4982 2070 5040 dictum
2100 4972 2103 4975 Ἴ

495 5075 616 5121 est:
653 5064 943 5122 Iluntilibus
968 5076 1131 5124 autent
1164 5071 1250 5146 dat
1276 5068 1491 5143 gratiam
1529 5069 1731 5142 (Jacobi
1773 5087 1856 5138 tv,
1892 5073 1967 5142 6).
2002 5072 2071 5130 Et

496 5155 876 5235 inﬂrntata‘est,‘
907 5166 960 5211 tu
984 5172 1097 5211 vero
1131 5162 1378 5232 perfecisti
1398 5179 1507 5215 eam
1531 5177 1549 5215 .'
1579 5160 1699 5232 quia
1728 5162 1883 5216 virtus
1908 5164 1962 5219 in
1986 5168 2067 5221 in-
2100 5149 2106 5156 ’

496 5248 733 5314 ﬁrmitate
759 5249 1013 5319 per/icitur
1044 5249 1108 5320 (ll
1137 5248 1253 5305 Cor.
1285 5268 1360 5306 xu
1384 5295 1398 5320 ,
1422 5254 1500 5324 9).
1524 5236 1743 5322 Quidam
1772 5269 1899 5311 sane
1924 5242 2069 5313 codi4
2130 5267 2145 5280 ‘

493 5353 602 5404 ces,
630 5348 684 5395 et
711 5341 859 5396 latini
890 5348 943 5397 et
967 5342 1146 5413 grasei,
1177 5356 1281 5396 non
1308 5341 1522 5410 habent,
1557 5360 1697 5400 mons
1726 5343 1891 5425 Sina;
1921 5347 2013 5402 sed
2036 5365 2070 5404 a
2098 5410 2109 5431 ,1

493 5434 625 5503 facie
651 5433 746 5488 Dei
776 5436 904 5492 Sina
920 5479 933 5502 ,
961 5455 992 5490 α
1019 5438 1149 5507 facie
1172 5430 1269 5496 Dei
1286 5438 1468 5496 Israel.
1494 5442 1549 5496 ld
1574 5451 1690 5509 est,
1713 5443 1824 5497 σαειὶ
1844 5444 2065 5499 distilla-

492 5538 665 5582 vcrunt
685 5546 715 5580 a
749 5529 878 5600 facie
901 5528 995 5584 Dei
1024 5546 1044 5586 :
1070 5542 1122 5587 et
1142 5534 1288 5603 quasi
1320 5544 1644 5604 quaereretur
1683 5538 1834 5609 cujus
1873 5539 2000 5605 Dei;
2033 5557 2070 5594 a

491 5619 619 5687 [acie
644 5618 759 5683 Dei,’
785 5620 981 5691 inquit,
1015 5624 1162 5693 Sina,
1187 5643 1216 5678 tt
1245 5627 1374 5697 facie
1399 5624 1495 5681 Dei
1519 5626 1719 5694 Israel;
1746 5629 1796 5685 id
1821 5639 1901 5686 est
1927 5646 1959 5699 ει
1983 5630 2064 5686 ia-
2104 5692 2108 5699 ,

489 5709 571 5763 cie
594 5706 690 5763 Dei
734 5712 821 5779 qui
856 5713 1044 5782 Legem
1076 5714 1220 5771 dedit
1266 5717 1460 5788 populo
1490 5717 1671 5773 Israel.
1720 5720 1907 5785 Quare.
1935 5737 2065 5794 ergo

490 5799 601 5859 ατιὶ
639 5800 1000 5859 distillaverunt
1022 5823 1051 5858 u
1075 5808 1204 5877 [acie
1231 5807 1326 5863 Dei
1343 5852 1359 5879 ,
1399 5824 1429 5865 a
1456 5808 1587 5867 facie
1615 5807 1767 5884 huius
1807 5812 1894 5866 Dei
1916 5854 1929 5878 ,
1961 5814 2061 5868 nisi

1712 410 1771 461 δ.
1814 401 2173 489 AUGUSTINI
2217 402 2519 483 EPISCOPI

2179 516 2300 591 quia
2343 516 2421 570 sic
2465 516 2850 586 impletumcst
2878 514 3357 585 quodprutdictum
3382 528 3468 591 est
3497 537 3512 573 :
3537 520 3759 591 Benedi.

2177 588 2388 659 cliuttent
2419 605 2557 659 dabit
2590 605 2677 676 qui
2703 603 2886 676 Legem
2915 604 3051 659 dedit
3074 604 3245 675 (Psal.
3276 588 3474 663 usqu
3495 651 3511 675 ,
3537 610 3637 681 8)?

2178 712 2322 765 gem,
2357 711 2459 766 qua
2489 682 2684 752 terreat
2710 694 2776 751 de
2819 696 3065 752 humanis
3090 696 3290 753 viribus
3317 709 3760 770 prsesumeutetn,

2178 783 2602 850 benedictionem,
2643 799 2747 854 qua
2787 785 2975 841 liberet
3013 785 3066 839 in
3106 786 3275 849 Deum
3312 799 3641 859 sperantem.
3684 791 3762 846 Tu

2180 889 2309 944 ergo
2347 875 2646 945 perfecisti,
2680 875 2841 945 Deus,
2870 875 3237 941 bmreditatem
3268 891 3441 948 tuam;
3469 884 3592 952 quia
3620 884 3768 939 inlic-

2180 972 2321 1019 mata
2348 974 2430 1020 est
2459 964 2512 1019 in
2542 980 2630 1034 se,
2658 972 2716 1021 ut
2742 964 3089 1035 perﬁceretur
3113 967 3207 1025 abs
3228 976 3300 1024 te.

2253 1038 2515 1128 iﬁllvers.
2548 1055 2660 1131 11.]
2688 1057 2945 1113 Animalia
2972 1068 3058 1113 tua
3081 1060 3429 1116 inhabitabant
3447 1064 3500 1117 in
3528 1081 3609 1118 ea.
3635 1062 3765 1136 Tua,

2183 1162 2289 1202 non
2311 1162 2440 1214 sua;
2472 1147 2561 1203 tibi
2590 1148 2831 1217 subdita,
2855 1165 2966 1206 non
2995 1151 3096 1206 sibi
3120 1151 3320 1219 libera;
3344 1154 3411 1209 ad
3442 1162 3494 1225 te
3518 1156 3728 1225 egentia
3748 1196 3767 1224 ,

2183 1252 2289 1292 non
2331 1238 2432 1293 sibi
2474 1239 2809 1297 sufﬁcientia.
2852 1241 3088 1312 Denique
3133 1242 3370 1313 sequitur
3410 1262 3425 1297 :
3471 1244 3679 1302 Parasti
3716 1249 3767 1318 in

2186 1336 2273 1381 tua
2300 1329 2543 1383 suavitate
2564 1332 2724 1400 egenti
2752 1329 2910 1387 Deus.
2941 1330 3009 1387 In
3043 1340 3129 1401 tua
3165 1335 3441 1400 suavitate,
3481 1352 3589 1391 non
3631 1338 3770 1395 illius

2177 1410 2452 1482 facultate.
2484 1419 2657 1491 Egens
2681 1430 2764 1477 est
2789 1421 2955 1490 enim,
2986 1424 3247 1493 quoniam
3260 1424 3558 1483 inﬁrmatus
3588 1436 3690 1495 est,
3714 1440 3770 1487 ut

2187 1509 2489 1578 perﬁciatur
2540 1529 2553 1566 :
2596 1514 2811 1583 agnovit
2863 1529 2923 1570 se
2972 1504 3335 1586 indigentem,
3379 1528 3439 1574 ut
3476 1520 3767 1597 repleatur.

2188 1601 2313 1658 Haec
2339 1613 2421 1660 est
2448 1605 2537 1662 illa
2575 1608 2807 1663 suavitas
2835 1607 2903 1663 de
2945 1624 3047 1680 qua
3082 1610 3208 1665 alibi
3246 1610 3474 1679 dicitur,
3521 1612 3771 1673 Dominus

2190 1691 2327 1746 dabit
2355 1696 2684 1763 suavitatem,
2724 1707 2770 1750 et
2814 1706 2945 1751 terra
2973 1708 3147 1754 nostra
3187 1700 3325 1755 dabit
3362 1707 3584 1771 fructum
3625 1722 3771 1760 suum

2192 1782 2360 1857 (Psal.
2389 1801 2607 1853 Lxxnv,
2646 1787 2749 1857 1⁵5)
2776 1806 2787 1842 :
2819 1796 2876 1844 ut
2904 1789 3101 1845 bonum
3126 1805 3260 1861 opus
3288 1792 3387 1848 ﬁat
3405 1808 3513 1848 non
3548 1794 3771 1865 timore,

2190 1874 2285 1931 sed
2315 1891 2531 1945 amore;
2559 1892 2665 1932 non
2705 1878 2985 1935 formidine
3021 1896 3192 1952 poena:
3215 1923 3237 1950 ,,
3282 1883 3374 1938 sed
3421 1883 3773 1943 delectatione

2186 1965 2405 2038 justitim
2445 1968 2485 2021 ί.
2514 1968 2630 2039 Ipsa
2659 1979 2738 2025 est
2779 1971 2921 2026 enim
2952 1988 3072 2026 vera
3113 1983 3167 2029 et
3211 1989 3340 2029 sana
3382 1975 3620 2032 libertas.
3667 1977 3774 2037 Sed

2192 2057 2446 2113 Dominus
2476 2057 2577 2115 hoc
2600 2061 2774 2131 egenti
2800 2062 3039 2132 paravit,
3082 2077 3185 2118 non
3216 2063 3503 2123 abundanti
3523 2107 3543 2130 ,
3568 2067 3653 2123 cui
3678 2082 3774 2143 op-

2195 2153 2410 2223 probrio
2439 2164 2520 2211 est
2547 2155 2646 2211 ista
2673 2165 2988 2226 paupertas;
3015 2156 3083 2213 de
3107 2158 3349 2229 qualibus
3374 2158 3498 2221 alibi
3526 2158 3724 2216 dicitur
3752 2177 3772 2217 :

2198 2242 2536 2314 Opprobrium
2581 2247 2659 2299 his
2697 2247 2782 2316 qui
2826 2245 3115 2312 abundant,
3162 2256 3208 2319 et
3254 2246 3504 2317 despectio
3545 2250 3774 2320 superbis

2199 2332 2368 2405 (Psal.
2398 2349 2572 2400 cxxu,
2606 2333 2682 2408 Δ).
2714 2335 2823 2393 llos
2850 2337 2993 2392 enim
3021 2335 3154 2391 dixit
3179 2336 3461 2407 superbos,
3487 2353 3619 2409 quos
3639 2339 3773 2397 dixit

2195 2425 2280 2495 qui
2311 2424 2601 2480 abundant.
3180 2488 3185 2493 ,

2267 2516 2353 2572 11.
2395 2514 2556 2590 [vers.
2586 2517 2703 2592 12.]
2728 2518 2979 2597 Dominus
3003 2520 3139 2574 dabit
3166 2520 3367 2576 verbum
3395 2536 3416 2576 :
3441 2521 3775 2593 cibariarsci-g

2186 2607 2319 2679 licet
2355 2608 2674 2665 animalibus
2721 2611 2830 2666 suis
2874 2626 2992 2680 quas
3037 2611 3488 2673 inltabitabuntin
3531 2606 3613 2670 ca.
3661 2613 3773 2686 Sed

2197 2696 2324 2768 quid
2345 2700 2706 2771 Operabuntur
2725 2700 2841 2757 hcce
2859 2702 3126 2769 animalia,
3151 2701 3343 2774 quibus
3362 2703 3508 2761 dabit
3528 2706 3775 2763 verbum?

2195 2786 2333 2860 quid
2373 2790 2477 2845 nisi
2536 2790 2703 2862 quod
2733 2793 3020 2863 sequitur?
3069 2793 3544 2865 Euangelizantibus
3593 2799 3777 2855 virtute

2196 2879 2374 2935 multa.
2405 2881 2516 2948 Qua
2548 2882 2742 2939 virtute
2761 2924 2777 2950 ,
2804 2876 2909 2939 nisi
2933 2882 3240 2963 fortitudine
3269 2888 3361 2958 illa
3387 2890 3442 2945 in
3467 2905 3570 2960 qua
3594 2890 3781 2961 educit

2195 2962 2559 3042 compeditos?
2584 2969 2834 3030 Fortasse
2861 2974 3022 3031 etiam
3046 2962 3295 3034 virtutem
3320 2978 3406 3037 hic
3432 2979 3779 3049 dicatrillam,

2195 3077 2297 3133 qua
2324 3064 2749 3134 evangelizantes
2777 3065 3035 3122 mirabilia
3065 3067 3212 3138 signa
3237 3067 3503 3135 fecerunt.
3580 3128 3583 3129 ν
3684 3134 3689 3135 ί
3774 3116 3782 3121 .

2270 3152 2357 3209 l5.
2386 3150 2538 3226 [vers.
2563 3154 2675 3231 15.]
2702 3156 2831 3226 Quis
2851 3172 2977 3229 ergo
3004 3158 3140 3213 dabit
3165 3158 3361 3214 verbum
3387 3162 3779 3231 evungelizanth

2196 3248 2286 3304 bus
2312 3249 2487 3305 virtute
2514 3251 2671 3303 multa
2692 3250 2718 3304 .9
2746 3250 2877 3316 Rex,
2909 3251 3098 3329 inquit,
3116 3253 3354 3309 virtutum
3380 3251 3585 3308 Dilecti.
3613 3253 3781 3311 Pater.

2196 3355 2322 3413 ergo
2349 3347 2431 3396 est
2470 3356 2568 3402 rex
2596 3341 2853 3398 virtutum
2888 3341 3028 3398 Filii.
3074 3341 3307 3398 Dilectus
3344 3344 3518 3411 enim,
3558 3345 3785 3416 quando

2196 3448 2300 3487 non
2330 3434 2543 3504 ponitur
2579 3433 2695 3503 quis
2737 3424 2995 3499 dilectus,
3026 3447 3121 3504 per
3144 3434 3564 3489 antonomasiam
3607 3434 3783 3503 Filius.

2196 3524 2380 3578 unicus
2434 3523 2759 3594 intelligitur.
2810 3525 2897 3579 An
2946 3524 3197 3579 virtutum
3251 3539 3468 3581 suarum
3514 3541 3609 3582 rex
3656 3527 3785 3597 ipse

2197 3614 2394 3682 Filius;
2440 3614 2691 3671 virtutum
2720 3614 2922 3671 scilicet
2950 3615 3051 3671 sibi
3094 3614 3479 3671 servientium?
3518 3617 3641 3687 quia
3664 3614 3775 3672 vir-

2194 3714 2295 3757 tute
2319 3706 2480 3759 multa
2506 3705 2957 3775 euangelizantibus
2994 3706 3133 3783 dabit
3168 3706 3369 3761 verbum
3397 3724 3487 3773 rea:
3510 3709 3787 3778 virtutum,

2193 3792 2261 3850 de
2300 3811 2413 3866 quo
2447 3790 2647 3849 dictum
2686 3803 2801 3861 est,
2844 3782 3093 3855 Dominus
3120 3782 3380 3873 virtutum,
3426 3798 3534 3868 ipse
3558 3808 3632 3853 est
3676 3817 3777 3865 rex

2193 3885 2373 3957 gloritu
2395 3886 2562 3958 (Psal.
2592 3904 2754 3957 χχιιι,
2784 3889 2848 3945 10
2866 3889 2905 3959 ),
2947 3888 3098 3957 Quod
3122 3898 3310 3963 autem
3339 3905 3447 3945 non
3473 3891 3627 3966 dixit,
3652 3891 3786 3961 llex‘

2192 3966 2445 4041 virtutum
2474 3993 2688 4035 suarum
2711 4021 2723 4043 ,
2756 3976 2848 4033 sed
2867 4020 2883 4045 ,
2915 3980 3028 4035 Rex
3052 3980 3289 4059 virtutum
3315 3980 3531 4055 Dilecti,
3570 3982 3793 4053 locutio,

2192 4078 2272 4124 est
2300 4069 2351 4123 in
2379 4070 2671 4151 Scripturis
2696 4071 3060 4151 (usitatissima,
3093 4071 3136 4127 si
3166 4071 3286 4142 quis
3310 4072 3551 4151 advertat
3581 4091 3595 4129 :
3625 4074 3789 4145 quod.

2191 4160 2258 4241 ibi
2301 4162 2529 4216 maxime
2555 4150 2812 4239 apparet,
2841 4163 2927 4223 ubi
2955 4150 3118 4241 etiam
3144 4165 3423 4241 proprium
3449 4150 3643 4221 nomen
3672 4181 3790 4238 ea,

2190 4238 2468 4323 primitur,
2499 4238 2824 4323 uteumdem
2855 4238 2973 4315 esse
3015 4254 3081 4309 de
3119 4241 3224 4327 quo
3254 4238 3496 4327 dicitur,
3536 4250 3789 4329 dubitari

2187 4345 2407 4399 omnino
2430 4360 2536 4400 non
2564 4347 2749 4415 possit.
2779 4344 2958 4413 Qualis
2976 4354 3037 4413 (et
3063 4344 3153 4399 illa
3174 4346 3225 4405 in
3249 4346 3604 4417 Pentateucho
3630 4349 3790 4421 mula,

2187 4433 2256 4490 tis
2282 4422 2414 4490 lacis
2443 4434 2713 4491 invenitur
2740 4454 2752 4489 :
2782 4435 2851 4491 Et
2890 4437 3006 4507 fecit
3036 4423 3241 4507 Moyses
3272 4436 3399 4494 illud
3430 4446 3589 4513 atque
3612 4438 3790 4509 illud,

2183 4523 2310 4578 sicut
2339 4522 2573 4597 prtecepit
2600 4521 2847 4580 Dominus
2862 4518 3037 4597 Moysi
3052 4523 3237 4598 (Nunt.
3261 4514 3393 4605 xvu,
3411 4528 3496 4605 11,
3516 4536 3634 4595 etc.,
3654 4545 3789 4605 sec.

2185 4610 2372 4686 LXX).
2401 4612 2515 4668 Non
2542 4608 2691 4670 dixit
2728 4615 2869 4687 quod
2898 4605 3144 4673 usitatum
3191 4626 3271 4672 est
3312 4600 3789 4699 ίηίοξιιιιοιιίιηιε,

2183 4702 2379 4757 nostris
2399 4745 2414 4770 ,
2440 4703 2508 4759 Et
2545 4702 2668 4759 fecit
2695 4705 2905 4777 Moyses
2933 4706 3070 4761 sicut
3110 4708 3362 4777 prmcepit
3467 4707 3732 4785 Dominus
3753 4729 3798 4789 ς.

2182 4793 2276 4848 sed
2285 4836 2300 4860 ,
2325 4790 2469 4848 Fecit
2489 4794 2691 4866 Moyses
2710 4797 2835 4851 sicut
2856 4799 3091 4870 prtccepit
3112 4796 3361 4865 Dominus
3378 4784 3549 4871 Moysi
3563 4818 3585 4869 ;
3610 4804 3775 4873 quasi

2179 4888 2312 4943 alius
2358 4889 2427 4944 sit
2461 4888 2671 4961 Moyses
2713 4892 2797 4945 cui
2844 4892 3132 4961 praecepit,
3175 4900 3228 4947 et
3270 4881 3405 4969 alius
3432 4894 3641 4970 Moyses
3671 4898 3799 4970 qui,

2180 4980 2337 5050 fecit,
2378 4998 2499 5038 cum
2542 4983 2683 5037 idem
2726 4983 2839 5052 ipse
2882 4984 2969 5038 sit.
3015 4983 3172 5040 Tales
3210 4976 3507 5043 locutiones
3530 4986 3581 5040 in
3602 4986 3802 5062 Novo.

2180 5073 2521 5154 Testamento
2558 5073 2874 5132 difﬁcillime
2900 5077 3259 5147 reperiuntur.
3303 5078 3427 5134 inde
3459 5089 3540 5147 est
3580 5087 3801 5159 tamen‘

2177 5162 2318 5236 quod
2346 5151 2635 5236 Apustolus
2675 5167 2749 5221 ait
2792 5183 2805 5220 :
2848 5165 2926 5220 De
2960 5165 3248 5235 Filiosuo,
3280 5168 3363 5240 qui
3400 5169 3789 5243 [πικραί-εἱ.

2177 5272 2239 5310 ea:
2263 5257 2448 5311 semine
2478 5255 2645 5315 David
2672 5257 2945 5312 secundum
2974 5274 3174 5312 carnem
3197 5299 3209 5336 ,
3249 5260 3335 5327 qui
3373 5260 3797 5335 prwdestinatus

2178 5354 2249 5400 est
2280 5345 2445 5402 Filius
2472 5344 2570 5401 Dei
2598 5348 2652 5402 in
2680 5349 2860 5402 virtute
2886 5347 3161 5417 secundum
3192 5348 3444 5418 Spiritum
3468 5338 3801 5427 sancti/ica;

2173 5437 2322 5492 tionis
2359 5455 2421 5493 ea:
2457 5440 2819 5494 resurrectione
2854 5447 3161 5512 mortuorum
3184 5430 3308 5495 Iesu
3335 5441 3521 5496 Christi
3546 5441 3803 5517 Domini

2173 5529 2329 5609 nostri
2359 5526 2544 5599 (Rom.
2569 5546 2625 5598 ι,
2652 5530 2714 5599 5,
2744 5526 2819 5601 4)
2854 5547 2867 5583 :
2903 5522 3155 5609 tanquam
3175 5531 3326 5608 (alius
3368 5533 3435 5586 sit
3464 5531 3630 5588 Filius
3657 5533 3773 5607 Dei
3800 5574 3805 5579 -

2170 5608 2259 5686 qui
2290 5609 2460 5683 factus
2487 5627 2568 5673 est
2593 5636 2657 5675 ex
2688 5620 2892 5678 semine
2912 5620 3083 5703 David
3113 5612 3403 5689 secundum
3429 5608 3668 5701 carnem,
3700 5634 3770 5701 et
3796 5696 3807 5703 ἢ

2170 5710 2304 5764 alius
2339 5709 2494 5765 Jesus
2531 5706 2774 5768 Christus
2808 5698 3319 5793 Doniintts,;noster,
3354 5698 3474 5771 eum
3508 5715 3583 5795 .sit
3613 5698 3805 5793 unum:

2237 5824 2250 5854 ι
2285 5830 2423 5873 Forte
2448 5823 2710 5889 legendum
2735 5839 2747 5874 :
2775 5823 3024 5878 dilectione
3037 5822 3257 5882 Mitt.
