4038 6458
247 409 343 465 321
1314 399 1710 456 ENARRATIO
1751 396 1815 452 IN
1855 394 2178 456 PSALMUM
2217 403 2430 460 LXVII.

247 525 406 586 atque
443 515 610 573 idem.
643 514 699 573 In
725 512 994 570 veteribus
1019 517 1196 569 autem
1224 511 1372 568 libris
1409 511 1598 568 crebra
1627 520 1711 568 est
1739 511 1837 565 ista

252 610 456 666 locutio
483 627 498 663 :
527 617 580 665 et
605 609 729 664 ideo
755 607 966 679 quando
991 607 1319 663 subobscure
1349 606 1426 672 lit,
1451 621 1517 662 ex
1543 605 1839 661 manifestis

249 703 334 757 sui
363 702 581 774 generis
606 699 866 771 exemplis
895 699 1232 770 intelligenda
1261 709 1378 765 est;
1420 699 1557 754 sicut
1583 699 1687 755 hoc
1722 698 1840 755 loco

251 792 446 862 psalmi
492 791 650 861 hujus
676 806 833 862 quem
866 799 1182 855 tractamus,
1212 789 1540 846 subobscure
1570 789 1704 845 facta
1735 795 1836 845 est.

249 883 384 939 Nam
416 883 464 940 si
503 883 775 939 diceretur
801 882 956 938 Jcsus
991 883 1233 938 Christus
1256 921 1271 948 ,
1308 897 1403 936 rex
1430 881 1680 936 virtutum
1712 879 1840 935 Jcsu

248 974 474 1040 Christi,
500 983 605 1028 tam
632 983 816 1043 aperta
835 979 978 1028 esset
1000 987 1156 1044 quam
1184 971 1295 1039 illa,
1320 971 1466 1026 Fecit
1488 971 1688 1044 Moyses
1713 972 1840 1026 sicut

240 1054 492 1134 prcccepit
520 1063 768 1118 Dominus
802 1062 972 1134 Moysi
999 1079 1018 1117 :
1047 1063 1170 1133 quia
1195 1076 1322 1117 vero
1361 1061 1559 1118 dictum
1585 1070 1667 1117 est
1685 1104 1701 1131 ,
1729 1061 1842 1116 Rea:

248 1155 496 1208 virtutum
513 1153 720 1219 Dilecti,
748 1170 854 1209 non
884 1154 1036 1209 facile
1062 1162 1146 1209 est
1170 1163 1228 1208 ut
1249 1163 1499 1209 occurrat
1525 1154 1694 1224 ipsu'm
1720 1169 1840 1208 esse

233 1258 434 1315 regem
461 1247 715 1301 virtutum
734 1287 748 1313 ,
787 1246 877 1317 qui
904 1254 986 1301 est
1014 1255 1067 1300 et
1095 1246 1348 1302 Dilectus.
1393 1246 1506 1300 Rex
1531 1261 1656 1316 ergo
1684 1247 1841 1300 virtu-

247 1346 358 1390 tum
384 1335 571 1392 Dilecti
590 1379 608 1406 ,
639 1338 717 1393 sic
757 1337 976 1408 intelligi
1009 1346 1214 1407 potest,
1242 1351 1305 1392 ac
1341 1339 1384 1392 si
1415 1337 1714 1404 diceretur,
1745 1353 1836 1392 rex

249 1427 511 1483 virtutum
545 1443 784 1491 suarum,
814 1429 934 1498 quia
964 1439 1018 1483 et
1059 1444 1151 1483 rex
1180 1429 1432 1483 virtutum
1459 1437 1541 1484 est
1568 1427 1835 1494 Christus,

249 1531 304 1576 ct
331 1521 570 1576 Dilectus
596 1531 679 1576 est
708 1521 846 1576 idem
880 1523 990 1591 ipse
1019 1520 1282 1577 Christus.
1327 1520 1579 1589 Quamvis
1609 1536 1714 1576 non
1744 1520 1839 1575 ha-

251 1614 379 1668 beat
421 1614 524 1669 iste
566 1628 756 1668 sensus
805 1622 1005 1668 tantam
1043 1613 1446 1679 necessitatem,
1477 1621 1536 1667 ut
1559 1613 1699 1668 aliud
1731 1629 1836 1667 nnn

250 1706 428 1760 valeat
456 1705 621 1776 accipi
654 1723 667 1759 :
706 1706 828 1775 quia
857 1714 912 1762 et
940 1706 1099 1762 Pater
1136 1715 1308 1776 potest
1348 1705 1569 1776 intelligi
1610 1721 1704 1761 rex
1733 1705 1838 1760 vir-

249 1805 426 1850 tutum
456 1795 573 1850 Filii
603 1796 684 1851 sui
710 1796 924 1864 dilecti,
956 1798 1040 1852 cui
1065 1783 1196 1852 dicit
1221 1797 1333 1867 ipse
1361 1798 1592 1853 Dilectus
1611 1841 1626 1865 ,
1653 1798 1836 1852 Omnia

247 1904 360 1942 mea
386 1898 473 1942 tua
517 1897 650 1954 sunt,
700 1899 746 1944 et
794 1898 880 1942 tua
908 1906 1020 1943 mea
1062 1888 1239 1961 (Joan.
1266 1906 1404 1958 xvu,
1437 1889 1558 1960 10).
1606 1889 1756 1956 Quod
1791 1891 1836 1947 si

248 1980 385 2034 forte
411 1981 670 2050 qumritur
697 1989 871 2034 utrum
901 1981 1040 2035 Deus
1073 1981 1279 2036 Domini
1307 1981 1432 2036 Jesu
1458 1981 1651 2037 Christi
1679 1981 1837 2038 Pater

245 2071 410 2126 etiam
438 2085 531 2125 rex
559 2069 662 2124 dici
695 2072 894 2140 possit;
937 2073 1119 2127 nescio
1147 2081 1322 2126 utrum
1346 2073 1620 2144 quisquam
1645 2073 1836 2128 audeat

250 2163 440 2217 hocab
469 2177 534 2216 eo
559 2177 755 2216 nomen
785 2161 1026 2228 auferre,
1061 2163 1150 2219 ubi
1184 2164 1471 2233 Apostolus
1508 2164 1635 2219 dicit
1665 2183 1678 2220 :
1709 2165 1835 2237 Regi

187 2264 190 2266 ‘
229 2245 414 2309 “autem
441 2256 742 2310 mentorum
766 2257 1060 2323 immortali,
1092 2256 1347 2326 invisibili,
1375 2257 1472 2312 soli
1491 2256 1597 2312 Deo
1625 2257 1676 2331 (l
1696 2257 1832 2313 Tim.

246 2363 284 2410 ι,
310 2345 422 2417 17).
453 2345 586 2412 Quia
613 2347 712 2402 etsi
741 2346 842 2402 hoc
867 2347 934 2403 de
968 2349 1079 2418 ipsa
1109 2347 1368 2404 Trinitate
1394 2348 1592 2404 dictum
1621 2357 1732 2415 est,
1763 2349 1834 2405 ibi

245 2445 328 2490 est
354 2446 410 2490 et
451 2437 590 2492 Dens
618 2437 795 2492 Pater.
839 2436 894 2493 Si
925 2445 1101 2493 autem
1131 2453 1236 2494 non
1266 2440 1552 2495 carnaliter
1581 2439 1832 2511 intelligi-

247 2545 366 2584 mus
385 2571 401 2596 ,
430 2529 568 2584 Deus
587 2572 602 2598 ,
625 2530 882 2602 judicium
909 2539 1048 2584 tuum
1076 2532 1182 2602 regi
1206 2531 1303 2598 da,
1333 2539 1379 2585 et
1409 2532 1664 2603 justitiam
1695 2541 1833 2586 tuam

245 2623 355 2690 [ilio
383 2623 515 2691 regis
547 2623 715 2695 (Psal.
741 2639 885 2690 Lxxt,
907 2623 962 2693 Ξ)
990 2641 1004 2690 ;
1039 2625 1217 2679 nescio
1244 2632 1419 2679 utrum
1448 2625 1591 2681 aliud
1632 2623 1830 2696 aliquid

243 2712 450 2766 dictum
492 2722 575 2769 est
611 2730 790 2784 quam,
823 2714 956 2769 Filio
987 2723 1095 2769 tuo.
1139 2715 1253 2771 Rex
1294 2731 1420 2786 ergo
1461 2725 1544 2772 est
1573 2727 1625 2772 et
1653 2717 1827 2772 Pater.

246 2804 399 2860 Unde
427 2806 720 2860 versiculus
752 2808 849 2861 iste
878 2807 1062 2876 psalmi
1094 2806 1250 2878 hujus
1273 2849 1289 2875 ,
1319 2798 1430 2863 Rex
1467 2810 1705 2862 virtutum
1734 2806 1830 2862 Di-

243 2896 381 2960 tecti,
409 2905 635 2967 utroque
657 2898 816 2952 modo
843 2898 1064 2969 intelligi
1092 2908 1287 2969 potest.
1309 2899 1440 2955 Cum
1467 2901 1644 2971 itaque
1667 2899 1831 2956 dixis-

239 2995 362 3054 set,
409 2986 663 3043 Dominus
711 2990 850 3043 dabit
901 2992 1103 3045 verbum
1150 2975 1606 3062 euangelizantibus
1651 2993 1832 3048 virtute

240 3078 441 3143 multa;
473 3080 592 3149 quia
626 3081 738 3149 ipsa
767 3081 936 3135 virtus
965 3083 1033 3137 ab
1061 3097 1126 3136 co
1156 3083 1374 3152 regitur,
1403 3084 1557 3154 eique
1584 3084 1776 3139 militat
1798 3099 1828 3140 a

238 3183 348 3238 quo
391 3170 568 3238 datur,
609 3170 742 3240 ipse,
791 3172 976 3242 inquit,
1021 3170 1273 3248 Dominus
1314 3174 1402 3244 qui
1451 3177 1587 3229 dabit
1631 3175 1829 3230 verbum

237 3259 702 3331 evangelisantibus
748 3261 927 3316 virtute
970 3264 1151 3330 multa,
1195 3281 1286 3319 rex
1328 3274 1409 3321 est
1451 3266 1686 3321 virtutum
1727 3265 1823 3321 Di-

235 3350 373 3404 lecti.

309 3460 400 3516 16.
437 3461 637 3519 Deinde
663 3463 902 3534 sequitur
925 3482 938 3518 :
966 3463 1183 3534 Dilecti,
1216 3477 1262 3522 et
1288 3469 1469 3539 speciei
1497 3469 1674 3524 domus
1701 3471 1827 3525 divi-

237 3553 358 3607 dere
386 3555 577 3624 spolia.
613 3554 878 3625 Repetitio
906 3559 1136 3627 pertinet
1161 3559 1226 3614 ad
1255 3561 1774 3618 commendationem
1809 3583 1822 3618 :

234 3661 542 3716 quanquam
588 3647 744 3702 istam
800 3649 1172 3719 repetitionem
1229 3667 1334 3706 non
1380 3667 1568 3708 onmes
1612 3654 1827 3710 codices

235 3737 507 3804 habeant,
538 3749 591 3794 et
620 3756 736 3794 cam
769 3741 1132 3812 diligentiores
1159 3744 1309 3798 stella
1340 3747 1580 3815 apposita
1613 3763 1824 3816 praeno-

233 3837 383 3895 tant,
431 3846 550 3902 quae
595 3832 742 3902 signa
773 3842 1029 3888 vocantur
1067 3835 1347 3899 asterisci;
1391 3837 1582 3906 quibus
1610 3840 1822 3909 agnosci

234 3922 422 3976 volunt
463 3937 526 3977 ea
570 3939 675 3977 non
721 3940 838 3979 esse
883 3925 933 3980 in
979 3926 1415 3996 interpretatione
1457 3930 1822 4002 Septuaginta,

231 4012 328 4067 sed
360 4028 480 4068 esse
518 4013 570 4068 in
617 4013 854 4083 hebraeo,
886 4033 1004 4086 qua:
1046 4019 1236 4074 talibus
1277 4021 1634 4091 insigniuntur
1661 4026 1819 4079 notis.

231 4106 342 4162 Sed
384 4108 498 4162 sive
546 4117 852 4178 repetatur,
897 4111 1007 4166 sive
1067 4112 1231 4167 semel
1277 4113 1479 4169 dictum
1534 4117 1823 4186 accipiatur

231 4197 378 4268 quod
423 4199 657 4269 positqu
697 4209 810 4267 est,
854 4199 1082 4267 Dilecti;
1130 4201 1206 4257 sic
1249 4203 1651 4274 intelligendum
1695 4215 1824 4277 puto

230 4288 374 4358 quod
407 4291 650 4359 sequitur
670 4332 684 4356 ,
715 4300 761 4345 et
790 4291 973 4362 speciei
999 4293 1176 4347 domus
1202 4293 1423 4348 dividere
1456 4297 1621 4366 spolia
1643 4339 1656 4361 ,
1690 4313 1752 4352 ac
1778 4299 1822 4353 si

231 4379 537 4444 diceretur,
566 4379 751 4435 Dilecti
780 4383 938 4436 etiam
977 4384 1158 4451 speciei
1185 4383 1362 4439 domus
1387 4387 1606 4441 dividere
1635 4389 1819 4460 spolia,

230 4469 282 4524 id
310 4479 394 4524 est
417 4511 430 4536 ,
476 4471 659 4526 Dilecti
689 4472 848 4528 etiam
879 4473 945 4528 ad
972 4474 1258 4530 dividenda
1283 4475 1471 4546 spolia.
1515 4478 1819 4548 Speciosam

228 4562 428 4631 quippe
463 4561 702 4630 domum,
733 4563 783 4618 id
809 4572 891 4619 est
923 4564 1211 4620 Ecclesiam
1239 4566 1480 4622 Christus
1509 4569 1650 4635 fecit,
1682 4569 1820 4626 divi-

228 4654 407 4712 dendo
444 4655 518 4729 illi
555 4656 761 4724 spolia;
803 4657 940 4711 sicut
980 4659 1280 4728 speciosum
1311 4670 1392 4716 est
1416 4675 1612 4731 corpus
1641 4663 1821 4718 distri—

226 4745 448 4801 butione
471 4747 854 4802 membrorum.
877 4747 1055 4820 Spolia
1085 4765 1242 4819 porro
1259 4751 1506 4807 dicuntur
1526 4769 1644 4824 qua:
1668 4755 1819 4812 victis

227 4839 474 4896 hostibus
502 4838 876 4897 detrahuntur.
921 4842 1035 4898 lloc
1073 4843 1199 4913 quid
1240 4844 1310 4898 sit
1338 4843 1689 4915 Evangelium
1721 4864 1818 4903 nos

224 4932 503 4998 admonet,
537 4933 624 4988 ubi
657 4933 885 5004 legimus
913 4933 1123 4989 :.Nemo
1150 4935 1305 4989 intrat
1335 4937 1385 4990 in
1412 4935 1617 4992 domum
1646 4940 1815 5010 fortis,

225 5033 280 5077 ut
331 5039 454 5077 vasa
505 5026 615 5093 ejus
667 5025 909 5095 diripiat,
959 5025 1056 5079 nisi
1110 5027 1251 5096 prius
1304 5026 1584 5096 alligaverit
1637 5030 1818 5098 fortem

225 5113 446 5183 (Matth.
479 5130 587 5178 xu,
615 5113 748 5186 29).
796 5115 1048 5186 Alligavit
1091 5131 1220 5186 ergo
1264 5115 1531 5171 diabolum
1574 5118 1817 5176 Christus

222 5206 596 5276 spiritualibus
637 5206 896 5272 vinculis;
944 5209 1244 5276 superando
1283 5218 1507 5264 mortem
1529 5250 1544 5274 ,
1575 5217 1627 5264 et
1657 5225 1816 5282 super

220 5298 395 5353 caelos
437 5297 505 5352 ab
549 5295 731 5353 inieris
770 5297 1156 5353 ascendendo:
1201 5299 1436 5370 alligavit
1473 5315 1593 5356 etnn
1634 5317 1814 5356 sacra-

224 5397 410 5444 mento
439 5389 822 5445 incarnationis
849 5404 988 5457 suae,
1020 5389 1160 5460 quod
1187 5389 1317 5446 nihil
1359 5391 1411 5446 in
1443 5407 1508 5448 eo
1541 5395 1813 5464 reperiens

219 5490 399 5537 morte
431 5480 667 5551 dignum,
704 5491 878 5538 tamen
905 5491 988 5537 est
1012 5482 1305 5552 permissus
1332 5483 1578 5540 occidere
1603 5502 1618 5553 ;
1648 5500 1710 5541 ac
1737 5486 1814 5542 sic

218 5574 444 5645 alligato
486 5575 703 5629 abstulit
741 5584 987 5646 tanquam
1018 5577 1186 5646 spolia
1216 5592 1340 5632 vasa
1373 5578 1509 5648 ejus.
1538 5578 1812 5649 Operaba-

221 5679 312 5726 tur
340 5670 539 5739 quippe
566 5670 618 5721 in
652 5668 774 5724 ﬁliis
803 5668 1111 5727 difﬁdentia:
1141 5669 1354 5740 (Eplies.
1380 5686 1440 5738 ιι,
1469 5671 1548 5743 2),
1585 5687 1811 5742 quorum

220 5759 541 5816 inﬁdelitate
578 5761 824 5814 utebatur
851 5760 917 5814 ad
960 5760 1282 5816 voluntatem
1325 5749 1496 5817 suam.
1528 5763 1652 5818 Haec
1687 5779 1812 5820 vasa

216 5851 487 5908 Dominus
520 5849 780 5905 inundans
806 5850 1119 5907 remissione
1146 5860 1504 5923 peccatorum,
1541 5853 1651 5910 hcce
1679 5868 1805 5924 εροο

3423 417 3528 474 822
3561 424 3579 432 ’⁷

1952 510 2384 618 ἐξιηειίηείιηε
2412 518 2550 577 hosti
2573 533 2755 594 erepta
2785 541 3049 599 prostrato
3091 548 3249 612 atque
3287 546 3526 618 alligato,

1948 604 2127 662 divisit
2165 623 2226 664 ea
2251 612 2446 681 speciei
2472 613 2663 674 domus
2691 634 2839 690 suae;
2881 627 3013 682 alios
3036 604 3524 711 cons-tituens‘apo:

1947 697 2132 762 stolos,
2161 701 2294 757 alios
2328 707 2647 778 pr0phetas,
2677 713 2808 769 alios
2837 729 3076 788 pastores
3113 736 3166 783 et
3191 697 3446 790 doctores:
3469 735 3523 791 in

1948 802 2081 888 opus
2125 792 2444 862 ministerii,
2495 799 2546 853 in
2593 803 2998 866 aediﬁcationem
3045 822 3285 888 corporis
3327 823 3528 883 Christi

1949 877 2296 980 {Ephesuml
2312 889 2359 952 1,
2386 889 2497 962 12).
2519 892 2663 949 Sicut
2679 899 2811 952 enim
2828 917 2982 957 unum
2998 877 3179 978 σοι·ρᾶε
3194 923 3288 980 est,
3307 877 3530 972 et

1949 969 2038 1024 bra
2080 975 2239 1029 multa
2267 978 2454 1048 habet;
2483 986 2652 1039 omnia
2689 1001 2856 1044 autem
2900 996 3120 1053 membra
3155 1007 3381 1074 corporis
3412 1024 3528 1064 cum

1946 1063 2045 1115 sint
2072 1068 2251 1134 multa,
2285 1089 2439 1128 unum
2467 1088 2538 1132 est
2563 1096 2746 1151 corpus
2771 1099 2792 1138 .'
2820 1085 2891 1140 sic
2913 1098 2960 1142 et
2981 1063 3530 1170 Citristus.'Nurttqttid

1946 1170 2117 1212 omnes
2154 1165 2415 1231 apostoli!
2457 1173 2701 1244 ntnnqnid
2740 1193 2910 1232 omnes
2947 1185 3248 1254 prop/tene?
3290 1165 3530 1262 numquid

1947 1261 2118 1302 omnes
2158 1253 2400 1311 virtutes?
2442 1263 2685 1332 numquid
2725 1283 2896 1325 omnes
2921 1253 3055 1327 dona
3096 1277 3276 1334 habent
3301 1253 3528 1339 curatio-

1949 1338 2121 1392 num?
2169 1348 2412 1414 numquid
2461 1367 2630 1407 omnes
2679 1355 2866 1428 linguis
2917 1363 3237 1432 loquuntur?
3283 1377 3530 1444 numquid

1946 1441 2117 1484 omnes
2144 1432 2574 1507 interpretantur?
2605 1445 2788 1504 Omnia
2814 1463 2976 1508 autem
3005 1459 3112 1512 Ita'c
3139 1474 3376 1532 operatur
3399 1432 3528 1524 unus

1947 1531 2096 1590 atque
2124 1524 2255 1581 idem
2282 1530 2508 1599 Spiritus
2529 1579 2544 1604 ,
2591 1540 2816 1597 dividens
2849 1551 3056 1617 prapria
3085 1555 3353 1627 unicuique
3379 1575 3528 1629 prout

1946 1614 2050 1721 vluit
2074 1616 2091 1681 (
2108 1615 2128 1669 l
2154 1615 2659 1721 Cor..x1t,_l2,29,
2689 1633 2756 1689 50
2775 1677 2788 1699 ,
2821 1614 2878 1691 ll
2908 1614 2954 1707 j.
2981 1641 3047 1696 Et
3075 1642 3188 1700 haec
3213 1614 3292 1704 cs't
3318 1614 3528 1721 species

1944 1703 2168 1802 domus,
2202 1712 2287 1765 cui
2318 1717 2483 1784 spolia
2527 1708 2861 1793 dividuntur;
2908 1703 2966 1785 nt
3014 1745 3220 1792 amator
3264 1703 3382 1810 ejus
3427 1743 3527 1801 hac

1947 1783 2338 1866 pulchritudine
2364 1824 2618 1869 accensus
2643 1819 2905 1878 exclamet
2937 1843 2950 1878 :
2976 1825 3223 1898 Domine,
3253 1783 3412 1893 dilexi
3437 1840 3526 1896 dc-

1944 1906 2107 1946 corem
2139 1896 2318 1954 domus
2343 1911 2441 1957 tua:
2465 1903 2633 1976 (Psal.
2660 1927 2788 1980 xxv,
2820 1916 2894 1986 8).

2016 1984 2102 2092 l7:
2135 1983 2428 2092 [vers-14.]
2453 1996 2570 2092 lam
2601 2000 2652 2056 in
2680 2019 2744 2058 eo
2773 1983 2913 2076 quod
2941 2013 3198 2084 sequitur,
3231 2033 3290 2075 se
3313 2022 3380 2076 ad
3409 2023 3522 2092 ipsa

1944 2078 2218 2184 membra,
2263 2083 2343 2186 de.
2377 2090 2568 2158 quibus
2599 2094 2658 2150 fit
2700 2101 2906 2168 species
2949 2078 3524 2186 do—mus,’alloquenda

1943 2171 2246 2240 convertit,
2291 2175 2476 2235 dicens
2520 2201 2532 2236 :
2567 2183 2628 2238 Si
2667 2189 2929 2250 dormiatis
2959 2197 3088 2254 inter
3123 2171 3519 2276 medios'cleros,

1943 2275 2121 2369 penita:
2146 2265 2390 2323 columbae
2415 2271 2752 2346 deargentata:
2773 2325 2786 2348 ,
2829 2295 2876 2338 et
2905 2287 3032 2342 inter
3065 2297 3306 2364 scapulas
3333 2299 3443 2369 ejus
3471 2265 3524 2355 in

1942 2351 2194 2409 viriditate
2223 2361 2357 2414 auri.
2406 2363 2559 2421 Prius
2590 2369 2675 2425 hic
2713 2380 3030 2442 quaerendus
3059 2395 3140 2439 est
3155 2351 3301 2450 'ordo
3332 2351 3523 2449 v’erbo-

1943 2456 2059 2497 rum
2090 2450 2597 2552 qpomodojinialur
2623 2467 2920 2534 sententia;
2952 2486 3070 2542 qua:
3095 2476 3278 2548 utique
3305 2482 3521 2552 pendet,

1940 2550 2060 2644 cum
2087 2535 2280 2644 dicitur
2299 2584 2313 2608 ,
2344 2544 2408 2600 Si
2433 2549 2696 2608 dormiatis
2732 2573 2751 2611 :
2789 2535 2983 2618 deinde
3019 2568 3162 2635 quod
3190 2535 3320 2638 ait;
3346 2535 3525 2644 penna;

1939 2626 2182 2723 columba:
2209 2632 2546 2708 deargentattc
2565 2685 2578 2709 ,
2610 2653 2783 2702 utrum
2815 2651 3068 2723 singulari
3097 2626 3319 2718 numeri)
3346 2626 3520 2722 ΙἰηΙεΙ-

1941 2715 2205 2826 ligendum
2235 2735 2348 2793 est,
2381 2727 2539 2800 hujus
2571 2750 2794 2805 penum;
2839 2758 2905 2798 an
2936 2746 3141 2816 plurali,
3187 2751 3270 2808 ha:
3311 2770 3517 2826 penum.

1937 2806 2041 2862 Sed
2070 2810 2390 2882 singularem
2420 2837 2698 2882 numerum
2723 2845 2928 2900 gratcus
2955 2840 3204 2912 excludit,
3233 2806 3520 2907 ubiomni-

1939 2913 2008 2952 no
2037 2900 2312 2970 pluraliter
2339 2908 2439 2966 hoc
2474 2916 2700 2984 positum
2742 2922 2950 2993 legitur.
2995 2928 3100 2986 Sed
3128 2900 3318 2993 adhuc

1937 2999 2047 3094 tum
2079 3006 2160 3052 est
2186 3009 2358 3059 utrum
2381 3047 2395 3070 ,
2425 3005 2505 3063 hac
2536 3026 2760 3082 pennae;
2799 3033 2897 3087 an,
2929 3038 2961 3075 o
2991 3039 3087 3081 vos
3111 3043 3335 3100 pennae,
3367 3043 3424 3090 ut
3450 3038 3518 3092 ad

1937 3097 2078 3154 Ipsas
2118 3101 2319 3159 pennas
2359 3096 2500 3198 lnoqui
2533 3103 2790 3163 videatur.
2823 3110 3010 3168 Utrum
3040 3096 3169 3190 ergo
3199 3096 3375 3180 verbis
3399 3143 3517 3198 qua:

1939 3190 2325 3282 praecesserunt
2361 3187 2574 3247 ﬁniatur
2600 3194 2698 3251 ista
2724 3204 2984 3258 sententia
3008 3247 3021 3269 .
3047 3187 3271 3268 ut‘ordo
3295 3215 3382 3282 sit,
3410 3187 3518 3273 Do-

1935 3269 2102 3376 minus
2130 3272 2268 3329 dabit
2311 3281 2514 3336 verbum
2552 3292 3008 3360 evangelieantibus
3034 3301 3215 3358 virtute
3254 3307 3432 3376 multa,
3471 3315 3517 3367 si

1933 3358 2198 3419 dormiatis
2239 3367 2369 3424 inter
2409 3375 2600 3430 medios
2638 3381 2820 3450 cteros,
2863 3402 2894 3440 ο
2924 3403 3017 3443 vos
3061 3409 3238 3462 penme
3274 3358 3518 3457 columba

1934 3450 2309 3559 deargentataz:
2336 3477 2406 3517 an
2441 3465 2522 3520 his
2551 3485 2667 3539 quae
2697 3486 3020 3549 sequuntur,
3057 3450 3112 3538 iit
3148 3487 3280 3542 ordo
3314 3490 3410 3559 sit,
3453 3493 3516 3548 Si

1933 3543 2197 3603 dormiatis
2217 3552 2345 3607 inter
2368 3557 2558 3613 medios
2584 3561 2764 3632 cleros,
2796 3585 2975 3637 penna:
3001 3574 3243 3632 columba:
3270 3543 3513 3652 dearpen-

1936 3641 2194 3742 t‘atte-ni-ve
2218 3645 2581 3704 dealbabnntur
2601 3654 2651 3708 in
2679 3655 2886 3713 Selmon
2910 3677 2929 3715 :
2955 3662 3004 3718 id
3036 3675 3138 3733 est,
3171 3668 3298 3738 ipsa:
3326 3641 3513 3742 peltam

1933 3728 2351 3822 dealbabuntur,
2383 3741 2428 3796 si
2472 3741 2747 3803 dormiatis
2786 3749 2925 3807 inter
2969 3728 3389 3819 medios-clcrbs
3414 3784 3429 3821 :
3459 3777 3516 3822 ut

1935 3819 2037 3876 illis
2069 3822 2167 3880 hoc
2198 3826 2377 3885 dicere
2423 3831 2771 3907 intelligatur,
2816 3844 2905 3912 qui
2946 3849 3141 3915 speciei
3171 3851 3362 3910 domus
3393 3866 3514 3914 tan-

1932 3929 2087 3986 quam
2120 3923 2284 3990 spolia
2317 3925 2666 3998 dividuntur;
2719 3935 2770 3990 id
2810 3947 2913 4002 est,
2957 3940 3010 3996 Si
3054 3943 3328 4004 dormiatis
3377 3950 3514 4008 inter

1931 4009 2137 4067 medios
2178 4015 2350 4073 cleros
2374 4060 2388 4084 ,
2421 4035 2453 4074 ο
2482 4038 2576 4078 vos
2605 4027 2694 4095 qui
2724 4027 3019 4088 di\idimini
3061 4037 3257 4105 speciei
3298 4040 3510 4106 domus.

1931 4115 2026 4171 per
2069 4107 2551 4168 manifestationem
2597 4114 2826 4185 Spiritus
2872 4123 2936 4176 ad
2987 4127 3286 4196 utilitatem,
3332 4141 3390 4187 ut
3425 4136 3513 4191 alii

1931 4193 2143 4262 quidem
2166 4197 2320 4254 detur
2341 4217 2436 4271 per
2461 4203 2714 4274 Spiritum
2751 4225 2929 4267 sermo
2954 4217 3248 4286 sapientizc,
3271 4193 3365 4276 alii
3399 4240 3514 4280 ser.

1930 4298 2018 4338 mo
2044 4286 2282 4344 scientiae
2319 4295 2607 4352 secundum
2645 4303 2888 4358 eumdem
2920 4306 3176 4376 Spiritum
3195 4352 3212 4380 ,
3238 4314 3325 4368 alii
3355 4315 3512 4386 fides,

1929 4377 2017 4431 alii
2057 4394 2252 4449 genera
2292 4387 2625 4444 curationum
2667 4393 2718 4447 in
2747 4395 2932 4452 eodem
2976 4377 3208 4470 Spiritu,
3236 4415 3291 4460 et
3316 4377 3516 4465 caetera.

1931 4466 1978 4540 (Ι
2008 4467 2124 4524 Cor.
2153 4489 2248 4540 xu,
2275 4476 2326 4544 7,
2354 4475 2408 4550 9)
2437 4498 2449 4535 :
2479 4481 2522 4534 si
2549 4498 2676 4553 ergo
2705 4501 2800 4541 vos
2839 4466 3112 4549 dormiatis
3144 4466 3512 4558 intermedios

1928 4561 2134 4627 cleros,
2164 4573 2288 4619 tunc
2317 4582 2502 4636 penna:
2533 4575 2793 4631 columba:
2819 4578 3176 4651 deargeutataz
3213 4587 3335 4645 nive
3362 4589 3512 4648 deal-

1930 4650 2192 4710 babnntur
2231 4657 2285 4712 in
2331 4658 2568 4718 Selmon.
2615 4666 2796 4724 Potest
2824 4679 2877 4725 et
2918 4650 3036 4728 sic:
3071 4675 3134 4731 Si
3173 4695 3292 4746 vos,
3334 4699 3512 4751 penna

1927 4745 2171 4800 colnmbm
2210 4750 2580 4823 deargentutat,
2614 4757 2877 4816 dormiatis
2922 4764 3051 4819 inter
3093 4745 3284 4828 medios
3326 4745 3506 4842 cteros,

1927 4837 2035 4890 nive
2064 4837 2431 4898 dealbnbunlur
2471 4846 2524 4900 in
2553 4848 2780 4916 Selmon,
2824 4861 2882 4908 ut
2915 4854 3380 4933 subintelligantur
3409 4837 3508 4922 ho;

1927 4929 2118 4998 mines,
2147 4931 2236 5001 qui
2266 4949 2361 5004 per
2383 4937 2604 5008 gratiam
2634 4943 3000 5002 remissionem
3026 4929 3292 5024 accipiunt
3317 4973 3510 5028 pecea-

1927 5031 2120 5077 torum.
2162 5023 2314 5082 Unde
2341 5030 2499 5084 etiam
2540 5031 2607 5086 de
2648 5034 2758 5104 ipsa
2792 5036 3028 5097 Ecclesia
3065 5023 3258 5103 dicitur
3285 5023 3338 5105 in
3365 5051 3507 5107 Cau-

1928 5113 2030 5166 tico
2057 5115 2383 5170 canticorum
2413 5138 2426 5174 :
2460 5119 2586 5184 Qua:
2627 5134 2698 5178 est
2737 5126 2833 5181 ista
2869 5147 2981 5201 qua:
3015 5137 3246 5190 ascendit
3272 5139 3509 5198 dealbata

1928 5206 2096 5278 (Cant.
2129 5223 2204 5272 ιιι,
2234 5210 2286 5274 6,
2315 5228 2415 5266 sec.
2447 5213 2609 5288 LXX)
2634 5217 2658 5269 ?
2702 5218 2987 5280 Promissio
3015 5229 3210 5298 quippe
3236 5229 3328 5286 Dei
3361 5238 3508 5290 tene-

1927 5306 2030 5367 tur,
2053 5314 2146 5369 per
2171 5300 2493 5372 Prophetam
2523 5306 2749 5366 dicentis
2776 5328 2788 5365 :
2815 5311 2877 5369 Si
2901 5317 3087 5386 fuerim
3114 5329 3315 5388 peccata
3342 5333 3508 5380 vestra

1925 5397 2160 5483 tanquam
2186 5389 2506 5461 phaenicium,
2532 5397 2658 5454 sicut
2684 5402 2848 5457 nivem
2872 5405 3114 5461 dealbabo
3135 5406 3286 5478 (Isai.
3312 5427 3351 5480 ι,
3377 5414 3445 5470 18
3453 5417 3511 5483 η

1923 5479 2106 5536 Potest
2152 5491 2207 5537 et
2248 5483 2325 5538 sic
2368 5485 2614 5559 intelligi,
2660 5502 2719 5547 ut
2767 5494 2820 5548 in
2861 5510 2926 5550 eo
2970 5498 3110 5565 quod
3158 5499 3359 5560 dictum
3401 5479 3506 5573 est.

1925 5589 2104 5640 penna:
2143 5575 2385 5633 columine
2414 5579 2770 5654 dear-gemam,
2813 5586 3179 5659 su‘baudiatur,
3213 5596 3402 5662 eritis;
3450 5612 3508 5657 ut

1923 5664 2020 5718 iste
2059 5664 2126 5720 sit
2165 5681 2354 5724 sensus
2396 5688 2409 5724 :
2453 5671 2496 5727 Ο
2538 5689 2630 5728 vos
2672 5675 2761 5744 qui
2791 5687 3056 5748 tanquam
3098 5685 3274 5756 spolia
3308 5693 3505 5759 speciei

1922 5761 2113 5817 domus
2151 5763 2466 5834 dividimini,
2499 5769 2542 5822 si
2582 5767 2858 5825 dormiatis
2889 5772 3025 5829 inter
3069 5779 3277 5837 medios
3307 5783 3502 5854 clerus,

1927 5871 2114 5928 penna:
2137 5858 2391 5917 columba:
2418 5860 2769 5932 dcargentalzu
2803 5866 2990 5934 eritis;
3023 5867 3075 5924 id
3106 5882 3209 5943 est,
3242 5875 3292 5931 in
3321 5878 3504 5936 altiora
