4038 6508
476 399 581 456 39.3

472 509 832 579 clevabimint,
860 507 1160 580 compagini
1188 516 1364 563 tamen
1402 505 1655 562 Ecclesia:
1693 503 2046 568 cobzerentes.

474 603 683 658 Nullam
705 601 900 672 quippe
927 599 1084 653 aliam
1127 598 1317 652 melius
1346 597 1431 652 hic
1453 595 1676 664 intelligi
1704 602 1828 664 puto
1851 591 2055 646 colum-

478 692 594 750 bam
638 692 1035 762 deargenlatam
1059 732 1073 756 ,
1103 704 1262 759 quam
1293 688 1437 742 illam
1480 687 1547 740 de
1574 701 1673 754 qua
1706 683 1901 738 dictum
1931 688 2049 734 est:

481 786 595 842 Una
625 795 696 840 cst
723 783 954 839 columba
992 800 1103 837 mea
1135 780 1313 855 (Cant.
1343 795 1426 845 Vl,
1457 776 1548 850 8).
1582 778 1929 846 Deargentata
1971 781 2055 827 est

481 889 695 943 autem,
743 876 865 947 quia
912 874 1105 930 divinis
1147 869 1369 942 eloquiis
1411 879 1494 926 est
1537 868 1740 924 erudita
1789 885 1802 920 :
1844 863 2052 933 eloquia

475 985 704 1040 namque
733 967 940 1024 Domini
966 967 1070 1022 alio
1097 966 1213 1020 loco
1240 963 1490 1019 dicuntur
1515 971 1772 1033 argentum
1792 959 1908 1030 igne
1933 972 2055 1010 exa-

472 1063 719 1128 minatum
748 1069 912 1123 terrm,
959 1066 1227 1129 purgatum
1271 1054 1556 1124 septuplum
1599 1049 1787 1123 (Psal.
1826 1064 1876 1102 xl
1901 1089 1917 1114 ,
1954 1045 2048 1116 7).

473 1151 724 1222 Magnum
774 1150 952 1220 itaque
995 1146 1209 1218 aliquod
1252 1145 1448 1200 bonum
1491 1151 1591 1208 est,
1635 1141 1870 1196 dormire
1914 1139 2052 1192 inter

457 1243 682 1298 'medios
726 1240 898 1297 cleros
930 1257 944 1296 :
972 1254 1090 1310 qua:
1132 1237 1370 1293 nonnulli
1400 1235 1506 1291 duo
1546 1236 1886 1289 Testamenta
1931 1244 2050 1284 csse

475 1335 790 1396 voluerunt;
839 1342 898 1386 ut
939 1330 1172 1385 dormire
1213 1329 1281 1384 sit
1323 1327 1462 1382 inter
1509 1325 1713 1381 medios
1755 1323 1967 1386 cleros,
1999 1320 2050 1374 in

475 1442 660 1482 eorum
707 1426 1167 1480 Testamentorum
1217 1421 1531 1476 auctoritate
1579 1417 1950 1488 requiescere;
1998 1412 2050 1468 id

476 1531 594 1585 est,
638 1520 911 1588 utriusque
955 1513 1284 1571 Tcstamenli
1332 1511 1648 1568 testimoniis
1692 1509 2049 1579 acquiescere,

478 1627 535 1670 ut
564 1613 776 1686 quando
805 1611 1003 1682 aliquid
1032 1625 1096 1665 ex
1128 1608 1213 1662 his
1241 1605 1506 1676 profertur
1532 1614 1586 1660 et
1617 1603 1901 1673 probatur,
1933 1614 2050 1652 om-

481 1706 564 1759 nis
590 1702 864 1759 contentio
895 1700 1109 1771 pacifica
1139 1698 1315 1768 quiete
1341 1695 1571 1749 finiatur.
1599 1691 1752 1760 Quod
1777 1691 1821 1746 si
1850 1691 1919 1744 ita
1948 1699 2050 1753 est,

478 1794 602 1864 quid
634 1793 775 1848 aliud
821 1790 1096 1846 admoneri
1127 1788 1369 1842 videntur
1407 1785 1831 1856 evangelizantes
1862 1781 2056 1836 virtute

476 1887 667 1950 multa,
713 1884 816 1940 nisi
850 1883 971 1954 quia
1016 1891 1141 1936 tunc
1183 1881 1261 1936 eis
1291 1879 1542 1934 Dominus
1568 1877 1715 1932 dabit
1752 1875 1970 1931 verbum
1999 1883 2056 1929 ut

478 1977 848 2050 evangelizare
870 1974 1092 2046 possint,
1113 1973 1157 2028 si
1181 1971 1444 2026 dormiant
1465 1971 1604 2025 inter
1622 1967 1825 2023 medios
1848 1967 2058 2022 cleros?

478 2072 630 2126 Tunc
674 2070 817 2125 enim
859 2069 939 2124 eis
963 2066 1178 2122 verbum
1204 2065 1443 2120 veritatis
1471 2063 1646 2128 datur,
1669 2061 1729 2131 si
1771 2060 2058 2116 auctoritas

476 2160 545 2216 ab
573 2161 651 2216 eis
675 2159 901 2215 duorum
925 2157 1390 2212 Testamentorum
1435 2169 1541 2209 non
1579 2152 1910 2222 relinquatur
1943 2169 1956 2205 :
2000 2158 2059 2205 ut

477 2252 578 2322 ipsi
623 2252 732 2307 sint
775 2260 830 2305 et
878 2264 1064 2319 penna:
1105 2247 1362 2303 columba:
1409 2245 1786 2326 deargentataa.
1831 2257 2058 2314 quorum

480 2342 864 2414 prmdicatione
889 2341 940 2394 in
967 2340 1160 2394 coelum
1192 2338 1356 2409 gloria
1389 2338 1557 2393 fertur
1580 2337 1854 2392 Ecclesiae.

555 2435 641 2490 t8.
685 2432 828 2488 Inter
866 2433 1103 2503 scapulas
1145 2441 1320 2485 autem
1351 2447 1364 2482 :
1399 2445 1518 2499 pars
1545 2438 1629 2484 est
1657 2430 1838 2498 utique
1865 2443 2061 2497 corpo-

479 2527 594 2591 ris;
640 2539 761 2594 pars
803 2535 885 2578 est
912 2522 1050 2577 circa
1082 2521 1350 2592 regionem
1379 2520 1555 2576 cordis
1575 2561 1588 2584 ,
1621 2536 1652 2572 a
1684 2519 2064 2589 posterioribus

480 2627 661 2673 tamen
682 2658 696 2682 ,
727 2616 776 2670 id
805 2624 886 2670 est
910 2630 940 2669 a
965 2614 1124 2669 dorso
1148 2631 1160 2667 :
1187 2629 1344 2684 quam
1368 2613 1626 2668 columbae
1648 2612 1785 2668 illius
1807 2611 2064 2683 deargen-

481 2721 606 2767 tata!
651 2719 852 2781 partem
896 2710 948 2764 in
989 2708 1254 2764 viriditate
1291 2708 1408 2762 auri
1442 2722 1560 2762 esse
1586 2706 1748 2774 dicit,
1774 2705 1877 2760 hoc
1902 2714 1985 2760 est
2011 2706 2064 2761 in

482 2803 664 2874 vigore
706 2801 1016 2872 sapientia);
1059 2816 1215 2871 quem
1253 2801 1490 2870 vigorem
1522 2800 1540 2831 ¹
1579 2799 1770 2854 melius
1805 2813 1910 2854 non
1940 2807 2067 2868 puto

481 2895 704 2965 intelligi
742 2908 898 2964 posse
934 2908 1090 2964 quam
1118 2892 1451 2948 charitatem.
1483 2891 1588 2947 Sed
1614 2906 1777 2961 quare
1804 2905 1835 2944 a
1859 2889 2025 2945 dorso
2046 2931 2065 2959 ,

484 2997 541 3045 ct
564 3003 668 3043 non
693 3003 722 3042 ιι
748 2995 962 3057 pectore
977 2985 1003 3039 ‘t
1027 2985 1336 3056 Quanquam
1363 2984 1526 3039 mirer
1543 2982 1812 3054 quomodo
1833 2983 2064 3054 positum

486 3079 554 3134 sit
599 3079 702 3134 hoc
741 3076 962 3134 verbum
1003 3078 1058 3132 in
1097 3077 1201 3131 alio
1244 3076 1486 3147 psalmo,
1527 3075 1620 3130 ubi
1653 3074 1882 3141 dicitur,
1925 3073 2070 3129 Inter

487 3170 726 3241 scapulas
759 3185 884 3223 suos
910 3167 1220 3223 obunibrabit
1248 3167 1367 3235 tibi,
1398 3175 1444 3221 et
1469 3165 1560 3221 sub
1590 3166 1686 3221 alis
1713 3168 1822 3236 ejus
1847 3165 2070 3237 sperabis

489 3261 662 3332 (Psat.
709 3276 811 3324 xc,
841 3260 899 3331 4)
923 3301 938 3327 ,
979 3274 1100 3314 cum
1133 3259 1232 3313 sub
1259 3259 1358 3313 alis
1383 3257 1718 3313 obrumbrari
1743 3272 1849 3312 non
1882 3257 2068 3328 possit,

490 3351 594 3407 nisi
619 3351 761 3422 quod
787 3366 815 3404 a
847 3358 1061 3421 pectore
1090 3350 1266 3404 fuerit.
1298 3349 1367 3404 Et
1391 3348 1552 3404 latine
1577 3349 1788 3418 quidem
1812 3349 2072 3404 intersca-

490 3441 639 3514 pulas
665 3442 888 3497 fortasse
912 3440 1089 3511 aliquo
1113 3439 1271 3495 modo
1297 3456 1361 3495 ex
1391 3448 1612 3511 utraque
1634 3451 1778 3510 parte
1800 3442 1969 3511 possit
1991 3441 2073 3496 in-

490 3535 652 3606 telligi
677 3577 690 3600 ,
722 3543 775 3590 et
801 3542 926 3590 ante
948 3575 965 3601 ,
995 3542 1050 3590 et
1079 3542 1198 3604 post
1223 3549 1237 3599 ;
1267 3541 1324 3588 ut
1349 3533 1593 3602 scapulas
1613 3534 1934 3604 accipiamus
1953 3549 2072 3604 quae

488 3628 544 3682 in
591 3627 766 3682 medio
807 3634 964 3696 caput
1007 3627 1202 3683 habent
1244 3643 1259 3681 :
1303 3635 1357 3682 et
1395 3626 1449 3681 in
1488 3625 1703 3682 hebran
1736 3629 1805 3682 sit
1831 3626 2074 3684 fortassis

487 3713 792 3789 ambiguum
817 3760 832 3784 ,
877 3718 1018 3789 quod
1061 3719 1228 3788 possit
1264 3726 1316 3773 et
1359 3716 1461 3773 hoc
1499 3717 1657 3772 modo
1697 3719 1950 3789 intelligi;
1978 3718 2073 3774 sed

489 3812 632 3882 quod
672 3812 726 3866 in
763 3827 936 3881 grazco
968 3819 1051 3866 est
1074 3817 1368 3884 μιτὸφρωα,
1399 3811 1604 3864 nonnisi
1632 3825 1662 3864 a
1693 3811 2074 3880 posterioribus

491 3903 784 3972 significat,
823 3901 965 3970 quod
1004 3909 1086 3956 est
1127 3901 1256 3954 inter
1288 3900 1542 3970 scapulas.
1576 3899 1766 3955 Utrum
1796 3909 2073 3969 propterea

493 3992 565 4046 ibi
586 4000 668 4046 est
692 3991 806 4046 auri
830 3990 1066 4045 viriditas
1089 4032 1104 4056 ,
1129 3991 1180 4044 id
1201 4000 1282 4045 est
1306 3991 1565 4060 sapientia
1590 3999 1645 4046 et
1663 3991 1895 4046 charitas
1915 4034 1929 4056 ,
1951 3993 2072 4062 quia

492 4081 566 4136 ibi
608 4090 731 4135 sunt
767 4079 1156 4149 quodammodo
1191 4080 1398 4135 radices
1439 4081 1688 4147 alarum;
1728 4096 1795 4135 an
1839 4082 1962 4152 quia
2001 4082 2072 4136 ibi

492 4180 736 4244 portatur
775 4173 862 4226 illa
897 4171 1102 4227 sarcina
1142 4173 1273 4227 levis
1299 4171 1322 4224 ἲ
1351 4172 1484 4238 Quid
1511 4173 1652 4227 enim
1682 4183 1806 4228 sunt
1829 4174 1913 4229 vel
1946 4174 2073 4244 ipsa:

490 4262 592 4318 ala:
614 4303 630 4327 ,
657 4262 756 4317 nisi
786 4261 891 4316 duo
921 4270 1178 4331 praecepta
1199 4261 1506 4328 charitatis,
1539 4262 1591 4316 in
1621 4262 1813 4332 quibus
1835 4273 1939 4318 tota
1965 4264 2073 4320 Lex

492 4355 690 4426 pendet
711 4365 766 4411 et
790 4355 1067 4427 Pr0pheta:
1093 4353 1304 4429 (Matth.
1333 4373 1442 4412 χιιι
1466 4397 1480 4422 ,
1507 4356 1642 4428 40)?
1670 4357 1804 4427 Quid
1825 4361 1936 4429 ipsa
1956 4375 2072 4414 sar-

491 4449 611 4501 cina
642 4447 803 4512 levis,
838 4446 937 4501 nisi
968 4446 1079 4515 ipsa
1104 4445 1337 4503 charitas
1365 4463 1482 4517 qua:
1509 4448 1560 4502 in
1591 4447 1673 4504 bis
1699 4449 1905 4504 duobus
1933 4466 2070 4518 prac-

492 4539 662 4608 ceptis
683 4537 973 4608 impletur?
997 4537 1260 4608 Quidquid
1286 4540 1428 4593 enim
1448 4539 1660 4593 difficile
1686 4546 1768 4594 est
1799 4540 1848 4593 in
1874 4556 2074 4610 prince-

494 4637 589 4698 pto
611 4671 626 4696 ,
671 4629 787 4684 leve
823 4637 906 4684 est
943 4628 1163 4684 amanti.
1196 4628 1306 4684 Nec
1330 4630 1399 4684 ob
1424 4628 1565 4683 aliud
1592 4638 1736 4684 recte
1762 4630 2073 4701 intelligitur

495 4719 727 4783 dictum,
771 4718 913 4773 Onus
953 4737 1116 4775 meum
1159 4719 1262 4775 leve
1296 4731 1370 4774 est
1398 4719 1506 4793 (Id.
1545 4737 1596 4775 xt
1619 4763 1633 4786 ,
1669 4722 1792 4793 30);
1827 4724 1925 4778 nisi
1952 4725 2072 4793 quia

493 4809 586 4865 dat
623 4808 874 4877 Spiritum
903 4819 1173 4874 sanctum,
1207 4825 1300 4880 per
1325 4825 1483 4880 quem
1511 4810 1820 4866 diffunditur
1843 4813 2075 4870 charitas

494 4903 549 4957 in
569 4902 818 4957 cordibus
843 4887 1037 4958 uestris
1066 4902 1238 4974 (Rom.
1260 4919 1294 4958 v
1311 4945 1327 4970 ,
1351 4903 1442 4972 5),
1465 4911 1522 4958 ut
1540 4903 1766 4958 amando
1787 4904 2076 4962 liberaliter

494 4991 750 5048 faciamus
773 5035 786 5057 ,
829 4994 970 5064 quod
1011 4995 1245 5050 timendo
1284 4995 1372 5065 qui
1412 4995 1574 5061 facit,
1617 4996 1880 5051 serviliter
1905 4997 2072 5054 facit:

493 5098 596 5139 nec
629 5093 712 5139 est
744 5085 945 5139 amicus
974 5085 1140 5151 recti,
1165 5085 1375 5155 quando
1399 5085 1609 5152 mallet,
1642 5085 1685 5140 si
1717 5085 1830 5141 ﬁeri
1858 5098 2071 5158 posset,

492 5173 546 5229 id
573 5173 713 5244 quod
740 5182 941 5229 rectum
969 5183 1052 5230 est
1078 5190 1182 5230 non
1205 5175 1403 5246 juberi.

523 5299 526 5301 λ
563 5266 652 5321 19.
696 5265 873 5334 Quaeri
914 5266 1074 5322 etiam
1117 5277 1329 5336 potest,
1367 5283 1486 5322 cum
1516 5285 1620 5324 non
1653 5269 1724 5323 sit
1748 5269 1947 5324 dictum
1972 5312 1985 5336 ,
2018 5271 2072 5326 Si

491 5358 769 5414 dormiatis
795 5359 849 5414 in
878 5359 1036 5414 cleris
1054 5400 1069 5422 ,
1100 5357 1194 5413 sed
1217 5399 1230 5424 ,
1262 5361 1392 5413 inter
1414 5361 1602 5414 medios
1629 5360 1791 5416 cleros
1811 5403 1824 5424 ,
1853 5362 1977 5432 quid
2007 5364 2076 5417 sit

491 5450 625 5516 hoc,
665 5451 794 5504 inter
833 5451 1022 5505 medios
1055 5451 1234 5505 cteros.
1279 5450 1430 5518 Quod
1455 5452 1666 5522 quidem
1697 5453 1742 5508 si
1771 5455 2077 5523 expressius

491 5540 870 5596 transferretur
891 5556 958 5596 ex
980 5557 1154 5611 graeco
1177 5581 1192 5608 ,
1227 5541 1364 5596 inter
1393 5543 1621 5596 medium
1643 5545 1908 5599 clerorum
1934 5541 2091 5600 dice;

489 5642 677 5697 retur;
727 5633 964 5702 quodin
1004 5634 1148 5688 nullo
1195 5633 1539 5703 interpretum
1583 5635 1685 5704 legi
1736 5655 1749 5690 :
1797 5645 2073 5707 propterea

490 5723 652 5777 credo
690 5723 812 5792 quia
853 5725 1178 5780 tantumdem
1219 5725 1358 5780 valet
1395 5725 1534 5796 quod
1572 5725 1770 5781 dictum
1799 5737 1912 5792 est,
1944 5729 2075 5782 inter

548 5834 569 5865 ¹
607 5840 680 5883 ει.
711 5843 760 5885 et
795 5835 975 5900 aliquot
999 5844 1127 5901 Mss,
1152 5837 1202 5888 in
1226 5837 1380 5890 virore
1401 5838 1663 5905 rapientur,
1691 5853 1828 5904 quem
1851 5840 2068 5892 rit-orem.

1699 389 1764 446 8.
1805 383 2168 446 AUGUSTINI
2204 383 2506 444 EPISCOPI

3636 400 3740 461 826

2158 501 2348 555 nuntios
2375 503 2556 557 cteros.
2582 502 2714 558 Hinc
2737 517 2864 574 ergo
2886 505 3013 575 quid
3037 505 3166 562 mihi
3190 507 3432 568 videatur
3449 529 3735 586 exponam.

2161 592 2315 662 Saepe
2358 591 2458 648 hoc
2493 593 2710 650 verbum
2749 595 2817 651 ad
2858 596 3033 668 aliqua
3069 603 3431 663 connectenda
3457 615 3621 676 atque
3645 624 3741 678 pa-

2162 685 2328 739 canda
2347 726 2362 750 ,
2407 702 2476 741 ne
2513 687 2651 742 inter
2685 702 2744 742 se
2771 687 3063 744 dissideant
3084 732 3099 755 ,
3128 693 3252 761 poni
3283 695 3420 749 solet
3447 713 3462 747 :
3493 698 3632 752 sicut
3663 709 3741 754 te-

2160 784 2480 830 stamentum
2507 777 2644 832 inter
2660 793 2718 833 se
2742 787 2796 835 et
2823 779 3074 850 populum
3098 781 3206 837 Deo
3224 785 3582 842 constituente
3601 829 3615 853 ,
3642 788 3743 844 hoc

2160 864 2382 921 verbum
2417 866 2684 936 Scriptura
2719 868 2904 938 ponit;
2933 885 3054 925 nam
3085 886 3182 942 pro
3209 888 3273 928 eo
3299 875 3440 944 quod
3469 885 3554 932 est
3578 878 3628 932 in
3662 879 3741 933 la-

2161 958 2309 1022 tino,
2355 958 2486 1012 inter
2529 975 2608 1013 me
2643 969 2690 1014 et
2727 975 2846 1028 vos,
2889 978 3094 1031 graecus
3133 964 3325 1030 habet,
3357 967 3489 1022 inter
3520 970 3744 1024 medium

2159 1064 2326 1102 meum
2363 1059 2408 1103 et
2442 1061 2677 1105 vestrum.
2708 1052 2796 1108 Sic
2824 1061 2879 1108 et
2904 1053 2970 1108 de
2995 1054 3146 1124 signo
3173 1056 3593 1114 circumeisionis
3619 1074 3741 1115 cum

2159 1138 2389 1209 loquitur
2427 1141 2566 1196 Deus
2603 1142 2668 1197 ad
2709 1143 3009 1210 Abraham,
3051 1145 3213 1212 dicit,
3256 1145 3368 1200 Erit
3391 1158 3743 1205 testamentum

2158 1232 2288 1287 inter
2312 1250 2391 1287 me
2414 1245 2460 1288 et
2488 1244 2560 1300 te,
2589 1244 2634 1288 et
2662 1253 2808 1290 autne
2826 1253 2992 1292 semen
3017 1247 3157 1291 tuum
3186 1237 3333 1308 (Gen.
3365 1255 3476 1295 xvu
3496 1283 3512 1308 ,
3540 1242 3576 1296 2
3595 1285 3611 1309 ,
3643 1224 3701 1314 ³1)
3725 1261 3744 1301 :

2160 1324 2299 1390 quod
2343 1323 2561 1380 Graccus
2601 1325 2758 1383 habet
2776 1370 2790 1393 ,
2824 1328 2952 1381 inter
2977 1329 3195 1382 medium
3220 1347 3384 1384 nteant
3409 1342 3456 1386 et
3485 1344 3629 1388 tuum
3651 1377 3666 1398 ,
3694 1348 3744 1390 et

2158 1415 2525 1469 intermedium
2551 1419 2752 1472 serotinis
2781 1421 2873 1472 tui.
2906 1419 3032 1474 Item
3055 1437 3173 1476 cum
3202 1421 3510 1492 loqueretur
3537 1426 3606 1481 ad
3631 1427 3745 1484 Noe

2161 1506 2226 1560 de
2250 1521 2378 1562 arcu
2405 1507 2456 1561 in
2484 1509 2709 1565 nubibus
2737 1510 2803 1564 ad
2827 1512 3034 1581 signum
3061 1515 3488 1572 constituendum
3518 1516 3629 1584 (Id.
3653 1535 3704 1574 lx
3723 1561 3740 1587 ,

2163 1597 2284 1666 l2),
2327 1595 2430 1652 hoc
2480 1597 2698 1653 verbum
2738 1602 3031 1671 saepissime
3057 1606 3357 1675 repetitzet
3379 1608 3520 1677 quod
3547 1609 3747 1666 habent

2162 1689 2308 1744 latini
2343 1689 2554 1745 codices
2581 1731 2598 1758 ,
2629 1691 2756 1746 inter
2783 1709 2862 1747 me
2888 1704 2932 1747 et
2959 1711 3044 1749 vos
3062 1738 3075 1761 ,
3109 1696 3190 1751 vel
3221 1698 3350 1751 inter
3375 1715 3454 1753 me
3475 1709 3523 1754 et
3547 1717 3746 1756 omnem

2162 1779 2387 1832 animam
2425 1781 2586 1835 vivant
2605 1823 2621 1849 ,
2652 1791 2708 1837 et
2730 1783 2776 1837 si
2801 1791 2902 1853 Qua
2931 1785 3002 1840 ibi
3030 1787 3153 1842 talia
3179 1787 3458 1856 dicuntur;
3488 1791 3618 1846 inter
3642 1810 3748 1848 nte-

2162 1871 2300 1925 dium
2325 1889 2487 1928 meum
2513 1882 2559 1928 ot
2584 1885 2796 1930 uestrum
2814 1917 2830 1941 ,
2859 1878 3124 1942 invenitur
3149 1881 3200 1934 in
3221 1880 3408 1937 Graeco
3425 1923 3442 1947 ,
3463 1885 3607 1954 quod
3627 1895 3711 1940 est
3727 1928 3745 1952 ,

2162 1967 2254 2018 ἆνὰ
2285 1974 2443 2033 μέσον.
2486 1967 2652 2022 David
2688 1984 2898 2040 quoque
2925 1980 2978 2026 et
3002 1971 3264 2027 Jonathan
3290 1974 3498 2044 signum
3525 1977 3665 2049 inter
3688 1994 3749 2034 se

2163 2060 2528 2127 constituunt,
2561 2078 2629 2117 ne
2649 2062 2792 2118 aliud
2823 2065 3087 2134 opinando
3113 2066 3402 2124 dissideant
3435 2069 3478 2140 (ι
3502 2071 3629 2140 Reg.
3655 2089 3746 2136 xx,

2163 2149 2355 2225 εει-εδ)
2386 2169 2400 2204 :
2431 2162 2484 2208 et
2503 2153 2644 2222 quod
2674 2155 2836 2210 latine
2862 2156 3084 2222 dicitur,
3109 2158 3240 2213 inter
3259 2159 3468 2226 ambos;
3485 2163 3618 2216 ister
3637 2180 3749 2217 me-

2165 2242 2305 2296 dium
2345 2243 2640 2312 amborum,
2684 2245 2844 2301 habet
2887 2246 3106 2304 Gratcus
3147 2249 3335 2305 eodem
3377 2251 3578 2319 verbo,
3605 2254 3750 2323 quod

2166 2342 2248 2388 est
2265 2375 2280 2401 ,
2320 2337 2413 2390 ἀνὰ
2433 2344 2590 2404 μέσον.
2617 2336 2827 2407 Optime
2851 2350 3029 2393 autem
3056 2339 3252 2394 factum
3279 2350 3386 2404 est,
3417 2351 3474 2397 ut
3499 2342 3597 2397 hoc
3625 2343 3749 2399 loco

2167 2428 2356 2496 psalmi
2399 2427 2556 2499 hujus
2599 2430 2912 2499 interpretes
2952 2432 3119 2486 nostri
3162 2447 3268 2486 non
3311 2432 3573 2500 dicerent,
3604 2434 3751 2489 inter

2167 2521 2378 2586 cleros,
2417 2519 2556 2588 quod
2595 2520 2773 2576 latinae
2800 2522 3049 2578 locutioni
3077 2523 3326 2579 usitatum
3355 2535 3473 2590 est;
3501 2525 3596 2582 sed
3618 2528 3755 2581 inter

2169 2613 2360 2667 medios
2414 2613 2574 2668 cteros
2602 2655 2618 2682 ,
2677 2623 2923 2686 tanquam
2972 2617 3110 2673 inter
3155 2619 3388 2674 medium
3438 2621 3708 2676 clerorum
3735 2665 3754 2688 ,

2170 2706 2310 2777 quod
2350 2707 2520 2776 potius
2560 2708 2612 2762 in
2655 2725 2829 2780 graeco
2864 2711 3088 2781 legitur,
3133 2721 3187 2768 et
3229 2713 3369 2783 quod
3406 2713 3510 2768 dici
3535 2715 3672 2770 solet
3703 2715 3758 2770 in

2169 2798 2251 2854 cis
2277 2798 2436 2855 rebus
2455 2840 2471 2866 ,
2501 2807 2560 2855 ut
2585 2800 2694 2856 dixi
2712 2842 2727 2868 ,
2757 2818 2876 2873 qure
2899 2803 3038 2859 inter
3063 2819 3122 2860 se
3150 2805 3378 2860 debeant
3407 2805 3606 2862 habere
3629 2822 3764 2862 con-

2172 2904 2410 2946 sensum.
2450 2891 2608 2948 Jubet
2648 2908 2776 2964 ergo
2801 2893 3075 2964 Scriptura
3104 2905 3162 2950 ut
3188 2897 3328 2952 inter
3353 2896 3558 2952 medios
3585 2898 3762 2953 cleros

2173 2982 2440 3038 dormiant
2462 3027 2478 3053 ,
2503 2985 2592 3056 qui
2620 2987 2700 3040 vel
2727 2993 2849 3041 sunt
2870 3001 3057 3057 penna:
3079 2988 3341 3043 columba:
3363 2988 3725 3059 deat-gemam:
3741 3032 3758 3052 ,

2173 3076 2257 3130 vel
2305 3090 2370 3131 ex
2410 3075 2513 3131 hoc
2552 3075 2630 3132 eis
2675 3086 2954 3146 praestatur
2994 3087 3051 3133 ut
3090 3078 3220 3133 sint.
3254 3079 3420 3134 Porro
3444 3080 3492 3134 si
3517 3079 3606 3135 isti
3630 3080 3764 3136 clcri

2174 3165 2281 3221 duo
2310 3166 2648 3222 Testamenta
2676 3168 3012 3238 significant,
3043 3169 3170 3239 quid
3197 3169 3340 3224 aliud
3368 3169 3724 3225 admonemur
3742 3212 3759 3232 ,

2175 3257 2277 3312 nisi
2303 3265 2362 3311 ut
2380 3257 2735 3312 Tcstamentis
2764 3259 2902 3315 inter
2926 3274 2984 3314 se
3005 3258 3459 3315 consentientibus
3480 3274 3585 3314 non
3601 3275 3766 3331 repu-

2175 3362 2399 3418 gnemus
2439 3349 2496 3412 ¹;
2550 3347 2645 3404 sed
2688 3348 3032 3419 intelligendo
3077 3350 3511 3419 acquiescamus,
3559 3363 3768 3420 nosque

2177 3439 2341 3494 simus
2379 3455 2562 3495 eorum
2601 3441 2900 3495 concordia:
2924 3441 3132 3510 signum
3160 3449 3318 3510 atque
3344 3433 3784 3506 documentum,

2177 3546 2297 3584 eum
2325 3529 2550 3584 alterum
2570 3530 2825 3586 adversus
2842 3531 3070 3586 alterum
3089 3531 3221 3586 nihil
3245 3531 3443 3587 dixisse
3467 3531 3727 3587 sentimus
3743 3563 3773 3597 ,-

2177 3631 2232 3676 et
2270 3637 2389 3676 cum
2433 3621 2652 3692 pacifica
2688 3622 3036 3678 admiratione
3058 3663 3076 3688 ,
3114 3623 3265 3694 quasi
3289 3624 3510 3678 ecstasis
3531 3637 3764 3693 sopore,

2178 3714 2576 3770 monstramus?
2601 3714 2708 3770 Cur
2732 3725 2910 3770 autem
2939 3715 2993 3770 in
3019 3715 3176 3770 cleris
3199 3715 3536 3771 Testamenta
3559 3714 3768 3770 intelli-

2177 3815 2370 3878 gantur
2388 3849 2402 3871 ,
2430 3821 2549 3861 cum
2577 3806 2680 3862 hoc
2700 3821 2895 3861 nomen
2915 3821 3146 3877 graecum
3171 3807 3242 3861 sit
3269 3807 3481 3878 quidem
3499 3848 3514 3871 ,
3538 3805 3632 3863 sed
3653 3803 3766 3860 Tc-

2178 3907 2498 3954 stamentum
2546 3914 2651 3954 non
2694 3899 2764 3952 ita
2790 3897 3026 3962 dicatur;
3060 3898 3172 3952 hrec
3196 3913 3353 3953 causa
3381 3906 3491 3966 est,
3517 3897 3638 3966 quia
3667 3912 3767 3966 per

2181 3998 2552 4046 testamentum
2581 3989 2737 4045 datur
2759 3991 3040 4046 haereditas
3062 4032 3075 4054 ,
3105 4006 3222 4060 qua:
3248 4006 3419 4061 grzrcc
3444 3991 3764 4060 appellatur,

2178 4095 2482 4153 κληρονομία,
2496 4093 2550 4141 et
2561 4084 2752 4149 hteres,
2768 4093 3063 4155 κληρονόμος.
3079 4091 3262 4153 κλῆρος
3274 4093 3447 4138 autem
3461 4099 3575 4138 sors
3591 4098 3772 4152 graece

2178 4176 2373 4232 dicitur
2395 4218 2408 4242 ,
2448 4186 2504 4233 et
2542 4189 2714 4231 sortes
2741 4193 2807 4232 ex
2837 4176 3186 4245 promissione
3217 4175 3308 4228 Dei
3336 4216 3349 4238 ,
3382 4184 3559 4245 partes
3588 4175 3764 4227 haere-

2178 4269 2357 4324 ditatis
2400 4277 2692 4334 vocantur,
2737 4284 2854 4337 qua:
2897 4267 3094 4337 populo
3119 4275 3243 4322 sunt
3267 4266 3578 4320 distributa).
3612 4264 3772 4320 Unde

2179 4363 2348 4418 tribus
2390 4361 2517 4417 Levi
2566 4367 2828 4430 prziecepta
2874 4366 2956 4414 cst
2999 4373 3103 4412 non
3149 4357 3345 4413 habere
3387 4365 3583 4411 sortem
3627 4358 3771 4410 inter

2179 4454 2370 4511 fratres
2411 4469 2571 4520 suos,
2611 4453 2752 4523 quod
2797 4467 2864 4506 ex
2905 4465 3091 4506 eorum
3129 4449 3352 4505 decimis
3376 4457 3777 4504 sustentaretur

2183 4545 2368 4619 (Nam.
2416 4561 2544 4600 xvm
2569 4587 2586 4612 ,
2629 4543 2746 4617 20).
2792 4543 2924 4598 Nam
2968 4550 3022 4597 et
3059 4540 3244 4596 Cieros
3286 4551 3340 4595 et
3373 4539 3606 4596 Clericos
3639 4539 3776 4595 hinc

2180 4641 2473 4710 appellatos
2514 4648 2679 4710 puto,
2721 4639 2811 4710 qui
2851 4646 2975 4692 sunt
3017 4638 3068 4692 in
3111 4621 3456 4692 ecclesiastici
3485 4633 3776 4690 ministerii

2155 4733 2429 4804 gradibus
2470 4730 2730 4796 ordinati,
2769 4731 2889 4799 quia
2931 4729 3176 4784 Matthias
3219 4738 3369 4784 sorte
3409 4728 3611 4783 electus
3641 4738 3772 4792 est,

2181 4839 2337 4892 quem
2366 4823 2593 4890 primum
2623 4835 2716 4890 per
2739 4820 3024 4888 Apostolos
3051 4821 3277 4890 legimus
3301 4819 3599 4875 ordinatum
3625 4819 3772 4888 (Act.

2183 4929 2236 4980 ι,
2277 4911 2392 4980 26).
2443 4911 2672 4967 Proinde
2711 4921 2926 4982 propter
2966 4911 3328 4965 hatreditatem
3367 4928 3484 4981 qua:
3513 4911 3571 4965 fit
3597 4919 3778 4965 testa-

2182 5014 2362 5061 mento
2385 5045 2400 5070 ,
2448 5013 2694 5074 tanquam
2738 5019 2832 5072 per
2873 5003 2925 5058 id
2963 5003 3103 5073 quod
3138 5002 3368 5058 efﬁcitur
3405 5003 3455 5058 id
3486 5002 3624 5073 quod
3652 5003 3788 5058 cili.

2183 5097 2289 5162 cit,
2345 5095 2560 5151 nomine
2601 5095 2865 5150 elerorunt
2913 5094 3254 5151 Testamenta
3311 5094 3422 5165 ipsa
3476 5093 3788 5165 significata

2182 5198 2326 5244 sunt.

2253 5285 2341 5340 20.
2384 5284 2694 5354 Quanquam
2735 5282 2862 5337 mihi
2901 5291 2956 5336 et
2990 5281 3125 5336 alios
3154 5279 3241 5336 hic
3266 5294 3454 5335 sensus
3482 5290 3744 5334 occurrat
3775 5324 3792 5346 ,

2184 5377 2285 5432 nisi
2330 5376 2514 5441 fallor,
2555 5373 2988 5443 anteponendus,
3031 5383 3088 5444 ut
3116 5372 3291 5427 cleros
3319 5371 3487 5426 multo
3513 5370 3793 5440 probabi.

2185 5471 2285 5525 lius
2321 5469 2462 5538 ipsas
2497 5468 2835 5523 haereditates
2864 5466 3219 5536 intelligamus
3252 5483 3265 5519 :
3299 5472 3356 5518 ut
3379 5462 3628 5534 quoniam
3660 5463 3797 5517 Im:-

2185 5561 2379 5616 reditas
2406 5559 2612 5615 Veteris
2641 5558 2968 5614 Testamenti
2994 5565 3080 5612 est
3099 5598 3114 5622 ,
3138 5555 3376 5626 quamvis
3407 5555 3458 5609 in
3489 5553 3680 5608 umbra
3709 5559 3793 5610 si-
3817 5619 3820 5622 ,

2248 5721 2263 5751 ι
2299 5726 2476 5765 omnes
2500 5728 2648 5777 prope
2671 5722 2797 5772 Mss,
2819 5720 2868 5762 ut
2892 5726 2950 5777 ea
2979 5719 3265 5762 Testamenta
3283 5710 3405 5761 inter
3428 5723 3478 5776 se
3503 5715 3796 5764 emisemire

2183 5794 2275 5830 non
2296 5775 2631 5842 repugnemus.
2653 5779 2827 5839 Regius
2847 5775 2947 5829 ω..
2962 5781 3022 5842 _nt
3043 5786 3101 5822 ea
3134 5778 3416 5824 testamenta
3437 5775 3563 5824 inter
3584 5785 3636 5823 se
3661 5786 3797 5825 cun-

2188 5841 2378 5901 .xcntire,
2403 5852 2494 5890 non
2519 5851 2785 5903 repugnare
2811 5849 3093 5888 nat-erimus.

3731 5935 3763 5947 με.
