4038 6468
224 410 332 469 825

224 522 523 593 gniﬁativa
567 520 767 588 futuri,
818 525 1024 573 terrena
1072 514 1329 581 felicitas;
1374 515 1654 571 lnereditas
1677 526 1804 567 vero

225 615 356 669 Novi
393 611 720 667 'l'cstamenti
763 619 844 663 est
889 620 1084 663 acterna
1126 606 1533 670 immortalitas;
1575 603 1807 659 dormire

224 708 296 762 sit
336 706 475 759 inter
513 702 717 758 medios
755 703 925 756 cteros
948 738 964 767 ,
1014 714 1112 754 nec
1153 699 1296 753 illam
1323 698 1429 767 jam
1460 711 1698 767 quaerere
1724 711 1811 748 ar-

228 798 447 861 denter,
496 803 551 850 et
590 793 764 847 adhuc
802 792 955 846 istam
996 798 1304 859 exspectare
1354 790 1632 858 patienter.
1674 785 1805 840 Nam

230 889 319 957 qui
348 889 459 942 Deo
483 896 761 957 propterea
785 886 1056 947 serviunt,
1080 883 1162 937 vel
1194 882 1369 951 potius
1398 890 1676 950 propterea
1698 894 1812 933 ser-

230 979 340 1032 vire
364 978 587 1040 nolunt,
619 975 743 1029 dum
768 982 1011 1044 quaerunt
1038 973 1088 1026 in
1120 971 1218 1025 hac
1246 972 1350 1025 vita
1379 979 1435 1025 et
1464 972 1515 1024 in
1543 969 1643 1024 huc
1669 978 1808 1022 terra

230 1067 566 1129 felicitatem,
610 1065 820 1118 ablatus
863 1073 944 1117 est
982 1078 1199 1116 somnus
1240 1062 1308 1115 ab
1344 1062 1454 1126 eis,
1482 1068 1663 1115 etnon
1689 1059 1812 1112 dor-

230 1157 420 1211 miunt.
458 1153 910 1209 lnllammantibus
942 1151 1083 1206 enim
1112 1150 1486 1220 cupiditatibus
1512 1150 1726 1220 agitati,
1759 1148 1809 1201 in

230 1246 429 1317 flagitia
475 1255 531 1299 et
554 1245 784 1298 facinora
808 1244 1173 1312 propelluntur
1195 1284 1211 1309 ,
1241 1257 1338 1297 nec
1362 1242 1582 1296 omnino
1605 1243 1811 1310 requie-

231 1344 427 1399 scunt;
458 1333 809 1389 desiderando
838 1343 895 1387 ut
919 1333 1193 1402 acquirant
1213 1374 1228 1398 ,
1257 1331 1541 1387 metuendo
1569 1345 1637 1384 ne
1661 1330 1813 1383 amit-

233 1435 369 1481 tant.
405 1426 506 1489 Oui
529 1435 695 1479 autem
719 1442 798 1478 me
821 1424 998 1489 audit,
1026 1425 1101 1478 ait
1125 1423 1413 1492 Sapientia,
1444 1419 1739 1475 inhabitabit
1761 1421 1813 1473 in

231 1536 343 1589 spe,
369 1527 417 1571 et
443 1518 707 1587 requiescet
732 1516 841 1569 sine
868 1515 1044 1568 timore
1062 1514 1124 1568 ab
1142 1514 1280 1568 omni
1300 1513 1608 1582 malignitate
1628 1510 1809 1579 (Prov.

269 1650 286 1673 ,
324 1608 439 1678 33).
470 1608 584 1661 Hoc
613 1615 695 1661 est
716 1646 732 1672 ,
763 1614 1016 1676 quantum
1050 1603 1178 1659 mihi
1200 1604 1407 1658 videtur
1428 1643 1443 1667 ,
1474 1601 1708 1656 dormire
1736 1601 1817 1654 in-

233 1711 315 1754 ter
360 1699 565 1754 medios
606 1699 777 1753 cleros
801 1739 815 1762 ,
858 1696 909 1751 id
937 1704 1019 1751 est
1046 1698 1185 1751 inter
1210 1695 1409 1749 medias
1437 1692 1772 1747 haereditates
1798 1708 1813 1757 ;

235 1790 473 1846 nondum
506 1790 557 1843 in
589 1804 646 1843 re
669 1829 684 1855 ,
716 1788 808 1842 sed
840 1797 1013 1841 tamen
1040 1788 1090 1840 in
1119 1800 1213 1856 spe
1240 1784 1474 1841 caelestis
1495 1783 1816 1838 bzereditatis

236 1882 481 1937 habitare
501 1921 516 1945 ,
554 1888 610 1934 et
644 1894 673 1932 a
705 1887 927 1933 terrena:
954 1876 1217 1931 felicitatis
1236 1875 1345 1944 jam
1373 1874 1660 1945 cupiditate
1687 1888 1817 1927 con-

236 1977 533 2046 quiescere.
572 1972 704 2027 Cum
746 1980 923 2024 autem
967 1969 1171 2024 venerit
1199 1967 1339 2038 quod
1368 1982 1645 2037 speramus
1668 2007 1682 2032 ,
1712 1981 1819 2019 non

232 2066 343 2134 jam
370 2066 509 2119 inter
528 2064 662 2117 duas
684 2061 1016 2117 hmreditates
1036 2059 1431 2129 requiescemus
1453 2074 1467 2123 ;
1491 2057 1583 2112 sed
1605 2057 1657 2110 in
1682 2070 1820 2109 nova

238 2172 366 2209 vera
388 2196 406 2222 ,
450 2154 600 2224 cujus
626 2163 776 2208 vetus
805 2161 921 2207 erat
947 2151 1133 2205 umbra
1152 2192 1164 2214 ,
1194 2149 1548 2219 regnabimus.
1579 2148 1821 2216 Quapro-

239 2257 359 2318 pter
394 2247 601 2303 etiamsi
638 2243 1052 2300 intellexerimus
1076 2242 1215 2312 quod
1240 2242 1436 2296 dictum
1467 2249 1548 2295 est
1568 2282 1585 2303 ,
1618 2240 1677 2293 Si
1706 2240 1823 2292 dor-

240 2338 410 2391 miatis
450 2337 576 2389 inter
619 2337 808 2390 medios
850 2335 1008 2388 cteros
1032 2374 1047 2399 ,
1090 2342 1338 2402 tanquam
1363 2332 1408 2385 si
1433 2331 1701 2385 diceretur
1722 2369 1738 2396 ,
1768 2330 1823 2384 Si

239 2427 544 2481 mo‘riamini
571 2427 706 2480 inter
729 2425 933 2479 medios
958 2424 1129 2485 eleros
1154 2464 1170 2489 ,
1198 2431 1256 2476 ut
1276 2422 1430 2476 istam
1454 2428 1683 2474 mortem
1704 2434 1823 2474 car-

240 2522 325 2575 nis
366 2534 513 2573 tnore
558 2534 655 2573 suo
682 2518 948 2588 Scriptura
978 2517 1350 2571 dortnitionem
1380 2516 1679 2580 vocaverit;
1714 2516 1828 2569 haec

240 2621 325 2667 est
353 2627 499 2666 mors
526 2612 753 2680 optima,
784 2619 840 2663 ut
866 2610 917 2663 in
944 2610 1287 2679 cupiditatum
1315 2608 1640 2662 cohibitione
1665 2622 1695 2660 a
1723 2615 1829 2662 ter-

240 2703 389 2757 renis
413 2744 428 2767 ,
471 2703 520 2755 in
560 2716 654 2770 spe
687 2700 916 2755 cwlestis
946 2700 1268 2754 haereditatis
1296 2700 1457 2753 homo
1485 2712 1651 2767 usque
1679 2699 1729 2750 in
1760 2697 1825 2749 fi-

241 2808 369 2845 ncm
408 2805 784 2861 perseverans,
823 2790 962 2843 diem
993 2790 1114 2843 vita:
1146 2788 1301 2857 hujus
1328 2789 1569 2841 ultimum
1597 2787 1825 2841 claudat.

241 2882 331 2938 Sic
354 2882 495 2937 enim
522 2882 845 2936 dormientes
867 2880 1003 2934 inter
1026 2879 1227 2933 medios
1246 2878 1438 2944 cleros,
1460 2886 1622 2933 erunt
1642 2892 1829 2946 pennae

242 2972 509 3027 columbae
549 2971 947 3041 deargentatze;
992 2977 1051 3023 ut
1092 2978 1329 3038 tempore
1373 2984 1479 3037 quo
1514 2977 1827 3036 resurgent,

244 3064 522 3132 rapiantur
547 3063 597 3116 in
624 3061 849 3116 nubibtts
877 3060 1083 3114 obviam
1113 3058 1325 3114 Christo
1347 3058 1399 3112 in
1423 3072 1546 3113 aera
1568 3098 1581 3121 ,
1607 3068 1661 3112 et
1685 3072 1830 3112 sem-

243 3168 342 3223 per
380 3152 492 3223 jam
532 3166 651 3206 cum
693 3150 914 3204 Domino
952 3150 1129 3203 vivant
1168 3148 1209 3219 (Ι
1256 3148 1430 3202 Thess.
1467 3164 1545 3214 tv,
1577 3148 1665 3218 16)
1695 3165 1709 3199 :
1741 3155 1836 3203 aut

243 3253 395 3299 certe
414 3284 431 3306 .
473 3243 595 3313 quia
638 3257 732 3311 per
756 3256 849 3295 eos
877 3240 964 3310 qui
993 3240 1071 3294 sic
1100 3238 1423 3303 moriuntur,
1453 3246 1654 3307 quanto
1683 3253 1837 3293 secu-

244 3337 395 3398 rius,
444 3343 590 3387 tanto
626 3332 906 3387 sublimius
944 3330 1182 3385 Ecclesia
1225 3328 1560 3393 dill'amatur,
1601 3338 1657 3383 et
1683 3330 1833 3398 quasi

245 3423 565 3495 quibusdam
615 3424 803 3492 pennis
846 3422 1071 3477 excelsa:
1115 3420 1286 3474 laudis
1329 3420 1605 3475 attollitur.
1651 3420 1835 3490 Neque

246 3516 392 3570 enim
419 3513 609 3567 frustra
636 3512 831 3567 dictum
860 3521 941 3568 est
970 3529 983 3565 :
1014 3509 1144 3564 Ante
1162 3519 1369 3564 mortem
1389 3527 1449 3564 ne
1473 3510 1647 3564 laudes
1668 3509 1835 3563 homi-

247 3622 366 3658 nem
412 3620 710 3676 quemquam
759 3601 941 3674 (Eccli.
987 3617 1070 3667 xl,
1120 3599 1232 3672 50).
1280 3600 1476 3657 Omnes
1516 3615 1644 3671 ergo
1668 3600 1836 3655 sancti

248 3697 348 3751 Dei
388 3696 457 3750 ab
487 3696 633 3749 initio
662 3696 868 3764 generis
893 3694 1107 3748 humani
1127 3734 1142 3759 ,
1174 3709 1339 3762 usque
1365 3693 1431 3747 ad
1460 3702 1664 3762 tempus
1690 3695 1835 3762 Apo-

247 3789 511 3843 stolorum
541 3785 694 3859 (quia
724 3798 777 3840 et
804 3787 901 3855 ipsi
930 3795 1187 3840 noverant
1212 3786 1391 3840 dicere
1409 3826 1424 3850 ,
1452 3784 1598 3839 Diem
1622 3785 1839 3840 hominis

249 3896 357 3933 non
382 3878 671 3947 concupiui,
704 3887 756 3930 tu
782 3877 877 3930 scis
902 3875 1111 3947 [Jerem.
1142 3890 1278 3939 xvu,
1311 3873 1435 3947 iii];
1466 3884 1539 3941 et,
1575 3873 1740 3929 Unam
1762 3892 1840 3945 pe-

250 3971 309 4024 tii
336 3987 372 4023 a
405 3967 625 4022 Domino
646 4008 662 4033 ,
708 3968 837 4022 hanc
885 3968 1133 4036 requirant
1174 3965 1342 4038 [PsaL
1379 3982 1532 4031 xxVI,
1567 3965 1658 4040 4])
1687 4009 1702 4033 ,
1728 3978 1781 4022 et
1808 3981 1840 4021 a

249 4072 498 4129 tempore
538 4059 912 4128 Apostolorum
932 4098 947 4122 ,
986 4072 1054 4111 ex
1093 4071 1198 4126 quo
1222 4058 1445 4112 duorum
1473 4057 1842 4113 Testamento-

249 4165 378 4205 rum
418 4148 714 4204 differentia
753 4148 948 4203 clarius
987 4148 1220 4202 revelata
1254 4156 1367 4212 est,
1397 4147 1496 4216 ipsi
1524 4148 1763 4217 Apostoli
1790 4155 1845 4203 et

249 4241 402 4297 beati
445 4248 706 4311 martyres
743 4238 1027 4307 czcterique
1064 4238 1223 4307 justi,
1268 4245 1517 4314 tanquam
1562 4238 1754 4292 arietes
1791 4246 1846 4292 et

249 4333 488 4387 arietum
531 4330 623 4385 lilii
662 4344 828 4399 usque
861 4328 928 4383 ad
969 4329 1070 4385 hoc
1109 4338 1314 4398 tempus
1343 4328 1675 4384 dormierunt
1708 4329 1848 4385 inter

252 4421 470 4478 medios
512 4420 724 4483 eleros;
771 4420 918 4489 regni
962 4420 1159 4474 terreni
1198 4419 1500 4475 felicitatem
1530 4419 1639 4488 jam
1666 4429 1848 4476 conte-

251 4519 510 4567 mnentes
536 4551 551 4576 ,
578 4518 634 4563 et
655 4510 800 4579 regni
824 4509 1078 4564 caelorum
1099 4510 1445 4564 aeternitatem
1475 4519 1768 4579 sperantes,
1794 4522 1850 4567 et

254 4602 503 4657 nondum
543 4609 800 4655 tenentes.
841 4600 906 4654 Et
934 4600 1056 4669 quia
1084 4608 1187 4655 tam
1220 4600 1354 4656 bene
1380 4600 1742 4667 dormierunt,
1771 4604 1849 4658 eis

254 4694 411 4749 velut
451 4692 639 4762 pennis
681 4706 821 4745 nunc
858 4691 1078 4755 volitat,
1106 4701 1159 4746 et
1188 4691 1427 4746 laudibus
1456 4692 1718 4747 exaltatur
1744 4693 1849 4748 Ec-

253 4786 461 4849 clesia,
505 4784 750 4839 columba
792 4784 995 4839 scilicet
1025 4784 1398 4853 deargentata;
1442 4794 1498 4839 ut
1535 4783 1633 4841 hac
1666 4801 1850 4841 eorum

252 4879 404 4934 fama
442 4876 510 4931 ad
550 4875 863 4931 imitandum
891 4875 1116 4945 posteris
1142 4875 1373 4931 invitatis
1396 4918 1412 4942 ,
1439 4876 1566 4932 dum
1590 4879 1667 4932 sic
1692 4880 1851 4934 etiam

253 4968 445 5024 cmteri
489 4966 798 5033 dormiunt,
842 4966 1101 5021 addantur
1141 4982 1326 5036 pennae
1370 4966 1561 5037 quibus
1595 4984 1761 5038 usque
1796 4970 1849 5023 iu

256 5063 428 5137 tinem
455 5058 641 5113 seaculi
666 5058 962 5113 sublimiter
991 5056 1323 5127 pmdicetur.

333 5153 431 5225 21.
462 5149 630 5225 [vers.
663 5147 776 5223 15.]
808 5149 944 5204 Dum
964 5151 1199 5205 discernit
1226 5151 1585 5221 supercmlestis
1604 5167 1744 5222 reges
1762 5168 1852 5206 su—

253 5262 357 5314 per
386 5259 520 5309 eam,
547 5242 656 5297 nive
680 5240 1040 5296 dealbabuntur
1067 5242 1119 5295 in
1146 5239 1353 5296 Selmon
1378 5257 1397 5296 :
1423 5241 1510 5296 ille
1529 5244 1853 5311 superemic-

176 5328 179 5330 1
254 5340 389 5401 stis,
429 5335 521 5389 ille
558 5335 644 5404 qui
669 5335 890 5389 ascendit
914 5351 1064 5404 super
1091 5350 1259 5388 omnes
1283 5334 1451 5399 calas,
1480 5345 1535 5387 ut
1562 5333 1854 5404 adimpleret

258 5428 477 5492 omnia,
521 5426 643 5479 dunt
682 5424 915 5478 discernit
958 5440 1096 5493 reges
1137 5440 1288 5492 super
1325 5440 1433 5477 eam
1456 5465 1471 5491 ,
1508 5424 1561 5478 id
1591 5434 1673 5480 est
1695 5441 1855 5495 super

257 5518 517 5575 eamdem
539 5514 837 5571 columbam
858 5512 1271 5581 deargentatam.
1290 5513 1541 5583 Sequitur
1553 5515 1695 5568 enim
1710 5516 1855 5583 Apo-

257 5610 478 5675 stolus,
522 5623 587 5662 ac
626 5606 755 5662 dicit
797 5622 814 5662 :
853 5603 921 5657 Et
950 5604 1056 5673 ipsc
1082 5603 1216 5657 dedit
1242 5606 1484 5675 quosdam
1506 5607 1707 5676 quidem
1730 5624 1857 5676 apo-

256 5702 429 5757 stolos
449 5741 464 5766 ,
507 5697 750 5771 quosdam
784 5705 948 5750 autem
977 5694 1271 5767 prophetas,
1299 5696 1541 5765 quosdam
1569 5712 1681 5752 vero
1705 5711 1855 5751 evan-

258 5793 476 5864 gelistas
494 5833 509 5860 ,
535 5792 777 5859 quosdam
805 5799 969 5844 autem
997 5797 1218 5861 pastores
1243 5799 1287 5844 et
1316 5790 1557 5844 doctores.
1580 5788 1708 5845 Nam
1731 5789 1854 5861 quid

1304 393 1702 461 ENARRATIO
1740 394 1804 453 ΙΝ
1839 391 2165 456 PSALMUM
2203 395 2403 460 LXVh.

3380 401 3484 465 ΒΜ

1912 523 1993 569 est
2034 514 2174 568 aliud
2214 530 2365 585 rcges
2402 514 2704 571 discernere
2740 531 2901 588 super
2936 530 3051 577 eam
3074 563 3089 587 ,
3134 519 3234 577 nisi
3270 521 3322 576 iu
3362 538 3493 591 opus

1912 607 2202 672 ministerii,
2232 608 2283 661 in
2304 608 2686 676 adiﬁcationent
2710 612 2932 680 corporis
2956 614 3143 669 Christi
3168 613 3385 685 (Ephes.
3419 631 3490 679 Iv,

1914 697 2126 768 £042);
2178 699 2603 768 quandoquidem
2648 701 2757 771 ipsa
2797 711 2878 756 est
2919 718 3111 773 corpus
3138 704 3372 760 Christi?
3403 706 3493 759 Di-

1913 799 2103 842 cuntur
2148 799 2324 843 autem
2368 789 2444 843 illi
2485 804 2657 861 reges,
2708 793 2888 861 utique
2925 808 2955 846 a
2985 794 3214 864 regendo
3242 812 3255 850 :
3285 804 3336 850 et
3366 793 3491 865 quid

1915 880 2078 948 magis
2098 895 2253 948 quam
2281 880 2455 935 carnis
2481 883 2935 951 concupiscentias
2958 925 2973 946 .
3007 899 3073 939 ue
3101 877 3283 954 regnet
3308 900 3499 954 pech-

1916 975 2025 1021 tum
2070 968 2122 1022 in
2161 985 2341 1023 eorum
2384 971 2592 1025 mortali
2632 987 2853 1041 eurpore
2880 973 2945 1027 ad
2972 973 3324 1028 obedientium
3352 974 3497 1029 desi-

1915 1059 2075 1113 deriis
2099 1060 2214 1128 ejus
2238 1103 2253 1125 ,
2282 1078 2346 1116 ne
2368 1063 2646 1118 exhibeant
2670 1064 2904 1119 membra
2927 1080 3020 1119 sua
3042 1082 3187 1120 arma
3211 1066 3501 1135 iniquitatis

1917 1160 2134 1215 peccato
2157 1192 2170 1215 ,
2204 1150 2296 1204 sed
2326 1152 2609 1207 exhibeant
2637 1168 2694 1207 se
2724 1152 2835 1208 Deo
2858 1196 2873 1217 ,
2909 1164 3154 1225 tanquam
3185 1172 3248 1210 ex
3277 1155 3501 1210 mortuis

1918 1237 2153 1292 viventes
2177 1280 2193 1305 ,
2239 1250 2293 1294 et
2334 1242 2568 1295 membra
2611 1257 2704 1296 sua
2745 1258 2890 1297 arma
2924 1244 3143 1313 justitia:
3184 1246 3291 1300 Deo
3322 1244 3496 1315 (Rom.

1918 1343 1969 1381 vi
1993 1369 2007 1392 ,
2042 1328 2108 1381 12
2136 1338 2182 1382 et
2204 1330 2331 1399 l5)?
2356 1330 2444 1386 Sic
2482 1333 2623 1387 enim
2652 1344 2808 1388 erunt
2832 1349 2987 1404 reges
3015 1335 3259 1404 primitus
3287 1334 3504 1389 discreti

1918 1418 1986 1472 ab
2023 1420 2331 1489 alienigenis
2354 1462 2369 1487 ,
2412 1423 2533 1492 quia
2578 1439 2682 1477 non
2718 1433 2841 1478 sunt
2872 1425 3054 1495 jugum
3094 1425 3353 1479 ducentes
3381 1441 3503 1480 cum

1921 1510 2220 1565 infidelibus
2245 1529 2259 1577 ;
2301 1513 2493 1568 deinde
2534 1514 2749 1569 discreti
2779 1516 3112 1570 concorditer
3140 1516 3277 1570 inter
3302 1532 3360 1571 se
3387 1532 3505 1569 mu-

1922 1602 2138 1657 neribus
2165 1605 2413 1673 propriis.
2448 1605 2567 1659 Non
2596 1606 2726 1660 enim
2756 1624 2925 1661 omnes
2952 1608 3195 1678 apostoli,
3223 1616 3309 1661 aut
3334 1624 3506 1662 omnes

1923 1694 2179 1761 praplielw
2202 1736 2213 1757 ,
2245 1703 2332 1746 aut
2361 1711 2531 1749 omnes
2559 1696 2783 1750 doctores
2805 1739 2817 1759 ,
2848 1707 2935 1751 aut
2961 1714 3130 1751 omnes
3160 1697 3292 1750 dona
3323 1697 3508 1750 habent

1921 1786 2269 1849 curationum,
2310 1795 2398 1839 aut
2434 1804 2603 1841 omnes
2643 1789 2828 1858 linguis
2869 1790 3169 1859 loquuntur,
3214 1798 3302 1841 aut
3329 1804 3504 1841 omnes

1924 1876 2332 1945 interpretantur.
2377 1877 2561 1931 Omnia
2601 1886 2766 1932 autem
2804 1880 2911 1933 Itazc
2948 1889 3183 1949 aperatur
3212 1896 3339 1932 unus
3363 1888 3512 1947 atque

1923 1966 2057 2019 idem
2098 1966 2354 2037 Spiritus,
2403 1970 2628 2023 dividens
2668 1972 2873 2040 propria
2910 1972 3181 2041 unicuique
3216 1980 3366 2042 prout
3404 1969 3511 2025 vult

1926 2058 1970 2129 (l
1999 2058 2115 2113 Cor.
2148 2076 2223 2114 xu
2247 2101 2261 2126 ,
2289 2061 2360 2115 29
2383 2102 2397 2127 ,
2427 2062 2495 2115 50
2525 2104 2537 2125 ,
2570 2061 2657 2130 11)
2690 2081 2703 2115 :
2733 2078 2889 2130 quem
2920 2062 3093 2116 dando
3122 2061 3211 2115 ille
3236 2076 3511 2130 superem-

1927 2148 2072 2204 lestis
2092 2192 2106 2215 ,
2134 2151 2386 2205 discernit
2410 2167 2563 2221 reges
2588 2168 2749 2221 super
2767 2153 3065 2206 columbam
3088 2151 3507 2221 deargentatam.

1930 2238 2005 2293 De
2023 2254 2129 2309 quo
2152 2239 2348 2308 Spiritu
2377 2250 2562 2295 sancto
2586 2257 2705 2296 cum
2733 2241 2796 2295 ad
2818 2242 2933 2309 ejus
2962 2252 3181 2295 matrem
3208 2243 3372 2310 gratia
3407 2241 3516 2310 ple-

1930 2344 2051 2382 nam
2094 2330 2288 2383 missus
2328 2332 2560 2400 Angelus
2589 2331 2929 2401 loqueretur,
2962 2331 3220 2400 qurereuti
3248 2330 3517 2398 quomodo

1929 2419 2083 2474 fieret
2109 2421 2248 2489 quod
2276 2421 2506 2489 paritura
2535 2421 2892 2484 nuntiabatur,
2918 2420 3166 2490 quoniam
3194 2436 3297 2473 non
3320 2434 3516 2489 cogno-

1930 2516 2110 2571 scebat
2129 2515 2299 2568 virum
2330 2533 2343 2567 :
2378 2514 2601 2582 Spiritus
2629 2523 2830 2568 sanctus
2849 2556 2862 2579 ,
2899 2514 3064 2583 inquit
3084 2556 3098 2577 ,
3130 2512 3438 2582 superveniet
3468 2513 3519 2565 in

1931 2616 1978 2660 te
1996 2647 2011 2671 ,
2045 2614 2094 2659 et
2118 2608 2273 2660 virtus
2303 2606 2546 2660 ditissimi
2569 2607 2877 2659 obumbrabit
2904 2606 3007 2658 tibi.
3038 2606 3170 2672 Quid
3199 2613 3280 2657 est
3302 2645 3316 2670 ,
3347 2603 3520 2657 obum-

1930 2698 2090 2753 brabit
2128 2700 2247 2763 tibi,
2286 2699 2383 2753 nisi
2406 2741 2419 2763 ,
2452 2700 2691 2753 umbram
2722 2698 2917 2753 faciet?
2952 2697 3099 2752 Unde
3128 2706 3181 2750 et
3212 2697 3294 2749 isti
3325 2710 3475 2765 reges
3500 2737 3515 2759 ,

1931 2790 2056 2845 dum
2077 2790 2242 2860 gratia
2268 2790 2496 2858 Spiritus
2517 2790 2722 2843 Domini
2749 2788 2940 2843 Christi
2963 2788 3337 2842 discernuntur
3355 2801 3522 2856 super

1932 2881 2231 2935 columbam
2277 2880 2702 2949 deargentatam,
2751 2880 2863 2932 nive
2905 2877 3269 2931 dealbabuntur
3309 2878 3361 2929 in
3406 2873 3522 2929 Sel-

1932 2987 2069 3025 mon.
2107 2972 2322 3026 Selmon
2354 2972 2547 3041 quippe
2578 2974 2955 3040 interpretatur
2984 2969 3197 3025 Umbra.
3228 2968 3341 3022 Non
3372 2968 3516 3021 enim

1935 3063 2136 3118 meritis
2161 3074 2252 3117 aut
2281 3063 2474 3117 virtute
2500 3061 2710 3132 pmpria
2739 3061 3127 3115 discernuntur.
3159 3060 3284 3125 Quis
3303 3061 3432 3111 enim
3451 3067 3517 3121 te,

1936 3154 2140 3223 inquit,
2183 3153 2465 3208 discernit?
2509 3152 2645 3219 Quid
2672 3161 2840 3204 autem
2870 3152 3020 3204 habes
3044 3150 3178 3220 quod
3204 3166 3303 3202 non
3327 3148 3524 3217 accepi-

1936 3246 1999 3299 sti
2042 3244 2061 3317 (
2094 3244 2179 3298 Id.
2233 3260 2318 3309 tv,
2364 3242 2457 3311 7)?
2482 3243 2551 3298 Ut
2578 3257 2706 3312 ergo
2735 3242 3104 3297 discernantur
3130 3240 3196 3294 ab
3216 3239 3412 3309 impiis,
3429 3253 3522 3291 ac-

1936 3335 2138 3404 cipiunt
2180 3334 2545 3389 remissionem
2595 3341 2931 3402 peccatorum
2971 3330 3037 3385 ab
3075 3330 3164 3384 illo
3190 3329 3280 3398 qui
3307 3329 3381 3382 ait
3411 3345 3423 3380 :
3456 3326 3522 3381 Si

1938 3427 2124 3496 fuerint
2162 3434 2364 3495 peccata
2387 3434 2548 3478 vestra
2575 3425 2699 3480 sicut
2729 3424 3031 3493 pluenicium
3054 3463 3069 3487 ,
3101 3432 3336 3491 tanquam
3360 3420 3524 3473 nivem

1938 3516 2177 3572 dealbabo
2200 3514 2352 3587 (Isai.
2380 3532 2425 3583 t,
2454 3516 2563 3585 18).
2590 3516 2725 3569 Ecce
2746 3514 3011 3583 quomodo
3030 3513 3140 3566 nive
3159 3508 3523 3564 dealbabuntur

1939 3609 1992 3664 in
2032 3609 2280 3674 Selmon;
2324 3609 2375 3662 in
2413 3606 2580 3677 gratia
2606 3606 2832 3676 Spiritus
2861 3604 3091 3669 Christi,
3124 3616 3227 3673 quo
3254 3601 3330 3656 eis
3360 3600 3519 3655 etiam

1941 3700 2151 3770 pr0pria
2193 3698 2333 3753 dona
2375 3697 2603 3752 discreta
2633 3704 2755 3751 sunt
2782 3713 2795 3748 :
2828 3694 2895 3749 de
2920 3709 3023 3763 quo
3052 3692 3250 3747 dictum
3277 3698 3359 3745 est
3381 3687 3523 3759 quod

1941 3811 2100 3867 supra
2127 3795 2558 3859 commemoravi,
2582 3794 2813 3864 Spiritus
2834 3801 3033 3847 sanctus
3057 3790 3362 3860 superveniet
3382 3790 3434 3843 in
3454 3799 3521 3852 te,

1942 3898 1991 3943 et
2031 3889 2186 3942 virtus
2212 3887 2456 3940 Altissimi
2493 3886 2801 3940 obumbrabit
2837 3884 2960 3950 tibi,
3003 3882 3105 3937 hoc
3139 3891 3255 3949 est,
3285 3880 3525 3935 umbram

1944 3978 2103 4034 faciet
2133 3978 2222 4032 tibi
2253 3996 2267 4032 :
2296 3987 2558 4048 prapterea
2579 3975 2715 4046 quod
2740 3983 2971 4028 nascetur
2996 3989 3058 4027 ea;
3082 3983 3129 4026 te
3154 3980 3413 4037 sanctum,
3440 3985 3529 4024 vo-

1945 4069 2140 4123 cabitur
2168 4067 2337 4121 Filius
2366 4066 2460 4120 Dei
2487 4066 2636 4135 (Luc.
2668 4082 2718 4130 I,
2750 4065 2862 4129 35).
2900 4063 3095 4118 Umbra
3128 4076 3285 4131 porro
3312 4061 3409 4119 ista
3433 4058 3529 4113 de-

1946 4157 2270 4213 fensaculum
2292 4156 2596 4225 intelligitur
2611 4156 2677 4208 ab
2696 4164 2833 4209 testu,
2848 4152 3391 4220 concupiscentiarum
3412 4163 3529 4203 car-

1948 4248 2148 4301 nalium
2181 4264 2195 4299 :
2225 4244 2362 4299 unde
2386 4244 2471 4298 illa
2498 4244 2645 4312 virgo
2672 4242 2939 4297 Christum
2968 4256 3071 4292 non
3096 4238 3378 4292 carnaliter
3396 4251 3529 4290 con-

1948 4334 2268 4406 cupiscendo
2287 4375 2301 4397 ,
2330 4333 2423 4388 sed
2444 4332 2786 4403 spiritualiter
2809 4328 3076 4385 credendo
3102 4327 3361 4395 concepit.
3390 4324 3528 4378 Con-

1949 4435 2056 4482 stat
2098 4432 2273 4481 antem
2316 4423 2500 4477 umbra
2539 4422 2736 4476 lumine
2773 4430 2827 4475 et
2858 4433 3123 4487 corpore:
3156 4415 3376 4487 proinde
3400 4415 3527 4469 illud

1950 4518 2091 4588 quod
2134 4518 2186 4571 in
2213 4514 2472 4587 principio
2509 4524 2621 4569 erat
2652 4514 2877 4569 Verbum
2899 4554 2913 4577 ,
2947 4510 3121 4565 lumen
3150 4508 3276 4563 illud
3306 4522 3487 4562 verum
3511 4549 3525 4573 ,

1953 4615 2011 4663 ut
2047 4606 2413 4662 umbraculum
2459 4603 2805 4660 meridianum
2850 4601 3000 4656 fieret
3046 4599 3198 4654 nobis
3231 4639 3246 4665 ,
3300 4596 3529 4653 Verbum

1952 4714 2077 4755 caro
2120 4697 2316 4752 factum
2360 4706 2476 4760 est,
2521 4704 2574 4750 et
2614 4692 2867 4748 habitavit
2902 4691 2952 4745 in
2982 4690 3135 4745 nobis
3161 4687 3339 4758 (Joan.
3370 4703 3424 4752 ι,
3460 4687 3483 4741 1
3512 4728 3529 4753 ,

1956 4790 2066 4861 14).
2097 4790 2206 4844 Deo
2236 4787 2437 4843 scilicet
2466 4786 2627 4840 homo
2649 4827 2664 4851 ,
2695 4793 2941 4854 tanquam
2968 4781 3153 4837 lumini
3182 4795 3376 4850 corpus
3395 4820 3410 4846 ,
3442 4794 3532 4833 ac-

1953 4881 2113 4937 cessit
2136 4921 2152 4945 ,
2194 4887 2251 4935 et
2285 4879 2335 4932 in
2371 4893 2489 4932 eum
2519 4876 2795 4931 credentes
2819 4874 3003 4929 umbra
3034 4873 3375 4943 protectionis
3403 4886 3531 4940 ope-

1955 4973 2080 5028 ruit.
2123 4970 2239 5025 Non
2278 4970 2418 5023 enim
2458 4968 2524 5023 de
2557 4966 2696 5037 quali
2730 4965 2912 5020 umbra
2943 4964 3136 5019 dicitur
3158 5005 3172 5030 ,
3203 4962 3530 5018 Transierunt

1956 5066 2127 5119 omnia
2159 5064 2250 5117 illa
2290 5072 2525 5131 tanquam
2558 5057 2736 5113 umbra
2774 5056 2929 5129 (Sap.
2957 5073 2989 5111 ν
3011 5046 3150 5123 ,9);
3179 5065 3277 5113 net“
3299 5055 3366 5109 de
3392 5040 3551 5122 quali

1955 5155 2157 5211 umbra
2182 5153 2309 5208 dicit
2344 5150 2627 5221 Apostolus
2646 5187 2662 5213 ,
2692 5148 2857 5204 Nemo
2883 5165 2968 5204 vos
2984 5149 3177 5221 judicet
3197 5148 3249 5199 in
3279 5145 3419 5209 cibo,
3447 5149 3536 5197 aut

1956 5246 2009 5300 in
2037 5254 2156 5315 potu
2175 5285 2189 5309 ,
2219 5252 2306 5295 aut
2330 5242 2381 5294 in
2408 5248 2549 5308 parte
2573 5238 2672 5293 diei
2702 5238 2847 5308 festi,
2878 5246 2966 5293 aut
2993 5235 3398 5300 neomcnia:,'aut
3416 5232 3534 5285 sab-

1956 5336 2183 5389 batorum
2205 5374 2221 5400 ,
2261 5331 2395 5401 quod
2436 5339 2507 5385 est
2546 5331 2720 5383 umbra
2760 5333 3043 5400 futurorum
3080 5323 3293 5393 (Coloss.
3328 5336 3397 5386 tt,
3428 5321 3495 5376 16
3517 5362 3534 5388 ,

1960 5427 2087 5497 17);
2132 5423 2225 5479 sed
2266 5422 2333 5477 de
2373 5421 2512 5490 quali
2552 5420 2805 5489 scriptum
2844 5427 2961 5482 est,
3003 5414 3111 5469 Sub
3139 5413 3315 5466 umbra
3339 5412 3539 5465 alarum

1959 5527 2157 5569 tuarum
2200 5522 2398 5583 protege
2430 5528 2509 5565 me
2546 5511 2717 5581 (Psal.
2749 5526 2832 5564 xvn
2857 5549 2871 5573 ,
2903 5508 2981 5577 8).
3013 5506 3145 5558 Dum
3173 5517 3301 5573 ergo
3330 5502 3535 5556 discer—

1959 5606 2037 5660 nit
2062 5605 2149 5660 ille
2168 5602 2563 5674 supercmlestis
2579 5616 2730 5673 reges
2745 5614 2901 5668 super
2915 5595 3210 5651 columbam
3228 5593 3539 5663 deargenta-

1960 5706 2101 5761 tam,
2141 5709 2245 5749 non
2284 5709 2379 5750 sua
2417 5694 2605 5749 merita
2643 5691 2930 5755 extollant,
2972 5702 3076 5743 non
3102 5686 3172 5741 de
3197 5687 3407 5758 propria
3433 5686 3541 5741 vir-

1963 5796 2073 5845 tute
2106 5785 2376 5845 coniidant
2414 5805 2425 5843 :
2467 5787 2575 5841 nive
2600 5783 2793 5856 quippe
2822 5778 3183 5837 dealbabuntur
3211 5780 3262 5835 in
3293 5779 3540 5847 Selmon-,-
