4038 6474
534 382 637 438 827

531 498 696 569 gratia
723 493 1176 552 candiﬁcabuntur
1198 490 1254 547 in
1277 490 1608 564 proiectione
1630 489 1872 560 corporis
1891 488 2107 544 Christi.

603 588 693 642 22.
725 587 875 659 [νει-ε.
903 585 1015 658 16.]
1048 585 1202 640 Hunc
1242 592 1419 640 autem
1464 590 1700 638 montem
1727 589 2117 650 consequenter

529 679 660 734 dicit
689 688 907 733 montem
929 677 1042 742 Dei,
1067 685 1286 734 montem
1308 676 1529 740 uberem,
1547 680 1763 728 montem
1782 674 2113 740 incaseatum,

531 769 615 824 vel
641 776 860 824 montem
887 767 1144 838 pinguem.
1172 765 1309 835 Quid
1335 765 1424 820 hic
1461 773 1638 820 autem
1667 763 1812 818 aliud
1841 765 2112 834 pinguem,

529 875 691 931 quam
741 859 960 916 uberem
1004 859 1239 915 diceret?
1279 858 1376 912 Est
1429 859 1571 913 enim
1601 864 1655 911 et
1692 871 1848 911 mons
1870 857 1972 944 isto
2013 871 2113 912 no-

527 954 676 1008 mine
702 960 1056 1023 nuncupatus,
1085 952 1141 1007 id
1169 959 1253 1007 est
1292 951 1524 1006 Selmon.
1553 949 1659 1005 Sed
1689 965 1845 1020 quem
1875 957 2112 1006 montem

526 1042 827 1114 intelligere
893 1042 1148 1098 debemus
1200 1049 1418 1096 montem
1455 1039 1568 1106 Dei,
1620 1050 1839 1094 montem
1889 1039 2110 1105 uberem,

527 1143 746 1188 montem
762 1134 1088 1198 incaseatum,
1109 1132 1210 1187 nisi
1231 1130 1481 1187 eumdem
1505 1130 1786 1186 Dominum
1814 1129 2108 1195 Christum,

531 1225 601 1280 de
629 1241 737 1296 quo
757 1233 811 1281 et
832 1226 965 1280 alius
985 1224 1244 1296 propheta
1270 1223 1400 1280 dicit
1421 1241 1436 1278 :
1463 1223 1577 1277 Erit
1604 1223 1657 1277 in
1678 1223 1960 1277 novissimis
1986 1232 2111 1276 tem-

525 1317 734 1386 poribus
759 1317 1060 1387 manifestus
1085 1332 1228 1370 mons
1254 1313 1484 1382 Domini,
1515 1324 1726 1386 paratus
1768 1315 1825 1369 in
1847 1315 2110 1368 cacumine

524 1410 771 1463 montium
800 1408 954 1482 (Isai.
983 1423 1042 1475 ιι,
1070 1407 1153 1479 2)?
1182 1409 1302 1478 ipse
1325 1417 1408 1464 est
1444 1423 1600 1464 mons
1627 1409 1946 1475 incaseatus,
1979 1423 2109 1479 pro.

524 1510 644 1570 pter
668 1502 917 1572 parvulos
931 1501 1102 1571 gratia
1131 1508 1382 1572 tanquam
1409 1502 1548 1556 lacte
1576 1501 1920 1569 nutriendos;
1949 1517 2108 1558 mons

512 1592 675 1658 uber,
707 1593 775 1648 ad
800 1592 1133 1648 roborandos
1159 1601 1318 1664 atque
1341 1592 1585 1648 ditandos
1626 1593 1888 1648 donorum
1919 1595 2107 1649 excel-

515 1683 682 1738 lentia
710 1701 725 1739 :
755 1699 878 1738 nam
903 1692 958 1740 et
981 1685 1155 1754 ipsum
1175 1685 1276 1751 lac,
1306 1683 1449 1740 unde
1472 1684 1532 1740 ﬁt
1557 1700 1766 1750 caseus,
1787 1687 1924 1740 miro
1945 1685 2106 1741 modo

519 1772 782 1842 signiﬁcat
803 1773 1063 1843 gratiam;
1107 1783 1290 1830 manat
1323 1777 1520 1845 quippe
1545 1789 1617 1831 ex
1661 1776 1984 1832 abundantia
2021 1777 2106 1832 vi-

519 1878 728 1920 scerum
754 1876 1136 1934 maternorum,
1165 1875 1221 1924 et
1261 1867 1625 1924 misericordia
1653 1867 1950 1924 delectabili
1982 1882 2106 1938 par-

519 1955 653 2010 vulis
672 1957 836 2026 gratis
863 1956 1177 2012 infunditur.
1207 1958 1502 2029 Ambiguus
1531 1966 1614 2014 est
1639 1967 1814 2014 autem
1846 1959 1898 2014 in
1924 1974 2104 2030 graeco

519 2060 693 2110 casus,
740 2056 918 2102 utrum
964 2050 1034 2104 sit
1075 2050 1458 2116 nominativus,
1489 2065 1557 2104 an
1583 2051 1940 2115 accusativus;
1968 2066 2106 2120 quo-

519 2137 660 2192 niam
687 2137 739 2191 in
763 2153 826 2193 ea
849 2139 1025 2210 lingua
1067 2155 1223 2194 mons
1265 2141 1442 2195 neutri
1474 2141 1686 2210 generis
1714 2149 1818 2207 est,
1845 2156 1954 2196 non
1985 2157 2102 2196 ma-

516 2227 708 2281 sculini
739 2246 752 2282 :
782 2227 902 2284 ideo
941 2229 1181 2284 nonnulli
1219 2230 1392 2285 Latini
1429 2246 1536 2285 non
1575 2231 1908 2301 interpretati
1953 2241 2101 2298 sunt,

517 2323 736 2369 montem
761 2316 888 2384 Dei,
916 2318 1011 2373 sed
1039 2335 1181 2373 mons
1199 2318 1316 2374 Dei.
1348 2320 1482 2374 Puto
1509 2327 1686 2374 autem
1727 2322 1915 2376 melius
1957 2337 2100 2388 esse,

515 2404 572 2456 in
597 2403 805 2458 Selmon
830 2415 1046 2462 montem
1073 2407 1191 2475 Dei,
1224 2410 1326 2464 hoc
1361 2417 1464 2473 est,
1497 2409 1552 2463 in
1597 2417 1834 2465 montem
1877 2411 1973 2465 Dei
2011 2412 2102 2481 qui

515 2503 737 2550 vocatur
761 2495 979 2552 Selmon
1009 2498 1337 2553 :secundum
1358 2499 1684 2555 intellectum
1727 2514 1884 2570 quem
1915 2516 2099 2570 supra,

517 2593 576 2639 ut
604 2586 893 2654 potuimus,
926 2588 1294 2657 exposuimus.

584 2675 675 2730 23.
705 2674 854 2748 [vers.
885 2676 998 2750 17.]
1054 2678 1254 2734 Deinde
1312 2679 1455 2750 quod
1496 2678 1651 2749 dixit,
1704 2689 1923 2737 montem
1981 2682 2098 2751 Dei,

514 2775 732 2821 montem
775 2768 1106 2836 ineaseatum,
1140 2778 1358 2824 montem
1381 2770 1604 2838 uberem,
1636 2786 1704 2826 ne
1732 2773 1851 2842 quis
1876 2771 2102 2830 auderet

515 2871 582 2912 ex
607 2855 709 2912 hoc
731 2858 1012 2915 Dominum
1031 2859 1211 2916 Jesum
1238 2861 1507 2916 Christum
1534 2877 1845 2932 comparare
1887 2863 2100 2920 ueteris

513 2952 732 3018 sanctis,
785 2953 876 3022 qui
919 2961 974 3008 et
1017 2953 1118 3023 ipsi
1171 2953 1301 3009 dicti
1328 2963 1454 3009 sunt
1481 2964 1693 3010 montes
1735 2955 1874 3010 Dei:
1907 2956 2100 3026 legitur

513 3039 730 3110 quippe,
753 3040 962 3096 Justitia
997 3051 1085 3097 tua
1124 3044 1254 3098 sicut
1277 3054 1470 3099 montes
1494 3043 1591 3098 Dei
1617 3044 1789 3116 (Psal.
1823 3062 1988 3114 xxxv,
2019 3048 2095 3118 7);

515 3131 658 3186 unde
686 3134 973 3202 Apostolus
997 3136 1091 3202 ait,
1127 3135 1195 3191 Ut
1230 3153 1323 3191 nos
1351 3138 1508 3192 simus
1525 3137 1730 3207 justitia
1759 3137 1856 3192 Dei
1901 3140 1956 3194 in
1985 3141 2098 3211 ipso

515 3219 584 3285 (ll
607 3219 725 3276 Cor.
757 3239 811 3290 v,
843 3222 958 3296 21).
987 3225 1063 3281 De
1089 3227 1286 3296 quibus
1303 3227 1571 3282 montibus
1594 3235 1649 3282 et
1688 3228 1796 3284 alio
1819 3229 1940 3285 loco
1961 3230 2098 3286 dici~

513 3320 620 3376 tur,
669 3312 979 3381 Illutttinans
1032 3326 1089 3372 tu
1125 3318 1496 3377 admirabiliter
1532 3336 1565 3374 a
1610 3321 1865 3377 montibus
1899 3325 2097 3381 attentis

513 3403 688 3473 (Psal.
714 3421 871 3472 ιχιν,
900 3407 979 3477 5);
1003 3408 1124 3479 quia
1145 3409 1258 3464 vita
1299 3410 1378 3464 eis
1417 3419 1618 3466 aeterna
1655 3411 1848 3467 donata
1895 3423 1997 3480 est,
2041 3424 2096 3471 et

512 3509 613 3564 per
632 3511 728 3552 eos
757 3501 1482 3570 sanctarum‘Scripturarum
1531 3503 1952 3560 eminentissima
1997 3521 2095 3560 au-

513 3590 734 3644 Ctoritas
779 3591 1066 3648 constituta
1106 3601 1209 3658 est,
1258 3594 1352 3649 sed
1399 3595 1730 3652 illuminante
1758 3599 1824 3652 ab
1861 3598 1974 3654 eis'
2003 3599 2096 3655 illo

511 3678 595 3732 cui
625 3678 840 3747 dicitur,
869 3679 1178 3738 Illuminans
1204 3693 1278 3738 tu.
1310 3683 1495 3739 Levavi
1520 3686 1662 3740 enim
1689 3687 1861 3742 oculos
1884 3705 2019 3744 meos
2042 3691 2095 3745 in

512 3778 722 3835 montes,
751 3771 886 3825 unde
909 3774 1063 3826 veniet
1098 3774 1346 3827 auxilium
1371 3776 1495 3828 mihi
1526 3791 1545 3829 :
1588 3790 1689 3830 nec
1717 3785 1890 3832 tamen
1940 3780 2090 3834 auxi-

512 3859 640 3916 lium
665 3876 848 3915 .meum
874 3863 942 3916 ab
975 3865 1104 3932 ipsis
1128 3867 1344 3934 proprie
1368 3866 1673 3931 montibus;
1705 3869 1798 3925 sed
1844 3871 2094 3926 auxilium

510 3964 678 4003 meum
699 3967 733 4004 a
756 3949 979 4006 Domino
1007 3954 1092 4024 qui
1113 3956 1230 4024 fecit
1249 3955 1430 4009 cwlum
1463 3965 1510 4009 et
1537 3965 1724 4010 terram
1749 3957 1918 4026 (Psal.
1965 3975 2090 4027 cxx,

515 4039 565 4104 Ι,
593 4038 672 4109 2).
694 4039 843 4096 Unus
868 4043 1064 4112 quippe
1083 4045 1326 4114 .ipsorum
1357 4047 1616 4102 montium
1657 4049 1878 4104 multum
1911 4053 2093 4107 excel-

507 4129 625 4188 lens
659 4146 780 4186 cum
823 4133 1068 4201 dixisset,
1094 4136 1234 4206 quod
1279 4137 1396 4204 plus
1425 4139 1529 4194 illis
1585 4140 1855 4196 omnibus.
1883 4142 2093 4200 laboraé

508 4221 644 4275 verit
674 4240 687 4276 :
716 4222 848 4277 Non.
884 4235 1062 4280 autem.
1099 4243 1208 4298 ego,
1251 4228 1437 4299 inquit,
1466 4231 1555 4284 sed
1583 4233 1749 4303 gratia
1777 4232 1876 4288 Dei
1899 4251 2090 4291 mecum

506 4311 548 4380 (l
576 4311 694 4367 Cor.
719 4329 808 4379 xv,
837 4315 949 4386 10).
973 4317 1050 4371 Ne
1069 4318 1188 4387 quis
1205 4333 1332 4389 ergo
1363 4321 1586 4377 auderet
1637 4324 1798 4379 etiam
1849 4338 2088 4384 montem

506 4402 807 4472 speciosum
837 4405 1004 4461 forma
1031 4422 1141 4476 prin
1181 4409 1305 4464 ﬁliis
1340 4410 1612 4466 hominum
1657 4413 1828 4484 (Psal.
1860 4433 2000 4484 mv,
2031 4420 2088 4490 '5)

505 4494 775 4550 tuentibus
826 4495 946 4552 ﬁliis
974 4497 1252 4553 hominum
1299 4514 1639 4570 comparare;
1694 4507 1942 4575 quoniam
1981 4525 2086 4564 non

505 4581 786 4638 defuerunt
812 4587 900 4656 qui
927 4602 1046 4641 eum
1075 4589 1335 4656 dicerent,
1368 4591 1459 4646 alii
1486 4593 1746 4650 Joannem
1769 4595 2080 4666 Baptistam,

504 4673 593 4727 alii
633 4674 822 4742 Etiam,
879 4677 966 4732 alii
1005 4679 1315 4748 Jeremiam,
1364 4692 1456 4737 aut
1479 4697 1642 4739 unum
1693 4702 1762 4740 ex
1808 4689 2086 4756 Prophetis

508 4761 718 4832 (Matth.
741 4781 851 4830 xvi,
882 4769 994 4838 ﬂ);
1024 4773 1282 4827 convertit
1308 4787 1368 4827 se
1385 4773 1452 4827 ad
1481 4774 1622 4840 illos,
1653 4784 1708 4830 et
1742 4778 1815 4832 ait
1847 4795 1858 4831 :
1896 4779 2095 4851 thuid‘

503 4856 836 4926 suspicantini
857 4869 1045 4915 montes
1069 4861 1366 4928 incaseatos,
1394 4874 1630 4931 montem,
1659 4868 1848 4936 inquit,
1880 4870 1932 4923 in
1982 4887 2084 4942 quo

502 4947 695 5016 placuit
723 4947 832 5002 Deo
849 4949 1129 5007 inhabitare
1153 4955 1206 5008 in
1221 4969 1278 5010 eo
1296 4955 1324 5009 ?~
1352 4954 1554 5028 thuid'
1574 4959 1899 5028 suspieamini
1914 4961 1940 5014 7
1964 4961 2081 5041 Sic-

502 5047 558 5092 ut
577 5038 720 5096 enim
749 5038 925 5095 lumen
952 5042 1048 5111 illi,
1081 5046 1204 5114 quia
1233 5056 1288 5102 et
1320 5048 1449 5117 ipsis
1479 5048 1680 5105 dictum
1697 5059 1805 5118 est,
1839 5046 1941 5108 Vos
1963 5038 2084 5111 estis

503 5127 673 5183 lumen
719 5132 896 5186 mundi
939 5131 1054 5205 (Id.
1101 5152 1154 5202 v,
1215 5136 1303 5206 14)
1323 5155 1344 5205 ·;
1375 5141 1470 5196 sed
1515 5141 1660 5197 aliud
1716 5144 1846 5200 illud
1880 5145 2079 5202 dictum

501 5229 616 5286 est,
641 5219 836 5278 Lumen
881 5239 1072 5293 verum,
1115 5231 1249 5298 quod
1300 5232 1554 5287 illuminat
1581 5251 1779 5290 onmem
1829 5239 2082 5295 hominem

501 5311 680 5382 (Joan.
713 5314 826 5387 1,9)
859 5332 874 5371 :
905 5319 1002 5383 sic,
1027 5329 1236 5377 montes
1274 5323 1379 5388 illi;
1406 5325 1500 5380 sed
1551 5327 1710 5398 longe
1745 5329 1881 5385 alius
1927 5347 2082 5386 mons

501 5412 718 5470 paratus
746 5405 800 5460 in
821 5412 1100 5468 cacumine
1143 5415 1426 5470 montium.
1460 5415 1666 5474 Montes
1692 5419 1869 5490 itaque
1894 5422 1978 5477 isti
2013 5422 2095 5478 il-‘

501 5493 611 5548 lum
665 5505 900 5555 montem
950 5503 1210 5571 portando
1253 5506 1472 5575 gloriosi
1519 5517 1642 5564 sunt
1671 5527 1688 5564 :
1715 5525 1941 5581 quorum
1993 5514 2080 5570 ille

564 5668 1073 5749 Lalidrlqillununante
1092 5674 1192 5749 ilh),
1220 5685 1278 5749 at
1298 5680 1713 5749 Mss._adslunt_,.ab
1742 5683 1856 5735 eis:
1893 5701 1979 5749 pro
2019 5699 2082 5738 eo

497 5726 699 5842 πῖαρ),
725 5726 852 5794 quod
878 5733 924 5782 in
949 5744 1062 5786 ante
1086 5733 1228 5789 allato
1264 5726 1486 5802 M1773;
1653 5726 1824 5808 Fufi.
1839 5726 2080 5802 'm'on‘t'ib‘u‘s

591 5801 708 5842 mss.

591 5801 708 5846 ηιμ.

1755 372 1830 429 .s.
1871 374 2236 432 AUGUSTINI
2278 372 2579 442 EPlSCOPl
3238 443 3240 445 ,
3289 435 3291 438 ι
3703 397 3802 456 ω

2230 504 2362 544 unus
2382 489 2531 557 dicit,
2564 491 2695 546 Mihi
2721 504 2889 549 autem
2915 498 3043 552 absit
3067 500 3296 570 gloriari,
3323 504 3420 559 nisi
3438 507 3490 564 in
3519 525 3669 565 cruce
3690 511 3799 568 Do-

2221 579 2344 656 mini
2367 581 2523 635 nostri
2545 580 2670 637 Iesu
2697 583 2902 652 Christi,
3067 606 3214 658 quem
3240 595 3365 648 mihi
3387 598 3610 653 mundus
3636 607 3792 658 cruci-

2221 673 2354 740 ﬁxus
2382 682 2476 740 est,
2504 684 2552 728 et
2569 691 2660 746 ego
2681 677 2870 732 mundo
2900 678 3041 749 (Gal.
3062 697 3133 748 vt,
3165 684 3252 756 ib)
3279 701 3294 737 :
3321 689 3508 758 utqui
3531 693 3795 763 gloriatur,

2219 767 2395 820 nonin
2420 767 2604 837 seipse,
2633 769 2721 823 sed
2747 770 2803 825 in
2837 769 3064 828 Domino
3105 774 3349 845 glorietur
3397 780 3439 850 (I
3470 781 3590 837 Cor.
3615 800 3652 849 ι,
3687 787 3792 857 51).

2224 856 2416 927 Ulquid
2442 874 2570 931 ergo
2583 863 2917 932 suspieamini
2945 876 3136 921 montes
3162 881 3458 939 measeatos,
3500 891 3625 932 eum
3657 897 3771 936 mon

2221 961 2316 1004 tem
2341 953 2394 1006 in
2439 969 2537 1023 quo
2577 956 2767 1024 placuit
2793 955 2905 1012 Deo
2934 958 3160 1015 habitare
3185 952 3238 1016 in
3275 966 3374 1019 eo!
3412 967 3528 1022 Non
3580 972 3704 1040 quia
3749 973 3795 1028 in

2219 1043 2337 1097 aliis
2362 1059 2466 1099 non
2489 1045 2767 1114 inhabitat,
2810 1049 2905 1104 sed
2947 1052 3068 1121 quia
3113 1051 3166 1107 in
3197 1055 3328 1124 ipsis
3376 1073 3470 1127 per
3505 1061 3701 1129 ipsum.
3733 1063 3791 1118 Ir

2218 1136 2328 1206 ipso
2347 1135 2533 1208 quippe
2554 1140 2800 1195 inhabitat
2816 1145 2979 1198 omnis
3005 1143 3267 1214 plenitudo
3290 1148 3567 1208 divinitatis
3584 1154 3795 1223 (Coloss.

2217 1241 2274 1292 ιι,
2299 1227 2379 1298 9);
2410 1244 2514 1284 non
2531 1231 2864 1302 umbralitcr,
2890 1244 3142 1308 tanquam
3168 1240 3221 1295 in
3251 1244 3449 1314 templo
3474 1261 3504 1300 a
3547 1263 3676 1318 rege
3704 1249 3798 1304 Sa-

2220 1318 2431 1375 lomone
2457 1320 2618 1389 facto,
2648 1325 2741 1380 sed
2783 1331 3149 1400 corporaliter,
3200 1334 3252 1388 id
3303 1344 3386 1390 est
3429 1339 3598 1394 solide
3640 1351 3798 1413 atque

2215 1411 2495 1466 veraciter.
2531 1413 2782 1479 Quoniam
2807 1415 2946 1473 Deus
2974 1430 3080 1474 erat
3115 1423 3167 1476 in
3193 1423 3413 1493 Christo,
3446 1430 3692 1486 mundum
3717 1411 3795 1487 re-

2217 1501 2490 1557 concilians
2513 1504 2609 1558 sibi
2635 1503 2703 1577 (Il
2731 1504 2848 1562 Cor.
2881 1525 2934 1573 v,
2969 1508 3077 1584 l9).
3111 1511 3262 1580 Quod
3301 1516 3413 1571 sive
3437 1517 3504 1572 de
3539 1519 3697 1578 Patre
3722 1523 3797 1580 di:-

2214 1600 2358 1647 ctum
2413 1595 2754 1665 accipiamus,
2811 1602 3058 1669 quoniam
3089 1605 3202 1673 ipse
3229 1606 3321 1672 ait,
3354 1607 3507 1664 Pater
3536 1621 3704 1668 autem
3747 1617 3798 1670 in

2213 1699 2295 1738 me
2319 1701 2546 1756 manens,
2574 1688 2683 1758 ipse
2704 1691 2826 1760 facit
2850 1709 3002 1763 opera
3028 1712 3144 1761 sua;
3173 1715 3264 1767 ego
3284 1700 3341 1753 in‘
3362 1700 3536 1770 Patre,
3567 1715 3612 1759 et
3636 1705 3792 1763 Pater

2215 1774 2268 1827 in
2313 1791 2395 1829 me
2435 1777 2615 1848 (Joan.
2647 1795 2753 1845 xrv,
2785 1780 2896 1855 ‘10);
2926 1784 3038 1840 sive
3064 1787 3133 1840 ita
3157 1787 3500 1863 intelligatur,
3531 1795 3665 1851 Deus
3693 1813 3796 1854 erat

2212 1862 2266 1918 in
2291 1864 2510 1935 Christo,
2533 1869 2768 1926 Verbum
2805 1882 2920 1928 erat
2945 1875 2996 1928 in
3047 1877 3301 1934 homine:
3331 1883 3409 1938 sic
3450 1862 3565 1941 erat
3614 1890 3796 1960 utique

2218 1957 2448 2015 Verbum
2480 1962 2533 2016 in
2561 1978 2742 2031 carne,
2774 1974 2832 2020 ut
2857 1967 3087 2024 Verbum
3118 1973 3283 2027 etiam
3305 1990 3431 2031 caro
3470 1977 3670 2038 factum
3703 1957 3795 2039 so-

2212 2049 2296 2103 lus
2321 2052 2536 2121 proprie
2578 2053 2867 2125 diceretur,
2911 2058 2962 2113 id
3007 2070 3105 2126 ρει,
3149 2062 3310 2119 homo
3339 2065 3513 2123 Verbo
3548 2071 3600 2126 in
3638 2088 3792 2130 unam

2211 2140 2408 2196 Christi
2455 2159 2740 2212 personam
2789 2150 3150 2220 copularetur.
3197 2154 3387 2226 thuid
3413 2174 3542 2231 ergo
3565 2165 3792 2235 suspica-

2211 2232 2337 2286 mini
2365 2245 2558 2290 montes
2584 2238 2884 2308 incaseatos,
2926 2257 3048 2297 eum
3100 2255 3320 2300 montem
3360 2249 3416 2302 in
3457 2266 3555 2318 quo
3607 2255 3794 2324 placuit

2210 2321 2322 2378 Deo
2345 2325 2626 2382 inhabitare
2653 2331 2705 2383 in
2735 2346 2792 2385 eo
2809 2331 2834 2385 ?
2854 2331 3035 2404 Longe
3057 2335 3242 2405 utique
3261 2338 3421 2396 aliter
3437 2358 3590 2414 quam
3607 2321 3658 2400 in
3685 2347 3791 2403 illis

2212 2414 2499 2481 montibus,
2530 2433 2754 2487 quorum
2784 2421 3015 2492 aliquem
3041 2428 3202 2481 etiam
3233 2427 3378 2486 hunc
3429 2436 3785 2505 suspicamini.

2210 2502 2324 2558 Non
2358 2506 2501 2560 enim
2526 2511 2646 2578 quia
2688 2520 2744 2566 et
2769 2511 2844 2567 illi
2870 2528 2967 2584 per
2993 2515 3294 2586 adoptionis
3313 2502 3540 2592 gratiam
3570 2525 3664 2582 ﬁlii
3693 2528 3792 2587 Dei

2209 2603 2352 2661 sunt,
2379 2594 2500 2652 ideo
2518 2599 2796 2671 quisquam
2827 2603 3037 2660 illorum
3075 2616 3159 2663 est
3183 2609 3498 2682 Unigenitus
3529 2616 3615 2672 cui
3645 2619 3792 2676 dice-

2211 2695 2292 2741 ret
2321 2705 2337 2742 :
2367 2685 2502 2744 Sede
2519 2692 2588 2745 ad
2615 2693 2871 2749 dexteram
2905 2707 3092 2766 meam,
3138 2701 3299 2757 donec
3346 2723 3533 2776 ponam
3567 2712 3794 2767 inimicos

2211 2785 2322 2832 tuos
2361 2780 2454 2834 sub
2483 2782 2690 2851 pedibus
2723 2789 2822 2841 tuis
2850 2785 3164 2860 (Psal.'crx,
3194 2794 3271 2865 1).
3315 2795 3519 2852 Etenim
3545 2799 3793 2859 Dominus

2208 2869 2503 2926 inhabitabit
2527 2890 2681 2945 usque
2707 2877 2763 2931 in
2806 2880 2998 2947 finem:
3032 2883 3084 2937 id
3135 2894 3236 2951 est,
3265 2885 3386 2943 illos
3428 2900 3638 2946 montes
3678 2885 3791 2952 'non

2209 2965 2599 3036 comparandos
2634 2967 2759 3023 huic
2786 2973 2953 3026 monti
2997 2973 3110 3043 ipse
3152 2976 3410 3034 Dominus
3458 2980 3791 3051 inhabitabit,

2207 3051 2399 3121 quiest
2422 3069 2576 3110 mons
2607 3067 2820 3126 paratus
2851 3062 2903 3116 in
2925 3064 3202 3120 cacumine
3232 3069 3529 3138 montium;
3577 3082 3639 3128 ut
3673 3091 3792 3146 per-

2206 3141 2365 3214 ducat
2393 3158 2486 3200 eos
2513 3148 2566 3201 in
2599 3149 2781 3217 tinem,
2818 3151 2870 3207 id
2892 3161 2975 3208 est
3010 3155 3062 3210 in
3093 3157 3328 3227 seipsum
3366 3161 3504 3218 sicut
3542 3164 3686 3222 Deus
3712 3177 3792 3223 est

2207 3236 2696 3306 contemplandum.
2729 3240 2875 3298 Finis
2897 3247 3028 3298 enim
3066 3245 3217 3319 Legis
3247 3248 3495 3319 Christus,
3525 3256 3595 3308 ad
3631 3257 3790 3326 justi-

2207 3326 2329 3380 tiam
2361 3330 2501 3382 omni
2549 3332 2768 3387 credenti
2807 3335 2984 3404 (Rom.
3016 3353 3072 3405 χ,
3100 3341 3177 3410 4).
3210 3341 3317 3398 Deo
3369 3344 3548 3416 itaque
3597 3349 3791 3417 placuit

2207 3417 2444 3496 habitare
2471 3420 2524 3475 in
2547 3421 2649 3478 isto
2677 3435 2876 3492 monte,
2904 3429 2994 3497 qui
3021 3439 3236 3501 paratus
3285 3443 3370 3488 est
3416 3435 3471 3490 in
3516 3440 3791 3496 cacumine

2206 3510 2494 3578 montium;
2552 3515 2637 3568 cui
2675 3516 2803 3571 dicit
2836 3536 2848 3572 :
2876 3517 2952 3572 Tu
2969 3529 3029 3574 es
3078 3521 3246 3578 Filius
3290 3542 3429 3581 nteus
3479 3530 3716 3597 dilectus,
3739 3535 3791 3587 in

2205 3614 2301 3668 quo
2333 3601 2352 3632 ι
2386 3602 2509 3657 bene
2577 3606 2862 3676 complacui
2904 3609 3114 3681 (Matth.
3155 3630 3233 3681 ιιι,
3270 3617 3381 3689 l7).
3429 3619 3547 3690 ipse
3610 3631 3788 3680 autem

2206 3702 2360 3744 mons
2401 3690 2656 3751 Dominus
2680 3706 2780 3763 est,
2817 3700 2906 3770 qui
2946 3702 3083 3758 alios
3119 3715 3328 3764 montes
3361 3708 3681 3768 inhabitabit
3730 3715 3783 3770 in

2205 3778 2386 3845 ﬁnem,
2421 3783 2472 3838 in
2498 3799 2725 3854 quorum
2769 3791 3047 3848 cacumine
3082 3805 3296 3864 paratus
3325 3808 3428 3854 est.
3481 3801 3627 3857 Unus
3658 3806 3788 3859 enim

2202 3867 2361 3938 Deus,
2389 3882 2435 3926 et
2464 3889 2592 3929 unus
2621 3878 2865 3934 mediator
2889 3880 2987 3936 Dei
3011 3893 3057 3937 et
3094 3885 3353 3942 hominum
3382 3891 3530 3945 homo
3560 3879 3789 3969 Christus

2201 3958 2353 4016 Jesus
2380 3962 2423 4033 (l
2447 3963 2581 4021 Tim.
2611 3982 2667 4033 ιι,
2693 3967 2768 4040 5),
2799 3985 2955 4028 mons
2975 3976 3252 4044 montium,
3279 3981 3415 4036 sicut
3435 3992 3654 4040 sanctus
3667 3965 3791 4042 san?

2202 4060 2434 4108 clarum.
2496 4057 2645 4113 Unde
2671 4059 2835 4115 dicit:
2867 4061 2979 4135 Ego
3014 4065 3067 4119 in
3101 4067 3191 4135 eis,
3243 4078 3290 4124 et
3310 4079 3365 4124 tu
3411 4073 3466 4126 in
3485 4091 3562 4129 me
3590 4075 3611 4146 (
3629 4075 3787 4135 Joan.

2203 4157 2335 4211 xvn,
2367 4145 2484 4216 25).
2513 4146 2702 4220 thuid
2725 4167 2852 4222 ergo
2891 4158 3220 4226 suspicamini
3260 4175 3452 4218 montes
3479 4145 3786 4235 incaseatos,

2202 4245 2418 4290 montem
2446 4238 2496 4291 in
2524 4256 2624 4310 quo
2659 4243 2846 4311 placuit
2887 4245 2998 4301 Deo
3036 4249 3317 4307 inhabitare
3355 4255 3409 4308 in
3433 4258 3534 4311 eo?
3574 4259 3787 4315 Etenim

2201 4327 2411 4383 mentes
2433 4330 2550 4384 illos
2579 4331 2876 4390 incaseatos
2907 4336 3163 4393 Dominus
3193 4340 3313 4408 iste,
3359 4361 3513 4401 mons
3540 4349 3789 4406 incasca-

2201 4427 2302 4485 tus,
2326 4420 2649 4477 inhabitabit
2694 4441 2860 4499 usque
2890 4429 2942 4483 in
2995 4431 3177 4501 linem,
3213 4444 3268 4489 ut
3291 4437 3487 4507 aliquid
3518 4443 3628 4510 sint
3658 4446 3789 4517 (qui.

2200 4509 2298 4565 bus
2323 4511 2400 4566 ait
2432 4531 2444 4568 :
2475 4511 2606 4578 Quia
2633 4518 2743 4571 sine
2764 4535 2842 4572 me
2863 4519 2992 4576 nihil
3031 4525 3236 4593 potestis
3259 4530 3422 4597 facere
3443 4529 3551 4601 (Id.
3581 4509 3787 4604 xv,-5)‘.

2264 4602 2357 4657 24.
2390 4603 2537 4676 [vers.
2567 4607 2682 4682 l8.]
2709 4609 2780 4664 Ita
2810 4610 2868 4666 ﬁt
2901 4613 3060 4668 etiam
3103 4619 3244 4688 quod
3289 4623 3563 4692 sequitur:
3594 4602 3790 4684 Curras

2196 4694 2295 4750 Dei
2322 4699 2491 4754 decem
2531 4703 2747 4757 millium
2799 4706 3103 4777 multiplex;
3146 4713 3250 4777 vel,
3316 4715 3501 4770 denunt
3564 4721 3788 4776 millium

2195 4788 2484 4858 multiplex;
2507 4793 2610 4861 vel,
2645 4794 2803 4850 decies
2826 4797 3008 4853 millies
3039 4802 3324 4873 multiplex.
3359 4806 3532 4862 Unum
3553 4814 3786 4868 verbum

2195 4880 2336 4934 enim
2364 4896 2593 4950 graecum
2624 4887 2759 4941 sicut
2793 4891 3016 4960 quisque
3059 4897 3228 4962 potuit
3267 4898 3552 4956 latinorum
3613 4905 3787 4960 inter-

2197 4978 2402 5039 pretum
2431 4976 2718 5043 transtulit,
2741 4979 2881 5048 quod
2921 4982 2990 5037 ibi
3032 4982 3231 5040 dictum
3259 4998 3360 5051 est.
3415 5001 3787 5064 μυριοπλάσων.

2194 5060 2384 5118 Latine
2434 5073 2612 5121 autem
2657 5069 2784 5124 satis
2832 5073 3060 5142 exprimi
3125 5091 3231 5132 non
3280 5081 3451 5159 potuit
3480 5060 3499 5137 ξ
3527 5087 3788 5154 quoniam

2195 5158 2339 5213 mille
2388 5160 2529 5229 apud
2557 5162 2772 5220 Graecos
2813 5174 2951 5236 χίλια
2998 5171 3267 5242 dicuntur,
3318 5158 3543 5249 μυριάδες
3603 5193 3788 5240 autem

2196 5249 2343 5318 plura
2374 5251 2509 5307 dena
2550 5251 2741 5322 millia;
2768 5269 2937 5331 μυριὰς
2977 5265 3172 5336 quippe
3208 5285 3347 5336 una,
3393 5271 3578 5330 decem
3618 5279 3790 5340 millia

2193 5345 2336 5396 sunt.
2369 5342 2639 5414 Ingentem
2668 5347 2842 5419 itaque
2872 5354 3268 5413 multitudinem
3287 5371 3593 5420 sanctorum
3619 5377 3790 5440 atque

2197 5428 2450 5500 ﬁdelium,
2479 5436 2566 5505 qui
2591 5441 2848 5508 portando
2878 5444 3042 5502 Deum
3067 5449 3200 5505 ﬁunt
3219 5453 3618 5522 quodammodo
3650 5428 3790 5516 cur-

2193 5537 2281 5576 rus
2299 5523 2415 5592 Dei,
2446 5526 2761 5596 signiﬁcavit
2787 5533 2888 5590 hoc
2929 5541 3161 5597 nomine.
3185 5543 3334 5616 Hane
3356 5546 3705 5608 immancndo
3735 5565 3786 5610 ct

2193 5614 2426 5684 regendo
2464 5619 2708 5688 perducit
2750 5625 2807 5680 in
2850 5627 3012 5686 ﬁnem
3052 5614 3304 5706 tanquam
3342 5655 3556 5706 currum
3603 5659 3782 5701 suum-

2255 5754 2281 5833 ξ
2308 5761 2460 5833 ξς..εῇ
2481 5764 2610 5833 l_.ov.,
2636 5760 2686 5810 in
2719 5776 2810 5833 quo
2833 5765 2968 5819 mihi.
3011 5771 3152 5825 Abest
3194 5773 3310 5827 mihi
3346 5779 3406 5828 ab
3440 5787 3538 5829 Am.
3568 5788 3619 5831 et
3647 5789 3765 5833 Mss.

2191 5827 2282 5866 ucc
2307 5824 2464 5869 exstat
2490 5824 2534 5867 in
2557 5834 2717 5885 grrcco
2741 5831 2864 5874 LXX.
