4038 6486
253 396 352 452 829

255 603 518 667 Christus;
558 606 740 660 deinde
757 609 843 672 qui
877 616 990 660 sunt
1040 608 1225 663 Christi
1265 609 1318 662 in
1365 610 1632 678 praesentia
1681 612 1824 678 eius;

256 695 433 748 deinde
459 695 576 763 ﬁnis
609 695 650 766 (Ι
675 695 792 751 Cor.
816 713 902 762 xv,
930 698 1018 761 23,
1041 699 1154 770 24).
1189 700 1312 754 Haec
1336 709 1417 754 est
1435 709 1620 753 sancta
1649 701 1830 755 Eccle-

256 785 351 849 sia,
383 801 503 854 qua:
531 795 654 841 sunt
680 788 819 856 quod
863 791 1118 858 sequitur,
1164 787 1332 842 Millia
1377 789 1672 843 ltetantium.
1717 791 1826 859 Spe

251 875 392 928 enim
446 885 570 930 sunt
601 877 895 946 gaudentes,
933 879 1103 934 donec
1152 879 1504 949 perducantur
1549 881 1600 934 in
1665 881 1820 935 linem

252 979 412 1030 quem
441 979 580 1020 nunc
605 979 912 1036 exspectant
927 983 1022 1038 per
1047 972 1352 1040 patientiam
1379 971 1550 1043 (Rom.
1571 988 1680 1038 Vlll,
1702 972 1821 1044 25).

254 1055 474 1112 itit-ilice
497 1066 701 1122 autem,
729 1073 848 1113 eum
879 1061 1134 1128 dixisset,
1168 1061 1336 1117 Millia
1363 1065 1666 1130 (celantium,
1701 1079 1828 1119 con-

253 1147 400 1199 tinuo
448 1147 689 1216 subjecit,
735 1148 982 1204 Dominus
1024 1153 1077 1205 in
1103 1153 1224 1208 illis.
1269 1153 1346 1208 Ne
1385 1155 1640 1208 miremur
1683 1157 1822 1224 quod

254 1236 526 1303 latenter;
560 1237 807 1294 Dominus
832 1241 882 1294 in
912 1243 1032 1296 illis.
1062 1243 1192 1298 Nam
1221 1262 1310 1314 per
1335 1244 1517 1301 multas
1542 1241 1824 1302 tribulatio?

249 1342 338 1381 nes
367 1337 562 1397 oportet
585 1346 675 1384 nos
707 1333 913 1386 introire
939 1334 990 1387 in
1014 1351 1220 1405 regnum
1247 1336 1340 1390 Dei
1369 1338 1503 1406 (Act.
1545 1355 1632 1393 xw
1650 1380 1664 1403 ,
1690 1338 1779 1410 21)
1808 1356 1825 1396 :

251 1418 380 1486 sed,
423 1419 672 1476 Dominus
716 1425 768 1477 in
812 1423 934 1479 illis.
985 1424 1107 1480 Ideo
1153 1429 1250 1483 etsi
1295 1440 1417 1484 sunt
1455 1433 1600 1500 quasi
1639 1435 1821 1500 tristes,

254 1523 448 1578 semper
481 1519 644 1568 tamen
670 1514 941 1583 gaudentes
983 1517 1049 1586 (ll
1079 1517 1196 1572 Cor.
1226 1535 1304 1586 Vl,
1338 1519 1460 1592 i0);
1503 1537 1600 1578 nec
1631 1522 1740 1592 jam
1770 1523 1823 1578 in

252 1599 366 1668 ipso
395 1601 500 1657 tlne
527 1617 632 1672 quo
655 1605 888 1660 nondum
912 1619 1187 1675 venerunt,
1217 1611 1310 1665 sed
1337 1628 1427 1680 spe
1453 1622 1574 1667 sunt
1601 1616 1824 1684 gauden-

250 1699 338 1754 tes,
390 1699 446 1744 et
490 1691 544 1744 in
579 1691 896 1749 tribulatione
939 1699 1177 1766 patientes
1205 1698 1382 1770 (Rom.
1412 1717 1519 1767 xu,
1549 1703 1659 1773 12),
1689 1719 1822 1773 quo-

249 1780 390 1834 niam
416 1780 664 1837 Dominus
691 1785 744 1838 in
767 1785 889 1854 illis,
917 1788 968 1841 in
999 1788 1147 1857 Sina,
1173 1791 1226 1844 in
1248 1802 1440 1846 sancto.
1464 1793 1522 1847 ιη
1548 1795 1820 1850 nominum

249 1869 588 1927 hebraearum
620 1873 1134 1944 interpretationibus
1174 1881 1470 1937 invenimus
1506 1883 1629 1938 Sina
1661 1885 1824 1939 inter-

249 1962 443 2028 pretari
463 1961 763 2018 Mandatum
789 1983 802 2019 :
834 1975 887 2020 et
911 1968 1010 2022 alia
1035 1971 1275 2039 quaedam
1295 1972 1700 2043 interpretatur;
1727 1973 1823 2029 sed

247 2049 346 2104 hoc
377 2061 506 2120 puto
555 2057 799 2123 praesenti
847 2057 982 2113 loco
1011 2062 1183 2129 aptius
1223 2064 1527 2119 convenire.
1573 2064 1823 2120 Reddens

248 2141 384 2195 enim
428 2157 642 2199 causam
698 2161 862 2216 quare
911 2149 1217 2207 laetarentur
1265 2153 1354 2208 illa
1398 2155 1582 2222 millia,
1631 2157 1822 2226 quibus

247 2240 456 2286 constat
483 2249 670 2290 currus
699 2237 812 2303 Dei,
840 2237 1106 2306 Dominus,
1139 2242 1325 2312 inquit,
1357 2246 1408 2298 in
1438 2246 1560 2312 illis,
1588 2247 1641 2300 in
1669 2246 1815 2313 Sina,

247 2319 294 2373 in
320 2333 501 2376 sancto
521 2341 540 2378 :
565 2325 618 2379 id
641 2334 742 2393 est,
773 2329 1023 2385 Dominus
1050 2332 1106 2385 in
1134 2331 1259 2399 illis,
1287 2334 1337 2388 in
1364 2338 1610 2391 mandato
1635 2354 1650 2402 ;
1682 2338 1827 2408 quod-

248 2411 554 2470 mandatum
583 2427 819 2473 sanctum
845 2429 956 2489 est,
989 2424 1123 2478 sicut
1147 2424 1273 2479 dicit
1293 2426 1611 2495 Apostolus:
1644 2428 1823 2500 Itaque

247 2501 349 2557 Lex
371 2506 575 2574 quidem
603 2521 776 2563 sancta
795 2553 810 2577 ,
836 2521 879 2566 et
907 2513 1197 2568 mandatum
1225 2526 1485 2583 sanctum,
1518 2529 1565 2572 et
1579 2522 1778 2589 justum
1803 2563 1817 2586 ,

246 2606 290 2649 et
327 2585 516 2650 bonum
548 2598 655 2669 (ld.
689 2617 787 2667 vn,
819 2603 928 2673 l2).
959 2604 1062 2659 Sed
1113 2607 1236 2677 quid
1289 2585 1820 2678 prodesset'mandaé

247 2696 372 2753 tum,
407 2689 512 2744 nisi
557 2691 809 2748 Dominus
855 2695 924 2751 ibi
964 2707 1124 2765 esset,
1157 2699 1223 2754 de
1265 2716 1370 2769 quo
1403 2702 1632 2757 dicitur:
1683 2705 1822 2760 Deus

243 2785 370 2831 enim
401 2790 478 2832 est
517 2783 604 2849 qui
631 2794 863 2852 operatur
889 2789 943 2840 in
983 2789 1118 2843 vobis
1146 2799 1191 2844 et
1219 2793 1373 2859 velle,
1410 2807 1455 2847 et
1477 2797 1692 2866 operari,
1728 2814 1820 2867 pro

246 2865 368 2920 bona
404 2870 656 2925 uoluntate
684 2872 936 2948 (Philipp.
967 2894 1041 2943 ιι,
1073 2879 1198 2952 l5)?
1222 2882 1351 2937 Nam
1381 2865 1680 2940 mandatum
1705 2865 1823 2944 sine

244 2955 454 3013 Domini
491 2960 753 3031 adjutorio
791 2967 962 3022 littera
1005 2978 1087 3025 est
1113 2973 1358 3027 occidens
1389 2973 1453 3046 (Il
1479 2975 1591 3029 Cor.
1624 2993 1710 3043 ιιι,
1741 2979 1816 3049 6).

243 3047 346 3104 Lea:
370 3052 507 3106 enim
541 3056 866 3126 subintravit,
895 3069 949 3112 ut
975 3061 1249 3117 abundaret
1292 3065 1528 3120 delictum
1551 3067 1722 3137 (Rom.
1751 3047 1816 3135 v,

242 3139 352 3212 9.0).
393 3141 504 3198 Sed
547 3146 793 3214 quoniam
840 3148 1100 3218 plenitudo
1143 3151 1291 3222 Legis
1330 3157 1546 3212 charitas
1586 3168 1657 3213 est
1707 3159 1816 3231 (Id.

243 3245 364 3298 ιιιι,
401 3233 524 3303 10),
552 3235 670 3291 ideo
698 3253 791 3306 per
815 3239 1122 3297 charitatem
1154 3244 1262 3300 Lex
1289 3247 1554 3317 impletur,
1589 3265 1694 3304 non
1726 3267 1824 3321 per

244 3321 510 3378 timorem.
539 3324 769 3382 Charitas
797 3331 928 3384 enim
955 3331 1049 3386 Dei
1075 3332 1264 3402 diffusa
1287 3347 1360 3390 est
1383 3339 1433 3391 in
1468 3341 1700 3395 cordibus
1724 3360 1820 3396 no-

242 3417 373 3482 stris,
430 3435 521 3489 per
559 3422 804 3492 Spiritum
834 3436 1063 3481 sanctum
1105 3429 1191 3499 qui
1226 3429 1375 3486 datus
1421 3441 1494 3494 est
1538 3435 1680 3489 nobis
1706 3435 1824 3506 (Id.-

242 3523 291 3574 v,
318 3510 397 3578 5).
429 3510 555 3567 ldeo
579 3513 821 3570 leuantur
847 3516 962 3574 ha:c
988 3519 1174 3574 millia.
1203 3523 1428 3576 Tantum
1456 3525 1596 3578 enim
1624 3524 1819 3581 faciunt

237 3597 496 3666 justitiam
525 3602 679 3672 chis
698 3646 713 3671 ,
742 3616 993 3674 quantum
1017 3609 1330 3679 adjuvantur
1370 3613 1566 3683 Spiritu
1594 3616 1774 3684 gratia:
1799 3632 1824 3682 ;'

240 3692 488 3757 quoniam
521 3691 762 3750 Dominus
781 3699 834 3751 in
858 3697 980 3765 illis,
1007 3701 1059 3754 in
1087 3701 1235 3768 Sina,
1263 3704 1315 3756 in
1340 3713 1533 3758 sancto.

271 3841 276 3844 _
306 3783 396 3837 25.
443 3780 600 3854 (vers.
630 3785 746 3859 19.]Δ
780 3790 978 3845 Deinde
1017 3792 1081 3846 ad
1113 3793 1284 3862 ipsum
1324 3795 1604 3850 Dominum
1655 3797 1806 3852 loeu-

242 3871 379 3938 tl'onc
404 3888 698 3938 conversa:
725 3878 1025 3945 Ascendisti,
1056 3884 1245 3953 inquit,
1272 3887 1325 3939 in
1351 3885 1534 3950 altum,
1553 3881 1825 3960 captivasti'

238 3964 606 4031 captivitatem,
649 3971 879 4040 accepisti
915 3973 1051 4026 dona
1085 3975 1142 4027 in
1179 3977 1482 4034 hominibus.
1524 3980 1634 4034 Hoc
1672 3981 1827 4050 Apo-

238 4055 516 4120 stol-ussic
549 4072 948 4129 commemorat,
967 4065 1060 4120 sic
1083 4068 1302 4137 exponit
1327 4070 1394 4125 de
1425 4072 1644 4127 Domino
1669 4073 1825 4128 Chri-‘

237 4146 571 4216 stoloquens
600 4167 614 4204 :
645 4148 930 4222 Unicuique.
964 4155 1127 4210 autem
1167 4162 1632 4232 nostrum,-inqnit,
1662 4166 1826 4219 datur‘

237 4237 401 4302 gratia
431 4239 706 4293 secundum
733 4257 1019 4299 mensuram"
1044 4248 1330 4304 donationis
1345 4252 1530 4306 Christi
1556 4271 1574 4307 :
1608 4267 1830 4325 promer

235 4327 366 4392 quod
403 4327 548 4394 dicit,
584 4330 821 4387 Ascendit
861 4336 914 4389 in
942 4339 1122 4405 altum,
1154 4343 1421 4408 captivauil
1446 4346 1803 4414 captivitatem,

235 4413 370 4468 dedit
411 4417 549 4471 dona
574 4421 884 4494 hominibus.
907 4428 1054 4493 Quod
1081 4439 1246 4484 autent
1289 4413 1530 4499 ascendit,
1561 4437 1682 4507 quid
1713 4448 1803 4503 est,

235 4506 328 4558 nisi
353 4509 478 4575 quia
506 4520 553 4563 et
591 4511 839 4569 descendit
883 4518 936 4572 in
978 4519 1239 4588 inferiores
1280 4535 1447 4590 partes
1488 4506 1671 4581 terrm?
1712 4530 1809 4594 Qui

236 4596 515 4667 descendit,
543 4603 650 4669 ipse
669 4614 740 4658 est
765 4617 809 4660 et
836 4611 921 4677 qui
947 4613 1170 4664 ascendit
1193 4631 1342 4681 super
1369 4633 1536 4671 omnes
1563 4620 1728 4685 caelos,
1753 4631 1808 4675 ut

234 4687 736 4757 adimpleretomnia
767 4696 978 4768 (Ep/tes.
1007 4717 1080 4767 tv,
1105 4703 1274 4770 7-l0).
1299 4705 1509 4761 Christo
1537 4721 1664 4778 ergo
1692 4712 1807 4764 sine

233 4777 566 4837 dubitatione
592 4783 790 4840 dictum
819 4799 897 4843 est
919 4807 932 4842 :
964 4791 1246 4847 Ascendisli
1267 4796 1318 4848 in
1343 4798 1522 4862 altum,
1545 4777 1808 4870 captivasti

231 4872 594 4940 captivitatem,
626 4879 860 4948 accepisti
897 4881 1029 4936 dona
1054 4883 1107 4937 in
1136 4884 1434 4943 hominibus.
1465 4889 1572 4944 Nec
1598 4902 1807 4948 moveat

231 4962 370 5027 quod
399 4965 684 5034 Apostolus
718 4971 854 5025 idem
875 4975 1230 5031 testimonium
1247 4994 1674 5039 commemorans
1699 5002 1803 5041 non
1823 5041 1826 5043 λ

231 5053 322 5117 ait,
354 5056 607 5127 Accepiin
633 5061 768 5115 dona
796 5064 847 5117 in
872 5065 1191 5133 hominibus;
1236 5071 1349 5137 sed,
1382 5072 1531 5126 Dedit
1556 5075 1690 5129 dona
1715 5079 1808 5131 ho-

231 5144 470 5200 minibus.
509 5147 600 5202 llle
623 5152 816 5221 quippe
841 5159 1153 5214 auctoritate
1193 5163 1481 5230 apostolica
1510 5168 1826 5222 secundum.

229 5233 329 5290 hoc
373 5239 584 5295 locutus
625 5253 724 5310 est,
754 5246 896 5314 quod
926 5248 1068 5305 Deus
1105 5267 1226 5308 cum
1254 5255 1440 5311 Patre‘
1471 5258 1654 5313 Filius.
1702 5260 1806 5316 Sc-

227 5329 461 5384 cundum
505 5331 606 5390 hoc
645 5337 837 5406 quippe
881 5339 1019 5394 dedit
1059 5345 1192 5398 dona
1236 5347 1541 5416 hominibus,
1587 5354 1830 5410 mittens

227 5416 301 5472 eis
326 5418 583 5494 Spiritum
613 5437 878 5493 sanctum,
911 5433 996 5500 qui
1027 5433 1252 5502 Spiritus
1280 5447 1362 5492 est
1392 5441 1560 5496 Patris
1587 5453 1639 5498 et
1659 5445 1798 5500 Filii.
1823 5493 1825 5495 .

225 5508 527 5587 Secundum
557 5517 684 5572 illud
713 5535 840 5576 vero
859 5523 1001 5591 quod
1031 5526 1166 5581 idem
1197 5529 1312 5599 ipse
1336 5529 1578 5590 Christus
1607 5536 1657 5590 in
1683 5553 1829 5592 coro-

227 5615 354 5667 pm-c
411 5620 507 5684 suo
553 5606 884 5678 intelligitur,
931 5615 1198 5685 quodest
1256 5619 1532 5686 Ecclesia,
1584 5637 1802 5695 prapter

224 5693 360 5758 quod
409 5705 462 5747 ct
497 5682 741 5753 inetttbra
783 5704 898 5769 ejns
945 5719 1066 5759 sunt
1111 5712 1275 5773 Sancti
1322 5723 1375 5766 et
1423 5713 1604 5771 ﬁdeles
1648 5721 1795 5789 ejus;

285 5808 299 5836 ⁸
337 5808 424 5856 ttic
452 5811 494 5856 in
520 5813 628 5861 Edd.
655 5814 857 5878 additur,
882 5819 988 5880 fecit
1011 5833 1025 5869 :
1045 5823 1168 5888 quod
1195 5837 1220 5872 τι
1245 5831 1344 5873 Mss.
1374 5829 1527 5877 abest.

1307 400 1702 458 ΕΝΑιιιιιτιυ
1740 395 1810 454 IN
1843 403 2171 463 PS’ABMUM-
2205 400 2404 474 L‘xvu.

257 510 400 566 velut
445 511 497 564 in
550 511 723 567 locum
769 512 995 584 aliquem
1043 511 1380 570 destinatum.
1429 515 1637 570 Initium
1681 517 1821 571 enim
1895 507 1898 510 ’

1930 525 2067 580 unde
2105 529 2182 583 eis
2222 531 2429 599 dicitur,
2483 535 2581 592 Vos
2626 551 2789 599 autem
2833 551 2948 605 estis
2991 571 3170 625 corpus
3220 552 3426 619 Christi
3453 579 3504 623 et

1929 621 2145 729 membra
2177 622 2231 706 (II
2254 622 2371 678 Cor.
2401 644 2495 693 ιιι,
2521 629 2612 702 27)
2641 651 2654 685 :
2691 640 2872 704 procul
2897 641 3056 700 dubio
3078 621 3134 703 et
3159 651 3273 721 ipse
3311 621 3503 729 accepit

1929 708 2062 763 dona
2089 714 2140 765 in
2167 716 2468 773 hominibus.
2491 721 2731 780 Christus
2757 731 2953 801 quippe
2972 708 3208 796 ascendit
3236 746 3286 799 in
3312 708 3503 810 altutrn.

1929 809 1983 902 et
2009 801 2158 901 sedet
2199 805 2265 859 ad
2307 807 2578 868 dexteram
2622 813 2792 873 Patris
2841 822 3030 892 (Marc.
3083 846 3191 896 xw,
3235 801 3502 906 19);sed

1930 887 2028 942 nisi
2052 901 2105 945 et
2134 891 2219 948 hic
2246 909 2388 952 esset
2413 900 2463 954 in
2487 905 2665 973 terris,
2692 925 2796 963 non
2824 912 2946 969 inde
2975 887 3500 998 claritassetzléaule,

1937 977 2021 998 ομ
2050 979 2088 998 ,ί
2221 985 2232 996 .
2257 986 2270 998 .

1931 977 2109 1047 Saule,
2147 985 2270 1053 quid
2296 1005 2374 1042 me
2395 998 2703 1064 persequeris
2750 1000 2890 1069 (Act.
2923 1021 3000 1070 ιιι,
3027 1008 3122 1077 4)“2
3168 977 3504 1088 Cum

1931 1068 2068 1123 idem
2096 1073 2208 1141 ipse
2237 1075 2393 1144 dicat,
2426 1081 2640 1147 Quando
2679 1091 2857 1168 unica:
2887 1097 3105 1154 minimis
3132 1103 3254 1157 meis
3290 1110 3499 1178 fecistis,

1929 1161 2052 1266 mihi
2091 1168 2276 1235 fecistis
2313 1161 2522 1239 (Matth.
2556 1194 2684 1245 xxv,
2712 1163 2841 1254 :40);
2889 1188 3012 1258 quid
3055 1161 3353 1253 dubitamus

1927 1253 2167 1323 accipere
2219 1261 2271 1314 in
2301 1265 2554 1322 membris
2597 1273 2726 1339 suis,
2760 1292 2876 1346 qua:
2918 1279 3056 1336 dona
3099 1287 3337 1344 membra
3387 1292 3503 1363 ejus

1928 1345 2239 1414 accipiunt?

1994 1433 2083 1532 _26.
2269 1443 2392 1511 quid
2434 1456 2533 1516 est,
2567 1450 2846 1522 Captivasti
2890 1463 3270 1532 captivitatem?
3312 1470 3502 1528 Utrum

1925 1527 2046 1595 quia
2090 1531 2215 1586 vicit
2261 1545 2506 1606 mortem,
2544 1559 2660 1612 qua:
2703 1527 3188 1618 captivos'tenebat
3228 1560 3280 1614 in
3310 1565 3502 1632 quibus

1925 1621 2180 1688 regnabat
2197 1623 2229 1723 ?.
2258 1641 2323 1680 an
2354 1629 2496 1698 ipsos
2523 1632 2768 1693 homines
2797 1645 3076 1712 appellavit
3116 1621 3498 1725 captivitatem,

1924 1709 2009 1776 qui
2038 1711 2229 1780 captivi
2261 1717 2360 1771 sub
2388 1718 2600 1778 diabolo
2627 1709 2979 1788 tenebant—ur?
3008 1709 3276 1806 Cujus-rei
3299 1709 3500 1816 mysta:

1924 1797 2060 1853 rium
2100 1807 2336 1862 continet
2383 1811 2541 1867 etiam
2593 1816 2774 1874 titulus
2825 1823 2963 1880 illius
3014 1829 3224 1899 psalmi,
3283 1797 3498 1900 Qubndo

1924 1891 2101 1950 domus
2143 1899 2486 1969 wdi/icabattn'
2522 1920 2633 1979 post
2673 1891 3224 1994 captivitatem'U’sal.’
3257 1891 3377 1993 xcv,
3405 1928 3457 1998 l)
3481 1949 3498 1983 ι

1923 1982 1974 2036 id
2001 1995 2098 2052 est,
2128 1989 2364 2047 Ecclesia
2391 2006 2510 2066 post
2533 1982 2906 2070 gentilitatem.
2936 1982 3084 2080 Ipsos
3127 2013 3303 2084 itaque
3328 1982 3499 2074 homi-

1922 2089 2019 2131 nes
2065 2081 2154 2150 qui
2198 2087 2390 2154 captivi
2444 2093 2756 2151 tcnebantur
2801 2103 3074 2170 appellans
3117 2081 3493 2180 captivitatem,

1923 2169 2058 2224 sicut
2088 2173 2271 2230 militia
2299 2192 2417 2234 cum
2452 2182 2646 2240 dicitur
2665 2197 2717 2242 et
2745 2169 3115 2263 intelliguntur
3132 2169 3222 2268 qui
3247 2169 3494 2269 militant,

1922 2261 2162 2317 eamdem
2189 2268 2550 2336 captivitatem
2581 2290 2610 2328 a
2631 2273 2844 2338 Christo
2874 2261 3188 2352 cavptivatam
3217 2287 3362 2343 dicit.
3391 2261 3507 2354 Cur,

1923 2350 2064 2406 enim
2094 2369 2198 2409 non
2231 2358 2300 2412 sit
2327 2363 2602 2428 captivitas
2627 2366 2770 2434 felix,
2791 2371 2833 2425 si
2856 2382 2909 2426 et
2937 2350 3002 2428 ad
3030 2375 3227 2436 bonum
3255 2378 3498 2438 homines

1923 2453 2143 2509 possunt
2179 2450 2336 2518 capi?
2373 2450 2527 2508 Unde
2570 2455 2954 2520 Petrodictum
2989 2475 3105 2520 est:
3146 2466 3230 2522 Ea:
3271 2471 3365 2524 hoc
3382 2473 3499 2542 jam

1922 2531 2146 2632 homines
2167 2540 2264 2593 eris
2289 2544 2492 2613 capiens
2521 2546 2668 2618 (Luc.
2698 2567 2750 2616 v,
2779 2553 2890 2622 l0).
2915 2554 3173 2626 Captivati
3202 2576 3348 2630 ergo,
3377 2531 3500 2632 quia

1920 2623 2081 2692 capti,
2111 2637 2165 2680 et
2190 2631 2327 2699 capti
2356 2634 2477 2702 quia
2508 2636 2809 2707 snbjngati;
2859 2643 2957 2698 sub
2995 2623 3118 2701 lene
3155 2623 3286 2704 illud
3313 2623 3496 2721 jug-um

1920 2713 2067 2769 missi
2107 2715 2316 2789 (Matth.
2341 2738 2415 2790 xu,
2455 2724 2573 2797 50),
2618 2727 2823 2785 liberati
2869 2747 2898 2786 a
2938 2746 3155 2802 peccato
3180 2713 3329 2806 cujus
3357 2713 3505 2814 servi,

1920 2815 2090 2872 erant,
2123 2815 2175 2860 et
2196 2808 2414 2878 justitize
2439 2815 2576 2868 servi
2615 2816 2738 2871 facti
2775 2821 2926 2889 cujus
2955 2823 3106 2878 liberi
3137 2837 3287 2881 crant
3319 2811 3509 2905 (Rom.

1921 2909 1991 2961 Vt,
2023 2897 2132 2969 18).
2165 2899 2314 2957 Unde
2341 2913 2394 2958 et
2424 2905 2534 2976 ipse
2559 2907 2608 2962 in
2638 2909 2740 2963 illis
2763 2920 2865 2981 est,
2897 2915 2983 2983 qui
3009 2916 3142 2969 dedit
3168 2917 3302 2971 dona
3328 2897 3511 2996 homi—l

1921 2987 2082 3053 nibus,
2122 2997 2176 3044 et
2210 2995 2404 3062 accepit
2431 2995 2565 3051 dona
2607 2999 2659 3052 in
2690 2999 2992 3058 hominibus.
3044 3005 3273 3078 Ideoque
3316 3009 3368 3062 in
3396 3009 3494 3064 ista

1921 3077 2244 3149 captivitate,
2279 3083 2333 3136 in
2379 3084 2478 3140 ista
2519 3083 2795 3156 servitute,
2827 3091 2878 3145 in
2920 3095 3022 3150 isto
3059 3077 3237 3161 curru,
3266 3098 3364 3153 sub
3394 3099 3513 3155 isto.

1914 3165 2042 3236 jugo
2069 3185 2172 3226 non
2200 3183 2322 3228 sunt
2340 3175 2503 3230 millia
2533 3178 2872 3247 plorantium,
2895 3185 2987 3239 sed
3012 3176 3172 3240 millia
3195 3188 3512 3269 lwtantium.‘

1918 3257 2166 3314 Dominus
2193 3263 2385 3334 quippe
2415 3267 2467 3320 in
2497 3267 2617 3331 illis,
2642 3270 2694 3346 in
2718 3270 2866 3338 Sina,
2901 3275 2952 3328 in
2981 3287 3174 3330 sancto.
3197 3278 3293 3334 Cui
3314 3284 3494 3338 sensui

1919 3353 2162 3418 cengruit
2183 3362 2236 3406 et
2263 3355 2362 3407 alia
2411 3356 2799 3439 interpretatio,
2823 3380 2924 3434 qua
2961 3367 3339 3438 interpretatur
3367 3373 3492 3448 Sina

1918 3439 2187 3496 Mensura.
2227 3441 2357 3498 Nam
2402 3448 2468 3502 de
2513 3437 2599 3505 his
2620 3453 2772 3508 donis
2799 3457 2996 3513 laetitiae
3033 3437 3320 3529 spiritualis
3346 3446 3509 3539 apo-_

1917 3530 2086 3585 stolus
2127 3532 2348 3603 loquens
2392 3537 2443 3590 id
2481 3540 2620 3608 quod
2661 3556 2817 3613 supra
2858 3554 3319 3609 commemoravi:
3359 3537 3509 3610 Uni;

1917 3622 2094 3690 cuique
2116 3633 2278 3678 autem
2310 3638 2553 3696 nostrum,
2583 3632 2770 3701 inquit,
2795 3636 2914 3690 data
2935 3648 3006 3692 est
3030 3643 3193 3710 gratia
3217 3647 3490 3700 secundum

1915 3727 2198 3766 mensuram
2224 3717 2508 3774 donationis
2529 3719 2734 3777 Christi.
2767 3727 2845 3780 Ac
2871 3727 3063 3784 deinde
3090 3735 3327 3802 sequitur
3347 3737 3509 3804 quod.

1913 3801 2071 3856 etiam
2112 3803 2196 3859 hic
2239 3809 2516 3876 sequitur:
2553 3809 2768 3883 Propter
2805 3819 2954 3896 quod,
2984 3820 3122 3884 dicit,
3164 3801 3397 3878 Ascendit
3438 3826 3513 3896 in,

1914 3893 2089 3960 altum,
2119 3898 2382 3966 captivavit
2424 3903 2786 3978 captivitatem,
2815 3895 2954 3962 dedit
2992 3911 3126 3966 dona
3168 3913 3488 3973 hominibus:

1913 3985 2050 4052 quod
2083 3986 2168 4040 hic
2196 3998 2296 4055 est,
2331 3994 2565 4061 accepisti
2593 3991 2727 4050 dona
2751 3997 2808 4062 in
2832 3994 3133 4058 mnuum.
3160 4004 3298 4071 Quid
3321 4006 3420 4062 hac
3436 3995 3514 4084 ett

1914 4077 2000 4158 illa
2026 4081 2246 4135 veritate
2271 4087 2620 4142 concordius?
2642 4091 2765 4160 quid
2799 4094 3169 4152 manifestius?
3402 4171 3404 4174 τ
3495 4085 3500 4090 ’

1933 4151 1940 4158 ’
1982 4169 2071 4222 27.
2113 4171 2214 4224 Sed
2242 4174 2366 4242 quid
2397 4176 2586 4231 deinde
2610 4151 2885 4251 adjnngit?
2917 4183 3116 4239 Etenim
3143 4189 3230 4256 qui
3255 4171 3514 4262 ηοιιένξγ

1910 4255 2035 4313 dunt
2070 4263 2385 4331 inhabitare;
2420 4269 2504 4322 vel
2549 4271 2689 4338 quod
2733 4259 2971 4329 ncnnnlli
3012 4255 3223 4334 codices
3267 4280 3486 4346 habent,

1913 4348 2110 4404 Etenim
2138 4370 2234 4407 non
2268 4355 2517 4412 credentes
2544 4359 2839 4416 inhabitare.
2866 4363 2998 4419 Nam
3031 4367 3157 4438 quid
3187 4379 3310 4424 sunt
3338 4370 3513 4448 alitttL~

1911 4458 2012 4496 non
2038 4443 2336 4513 credentes,
2369 4449 2468 4503 nisi
2499 4451 2586 4520 qui
2630 4468 2732 4506 non
2775 4455 3036 4516 credunt?
3086 4460 3156 4514 De
3189 4461 3378 4538 quibus
3402 4443 3512 4536 div:

1908 4540 2048 4586 ctum
2080 4535 2148 4589 sit
2193 4552 2296 4591 non
2344 4549 2424 4594 est
2468 4540 2632 4595 facilis
2674 4543 2988 4602 intellectus.
3021 4535 3291 4620 Tanquam
3339 4542 3513 4615 enim;

1910 4625 2043 4679 ratio
2089 4627 2399 4685 redderetur
2437 4634 2770 4702 superiorum
2805 4639 3108 4706 verborum,
3135 4635 3254 4696 cum
3283 4643 3484 4699 dictum
3510 4709 3515 4716 ι

1908 4725 2067 4783 esset,
2096 4714 2374 4788 Captivasti
2400 4725 2756 4794 captivitatem,
2791 4730 3025 4798 accepisti
3062 4732 3196 4785 dona
3222 4733 3273 4788 in
3315 4733 3480 4812 homi-
3507 4803 3512 4812 α

1908 4809 2090 4876 nibus;
2121 4813 2186 4866 ita
2227 4815 2562 4885 subjunctum
2609 4828 2709 4885 est,
2758 4819 2960 4874 Etenim
3001 4825 3087 4893 qui
3128 4843 3228 4879 non
3274 4809 3510 4908 credunt;

1908 4902 2204 4973 inhabitare,
2232 4907 2280 4960 id
2303 4917 2399 4973 est,
2427 4924 2530 4964 non
2554 4910 2830 4966 credentes
2859 4921 2915 4967 ιιι
2941 4903 3317 4974 inhabitarent.
3341 4917 3494 4994 Quid,

1908 4999 1988 5049 est
2015 4997 2154 5052 hoc?
2183 4995 2247 5053 de
2275 5002 2463 5069 quibus
2487 5001 2587 5083 hoc
2616 5001 2782 5057 dicit?
2805 5005 2884 5076 A‘n
2916 5004 2999 5060 illa
3028 5009 3477 5089 captivitasante-
3501 5074 3512 5089 Δ

1907 5097 2062 5154 quam
2113 5091 2360 5144 transiret
2403 5092 2452 5144 in
2501 5078 2690 5146 bonam
2737 5095 3114 5164 captivitatem,
3145 5091 3278 5157 unde
3306 5079 3508 5181 inerit:

1909 5177 2041 5231 mala
2071 5181 2345 5250 captivitas
2367 5182 2638 5236 ostendit?
2685 5183 2800 5238 Non
2830 5188 3096 5242 credendo
3131 5188 3267 5248 enim
3300 5187 3487 5254 possis

1907 5260 2165 5324 debantttr
2189 5271 2256 5324 ab
2285 5272 2514 5340 inimico,
2544 5277 2627 5346 qui
2656 5287 2894 5347 cperatur
2935 5281 2984 5333 in
3009 5280 3128 5348 ﬁliis
3155 5278 3474 5354 άὶθὶάθηιῖωὶ
3504 5349 3509 5362 ,

1906 5363 1956 5415 in
1980 5363 2156 5428 quibus
2181 5373 2225 5417 et
2251 5380 2354 5428 vos,
2379 5365 2564 5436 inquit,
2595 5369 2763 5438 fuistis
2791 5363 3076 5439 aliquando,
3108 5387 3220 5424 cum
3247 5371 3471 5427 viveretis
3507 5445 3510 5456 Ι

1905 5454 1956 5505 in
1982 5453 2080 5508 illis
2112 5451 2326 5526 (Ep/tes.
2357 5472 2415 5522 ιι,
2457 5457 2508 5524 2,
2540 5458 2616 5531 5).
2663 5459 2826 5516 Donis
2855 5457 2977 5530 ergo
3007 5462 3186 5530 gratiae
3227 5477 3356 5522 sum,
3382 5465 3471 5531 qui

1903 5546 2106 5614 accepit
2149 5547 2284 5600 dona
2330 5548 2382 5602 in
2413 5544 2713 5606 hominibus
2743 5553 3020 5622 captivavit
3065 5551 3215 5606 istam
3244 5554 3468 5621 captivi-

1905 5644 2084 5690 tatem.
2116 5637 2324 5692 Etenim
2361 5657 2464 5695 non
2505 5643 2786 5698 credentes
2823 5652 2975 5696 erant
3009 5651 3064 5696 ut
3091 5641 3470 5698 inhabitarent.

1903 5728 2030 5782 Nam
2063 5729 2193 5784 ﬁdes
2219 5745 2310 5787 eos
2332 5731 2453 5789 inde
2479 5733 2773 5800 liberavit',
2797 5742 2853 5788 ut
2872 5735 2980 5804 jam
3008 5731 3285 5790 credentes
3316 5730 3470 5790 inha-

1968 5844 1983 5874 ¹
2019 5843 2091 5896 sic
2113 5849 2186 5892 Er.
2213 5850 2261 5893 et
2287 5852 2387 5895 Mss.
2419 5853 2464 5895 Al
2491 5853 2622 5907 Lov.,~
2644 5843 2874 5897 liberavit.

3244 5943 3324 5953 με--
