  <div class='ocr_page' id='page_1' title='image "/cluster/home/n/w/nwhite01/storage/ocr_20150623/36/hvd.32044015471469/421.png"; bbox 0 0 4038 6454; ppageno 0'>
   <div class='ocr_carea' id='block_1_1' title="bbox 508 470 2089 545">
    <p class='ocr_par' dir='ltr' id='par_1_1' title="bbox 508 470 2089 545">
     <span class='ocr_line' id='line_1_1' title="bbox 508 470 2089 545; baseline -0.004 -7"><span class='ocrx_word' id='word_1_1' title='bbox 508 481 678 537; x_wconf 90' lang='lat' dir='ltr'><strong>bitent</strong></span> <span class='ocrx_word' id='word_1_2' title='bbox 701 479 755 537; x_wconf 94' lang='lat' dir='ltr'><strong>in</strong></span> <span class='ocrx_word' id='word_1_3' title='bbox 781 477 942 534; x_wconf 94' lang='lat' dir='ltr'><strong>domo</strong></span> <span class='ocrx_word' id='word_1_4' title='bbox 971 476 1087 544; x_wconf 87' lang='lat' dir='ltr'><strong>Dei,</strong></span> <span class='ocrx_word' id='word_1_5' title='bbox 1117 473 1240 530; x_wconf 90' lang='lat' dir='ltr'><strong>factl</strong></span> <span class='ocrx_word' id='word_1_6' title='bbox 1267 481 1322 530; x_wconf 90' lang='lat' dir='ltr'><strong>et</strong></span> <span class='ocrx_word' id='word_1_7' title='bbox 1347 472 1445 545; x_wconf 86' lang='lat' dir='ltr'><strong>ipsi</strong></span> <span class='ocrx_word' id='word_1_8' title='bbox 1475 470 1666 528; x_wconf 88' lang='lat' dir='ltr'><strong>domus</strong></span> <span class='ocrx_word' id='word_1_9' title='bbox 1684 471 1801 541; x_wconf 91' lang='lat' dir='ltr'><strong>Dei,</strong></span> <span class='ocrx_word' id='word_1_10' title='bbox 1825 483 1878 530; x_wconf 92' lang='lat' dir='ltr'><strong>et</strong></span> <span class='ocrx_word' id='word_1_11' title='bbox 1899 489 2089 532; x_wconf 84' lang='lat' dir='ltr'><strong>currus</strong></span> 
     </span>
    </p>
   </div>
   <div class='ocr_carea' id='block_1_2' title="bbox 513 569 1238 628">
    <p class='ocr_par' dir='ltr' id='par_1_2' title="bbox 513 569 1238 628">
     <span class='ocr_line' id='line_1_2' title="bbox 513 569 1238 628; baseline -0.01 0"><span class='ocrx_word' id='word_1_12' title='bbox 513 570 610 628; x_wconf 89' lang='lat' dir='ltr'><strong>Dei</strong></span> <span class='ocrx_word' id='word_1_13' title='bbox 627 574 643 605; x_wconf 74' lang='grc'>⁸</span> <span class='ocrx_word' id='word_1_14' title='bbox 675 571 898 627; x_wconf 87' lang='lat' dir='ltr'><strong>millium</strong></span> <span class='ocrx_word' id='word_1_15' title='bbox 925 569 1238 625; x_wconf 66' lang='lat' dir='ltr'><strong>laetantium.</strong></span> 
     </span>
    </p>
   </div>
   <div class='ocr_carea' id='block_1_3' title="bbox 577 656 2090 735">
    <p class='ocr_par' dir='ltr' id='par_1_3' title="bbox 577 656 2090 735">
     <span class='ocr_line' id='line_1_3' title="bbox 577 656 2090 735; baseline -0.003 -18"><span class='ocrx_word' id='word_1_16' title='bbox 577 663 681 721; x_wconf 68' lang='lat'><strong>28.,</strong></span> <span class='ocrx_word' id='word_1_17' title='bbox 710 661 870 735; x_wconf 85' lang='lat' dir='ltr'><strong>[vers.</strong></span> <span class='ocrx_word' id='word_1_18' title='bbox 897 660 989 726; x_wconf 72' lang='lat'><strong>20,</strong></span> <span class='ocrx_word' id='word_1_19' title='bbox 1020 657 1136 732; x_wconf 72' lang='lat' dir='ltr'><strong>2L]</strong></span> <span class='ocrx_word' id='word_1_20' title='bbox 1176 659 1327 716; x_wconf 87' lang='lat' dir='ltr'><strong>Unde</strong></span> <span class='ocrx_word' id='word_1_21' title='bbox 1351 659 1438 729; x_wconf 86' lang='lat' dir='ltr'><strong>qui</strong></span> <span class='ocrx_word' id='word_1_22' title='bbox 1465 657 1581 713; x_wconf 68' lang='lat' dir='ltr'><strong>haec</strong></span> <span class='ocrx_word' id='word_1_23' title='bbox 1607 656 1851 724; x_wconf 84' lang='lat' dir='ltr'><strong>canebat,</strong></span> <span class='ocrx_word' id='word_1_24' title='bbox 1889 656 1941 712; x_wconf 90' lang='lat' dir='ltr'><strong>in</strong></span> <span class='ocrx_word' id='word_1_25' title='bbox 1969 656 2090 728; x_wconf 87' lang='lat' dir='ltr'><strong>Spi-</strong></span> 
     </span>
    </p>
   </div>
   <div class='ocr_carea' id='block_1_4' title="bbox 505 748 2086 822">
    <p class='ocr_par' dir='ltr' id='par_1_4' title="bbox 505 748 2086 822">
     <span class='ocr_line' id='line_1_4' title="bbox 505 748 2086 822; baseline -0.004 -14"><span class='ocrx_word' id='word_1_26' title='bbox 505 752 612 808; x_wconf 87' lang='lat' dir='ltr'><strong>rltu</strong></span> <span class='ocrx_word' id='word_1_27' title='bbox 649 768 712 810; x_wconf 87' lang='lat' dir='ltr'><strong>ea</strong></span> <span class='ocrx_word' id='word_1_28' title='bbox 743 751 1062 822; x_wconf 71' lang='lat' dir='ltr'><strong>prtevidens,</strong></span> <span class='ocrx_word' id='word_1_29' title='bbox 1094 751 1344 822; x_wconf 90' lang='lat' dir='ltr'><strong>impletus</strong></span> <span class='ocrx_word' id='word_1_30' title='bbox 1371 750 1528 804; x_wconf 85' lang='lat' dir='ltr'><strong>etiam</strong></span> <span class='ocrx_word' id='word_1_31' title='bbox 1562 749 1675 818; x_wconf 88' lang='lat' dir='ltr'><strong>ipse</strong></span> <span class='ocrx_word' id='word_1_32' title='bbox 1725 748 1928 814; x_wconf 70' lang='lat' dir='ltr'><strong>laetitia,</strong></span> <span class='ocrx_word' id='word_1_33' title='bbox 1961 764 2086 802; x_wconf 88' lang='lat' dir='ltr'><strong>cru-</strong></span> 
     </span>
    </p>
   </div>
   <div class='ocr_carea' id='block_1_5' title="bbox 505 837 2084 913">
    <p class='ocr_par' dir='ltr' id='par_1_5' title="bbox 505 837 2084 913">
     <span class='ocr_line' id='line_1_5' title="bbox 505 837 2084 913; baseline -0.003 -17"><span class='ocrx_word' id='word_1_34' title='bbox 505 842 670 896; x_wconf 83' lang='lat' dir='ltr'><strong>ctavit</strong></span> <span class='ocrx_word' id='word_1_35' title='bbox 714 841 992 913; x_wconf 79' lang='lat' dir='ltr'><strong>hymnum,</strong></span> <span class='ocrx_word' id='word_1_36' title='bbox 1037 839 1220 894; x_wconf 82' lang='lat' dir='ltr'><strong>dicens</strong></span> <span class='ocrx_word' id='word_1_37' title='bbox 1257 856 1270 891; x_wconf 87' lang='lat'><strong>:</strong></span> <span class='ocrx_word' id='word_1_38' title='bbox 1319 837 1566 892; x_wconf 87' lang='lat' dir='ltr'><strong>Dominus</strong></span> <span class='ocrx_word' id='word_1_39' title='bbox 1605 837 1742 891; x_wconf 88' lang='lat' dir='ltr'><strong>Deus</strong></span> <span class='ocrx_word' id='word_1_40' title='bbox 1777 837 2084 904; x_wconf 72' lang='lat' dir='ltr'><strong>benedictus,</strong></span> 
     </span>
    </p>
   </div>
   <div class='ocr_carea' id='block_1_6' title="bbox 503 929 2084 997">
    <p class='ocr_par' dir='ltr' id='par_1_6' title="bbox 503 929 2084 997">
     <span class='ocr_line' id='line_1_6' title="bbox 503 929 2084 997; baseline -0.004 -7"><span class='ocrx_word' id='word_1_41' title='bbox 503 933 793 990; x_wconf 73' lang='lat' dir='ltr'><strong>benedictus</strong></span> <span class='ocrx_word' id='word_1_42' title='bbox 838 933 1085 987; x_wconf 77' lang='lat' dir='ltr'><strong>Dominus</strong></span> <span class='ocrx_word' id='word_1_43' title='bbox 1125 929 1261 985; x_wconf 83' lang='lat' dir='ltr'><strong>Deus</strong></span> <span class='ocrx_word' id='word_1_44' title='bbox 1289 930 1354 984; x_wconf 90' lang='lat' dir='ltr'><strong>de</strong></span> <span class='ocrx_word' id='word_1_45' title='bbox 1376 930 1457 983; x_wconf 88' lang='lat' dir='ltr'><strong>die</strong></span> <span class='ocrx_word' id='word_1_46' title='bbox 1484 929 1537 984; x_wconf 90' lang='lat' dir='ltr'><strong>in</strong></span> <span class='ocrx_word' id='word_1_47' title='bbox 1567 929 1718 983; x_wconf 90' lang='lat' dir='ltr'><strong>diem.</strong></span> <span class='ocrx_word' id='word_1_48' title='bbox 1747 929 1899 997; x_wconf 85' lang='lat' dir='ltr'><strong>Quod</strong></span> <span class='ocrx_word' id='word_1_49' title='bbox 1946 945 2084 984; x_wconf 87' lang='lat' dir='ltr'><strong>non-</strong></span> 
     </span>
    </p>
   </div>
   <div class='ocr_carea' id='block_1_7' title="bbox 501 1019 2090 1091">
    <p class='ocr_par' dir='ltr' id='par_1_7' title="bbox 501 1019 2090 1091">
     <span class='ocr_line' id='line_1_7' title="bbox 501 1019 2090 1091; baseline -0.004 -10"><span class='ocrx_word' id='word_1_50' title='bbox 501 1024 636 1081; x_wconf 87' lang='lat' dir='ltr'><strong>nulli</strong></span> <span class='ocrx_word' id='word_1_51' title='bbox 682 1024 896 1080; x_wconf 86' lang='lat' dir='ltr'><strong>codices</strong></span> <span class='ocrx_word' id='word_1_52' title='bbox 938 1024 1150 1086; x_wconf 92' lang='lat' dir='ltr'><strong>habent,</strong></span> <span class='ocrx_word' id='word_1_53' title='bbox 1184 1023 1265 1076; x_wconf 87' lang='lat' dir='ltr'><strong>die</strong></span> <span class='ocrx_word' id='word_1_54' title='bbox 1292 1019 1533 1091; x_wconf 86' lang='lat' dir='ltr'><strong>quotidie.</strong></span> <span class='ocrx_word' id='word_1_55' title='bbox 1583 1020 1715 1087; x_wconf 91' lang='lat' dir='ltr'><strong>Quia</strong></span> <span class='ocrx_word' id='word_1_56' title='bbox 1764 1020 1841 1074; x_wconf 92' lang='lat' dir='ltr'><strong>sic</strong></span> <span class='ocrx_word' id='word_1_57' title='bbox 1891 1020 2090 1076; x_wconf 86' lang='lat' dir='ltr'><strong>habent</strong></span> 
     </span>
    </p>
   </div>
   <div class='ocr_carea' id='block_1_8' title="bbox 503 1109 2082 1187">
    <p class='ocr_par' dir='ltr' id='par_1_8' title="bbox 503 1109 2082 1187">
     <span class='ocr_line' id='line_1_8' title="bbox 503 1109 2082 1187; baseline -0.004 -14"><span class='ocrx_word' id='word_1_58' title='bbox 503 1117 699 1184; x_wconf 64' lang='lat' dir='ltr'><strong>Graeci,</strong></span> <span class='ocrx_word' id='word_1_59' title='bbox 743 1125 920 1187; x_wconf 66' lang='grc' dir='ltr'><strong>ἡμέραν</strong></span> <span class='ocrx_word' id='word_1_60' title='bbox 961 1121 1258 1183; x_wconf 73' lang='grc' dir='ltr'><strong>χαθημὲρανς</strong></span> <span class='ocrx_word' id='word_1_61' title='bbox 1286 1111 1428 1182; x_wconf 89' lang='lat' dir='ltr'><strong>quod</strong></span> <span class='ocrx_word' id='word_1_62' title='bbox 1465 1111 1644 1165; x_wconf 89' lang='lat' dir='ltr'><strong>verius</strong></span> <span class='ocrx_word' id='word_1_63' title='bbox 1669 1109 2082 1180; x_wconf 77' lang='lat' dir='ltr'><strong>exprimeretur,</strong></span> 
     </span>
    </p>
   </div>
   <div class='ocr_carea' id='block_1_9' title="bbox 507 1203 2088 1281">
    <p class='ocr_par' dir='ltr' id='par_1_9' title="bbox 507 1203 2088 1281">
     <span class='ocr_line' id='line_1_9' title="bbox 507 1203 2088 1281; baseline -0.004 -16"><span class='ocrx_word' id='word_1_64' title='bbox 507 1211 590 1265; x_wconf 86' lang='lat' dir='ltr'><strong>die</strong></span> <span class='ocrx_word' id='word_1_65' title='bbox 627 1209 865 1281; x_wconf 73' lang='lat' dir='ltr'><strong>quotidie.</strong></span> <span class='ocrx_word' id='word_1_66' title='bbox 901 1207 1070 1274; x_wconf 89' lang='lat' dir='ltr'><strong>Quam</strong></span> <span class='ocrx_word' id='word_1_67' title='bbox 1112 1214 1238 1274; x_wconf 88' lang='lat' dir='ltr'><strong>puto</strong></span> <span class='ocrx_word' id='word_1_68' title='bbox 1285 1204 1607 1260; x_wconf 89' lang='lat' dir='ltr'><strong>locutionem</strong></span> <span class='ocrx_word' id='word_1_69' title='bbox 1655 1203 1755 1258; x_wconf 92' lang='lat' dir='ltr'><strong>hoc</strong></span> <span class='ocrx_word' id='word_1_70' title='bbox 1789 1203 2088 1275; x_wconf 80' lang='lat' dir='ltr'><strong>signiﬁcare</strong></span> 
     </span>
    </p>
   </div>
   <div class='ocr_carea' id='block_1_10' title="bbox 505 1293 2084 1373">
    <p class='ocr_par' dir='ltr' id='par_1_10' title="bbox 505 1293 2084 1373">
     <span class='ocr_line' id='line_1_10' title="bbox 505 1293 2084 1373; baseline -0.004 -17"><span class='ocrx_word' id='word_1_71' title='bbox 505 1301 649 1373; x_wconf 90' lang='lat' dir='ltr'><strong>quod</strong></span> <span class='ocrx_word' id='word_1_72' title='bbox 677 1300 873 1355; x_wconf 91' lang='lat' dir='ltr'><strong>dictum</strong></span> <span class='ocrx_word' id='word_1_73' title='bbox 903 1306 1004 1364; x_wconf 90' lang='lat' dir='ltr'><strong>cst,</strong></span> <span class='ocrx_word' id='word_1_74' title='bbox 1029 1297 1092 1351; x_wconf 90' lang='lat' dir='ltr'><strong>de</strong></span> <span class='ocrx_word' id='word_1_75' title='bbox 1111 1296 1194 1350; x_wconf 88' lang='lat' dir='ltr'><strong>die</strong></span> <span class='ocrx_word' id='word_1_76' title='bbox 1219 1296 1272 1349; x_wconf 90' lang='lat' dir='ltr'><strong>in</strong></span> <span class='ocrx_word' id='word_1_77' title='bbox 1301 1294 1453 1348; x_wconf 89' lang='lat' dir='ltr'><strong>diem.</strong></span> <span class='ocrx_word' id='word_1_78' title='bbox 1482 1293 1727 1362; x_wconf 74' lang='lat' dir='ltr'><strong>Quotidie</strong></span> <span class='ocrx_word' id='word_1_79' title='bbox 1747 1293 1943 1365; x_wconf 89' lang='lat' dir='ltr'><strong>quippe</strong></span> <span class='ocrx_word' id='word_1_80' title='bbox 1983 1295 2084 1350; x_wconf 87' lang='lat' dir='ltr'><strong>hoc</strong></span> 
     </span>
    </p>
   </div>
   <div class='ocr_carea' id='block_1_11' title="bbox 505 1385 2087 1461">
    <p class='ocr_par' dir='ltr' id='par_1_11' title="bbox 505 1385 2087 1461">
     <span class='ocr_line' id='line_1_11' title="bbox 505 1385 2087 1461; baseline -0.002 -16"><span class='ocrx_word' id='word_1_81' title='bbox 505 1390 613 1461; x_wconf 86' lang='lat' dir='ltr'><strong>agit</strong></span> <span class='ocrx_word' id='word_1_82' title='bbox 639 1405 804 1460; x_wconf 87' lang='lat' dir='ltr'><strong>usque</strong></span> <span class='ocrx_word' id='word_1_83' title='bbox 833 1389 884 1443; x_wconf 94' lang='lat' dir='ltr'><strong>in</strong></span> <span class='ocrx_word' id='word_1_84' title='bbox 910 1387 1106 1453; x_wconf 82' lang='lat' dir='ltr'><strong>linem;</strong></span> <span class='ocrx_word' id='word_1_85' title='bbox 1133 1386 1369 1456; x_wconf 88' lang='lat' dir='ltr'><strong>captivat</strong></span> <span class='ocrx_word' id='word_1_86' title='bbox 1396 1385 1778 1457; x_wconf 81' lang='lat' dir='ltr'><strong>captivitatem,</strong></span> <span class='ocrx_word' id='word_1_87' title='bbox 1821 1385 2087 1456; x_wconf 90' lang='lat' dir='ltr'><strong>accipiens</strong></span> 
     </span>
    </p>
   </div>
   <div class='ocr_carea' id='block_1_12' title="bbox 503 1481 1090 1538">
    <p class='ocr_par' dir='ltr' id='par_1_12' title="bbox 503 1481 1090 1538">
     <span class='ocr_line' id='line_1_12' title="bbox 503 1481 1090 1538; baseline -0.005 -1"><span class='ocrx_word' id='word_1_88' title='bbox 503 1483 642 1538; x_wconf 88' lang='lat' dir='ltr'><strong>dona</strong></span> <span class='ocrx_word' id='word_1_89' title='bbox 672 1483 723 1536; x_wconf 90' lang='lat' dir='ltr'><strong>in</strong></span> <span class='ocrx_word' id='word_1_90' title='bbox 765 1481 1090 1535; x_wconf 90' lang='lat' dir='ltr'><strong>hominibus.</strong></span> 
     </span>
    </p>
   </div>
   <div class='ocr_carea' id='block_1_13' title="bbox 573 1568 2085 1642">
    <p class='ocr_par' dir='ltr' id='par_1_13' title="bbox 573 1568 2085 1642">
     <span class='ocr_line' id='line_1_13' title="bbox 573 1568 2085 1642; baseline -0.001 -16"><span class='ocrx_word' id='word_1_91' title='bbox 573 1571 664 1626; x_wconf 75' lang='lat'><strong>29.</strong></span> <span class='ocrx_word' id='word_1_92' title='bbox 706 1573 774 1626; x_wconf 86' lang='lat' dir='ltr'><strong>Et</strong></span> <span class='ocrx_word' id='word_1_93' title='bbox 807 1572 1056 1642; x_wconf 91' lang='lat' dir='ltr'><strong>quoniam</strong></span> <span class='ocrx_word' id='word_1_94' title='bbox 1086 1587 1300 1626; x_wconf 91' lang='lat' dir='ltr'><strong>currum</strong></span> <span class='ocrx_word' id='word_1_95' title='bbox 1331 1570 1478 1625; x_wconf 87' lang='lat' dir='ltr'><strong>illum</strong></span> <span class='ocrx_word' id='word_1_96' title='bbox 1515 1568 1662 1624; x_wconf 89' lang='lat' dir='ltr'><strong>ducit</strong></span> <span class='ocrx_word' id='word_1_97' title='bbox 1692 1568 1744 1622; x_wconf 91' lang='lat' dir='ltr'><strong>in</strong></span> <span class='ocrx_word' id='word_1_98' title='bbox 1786 1569 1965 1633; x_wconf 86' lang='lat' dir='ltr'><strong>linem,</strong></span> <span class='ocrx_word' id='word_1_99' title='bbox 1999 1583 2085 1624; x_wconf 87' lang='lat' dir='ltr'><strong>se—</strong></span> 
     </span>
    </p>
   </div>
   <div class='ocr_carea' id='block_1_14' title="bbox 502 1656 2081 1734">
    <p class='ocr_par' dir='ltr' id='par_1_14' title="bbox 502 1656 2081 1734">
     <span class='ocr_line' id='line_1_14' title="bbox 502 1656 2081 1734; baseline -0.003 -17"><span class='ocrx_word' id='word_1_100' title='bbox 502 1664 680 1734; x_wconf 87' lang='lat' dir='ltr'><strong>quitur</strong></span> <span class='ocrx_word' id='word_1_101' title='bbox 705 1671 756 1716; x_wconf 90' lang='lat' dir='ltr'><strong>et</strong></span> <span class='ocrx_word' id='word_1_102' title='bbox 781 1661 908 1717; x_wconf 90' lang='lat' dir='ltr'><strong>dicit</strong></span> <span class='ocrx_word' id='word_1_103' title='bbox 939 1681 952 1717; x_wconf 89' lang='lat'><strong>:</strong></span> <span class='ocrx_word' id='word_1_104' title='bbox 999 1661 1308 1732; x_wconf 84' lang='lat' dir='ltr'><strong>Prosperum</strong></span> <span class='ocrx_word' id='word_1_105' title='bbox 1335 1656 1430 1716; x_wconf 82' lang='lat' dir='ltr'><strong>iter</strong></span> <span class='ocrx_word' id='word_1_106' title='bbox 1453 1662 1605 1732; x_wconf 78' lang='lat' dir='ltr'><strong>faciet</strong></span> <span class='ocrx_word' id='word_1_107' title='bbox 1637 1661 1782 1716; x_wconf 89' lang='lat' dir='ltr'><strong>nobis</strong></span> <span class='ocrx_word' id='word_1_108' title='bbox 1812 1659 1952 1714; x_wconf 86' lang='lat' dir='ltr'><strong>Deus</strong></span> <span class='ocrx_word' id='word_1_109' title='bbox 1995 1675 2081 1714; x_wconf 89' lang='lat' dir='ltr'><strong>sa-</strong></span> 
     </span>
    </p>
   </div>
   <div class='ocr_carea' id='block_1_15' title="bbox 501 1751 2078 1821">
    <p class='ocr_par' dir='ltr' id='par_1_15' title="bbox 501 1751 2078 1821">
     <span class='ocr_line' id='line_1_15' title="bbox 501 1751 2078 1821; baseline -0.003 -13"><span class='ocrx_word' id='word_1_110' title='bbox 501 1755 746 1808; x_wconf 65' lang='lat' dir='ltr'><strong>nitatum”</strong></span> <span class='ocrx_word' id='word_1_111' title='bbox 777 1764 1085 1819; x_wconf 89' lang='lat' dir='ltr'><strong>nostrarum,</strong></span> <span class='ocrx_word' id='word_1_112' title='bbox 1111 1753 1250 1807; x_wconf 86' lang='lat' dir='ltr'><strong>Deus</strong></span> <span class='ocrx_word' id='word_1_113' title='bbox 1274 1763 1462 1818; x_wconf 88' lang='lat' dir='ltr'><strong>noster,</strong></span> <span class='ocrx_word' id='word_1_114' title='bbox 1485 1751 1620 1806; x_wconf 84' lang='lat' dir='ltr'><strong>Deus</strong></span> <span class='ocrx_word' id='word_1_115' title='bbox 1647 1752 1811 1806; x_wconf 85' lang='lat' dir='ltr'><strong>salvos</strong></span> <span class='ocrx_word' id='word_1_116' title='bbox 1835 1751 2078 1821; x_wconf 73' lang='lat' dir='ltr'><strong>faciendi.</strong></span> 
     </span>
    </p>
   </div>
   <div class='ocr_carea' id='block_1_16' title="bbox 501 1843 2080 1916">
    <p class='ocr_par' dir='ltr' id='par_1_16' title="bbox 501 1843 2080 1916">
     <span class='ocr_line' id='line_1_16' title="bbox 501 1843 2080 1916; baseline -0.003 -14"><span class='ocrx_word' id='word_1_117' title='bbox 501 1843 720 1902; x_wconf 77' lang='lat' dir='ltr'><strong>Multum</strong></span> <span class='ocrx_word' id='word_1_118' title='bbox 746 1846 915 1916; x_wconf 86' lang='lat' dir='ltr'><strong>gratia</strong></span> <span class='ocrx_word' id='word_1_119' title='bbox 941 1845 1365 1900; x_wconf 89' lang='lat' dir='ltr'><strong>commendatur.</strong></span> <span class='ocrx_word' id='word_1_120' title='bbox 1395 1844 1526 1911; x_wconf 88' lang='lat' dir='ltr'><strong>Quis</strong></span> <span class='ocrx_word' id='word_1_121' title='bbox 1551 1843 1692 1899; x_wconf 91' lang='lat' dir='ltr'><strong>enim</strong></span> <span class='ocrx_word' id='word_1_122' title='bbox 1716 1843 1892 1898; x_wconf 84' lang='lat' dir='ltr'><strong>salvus</strong></span> <span class='ocrx_word' id='word_1_123' title='bbox 1917 1851 2080 1910; x_wconf 84' lang='lat' dir='ltr'><strong>esset,</strong></span> 
     </span>
    </p>
   </div>
   <div class='ocr_carea' id='block_1_17' title="bbox 501 1934 2084 2006">
    <p class='ocr_par' dir='ltr' id='par_1_17' title="bbox 501 1934 2084 2006">
     <span class='ocr_line' id='line_1_17' title="bbox 501 1934 2084 2006; baseline -0.003 -14"><span class='ocrx_word' id='word_1_124' title='bbox 501 1936 605 1992; x_wconf 87' lang='lat' dir='ltr'><strong>nisi</strong></span> <span class='ocrx_word' id='word_1_125' title='bbox 635 1936 748 2006; x_wconf 90' lang='lat' dir='ltr'><strong>ipse</strong></span> <span class='ocrx_word' id='word_1_126' title='bbox 777 1936 1028 1991; x_wconf 89' lang='lat' dir='ltr'><strong>sanaret?</strong></span> <span class='ocrx_word' id='word_1_127' title='bbox 1059 1934 1162 1992; x_wconf 91' lang='lat' dir='ltr'><strong>Sed</strong></span> <span class='ocrx_word' id='word_1_128' title='bbox 1190 1952 1256 1990; x_wconf 92' lang='lat' dir='ltr'><strong>ne</strong></span> <span class='ocrx_word' id='word_1_129' title='bbox 1285 1945 1589 1990; x_wconf 83' lang='lat' dir='ltr'><strong>occurreret</strong></span> <span class='ocrx_word' id='word_1_130' title='bbox 1615 1934 1944 2005; x_wconf 83' lang='lat' dir='ltr'><strong>cogitationi,</strong></span> <span class='ocrx_word' id='word_1_131' title='bbox 1973 1934 2084 1989; x_wconf 87' lang='lat' dir='ltr'><strong>Cur</strong></span> 
     </span>
    </p>
   </div>
   <div class='ocr_carea' id='block_1_18' title="bbox 499 2024 2082 2097">
    <p class='ocr_par' dir='ltr' id='par_1_18' title="bbox 499 2024 2082 2097">
     <span class='ocr_line' id='line_1_18' title="bbox 499 2024 2082 2097; baseline -0.003 -15"><span class='ocrx_word' id='word_1_132' title='bbox 499 2042 627 2097; x_wconf 87' lang='lat' dir='ltr'><strong>ergo</strong></span> <span class='ocrx_word' id='word_1_133' title='bbox 651 2027 929 2092; x_wconf 85' lang='lat' dir='ltr'><strong>morimur,</strong></span> <span class='ocrx_word' id='word_1_134' title='bbox 957 2027 1000 2081; x_wconf 89' lang='lat' dir='ltr'><strong>si</strong></span> <span class='ocrx_word' id='word_1_135' title='bbox 1029 2042 1122 2096; x_wconf 90' lang='lat' dir='ltr'><strong>per</strong></span> <span class='ocrx_word' id='word_1_136' title='bbox 1155 2027 1270 2094; x_wconf 93' lang='lat' dir='ltr'><strong>ejus</strong></span> <span class='ocrx_word' id='word_1_137' title='bbox 1293 2026 1516 2096; x_wconf 81' lang='lat' dir='ltr'><strong>gratiam</strong></span> <span class='ocrx_word' id='word_1_138' title='bbox 1541 2025 1675 2079; x_wconf 87' lang='lat' dir='ltr'><strong>salvi</strong></span> <span class='ocrx_word' id='word_1_139' title='bbox 1711 2024 1832 2079; x_wconf 87' lang='lat' dir='ltr'><strong>facti</strong></span> <span class='ocrx_word' id='word_1_140' title='bbox 1862 2025 2082 2080; x_wconf 86' lang='lat' dir='ltr'><strong>sumus?</strong></span> 
     </span>
    </p>
   </div>
   <div class='ocr_carea' id='block_1_19' title="bbox 497 2117 2081 2188">
    <p class='ocr_par' dir='ltr' id='par_1_19' title="bbox 497 2117 2081 2188">
     <span class='ocr_line' id='line_1_19' title="bbox 497 2117 2081 2188; baseline -0.003 -15"><span class='ocrx_word' id='word_1_141' title='bbox 497 2119 752 2173; x_wconf 90' lang='lat' dir='ltr'><strong>continuo</strong></span> <span class='ocrx_word' id='word_1_142' title='bbox 781 2119 1025 2188; x_wconf 86' lang='lat' dir='ltr'><strong>subjecit,</strong></span> <span class='ocrx_word' id='word_1_143' title='bbox 1056 2127 1102 2171; x_wconf 91' lang='lat' dir='ltr'><strong>et</strong></span> <span class='ocrx_word' id='word_1_144' title='bbox 1146 2117 1354 2172; x_wconf 83' lang='lat' dir='ltr'><strong>Domini</strong></span> <span class='ocrx_word' id='word_1_145' title='bbox 1392 2118 1555 2171; x_wconf 78' lang='lat' dir='ltr'><strong>exitus</strong></span> <span class='ocrx_word' id='word_1_146' title='bbox 1580 2117 1754 2170; x_wconf 89' lang='lat' dir='ltr'><strong>mortis</strong></span> <span class='ocrx_word' id='word_1_147' title='bbox 1780 2132 1798 2170; x_wconf 91' lang='lat'><strong>:</strong></span> <span class='ocrx_word' id='word_1_148' title='bbox 1831 2127 2081 2186; x_wconf 87' lang='lat' dir='ltr'><strong>tanquam</strong></span> 
     </span>
    </p>
   </div>
   <div class='ocr_carea' id='block_1_20' title="bbox 495 2205 2081 2278">
    <p class='ocr_par' dir='ltr' id='par_1_20' title="bbox 495 2205 2081 2278">
     <span class='ocr_line' id='line_1_20' title="bbox 495 2205 2081 2278; baseline -0.001 -15"><span class='ocrx_word' id='word_1_149' title='bbox 495 2206 724 2275; x_wconf 86' lang='lat' dir='ltr'><strong>diceret,</strong></span> <span class='ocrx_word' id='word_1_150' title='bbox 752 2207 889 2276; x_wconf 86' lang='lat' dir='ltr'><strong>Quid</strong></span> <span class='ocrx_word' id='word_1_151' title='bbox 940 2207 1232 2278; x_wconf 88' lang='lat' dir='ltr'><strong>indignaris</strong></span> <span class='ocrx_word' id='word_1_152' title='bbox 1272 2208 1502 2261; x_wconf 88' lang='lat' dir='ltr'><strong>humana</strong></span> <span class='ocrx_word' id='word_1_153' title='bbox 1533 2206 1768 2262; x_wconf 91' lang='lat' dir='ltr'><strong>conditio</strong></span> <span class='ocrx_word' id='word_1_154' title='bbox 1800 2205 2000 2261; x_wconf 89' lang='lat' dir='ltr'><strong>habere</strong></span> <span class='ocrx_word' id='word_1_155' title='bbox 2031 2214 2081 2261; x_wconf 90' lang='lat' dir='ltr'><strong>te</strong></span> 
     </span>
    </p>
   </div>
   <div class='ocr_carea' id='block_1_21' title="bbox 494 2298 2078 2368">
    <p class='ocr_par' dir='ltr' id='par_1_21' title="bbox 494 2298 2078 2368">
     <span class='ocr_line' id='line_1_21' title="bbox 494 2298 2078 2368; baseline -0.001 -14"><span class='ocrx_word' id='word_1_156' title='bbox 494 2299 698 2354; x_wconf 79' lang='lat' dir='ltr'><strong>exitum</strong></span> <span class='ocrx_word' id='word_1_157' title='bbox 726 2300 950 2354; x_wconf 80' lang='lat' dir='ltr'><strong>mortis?</strong></span> <span class='ocrx_word' id='word_1_158' title='bbox 979 2301 1045 2355; x_wconf 89' lang='lat' dir='ltr'><strong>Et</strong></span> <span class='ocrx_word' id='word_1_159' title='bbox 1074 2299 1284 2354; x_wconf 89' lang='lat' dir='ltr'><strong>Domini</strong></span> <span class='ocrx_word' id='word_1_160' title='bbox 1314 2299 1387 2354; x_wconf 92' lang='lat' dir='ltr'><strong>tui</strong></span> <span class='ocrx_word' id='word_1_161' title='bbox 1418 2300 1590 2354; x_wconf 87' lang='lat' dir='ltr'><strong>exitus</strong></span> <span class='ocrx_word' id='word_1_162' title='bbox 1621 2314 1726 2354; x_wconf 92' lang='lat' dir='ltr'><strong>non</strong></span> <span class='ocrx_word' id='word_1_163' title='bbox 1755 2298 1891 2353; x_wconf 88' lang='lat' dir='ltr'><strong>alius</strong></span> <span class='ocrx_word' id='word_1_164' title='bbox 1917 2313 2078 2368; x_wconf 89' lang='lat' dir='ltr'><strong>quam</strong></span> 
     </span>
    </p>
   </div>
   <div class='ocr_carea' id='block_1_22' title="bbox 497 2389 2076 2461">
    <p class='ocr_par' dir='ltr' id='par_1_22' title="bbox 497 2389 2076 2461">
     <span class='ocr_line' id='line_1_22' title="bbox 497 2389 2076 2461; baseline 0 -15"><span class='ocrx_word' id='word_1_165' title='bbox 497 2391 687 2446; x_wconf 87' lang='lat' dir='ltr'><strong>mortis</strong></span> <span class='ocrx_word' id='word_1_166' title='bbox 715 2391 829 2444; x_wconf 90' lang='lat' dir='ltr'><strong>fuit.</strong></span> <span class='ocrx_word' id='word_1_167' title='bbox 867 2391 1050 2445; x_wconf 87' lang='lat' dir='ltr'><strong>Potius</strong></span> <span class='ocrx_word' id='word_1_168' title='bbox 1075 2406 1204 2461; x_wconf 88' lang='lat' dir='ltr'><strong>ergo</strong></span> <span class='ocrx_word' id='word_1_169' title='bbox 1244 2390 1524 2451; x_wconf 76' lang='lat' dir='ltr'><strong>consolare</strong></span> <span class='ocrx_word' id='word_1_170' title='bbox 1557 2406 1715 2460; x_wconf 89' lang='lat' dir='ltr'><strong>quam</strong></span> <span class='ocrx_word' id='word_1_171' title='bbox 1764 2389 2076 2461; x_wconf 77' lang='lat' dir='ltr'><strong>indignare;</strong></span> 
     </span>
    </p>
   </div>
   <div class='ocr_carea' id='block_1_23' title="bbox 495 2480 2080 2551">
    <p class='ocr_par' dir='ltr' id='par_1_23' title="bbox 495 2480 2080 2551">
     <span class='ocr_line' id='line_1_23' title="bbox 495 2480 2080 2551; baseline 0 -15"><span class='ocrx_word' id='word_1_172' title='bbox 495 2496 625 2536; x_wconf 86' lang='lat' dir='ltr'><strong>nam</strong></span> <span class='ocrx_word' id='word_1_173' title='bbox 650 2490 698 2535; x_wconf 80' lang='lat' dir='ltr'><strong>et</strong></span> <span class='ocrx_word' id='word_1_174' title='bbox 721 2480 925 2535; x_wconf 83' lang='lat' dir='ltr'><strong>Domini</strong></span> <span class='ocrx_word' id='word_1_175' title='bbox 954 2484 1115 2534; x_wconf 74' lang='lat' dir='ltr'><strong>exitus</strong></span> <span class='ocrx_word' id='word_1_176' title='bbox 1145 2482 1338 2534; x_wconf 84' lang='lat' dir='ltr'><strong>mortis.</strong></span> <span class='ocrx_word' id='word_1_177' title='bbox 1371 2481 1477 2551; x_wconf 88' lang='lat' dir='ltr'><strong>Spe</strong></span> <span class='ocrx_word' id='word_1_178' title='bbox 1503 2482 1644 2536; x_wconf 85' lang='lat' dir='ltr'><strong>enim</strong></span> <span class='ocrx_word' id='word_1_179' title='bbox 1675 2482 1806 2536; x_wconf 86' lang='lat' dir='ltr'><strong>salvi</strong></span> <span class='ocrx_word' id='word_1_180' title='bbox 1835 2481 1957 2536; x_wconf 84' lang='lat' dir='ltr'><strong>facti</strong></span> <span class='ocrx_word' id='word_1_181' title='bbox 1986 2497 2080 2536; x_wconf 87' lang='lat' dir='ltr'><strong>su-</strong></span> 
     </span>
    </p>
   </div>
   <div class='ocr_carea' id='block_1_24' title="bbox 497 2571 2079 2642">
    <p class='ocr_par' dir='ltr' id='par_1_24' title="bbox 497 2571 2079 2642">
     <span class='ocr_line' id='line_1_24' title="bbox 497 2571 2079 2642; baseline 0.001 -16"><span class='ocrx_word' id='word_1_182' title='bbox 497 2586 655 2626; x_wconf 87' lang='lat' dir='ltr'><strong>mus:</strong></span> <span class='ocrx_word' id='word_1_183' title='bbox 684 2572 729 2626; x_wconf 91' lang='lat' dir='ltr'><strong>si</strong></span> <span class='ocrx_word' id='word_1_184' title='bbox 756 2580 932 2626; x_wconf 90' lang='lat' dir='ltr'><strong>autem</strong></span> <span class='ocrx_word' id='word_1_185' title='bbox 959 2571 1101 2642; x_wconf 91' lang='lat' dir='ltr'><strong>quod</strong></span> <span class='ocrx_word' id='word_1_186' title='bbox 1139 2587 1245 2625; x_wconf 93' lang='lat' dir='ltr'><strong>non</strong></span> <span class='ocrx_word' id='word_1_187' title='bbox 1267 2571 1508 2626; x_wconf 89' lang='lat' dir='ltr'><strong>videmus</strong></span> <span class='ocrx_word' id='word_1_188' title='bbox 1539 2586 1836 2640; x_wconf 78' lang='lat' dir='ltr'><strong>Speramus,</strong></span> <span class='ocrx_word' id='word_1_189' title='bbox 1867 2587 1962 2642; x_wconf 92' lang='lat' dir='ltr'><strong>per</strong></span> <span class='ocrx_word' id='word_1_190' title='bbox 1984 2588 2079 2642; x_wconf 86' lang='lat' dir='ltr'><strong>pa-</strong></span> 
     </span>
    </p>
   </div>
   <div class='ocr_carea' id='block_1_25' title="bbox 495 2661 2080 2733">
    <p class='ocr_par' dir='ltr' id='par_1_25' title="bbox 495 2661 2080 2733">
     <span class='ocr_line' id='line_1_25' title="bbox 495 2661 2080 2733; baseline 0.001 -16"><span class='ocrx_word' id='word_1_191' title='bbox 495 2663 737 2717; x_wconf 84' lang='lat' dir='ltr'><strong>tientiam</strong></span> <span class='ocrx_word' id='word_1_192' title='bbox 761 2671 1133 2731; x_wconf 77' lang='lat' dir='ltr'><strong>exspectamus</strong></span> <span class='ocrx_word' id='word_1_193' title='bbox 1156 2661 1331 2733; x_wconf 85' lang='lat' dir='ltr'><strong>(Rom.</strong></span> <span class='ocrx_word' id='word_1_194' title='bbox 1362 2677 1476 2726; x_wconf 90' lang='lat' dir='ltr'><strong>vm,</strong></span> <span class='ocrx_word' id='word_1_195' title='bbox 1511 2662 1624 2732; x_wconf 70' lang='lat'><strong>24).</strong></span> <span class='ocrx_word' id='word_1_196' title='bbox 1653 2661 1924 2718; x_wconf 87' lang='lat' dir='ltr'><strong>Patienter</strong></span> <span class='ocrx_word' id='word_1_197' title='bbox 1953 2677 2080 2733; x_wconf 87' lang='lat' dir='ltr'><strong>ergo</strong></span> 
     </span>
    </p>
   </div>
   <div class='ocr_carea' id='block_1_26' title="bbox 493 2741 2077 2823">
    <p class='ocr_par' dir='ltr' id='par_1_26' title="bbox 493 2741 2077 2823">
     <span class='ocr_line' id='line_1_26' title="bbox 493 2741 2077 2823; baseline -0.002 -15"><span class='ocrx_word' id='word_1_198' title='bbox 493 2753 657 2809; x_wconf 86' lang='lat' dir='ltr'><strong>etiam</strong></span> <span class='ocrx_word' id='word_1_199' title='bbox 706 2753 874 2821; x_wconf 89' lang='lat' dir='ltr'><strong>ipsam</strong></span> <span class='ocrx_word' id='word_1_200' title='bbox 921 2760 1147 2807; x_wconf 89' lang='lat' dir='ltr'><strong>mortem</strong></span> <span class='ocrx_word' id='word_1_201' title='bbox 1199 2741 1634 2818; x_wconf 28' lang='lat' dir='ltr'><strong>feramus,&#39;illius</strong></span> <span class='ocrx_word' id='word_1_202' title='bbox 1676 2752 1924 2823; x_wconf 87' lang='lat' dir='ltr'><strong>exemplo</strong></span> <span class='ocrx_word' id='word_1_203' title='bbox 1965 2754 2077 2822; x_wconf 90' lang='lat' dir='ltr'><strong>qui,</strong></span> 
     </span>
    </p>
   </div>
   <div class='ocr_carea' id='block_1_27' title="bbox 495 2842 2079 2914">
    <p class='ocr_par' dir='ltr' id='par_1_27' title="bbox 495 2842 2079 2914">
     <span class='ocr_line' id='line_1_27' title="bbox 495 2842 2079 2914; baseline 0.001 -16"><span class='ocrx_word' id='word_1_204' title='bbox 495 2844 621 2899; x_wconf 90' lang='lat' dir='ltr'><strong>licet</strong></span> <span class='ocrx_word' id='word_1_205' title='bbox 655 2843 804 2898; x_wconf 79' lang='lat' dir='ltr'><strong>nullo</strong></span> <span class='ocrx_word' id='word_1_206' title='bbox 833 2853 1052 2914; x_wconf 89' lang='lat' dir='ltr'><strong>peccato</strong></span> <span class='ocrx_word' id='word_1_207' title='bbox 1080 2851 1225 2899; x_wconf 88' lang='lat' dir='ltr'><strong>esset</strong></span> <span class='ocrx_word' id='word_1_208' title='bbox 1262 2842 1474 2898; x_wconf 91' lang='lat' dir='ltr'><strong>debitor</strong></span> <span class='ocrx_word' id='word_1_209' title='bbox 1500 2843 1702 2908; x_wconf 87' lang='lat' dir='ltr'><strong>mortis,</strong></span> <span class='ocrx_word' id='word_1_210' title='bbox 1732 2851 1787 2898; x_wconf 90' lang='lat' dir='ltr'><strong>et</strong></span> <span class='ocrx_word' id='word_1_211' title='bbox 1822 2843 2079 2900; x_wconf 89' lang='lat' dir='ltr'><strong>Dominus</strong></span> 
     </span>
    </p>
   </div>
   <div class='ocr_carea' id='block_1_28' title="bbox 494 2928 2078 3006">
    <p class='ocr_par' dir='ltr' id='par_1_28' title="bbox 494 2928 2078 3006">
     <span class='ocr_line' id='line_1_28' title="bbox 494 2928 2078 3006; baseline 0.001 -18"><span class='ocrx_word' id='word_1_212' title='bbox 494 2942 639 2989; x_wconf 86' lang='lat' dir='ltr'><strong>esset</strong></span> <span class='ocrx_word' id='word_1_213' title='bbox 681 2949 709 2986; x_wconf 93' lang='lat' dir='ltr'><strong>a</strong></span> <span class='ocrx_word' id='word_1_214' title='bbox 738 2949 846 3004; x_wconf 94' lang='lat' dir='ltr'><strong>quo</strong></span> <span class='ocrx_word' id='word_1_215' title='bbox 886 2949 1046 2989; x_wconf 91' lang='lat' dir='ltr'><strong>nemo</strong></span> <span class='ocrx_word' id='word_1_216' title='bbox 1085 2934 1317 3006; x_wconf 77' lang='lat' dir='ltr'><strong>animam</strong></span> <span class='ocrx_word' id='word_1_217' title='bbox 1360 2934 1594 3001; x_wconf 88' lang='lat' dir='ltr'><strong>tolleret,</strong></span> <span class='ocrx_word' id='word_1_218' title='bbox 1625 2928 1718 2990; x_wconf 87' lang='lat' dir='ltr'><strong>sed</strong></span> <span class='ocrx_word' id='word_1_219' title='bbox 1764 2935 1877 3005; x_wconf 90' lang='lat' dir='ltr'><strong>ipse</strong></span> <span class='ocrx_word' id='word_1_220' title='bbox 1904 2950 2022 2989; x_wconf 91' lang='lat' dir='ltr'><strong>eam</strong></span> <span class='ocrx_word' id='word_1_221' title='bbox 2047 2950 2078 2989; x_wconf 90' lang='lat' dir='ltr'><strong>a</strong></span> 
     </span>
    </p>
   </div>
   <div class='ocr_carea' id='block_1_29' title="bbox 494 3023 2005 3104">
    <p class='ocr_par' dir='ltr' id='par_1_29' title="bbox 494 3023 2005 3104">
     <span class='ocr_line' id='line_1_29' title="bbox 494 3023 2005 3104; baseline -0.001 -24"><span class='ocrx_word' id='word_1_222' title='bbox 494 3025 784 3095; x_wconf 86' lang='lat' dir='ltr'><strong>semetipso</strong></span> <span class='ocrx_word' id='word_1_223' title='bbox 815 3032 1058 3094; x_wconf 87' lang='lat' dir='ltr'><strong>poneret,</strong></span> <span class='ocrx_word' id='word_1_224' title='bbox 1091 3025 1252 3079; x_wconf 89' lang='lat' dir='ltr'><strong>etiam</strong></span> <span class='ocrx_word' id='word_1_225' title='bbox 1280 3023 1446 3094; x_wconf 80' lang='lat' dir='ltr'><strong>ipsius</strong></span> <span class='ocrx_word' id='word_1_226' title='bbox 1475 3023 1574 3079; x_wconf 89' lang='lat' dir='ltr'><strong>fuit</strong></span> <span class='ocrx_word' id='word_1_227' title='bbox 1599 3025 2005 3104; x_wconf 20' lang='lat' dir='ltr'><strong>exitus‘mortis.</strong></span> 
     </span>
    </p>
   </div>
   <div class='ocr_carea' id='block_1_30' title="bbox 565 3111 2080 3187">
    <p class='ocr_par' dir='ltr' id='par_1_30' title="bbox 565 3111 2080 3187">
     <span class='ocr_line' id='line_1_30' title="bbox 565 3111 2080 3187; baseline 0.001 -18"><span class='ocrx_word' id='word_1_228' title='bbox 565 3113 652 3169; x_wconf 75' lang='lat'><strong>30.</strong></span> <span class='ocrx_word' id='word_1_229' title='bbox 696 3111 856 3187; x_wconf 88' lang='lat' dir='ltr'><strong>[vers.</strong></span> <span class='ocrx_word' id='word_1_230' title='bbox 887 3112 1001 3185; x_wconf 68' lang='lat'><strong>22.]</strong></span> <span class='ocrx_word' id='word_1_231' title='bbox 1051 3112 1407 3168; x_wconf 83' lang='lat' dir='ltr'><strong>Verumtamen</strong></span> <span class='ocrx_word' id='word_1_232' title='bbox 1437 3113 1577 3170; x_wconf 87' lang='lat' dir='ltr'><strong>Deus</strong></span> <span class='ocrx_word' id='word_1_233' title='bbox 1613 3115 1964 3186; x_wconf 81' lang='lat' dir='ltr'><strong>conquassabit</strong></span> <span class='ocrx_word' id='word_1_234' title='bbox 1991 3133 2080 3170; x_wconf 89' lang='lat' dir='ltr'><strong>ca-</strong></span> 
     </span>
    </p>
   </div>
   <div class='ocr_carea' id='block_1_31' title="bbox 495 3204 2079 3275">
    <p class='ocr_par' dir='ltr' id='par_1_31' title="bbox 495 3204 2079 3275">
     <span class='ocr_line' id='line_1_31' title="bbox 495 3204 2079 3275; baseline 0.002 -17"><span class='ocrx_word' id='word_1_235' title='bbox 495 3204 601 3274; x_wconf 86' lang='lat' dir='ltr'><strong>pita</strong></span> <span class='ocrx_word' id='word_1_236' title='bbox 626 3205 948 3257; x_wconf 91' lang='lat' dir='ltr'><strong>inimicorum</strong></span> <span class='ocrx_word' id='word_1_237' title='bbox 978 3220 1183 3258; x_wconf 88' lang='lat' dir='ltr'><strong>suorum</strong></span> <span class='ocrx_word' id='word_1_238' title='bbox 1199 3222 1221 3269; x_wconf 87' lang='lat'><strong>;</strong></span> <span class='ocrx_word' id='word_1_239' title='bbox 1247 3204 1479 3258; x_wconf 83' lang='lat' dir='ltr'><strong>verticem</strong></span> <span class='ocrx_word' id='word_1_240' title='bbox 1517 3206 1693 3275; x_wconf 82' lang='lat' dir='ltr'><strong>capilli</strong></span> <span class='ocrx_word' id='word_1_241' title='bbox 1723 3207 2079 3275; x_wconf 84' lang='lat' dir='ltr'><strong>perambulan-</strong></span> 
     </span>
    </p>
   </div>
   <div class='ocr_carea' id='block_1_32' title="bbox 494 3293 2074 3364">
    <p class='ocr_par' dir='ltr' id='par_1_32' title="bbox 494 3293 2074 3364">
     <span class='ocr_line' id='line_1_32' title="bbox 494 3293 2074 3364; baseline 0.002 -16"><span class='ocrx_word' id='word_1_242' title='bbox 494 3295 620 3349; x_wconf 86' lang='lat' dir='ltr'><strong>tium</strong></span> <span class='ocrx_word' id='word_1_243' title='bbox 659 3293 711 3347; x_wconf 90' lang='lat' dir='ltr'><strong>in</strong></span> <span class='ocrx_word' id='word_1_244' title='bbox 752 3293 946 3347; x_wconf 82' lang='lat' dir='ltr'><strong>delictis</strong></span> <span class='ocrx_word' id='word_1_245' title='bbox 974 3294 1078 3348; x_wconf 84' lang='lat' dir='ltr'><strong>suis</strong></span> <span class='ocrx_word' id='word_1_246' title='bbox 1104 3309 1123 3348; x_wconf 91' lang='lat'><strong>:</strong></span> <span class='ocrx_word' id='word_1_247' title='bbox 1164 3293 1218 3348; x_wconf 89' lang='lat' dir='ltr'><strong>id</strong></span> <span class='ocrx_word' id='word_1_248' title='bbox 1256 3303 1340 3349; x_wconf 88' lang='lat' dir='ltr'><strong>est</strong></span> <span class='ocrx_word' id='word_1_249' title='bbox 1382 3294 1543 3349; x_wconf 86' lang='lat' dir='ltr'><strong>nimis</strong></span> <span class='ocrx_word' id='word_1_250' title='bbox 1585 3307 1644 3350; x_wconf 85' lang='lat' dir='ltr'><strong>se</strong></span> <span class='ocrx_word' id='word_1_251' title='bbox 1685 3297 2074 3364; x_wconf 90' lang='lat' dir='ltr'><strong>extollentium,</strong></span> 
     </span>
    </p>
   </div>
   <div class='ocr_carea' id='block_1_33' title="bbox 494 3383 2075 3454">
    <p class='ocr_par' dir='ltr' id='par_1_33' title="bbox 494 3383 2075 3454">
     <span class='ocr_line' id='line_1_33' title="bbox 494 3383 2075 3454; baseline 0.001 -14"><span class='ocrx_word' id='word_1_252' title='bbox 494 3383 654 3440; x_wconf 87' lang='lat' dir='ltr'><strong>nimis</strong></span> <span class='ocrx_word' id='word_1_253' title='bbox 679 3383 1098 3454; x_wconf 89' lang='lat' dir='ltr'><strong>superbientium</strong></span> <span class='ocrx_word' id='word_1_254' title='bbox 1139 3384 1190 3438; x_wconf 94' lang='lat' dir='ltr'><strong>in</strong></span> <span class='ocrx_word' id='word_1_255' title='bbox 1218 3383 1428 3439; x_wconf 88' lang='lat' dir='ltr'><strong>delictis</strong></span> <span class='ocrx_word' id='word_1_256' title='bbox 1469 3383 1614 3449; x_wconf 90' lang='lat' dir='ltr'><strong>suis;</strong></span> <span class='ocrx_word' id='word_1_257' title='bbox 1644 3383 1699 3439; x_wconf 90' lang='lat' dir='ltr'><strong>in</strong></span> <span class='ocrx_word' id='word_1_258' title='bbox 1744 3384 1938 3454; x_wconf 89' lang='lat' dir='ltr'><strong>quibus</strong></span> <span class='ocrx_word' id='word_1_259' title='bbox 1965 3388 2075 3443; x_wconf 84' lang='lat' dir='ltr'><strong>sal-</strong></span> 
     </span>
    </p>
   </div>
   <div class='ocr_carea' id='block_1_34' title="bbox 487 3473 2078 3549">
    <p class='ocr_par' dir='ltr' id='par_1_34' title="bbox 487 3473 2078 3549">
     <span class='ocr_line' id='line_1_34' title="bbox 487 3473 2078 3549; baseline 0.003 -20"><span class='ocrx_word' id='word_1_260' title='bbox 487 3482 603 3530; x_wconf 75' lang='lat' dir='ltr'><strong>tem</strong></span> <span class='ocrx_word' id='word_1_261' title='bbox 647 3473 876 3529; x_wconf 84' lang='lat' dir='ltr'><strong>humiles</strong></span> <span class='ocrx_word' id='word_1_262' title='bbox 917 3489 1037 3529; x_wconf 88' lang='lat' dir='ltr'><strong>esse</strong></span> <span class='ocrx_word' id='word_1_263' title='bbox 1076 3473 1353 3541; x_wconf 88' lang='lat' dir='ltr'><strong>deberent,</strong></span> <span class='ocrx_word' id='word_1_264' title='bbox 1384 3473 1643 3541; x_wconf 86' lang='lat' dir='ltr'><strong>dicentes,</strong></span> <span class='ocrx_word' id='word_1_265' title='bbox 1672 3473 1910 3544; x_wconf 84' lang='lat' dir='ltr'><strong>Domine,</strong></span> <span class='ocrx_word' id='word_1_266' title='bbox 1957 3495 2078 3549; x_wconf 89' lang='lat' dir='ltr'><strong>pro-</strong></span> 
     </span>
    </p>
   </div>
   <div class='ocr_carea' id='block_1_35' title="bbox 493 3565 2074 3637">
    <p class='ocr_par' dir='ltr' id='par_1_35' title="bbox 493 3565 2074 3637">
     <span class='ocr_line' id='line_1_35' title="bbox 493 3565 2074 3637; baseline 0.004 -17"><span class='ocrx_word' id='word_1_267' title='bbox 493 3566 648 3636; x_wconf 88' lang='lat' dir='ltr'><strong>pitius</strong></span> <span class='ocrx_word' id='word_1_268' title='bbox 686 3576 789 3622; x_wconf 84' lang='lat' dir='ltr'><strong>esto</strong></span> <span class='ocrx_word' id='word_1_269' title='bbox 831 3566 954 3620; x_wconf 80' lang='lat' dir='ltr'><strong>mihi</strong></span> <span class='ocrx_word' id='word_1_270' title='bbox 997 3567 1268 3637; x_wconf 81' lang='lat' dir='ltr'><strong>peccatori.</strong></span> <span class='ocrx_word' id='word_1_271' title='bbox 1316 3565 1423 3622; x_wconf 87' lang='lat' dir='ltr'><strong>Sed</strong></span> <span class='ocrx_word' id='word_1_272' title='bbox 1464 3569 1842 3637; x_wconf 85' lang='lat' dir='ltr'><strong>conquassabit</strong></span> <span class='ocrx_word' id='word_1_273' title='bbox 1883 3584 2074 3627; x_wconf 89' lang='lat' dir='ltr'><strong>eorum</strong></span> 
     </span>
    </p>
   </div>
   <div class='ocr_carea' id='block_1_36' title="bbox 492 3657 2074 3732">
    <p class='ocr_par' dir='ltr' id='par_1_36' title="bbox 492 3657 2074 3732">
     <span class='ocr_line' id='line_1_36' title="bbox 492 3657 2074 3732; baseline 0.003 -20"><span class='ocrx_word' id='word_1_274' title='bbox 492 3658 694 3728; x_wconf 80' lang='lat' dir='ltr'><strong>capita;</strong></span> <span class='ocrx_word' id='word_1_275' title='bbox 723 3659 956 3729; x_wconf 89' lang='lat' dir='ltr'><strong>quoniam</strong></span> <span class='ocrx_word' id='word_1_276' title='bbox 976 3659 1062 3730; x_wconf 87' lang='lat' dir='ltr'><strong>qui</strong></span> <span class='ocrx_word' id='word_1_277' title='bbox 1083 3675 1136 3712; x_wconf 88' lang='lat' dir='ltr'><strong>se</strong></span> <span class='ocrx_word' id='word_1_278' title='bbox 1151 3659 1358 3727; x_wconf 80' lang='lat' dir='ltr'><strong>exultat,</strong></span> <span class='ocrx_word' id='word_1_279' title='bbox 1373 3657 1720 3713; x_wconf 81' lang='lat' dir='ltr'><strong>ltumiliubitur</strong></span> <span class='ocrx_word' id='word_1_280' title='bbox 1753 3658 1901 3732; x_wconf 87' lang='lat' dir='ltr'><strong>(Luc.</strong></span> <span class='ocrx_word' id='word_1_281' title='bbox 1921 3676 2074 3730; x_wconf 76' lang='lat' dir='ltr'><strong>xvut,</strong></span> 
     </span>
    </p>
   </div>
   <div class='ocr_carea' id='block_1_37' title="bbox 492 3747 2075 3818">
    <p class='ocr_par' dir='ltr' id='par_1_37' title="bbox 492 3747 2075 3818">
     <span class='ocr_line' id='line_1_37' title="bbox 492 3747 2075 3818; baseline 0.006 -17"><span class='ocrx_word' id='word_1_282' title='bbox 492 3747 583 3810; x_wconf 76' lang='grc'><strong>15,</strong></span> <span class='ocrx_word' id='word_1_283' title='bbox 615 3749 723 3818; x_wconf 66' lang='lat' dir='ltr'><strong>II).</strong></span> <span class='ocrx_word' id='word_1_284' title='bbox 756 3750 832 3804; x_wconf 84' lang='lat' dir='ltr'><strong>Ac</strong></span> <span class='ocrx_word' id='word_1_285' title='bbox 869 3764 963 3818; x_wconf 88' lang='lat' dir='ltr'><strong>per</strong></span> <span class='ocrx_word' id='word_1_286' title='bbox 1005 3749 1107 3804; x_wconf 89' lang='lat' dir='ltr'><strong>hoc</strong></span> <span class='ocrx_word' id='word_1_287' title='bbox 1149 3749 1393 3818; x_wconf 84' lang='lat' dir='ltr'><strong>quamvis</strong></span> <span class='ocrx_word' id='word_1_288' title='bbox 1434 3758 1490 3805; x_wconf 90' lang='lat' dir='ltr'><strong>et</strong></span> <span class='ocrx_word' id='word_1_289' title='bbox 1535 3750 1745 3805; x_wconf 87' lang='lat' dir='ltr'><strong>Domini</strong></span> <span class='ocrx_word' id='word_1_290' title='bbox 1785 3753 1854 3806; x_wconf 91' lang='lat' dir='ltr'><strong>sit</strong></span> <span class='ocrx_word' id='word_1_291' title='bbox 1895 3753 2075 3810; x_wconf 83' lang='lat' dir='ltr'><strong>exitus</strong></span> 
     </span>
    </p>
   </div>
   <div class='ocr_carea' id='block_1_38' title="bbox 492 3838 2071 3912">
    <p class='ocr_par' dir='ltr' id='par_1_38' title="bbox 492 3838 2071 3912">
     <span class='ocr_line' id='line_1_38' title="bbox 492 3838 2071 3912; baseline 0.005 -20"><span class='ocrx_word' id='word_1_292' title='bbox 492 3838 720 3910; x_wconf 88' lang='lat' dir='ltr'><strong>mortis;</strong></span> <span class='ocrx_word' id='word_1_293' title='bbox 771 3849 948 3894; x_wconf 86' lang='lat' dir='ltr'><strong>tamen</strong></span> <span class='ocrx_word' id='word_1_294' title='bbox 978 3840 1117 3895; x_wconf 88' lang='lat' dir='ltr'><strong>idem</strong></span> <span class='ocrx_word' id='word_1_295' title='bbox 1165 3840 1443 3905; x_wconf 89' lang='lat' dir='ltr'><strong>Dominus,</strong></span> <span class='ocrx_word' id='word_1_296' title='bbox 1485 3841 1735 3911; x_wconf 87' lang='lat' dir='ltr'><strong>quoniam</strong></span> <span class='ocrx_word' id='word_1_297' title='bbox 1781 3842 1923 3899; x_wconf 87' lang='lat' dir='ltr'><strong>Deus</strong></span> <span class='ocrx_word' id='word_1_298' title='bbox 1969 3853 2071 3912; x_wconf 91' lang='lat' dir='ltr'><strong>est,</strong></span> 
     </span>
    </p>
   </div>
   <div class='ocr_carea' id='block_1_39' title="bbox 493 3929 2074 3999">
    <p class='ocr_par' dir='ltr' id='par_1_39' title="bbox 493 3929 2074 3999">
     <span class='ocr_line' id='line_1_39' title="bbox 493 3929 2074 3999; baseline 0.005 -15"><span class='ocrx_word' id='word_1_299' title='bbox 493 3937 549 3984; x_wconf 85' lang='lat' dir='ltr'><strong>et</strong></span> <span class='ocrx_word' id='word_1_300' title='bbox 571 3929 859 3991; x_wconf 84' lang='lat' dir='ltr'><strong>voluntate,</strong></span> <span class='ocrx_word' id='word_1_301' title='bbox 878 3946 982 3984; x_wconf 92' lang='lat' dir='ltr'><strong>non</strong></span> <span class='ocrx_word' id='word_1_302' title='bbox 1012 3932 1347 3999; x_wconf 82' lang='lat' dir='ltr'><strong>necessitate,</strong></span> <span class='ocrx_word' id='word_1_303' title='bbox 1366 3932 1657 3988; x_wconf 89' lang='lat' dir='ltr'><strong>secundum</strong></span> <span class='ocrx_word' id='word_1_304' title='bbox 1684 3949 1900 3990; x_wconf 90' lang='lat' dir='ltr'><strong>carnem</strong></span> <span class='ocrx_word' id='word_1_305' title='bbox 1929 3950 2074 3992; x_wconf 87' lang='lat' dir='ltr'><strong>mor-</strong></span> 
     </span>
    </p>
   </div>
   <div class='ocr_carea' id='block_1_40' title="bbox 494 4021 2070 4094">
    <p class='ocr_par' dir='ltr' id='par_1_40' title="bbox 494 4021 2070 4094">
     <span class='ocr_line' id='line_1_40' title="bbox 494 4021 2070 4094; baseline 0.006 -22"><span class='ocrx_word' id='word_1_306' title='bbox 494 4025 620 4072; x_wconf 91' lang='lat' dir='ltr'><strong>tuus</strong></span> <span class='ocrx_word' id='word_1_307' title='bbox 643 4029 746 4085; x_wconf 73' lang='grc' dir='ltr'><strong>εει,</strong></span> <span class='ocrx_word' id='word_1_308' title='bbox 769 4021 1119 4091; x_wconf 87' lang='lat' dir='ltr'><strong>conquassubit</strong></span> <span class='ocrx_word' id='word_1_309' title='bbox 1154 4024 1322 4093; x_wconf 83' lang='lat' dir='ltr'><strong>capita</strong></span> <span class='ocrx_word' id='word_1_310' title='bbox 1348 4023 1666 4079; x_wconf 87' lang='lat' dir='ltr'><strong>inimicorum</strong></span> <span class='ocrx_word' id='word_1_311' title='bbox 1692 4041 1935 4094; x_wconf 87' lang='lat' dir='ltr'><strong>suorum;</strong></span> <span class='ocrx_word' id='word_1_312' title='bbox 1967 4043 2070 4084; x_wconf 91' lang='lat' dir='ltr'><strong>non</strong></span> 
     </span>
    </p>
   </div>
   <div class='ocr_carea' id='block_1_41' title="bbox 493 4108 2073 4182">
    <p class='ocr_par' dir='ltr' id='par_1_41' title="bbox 493 4108 2073 4182">
     <span class='ocr_line' id='line_1_41' title="bbox 493 4108 2073 4182; baseline 0.007 -18"><span class='ocrx_word' id='word_1_313' title='bbox 493 4108 669 4164; x_wconf 76' lang='lat' dir='ltr'><strong>solum</strong></span> <span class='ocrx_word' id='word_1_314' title='bbox 723 4124 905 4164; x_wconf 91' lang='lat' dir='ltr'><strong>eorum</strong></span> <span class='ocrx_word' id='word_1_315' title='bbox 945 4110 1035 4182; x_wconf 90' lang='lat' dir='ltr'><strong>qui</strong></span> <span class='ocrx_word' id='word_1_316' title='bbox 1073 4113 1328 4169; x_wconf 81' lang='lat' dir='ltr'><strong>cruciﬁxo</strong></span> <span class='ocrx_word' id='word_1_317' title='bbox 1369 4115 1653 4172; x_wconf 88' lang='lat' dir='ltr'><strong>illudentes</strong></span> <span class='ocrx_word' id='word_1_318' title='bbox 1693 4125 1748 4172; x_wconf 89' lang='lat' dir='ltr'><strong>et</strong></span> <span class='ocrx_word' id='word_1_319' title='bbox 1793 4128 2073 4176; x_wconf 77' lang='lat' dir='ltr'><strong>moventes</strong></span> 
     </span>
    </p>
   </div>
   <div class='ocr_carea' id='block_1_42' title="bbox 491 4200 2073 4277">
    <p class='ocr_par' dir='ltr' id='par_1_42' title="bbox 491 4200 2073 4277">
     <span class='ocr_line' id='line_1_42' title="bbox 491 4200 2073 4277; baseline 0.006 -22"><span class='ocrx_word' id='word_1_320' title='bbox 491 4201 664 4271; x_wconf 81' lang='lat' dir='ltr'><strong>capita</strong></span> <span class='ocrx_word' id='word_1_321' title='bbox 686 4200 950 4269; x_wconf 89' lang='lat' dir='ltr'><strong>dicebant,</strong></span> <span class='ocrx_word' id='word_1_322' title='bbox 976 4201 1038 4258; x_wconf 89' lang='lat' dir='ltr'><strong>Si</strong></span> <span class='ocrx_word' id='word_1_323' title='bbox 1067 4202 1234 4258; x_wconf 82' lang='lat' dir='ltr'><strong>Filius</strong></span> <span class='ocrx_word' id='word_1_324' title='bbox 1267 4203 1366 4260; x_wconf 90' lang='lat' dir='ltr'><strong>Dei</strong></span> <span class='ocrx_word' id='word_1_325' title='bbox 1389 4216 1483 4273; x_wconf 87' lang='lat' dir='ltr'><strong>est,</strong></span> <span class='ocrx_word' id='word_1_326' title='bbox 1511 4207 1780 4264; x_wconf 82' lang='lat' dir='ltr'><strong>descendat</strong></span> <span class='ocrx_word' id='word_1_327' title='bbox 1804 4209 1870 4264; x_wconf 91' lang='lat' dir='ltr'><strong>de</strong></span> <span class='ocrx_word' id='word_1_328' title='bbox 1891 4227 2073 4277; x_wconf 85' lang='lat' dir='ltr'><strong>cruce;</strong></span> 
     </span>
    </p>
   </div>
   <div class='ocr_carea' id='block_1_43' title="bbox 489 4288 2072 4357">
    <p class='ocr_par' dir='ltr' id='par_1_43' title="bbox 489 4288 2072 4357">
     <span class='ocr_line' id='line_1_43' title="bbox 489 4288 2072 4357; baseline 0.008 -12"><span class='ocrx_word' id='word_1_329' title='bbox 489 4288 587 4345; x_wconf 83' lang='lat' dir='ltr'><strong>sed</strong></span> <span class='ocrx_word' id='word_1_330' title='bbox 616 4290 774 4346; x_wconf 90' lang='lat' dir='ltr'><strong>etiam</strong></span> <span class='ocrx_word' id='word_1_331' title='bbox 804 4291 1040 4346; x_wconf 91' lang='lat' dir='ltr'><strong>omnium</strong></span> <span class='ocrx_word' id='word_1_332' title='bbox 1072 4293 1436 4349; x_wconf 90' lang='lat' dir='ltr'><strong>extollentium</strong></span> <span class='ocrx_word' id='word_1_333' title='bbox 1476 4311 1536 4352; x_wconf 91' lang='lat' dir='ltr'><strong>se</strong></span> <span class='ocrx_word' id='word_1_334' title='bbox 1577 4297 1832 4356; x_wconf 88' lang='lat' dir='ltr'><strong>adversus</strong></span> <span class='ocrx_word' id='word_1_335' title='bbox 1873 4299 2072 4357; x_wconf 90' lang='lat' dir='ltr'><strong>doctri-</strong></span> 
     </span>
    </p>
   </div>
   <div class='ocr_carea' id='block_1_44' title="bbox 489 4381 2066 4454">
    <p class='ocr_par' dir='ltr' id='par_1_44' title="bbox 489 4381 2066 4454">
     <span class='ocr_line' id='line_1_44' title="bbox 489 4381 2066 4454; baseline 0.006 -17"><span class='ocrx_word' id='word_1_336' title='bbox 489 4395 616 4437; x_wconf 89' lang='lat' dir='ltr'><strong>nam</strong></span> <span class='ocrx_word' id='word_1_337' title='bbox 643 4381 778 4452; x_wconf 86' lang='lat' dir='ltr'><strong>ejus,</strong></span> <span class='ocrx_word' id='word_1_338' title='bbox 801 4391 856 4438; x_wconf 91' lang='lat' dir='ltr'><strong>et</strong></span> <span class='ocrx_word' id='word_1_339' title='bbox 884 4393 1133 4454; x_wconf 82' lang='lat' dir='ltr'><strong>tanquam</strong></span> <span class='ocrx_word' id='word_1_340' title='bbox 1165 4394 1390 4440; x_wconf 89' lang='lat' dir='ltr'><strong>mortem</strong></span> <span class='ocrx_word' id='word_1_341' title='bbox 1433 4384 1665 4443; x_wconf 88' lang='lat' dir='ltr'><strong>hominis</strong></span> <span class='ocrx_word' id='word_1_342' title='bbox 1706 4389 2066 4447; x_wconf 86' lang='lat' dir='ltr'><strong>irridentium.</strong></span> 
     </span>
    </p>
   </div>
   <div class='ocr_carea' id='block_1_45' title="bbox 488 4471 2069 4546">
    <p class='ocr_par' dir='ltr' id='par_1_45' title="bbox 488 4471 2069 4546">
     <span class='ocr_line' id='line_1_45' title="bbox 488 4471 2069 4546; baseline 0.008 -17"><span class='ocrx_word' id='word_1_343' title='bbox 488 4471 634 4529; x_wconf 91' lang='lat' dir='ltr'><strong>Idem</strong></span> <span class='ocrx_word' id='word_1_344' title='bbox 673 4475 868 4545; x_wconf 85' lang='lat' dir='ltr'><strong>quippe</strong></span> <span class='ocrx_word' id='word_1_345' title='bbox 915 4475 1027 4545; x_wconf 87' lang='lat' dir='ltr'><strong>ipse</strong></span> <span class='ocrx_word' id='word_1_346' title='bbox 1068 4475 1136 4530; x_wconf 93' lang='lat' dir='ltr'><strong>de</strong></span> <span class='ocrx_word' id='word_1_347' title='bbox 1166 4491 1271 4546; x_wconf 85' lang='lat' dir='ltr'><strong>quo</strong></span> <span class='ocrx_word' id='word_1_348' title='bbox 1319 4477 1517 4532; x_wconf 89' lang='lat' dir='ltr'><strong>dictum</strong></span> <span class='ocrx_word' id='word_1_349' title='bbox 1562 4488 1666 4546; x_wconf 92' lang='lat' dir='ltr'><strong>est,</strong></span> <span class='ocrx_word' id='word_1_350' title='bbox 1712 4481 1854 4537; x_wconf 77' lang='lat' dir='ltr'><strong>Alios</strong></span> <span class='ocrx_word' id='word_1_351' title='bbox 1903 4486 2069 4541; x_wconf 88' lang='lat' dir='ltr'><strong>salvos</strong></span> 
     </span>
    </p>
   </div>
   <div class='ocr_carea' id='block_1_46' title="bbox 489 4565 2064 4646">
    <p class='ocr_par' dir='ltr' id='par_1_46' title="bbox 489 4565 2064 4646">
     <span class='ocr_line' id='line_1_46' title="bbox 489 4565 2064 4646; baseline 0.008 -28"><span class='ocrx_word' id='word_1_352' title='bbox 489 4565 628 4635; x_wconf 81' lang='lat' dir='ltr'><strong>fecit,</strong></span> <span class='ocrx_word' id='word_1_353' title='bbox 669 4567 988 4637; x_wconf 85' lang='lat' dir='ltr'><strong>semetipsum</strong></span> <span class='ocrx_word' id='word_1_354' title='bbox 1040 4583 1142 4621; x_wconf 87' lang='lat' dir='ltr'><strong>non</strong></span> <span class='ocrx_word' id='word_1_355' title='bbox 1195 4578 1352 4640; x_wconf 86' lang='lat' dir='ltr'><strong>potest</strong></span> <span class='ocrx_word' id='word_1_356' title='bbox 1393 4570 1588 4624; x_wconf 88' lang='lat' dir='ltr'><strong>salvum</strong></span> <span class='ocrx_word' id='word_1_357' title='bbox 1639 4576 1806 4642; x_wconf 86' lang='lat' dir='ltr'><strong>facere</strong></span> <span class='ocrx_word' id='word_1_358' title='bbox 1849 4574 2064 4646; x_wconf 77' lang='lat' dir='ltr'><strong>(Matth.</strong></span> 
     </span>
    </p>
   </div>
   <div class='ocr_carea' id='block_1_47' title="bbox 490 4657 2067 4733">
    <p class='ocr_par' dir='ltr' id='par_1_47' title="bbox 490 4657 2067 4733">
     <span class='ocr_line' id='line_1_47' title="bbox 490 4657 2067 4733; baseline 0.008 -22"><span class='ocrx_word' id='word_1_359' title='bbox 490 4670 660 4720; x_wconf 76' lang='lat' dir='ltr'><strong>xxv&quot;,</strong></span> <span class='ocrx_word' id='word_1_360' title='bbox 682 4657 772 4724; x_wconf 64' lang='grc'><strong>40,</strong></span> <span class='ocrx_word' id='word_1_361' title='bbox 802 4657 916 4731; x_wconf 66' lang='lat'><strong>42),</strong></span> <span class='ocrx_word' id='word_1_362' title='bbox 941 4659 1077 4715; x_wconf 91' lang='lat' dir='ltr'><strong>Deus</strong></span> <span class='ocrx_word' id='word_1_363' title='bbox 1101 4668 1184 4716; x_wconf 88' lang='lat' dir='ltr'><strong>est</strong></span> <span class='ocrx_word' id='word_1_364' title='bbox 1210 4661 1483 4715; x_wconf 86' lang='lat' dir='ltr'><strong>sanitatum</strong></span> <span class='ocrx_word' id='word_1_365' title='bbox 1517 4673 1820 4733; x_wconf 86' lang='lat' dir='ltr'><strong>nostrarum,</strong></span> <span class='ocrx_word' id='word_1_366' title='bbox 1851 4676 1905 4722; x_wconf 89' lang='lat' dir='ltr'><strong>et</strong></span> <span class='ocrx_word' id='word_1_367' title='bbox 1931 4667 2067 4724; x_wconf 88' lang='lat' dir='ltr'><strong>Deus</strong></span> 
     </span>
    </p>
   </div>
   <div class='ocr_carea' id='block_1_48' title="bbox 488 4748 2065 4829">
    <p class='ocr_par' dir='ltr' id='par_1_48' title="bbox 488 4748 2065 4829">
     <span class='ocr_line' id='line_1_48' title="bbox 488 4748 2065 4829; baseline 0.008 -27"><span class='ocrx_word' id='word_1_368' title='bbox 488 4753 574 4802; x_wconf 83' lang='lat' dir='ltr'><strong>est</strong></span> <span class='ocrx_word' id='word_1_369' title='bbox 611 4748 776 4803; x_wconf 88' lang='lat' dir='ltr'><strong>salvos</strong></span> <span class='ocrx_word' id='word_1_370' title='bbox 819 4753 1078 4822; x_wconf 82' lang='lat' dir='ltr'><strong>faciendi:</strong></span> <span class='ocrx_word' id='word_1_371' title='bbox 1121 4752 1219 4808; x_wconf 89' lang='lat' dir='ltr'><strong>scd</strong></span> <span class='ocrx_word' id='word_1_372' title='bbox 1262 4761 1480 4824; x_wconf 83' lang='lat' dir='ltr'><strong>propter</strong></span> <span class='ocrx_word' id='word_1_373' title='bbox 1517 4755 1831 4813; x_wconf 86' lang='lat' dir='ltr'><strong>humilitatis</strong></span> <span class='ocrx_word' id='word_1_374' title='bbox 1873 4770 1927 4814; x_wconf 91' lang='lat' dir='ltr'><strong>et</strong></span> <span class='ocrx_word' id='word_1_375' title='bbox 1970 4775 2065 4829; x_wconf 85' lang='lat' dir='ltr'><strong>pa-</strong></span> 
     </span>
    </p>
   </div>
   <div class='ocr_carea' id='block_1_49' title="bbox 491 4837 2064 4915">
    <p class='ocr_par' dir='ltr' id='par_1_49' title="bbox 491 4837 2064 4915">
     <span class='ocr_line' id='line_1_49' title="bbox 491 4837 2064 4915; baseline 0.01 -24"><span class='ocrx_word' id='word_1_376' title='bbox 491 4837 690 4892; x_wconf 71' lang='lat' dir='ltr'><strong>tientia:</strong></span> <span class='ocrx_word' id='word_1_377' title='bbox 714 4839 1109 4913; x_wconf 86' lang='lat' dir='ltr'><strong>documentum,</strong></span> <span class='ocrx_word' id='word_1_378' title='bbox 1138 4853 1194 4901; x_wconf 91' lang='lat' dir='ltr'><strong>et</strong></span> <span class='ocrx_word' id='word_1_379' title='bbox 1218 4845 1476 4915; x_wconf 73' lang='lat' dir='ltr'><strong>sanguine</strong></span> <span class='ocrx_word' id='word_1_380' title='bbox 1515 4860 1613 4902; x_wconf 87' lang='lat' dir='ltr'><strong>suo</strong></span> <span class='ocrx_word' id='word_1_381' title='bbox 1649 4847 1934 4904; x_wconf 84' lang='lat' dir='ltr'><strong>delendum</strong></span> <span class='ocrx_word' id='word_1_382' title='bbox 1964 4866 2064 4906; x_wconf 84' lang='lat' dir='ltr'><strong>no-</strong></span> 
     </span>
    </p>
   </div>
   <div class='ocr_carea' id='block_1_50' title="bbox 491 4930 2066 5008">
    <p class='ocr_par' dir='ltr' id='par_1_50' title="bbox 491 4930 2066 5008">
     <span class='ocr_line' id='line_1_50' title="bbox 491 4930 2066 5008; baseline 0.009 -22"><span class='ocrx_word' id='word_1_383' title='bbox 491 4937 725 4986; x_wconf 85' lang='lat' dir='ltr'><strong>strorum</strong></span> <span class='ocrx_word' id='word_1_384' title='bbox 746 4930 1156 5006; x_wconf 74' lang='lat' dir='ltr'><strong>chirographum</strong></span> <span class='ocrx_word' id='word_1_385' title='bbox 1189 4946 1549 5008; x_wconf 86' lang='lat' dir='ltr'><strong>peccatorum,</strong></span> <span class='ocrx_word' id='word_1_386' title='bbox 1573 4939 1731 4996; x_wconf 87' lang='lat' dir='ltr'><strong>etiam</strong></span> <span class='ocrx_word' id='word_1_387' title='bbox 1761 4956 1916 4996; x_wconf 89' lang='lat' dir='ltr'><strong>suum</strong></span> <span class='ocrx_word' id='word_1_388' title='bbox 1947 4958 2066 5000; x_wconf 88' lang='lat' dir='ltr'><strong>esse</strong></span> 
     </span>
    </p>
   </div>
   <div class='ocr_carea' id='block_1_51' title="bbox 493 5019 2063 5101">
    <p class='ocr_par' dir='ltr' id='par_1_51' title="bbox 493 5019 2063 5101">
     <span class='ocr_line' id='line_1_51' title="bbox 493 5019 2063 5101; baseline 0.008 -28"><span class='ocrx_word' id='word_1_389' title='bbox 493 5019 660 5076; x_wconf 88' lang='lat' dir='ltr'><strong>voluit</strong></span> <span class='ocrx_word' id='word_1_390' title='bbox 696 5021 895 5077; x_wconf 87' lang='lat' dir='ltr'><strong>exitum</strong></span> <span class='ocrx_word' id='word_1_391' title='bbox 933 5027 1137 5092; x_wconf 85' lang='lat' dir='ltr'><strong>mortis,</strong></span> <span class='ocrx_word' id='word_1_392' title='bbox 1175 5042 1244 5084; x_wconf 88' lang='lat' dir='ltr'><strong>ne</strong></span> <span class='ocrx_word' id='word_1_393' title='bbox 1281 5039 1510 5084; x_wconf 81' lang='lat' dir='ltr'><strong>mortem</strong></span> <span class='ocrx_word' id='word_1_394' title='bbox 1539 5029 1847 5088; x_wconf 90' lang='lat' dir='ltr'><strong>timeremus</strong></span> <span class='ocrx_word' id='word_1_395' title='bbox 1885 5033 2063 5101; x_wconf 90' lang='lat' dir='ltr'><strong>istam,</strong></span> 
     </span>
    </p>
   </div>
   <div class='ocr_carea' id='block_1_52' title="bbox 488 5112 2062 5195">
    <p class='ocr_par' dir='ltr' id='par_1_52' title="bbox 488 5112 2062 5195">
     <span class='ocr_line' id='line_1_52' title="bbox 488 5112 2062 5195; baseline 0.01 -27"><span class='ocrx_word' id='word_1_396' title='bbox 488 5112 584 5169; x_wconf 86' lang='lat' dir='ltr'><strong>sed</strong></span> <span class='ocrx_word' id='word_1_397' title='bbox 628 5113 770 5168; x_wconf 91' lang='lat' dir='ltr'><strong>illam</strong></span> <span class='ocrx_word' id='word_1_398' title='bbox 809 5115 984 5186; x_wconf 88' lang='lat' dir='ltr'><strong>potius</strong></span> <span class='ocrx_word' id='word_1_399' title='bbox 1017 5118 1156 5174; x_wconf 87' lang='lat' dir='ltr'><strong>unde</strong></span> <span class='ocrx_word' id='word_1_400' title='bbox 1199 5135 1299 5176; x_wconf 91' lang='lat' dir='ltr'><strong>nos</strong></span> <span class='ocrx_word' id='word_1_401' title='bbox 1337 5121 1582 5178; x_wconf 83' lang='lat' dir='ltr'><strong>liberavit</strong></span> <span class='ocrx_word' id='word_1_402' title='bbox 1625 5139 1719 5195; x_wconf 89' lang='lat' dir='ltr'><strong>per</strong></span> <span class='ocrx_word' id='word_1_403' title='bbox 1747 5125 1921 5180; x_wconf 90' lang='lat' dir='ltr'><strong>istam.</strong></span> <span class='ocrx_word' id='word_1_404' title='bbox 1953 5125 2062 5182; x_wconf 84' lang='lat' dir='ltr'><strong>Ve-</strong></span> 
     </span>
    </p>
   </div>
   <div class='ocr_carea' id='block_1_53' title="bbox 490 5195 2064 5289">
    <p class='ocr_par' dir='ltr' id='par_1_53' title="bbox 490 5195 2064 5289">
     <span class='ocr_line' id='line_1_53' title="bbox 490 5195 2064 5289; baseline 0.009 -31"><span class='ocrx_word' id='word_1_405' title='bbox 490 5213 788 5260; x_wconf 90' lang='lat' dir='ltr'><strong>rumtamen</strong></span> <span class='ocrx_word' id='word_1_406' title='bbox 812 5195 996 5264; x_wconf 77' lang='lat' dir='ltr'><strong>illuSus</strong></span> <span class='ocrx_word' id='word_1_407' title='bbox 1033 5219 1087 5264; x_wconf 91' lang='lat' dir='ltr'><strong>et</strong></span> <span class='ocrx_word' id='word_1_408' title='bbox 1115 5221 1354 5269; x_wconf 88' lang='lat' dir='ltr'><strong>mortuus</strong></span> <span class='ocrx_word' id='word_1_409' title='bbox 1381 5216 1733 5288; x_wconf 84' lang='lat' dir='ltr'><strong>conquassabit</strong></span> <span class='ocrx_word' id='word_1_410' title='bbox 1759 5217 1926 5289; x_wconf 82' lang='lat' dir='ltr'><strong>capita</strong></span> <span class='ocrx_word' id='word_1_411' title='bbox 1961 5218 2064 5272; x_wconf 90' lang='lat' dir='ltr'><strong>ini-</strong></span> 
     </span>
    </p>
   </div>
   <div class='ocr_carea' id='block_1_54' title="bbox 489 5296 2065 5376">
    <p class='ocr_par' dir='ltr' id='par_1_54' title="bbox 489 5296 2065 5376">
     <span class='ocr_line' id='line_1_54' title="bbox 489 5296 2065 5376; baseline 0.011 -28"><span class='ocrx_word' id='word_1_412' title='bbox 489 5296 734 5350; x_wconf 84' lang='lat' dir='ltr'><strong>micorum</strong></span> <span class='ocrx_word' id='word_1_413' title='bbox 775 5313 999 5368; x_wconf 87' lang='lat' dir='ltr'><strong>suorum,</strong></span> <span class='ocrx_word' id='word_1_414' title='bbox 1049 5300 1116 5357; x_wconf 90' lang='lat' dir='ltr'><strong>de</strong></span> <span class='ocrx_word' id='word_1_415' title='bbox 1155 5304 1347 5374; x_wconf 84' lang='lat' dir='ltr'><strong>quibus</strong></span> <span class='ocrx_word' id='word_1_416' title='bbox 1391 5309 1495 5376; x_wconf 92' lang='lat' dir='ltr'><strong>ait,</strong></span> <span class='ocrx_word' id='word_1_417' title='bbox 1557 5309 1823 5364; x_wconf 82' lang='lat' dir='ltr'><strong>Resuscita</strong></span> <span class='ocrx_word' id='word_1_418' title='bbox 1871 5327 1970 5373; x_wconf 88' lang='lat' dir='ltr'><strong>me,</strong></span> <span class='ocrx_word' id='word_1_419' title='bbox 2019 5321 2065 5365; x_wconf 91' lang='lat' dir='ltr'><strong>et</strong></span> 
     </span>
    </p>
   </div>
   <div class='ocr_carea' id='block_1_55' title="bbox 487 5390 2061 5474">
    <p class='ocr_par' dir='ltr' id='par_1_55' title="bbox 487 5390 2061 5474">
     <span class='ocr_line' id='line_1_55' title="bbox 487 5390 2061 5474; baseline 0.011 -32"><span class='ocrx_word' id='word_1_420' title='bbox 487 5390 699 5444; x_wconf 80' lang='lat' dir='ltr'><strong>reddam</strong></span> <span class='ocrx_word' id='word_1_421' title='bbox 734 5391 837 5447; x_wconf 87' lang='lat' dir='ltr'><strong>illis</strong></span> <span class='ocrx_word' id='word_1_422' title='bbox 883 5393 1050 5465; x_wconf 88' lang='lat' dir='ltr'><strong>(Psal.</strong></span> <span class='ocrx_word' id='word_1_423' title='bbox 1090 5411 1177 5462; x_wconf 75' lang='grc' dir='ltr'><strong>ιι,</strong></span> <span class='ocrx_word' id='word_1_424' title='bbox 1217 5397 1304 5469; x_wconf 82' lang='grc' dir='ltr'><strong>Η)</strong></span> <span class='ocrx_word' id='word_1_425' title='bbox 1338 5417 1352 5454; x_wconf 88' lang='lat'><strong>:</strong></span> <span class='ocrx_word' id='word_1_426' title='bbox 1395 5400 1509 5456; x_wconf 83' lang='lat' dir='ltr'><strong>sive</strong></span> <span class='ocrx_word' id='word_1_427' title='bbox 1551 5401 1688 5457; x_wconf 89' lang='lat' dir='ltr'><strong>bona</strong></span> <span class='ocrx_word' id='word_1_428' title='bbox 1739 5417 1839 5474; x_wconf 91' lang='lat' dir='ltr'><strong>pro</strong></span> <span class='ocrx_word' id='word_1_429' title='bbox 1887 5404 2061 5470; x_wconf 89' lang='lat' dir='ltr'><strong>malis,</strong></span> 
     </span>
    </p>
   </div>
   <div class='ocr_carea' id='block_1_56' title="bbox 486 5483 2062 5571">
    <p class='ocr_par' dir='ltr' id='par_1_56' title="bbox 486 5483 2062 5571">
     <span class='ocr_line' id='line_1_56' title="bbox 486 5483 2062 5571; baseline 0.01 -31"><span class='ocrx_word' id='word_1_430' title='bbox 486 5483 615 5542; x_wconf 90' lang='lat' dir='ltr'><strong>dum</strong></span> <span class='ocrx_word' id='word_1_431' title='bbox 656 5487 758 5544; x_wconf 88' lang='lat' dir='ltr'><strong>sibi</strong></span> <span class='ocrx_word' id='word_1_432' title='bbox 805 5489 981 5548; x_wconf 88' lang='lat' dir='ltr'><strong>subdit</strong></span> <span class='ocrx_word' id='word_1_433' title='bbox 1025 5493 1197 5568; x_wconf 89' lang='lat' dir='ltr'><strong>capita</strong></span> <span class='ocrx_word' id='word_1_434' title='bbox 1235 5494 1601 5564; x_wconf 86' lang='lat' dir='ltr'><strong>credentium;</strong></span> <span class='ocrx_word' id='word_1_435' title='bbox 1639 5497 1753 5554; x_wconf 88' lang='lat' dir='ltr'><strong>sive</strong></span> <span class='ocrx_word' id='word_1_436' title='bbox 1791 5496 1934 5570; x_wconf 86' lang='lat' dir='ltr'><strong>justa</strong></span> <span class='ocrx_word' id='word_1_437' title='bbox 1964 5513 2062 5571; x_wconf 90' lang='lat' dir='ltr'><strong>pro</strong></span> 
     </span>
    </p>
   </div>
   <div class='ocr_carea' id='block_1_57' title="bbox 550 5662 1689 5725">
    <p class='ocr_par' dir='ltr' id='par_1_57' title="bbox 550 5662 1689 5725">
     <span class='ocr_line' id='line_1_57' title="bbox 550 5662 1689 5725; baseline 0.009 -14"><span class='ocrx_word' id='word_1_438' title='bbox 550 5664 566 5695; x_wconf 84' lang='grc'>¹</span> <span class='ocrx_word' id='word_1_439' title='bbox 604 5662 736 5725; x_wconf 78' lang='lat' dir='ltr'><strong>Fdd.,</strong></span> <span class='ocrx_word' id='word_1_440' title='bbox 759 5665 926 5718; x_wconf 85' lang='lat' dir='ltr'><strong>decem</strong></span> <span class='ocrx_word' id='word_1_441' title='bbox 940 5668 1156 5720; x_wconf 86' lang='lat' dir='ltr'><strong>millium.</strong></span> <span class='ocrx_word' id='word_1_442' title='bbox 1185 5673 1330 5725; x_wconf 81' lang='lat' dir='ltr'><strong>Abest</strong></span> <span class='ocrx_word' id='word_1_443' title='bbox 1351 5671 1516 5723; x_wconf 87' lang='lat' dir='ltr'><strong>decem</strong></span> <span class='ocrx_word' id='word_1_444' title='bbox 1537 5685 1565 5722; x_wconf 91' lang='lat' dir='ltr'><strong>a</strong></span> <span class='ocrx_word' id='word_1_445' title='bbox 1584 5677 1689 5722; x_wconf 75' lang='lat' dir='ltr'><strong>uss.</strong></span> 
     </span>
    </p>
   </div>
   <div class='ocr_carea' id='block_1_58' title="bbox 486 5724 2063 5838">
    <p class='ocr_par' dir='ltr' id='par_1_58' title="bbox 486 5724 2063 5838">
     <span class='ocr_line' id='line_1_58' title="bbox 486 5724 2063 5838; baseline 0.008 -62"><span class='ocrx_word' id='word_1_446' title='bbox 486 5724 793 5838; x_wconf 44' lang='grc' dir='ltr'><strong>ὥιῶξὲιὲοι</strong></span> <span class='ocrx_word' id='word_1_447' title='bbox 826 5737 951 5793; x_wconf 70' lang='lat' dir='ltr'><strong>Mss,</strong></span> <span class='ocrx_word' id='word_1_448' title='bbox 985 5724 1268 5785; x_wconf 82' lang='lat' dir='ltr'><strong>salutarium</strong></span> <span class='ocrx_word' id='word_1_449' title='bbox 1289 5746 1306 5786; x_wconf 92' lang='lat'><strong>:</strong></span> <span class='ocrx_word' id='word_1_450' title='bbox 1331 5734 1431 5798; x_wconf 86' lang='lat' dir='ltr'><strong>alti,</strong></span> <span class='ocrx_word' id='word_1_451' title='bbox 1450 5733 1754 5787; x_wconf 72' lang='lat' dir='ltr'><strong>sanitantitmt</strong></span> <span class='ocrx_word' id='word_1_452' title='bbox 1781 5747 1798 5788; x_wconf 95' lang='lat'><strong>:</strong></span> <span class='ocrx_word' id='word_1_453' title='bbox 1825 5730 2063 5803; x_wconf 67' lang='lat' dir='ltr'><strong>plerique,</strong></span> 
     </span>
    </p>
   </div>
   <div class='ocr_carea' id='block_1_59' title="bbox 1781 358 2565 424">
    <p class='ocr_par' dir='ltr' id='par_1_59' title="bbox 1781 358 2565 424">
     <span class='ocr_line' id='line_1_59' title="bbox 1781 358 2565 424; baseline 0.009 -7"><span class='ocrx_word' id='word_1_454' title='bbox 1781 359 1838 417; x_wconf 90' lang='lat' dir='ltr'><strong>S.</strong></span> <span class='ocrx_word' id='word_1_455' title='bbox 1864 358 2229 420; x_wconf 76' lang='lat' dir='ltr'><strong>AUGUSTINI</strong></span> <span class='ocrx_word' id='word_1_456' title='bbox 2261 364 2565 424; x_wconf 77' lang='lat' dir='ltr'><strong>EPISCOPI</strong></span> 
     </span>
    </p>
   </div>
   <div class='ocr_carea' id='block_1_60' title="bbox 3063 330 3093 353">
    <p class='ocr_par' dir='ltr' id='par_1_60' title="bbox 3063 330 3093 353">
     <span class='ocr_line' id='line_1_60' title="bbox 3063 330 3093 353; baseline 0 0"><span class='ocrx_word' id='word_1_457' title='bbox 3063 330 3093 353; x_wconf 57' lang='lat' dir='ltr'><strong>In</strong></span> 
     </span>
    </p>
   </div>
   <div class='ocr_carea' id='block_1_61' title="bbox 3680 378 3782 437">
    <p class='ocr_par' dir='ltr' id='par_1_61' title="bbox 3680 378 3782 437">
     <span class='ocr_line' id='line_1_61' title="bbox 3680 378 3782 437; baseline 0 0"><span class='ocrx_word' id='word_1_458' title='bbox 3680 378 3782 437; x_wconf 63' lang='lat'><strong>832</strong></span> 
     </span>
    </p>
   </div>
   <div class='ocr_carea' id='block_1_62' title="bbox 2196 477 3777 563">
    <p class='ocr_par' dir='ltr' id='par_1_62' title="bbox 2196 477 3777 563">
     <span class='ocr_line' id='line_1_62' title="bbox 2196 477 3777 563; baseline 0.011 -31"><span class='ocrx_word' id='word_1_459' title='bbox 2196 477 2423 548; x_wconf 84' lang='lat' dir='ltr'><strong>injustis,</strong></span> <span class='ocrx_word' id='word_1_460' title='bbox 2467 480 2592 536; x_wconf 91' lang='lat' dir='ltr'><strong>dum</strong></span> <span class='ocrx_word' id='word_1_461' title='bbox 2639 482 2786 552; x_wconf 89' lang='lat' dir='ltr'><strong>punit</strong></span> <span class='ocrx_word' id='word_1_462' title='bbox 2828 483 2998 554; x_wconf 84' lang='lat' dir='ltr'><strong>capita</strong></span> <span class='ocrx_word' id='word_1_463' title='bbox 3043 485 3484 556; x_wconf 89' lang='lat' dir='ltr'><strong>superbientium.</strong></span> <span class='ocrx_word' id='word_1_464' title='bbox 3538 489 3777 563; x_wconf 79' lang='lat' dir='ltr'><strong>Utroque</strong></span> 
     </span>
    </p>
   </div>
   <div class='ocr_carea' id='block_1_63' title="bbox 2194 569 3776 654">
    <p class='ocr_par' dir='ltr' id='par_1_63' title="bbox 2194 569 3776 654">
     <span class='ocr_line' id='line_1_63' title="bbox 2194 569 3776 654; baseline 0.009 -30"><span class='ocrx_word' id='word_1_465' title='bbox 2194 569 2335 624; x_wconf 90' lang='lat' dir='ltr'><strong>enim</strong></span> <span class='ocrx_word' id='word_1_466' title='bbox 2385 572 2542 626; x_wconf 88' lang='lat' dir='ltr'><strong>modo</strong></span> <span class='ocrx_word' id='word_1_467' title='bbox 2584 585 3008 644; x_wconf 72' lang='lat' dir='ltr'><strong>coinquassantur</strong></span> <span class='ocrx_word' id='word_1_468' title='bbox 3049 585 3104 633; x_wconf 84' lang='lat' dir='ltr'><strong>et</strong></span> <span class='ocrx_word' id='word_1_469' title='bbox 3151 578 3559 651; x_wconf 85' lang='lat' dir='ltr'><strong>confringuntur</strong></span> <span class='ocrx_word' id='word_1_470' title='bbox 3601 585 3776 654; x_wconf 85' lang='lat' dir='ltr'><strong>capita</strong></span> 
     </span>
    </p>
   </div>
   <div class='ocr_carea' id='block_1_64' title="bbox 2195 660 3774 739">
    <p class='ocr_par' dir='ltr' id='par_1_64' title="bbox 2195 660 3774 739">
     <span class='ocr_line' id='line_1_64' title="bbox 2195 660 3774 739; baseline 0.011 -25"><span class='ocrx_word' id='word_1_471' title='bbox 2195 660 2551 728; x_wconf 81' lang='lat' dir='ltr'><strong>inimicorum,</strong></span> <span class='ocrx_word' id='word_1_472' title='bbox 2577 679 2697 719; x_wconf 90' lang='lat' dir='ltr'><strong>cum</strong></span> <span class='ocrx_word' id='word_1_473' title='bbox 2724 681 2754 720; x_wconf 88' lang='lat' dir='ltr'><strong>a</strong></span> <span class='ocrx_word' id='word_1_474' title='bbox 2783 668 3029 736; x_wconf 87' lang='lat' dir='ltr'><strong>superbia</strong></span> <span class='ocrx_word' id='word_1_475' title='bbox 3070 667 3411 739; x_wconf 90' lang='lat' dir='ltr'><strong>dejiciuntur,</strong></span> <span class='ocrx_word' id='word_1_476' title='bbox 3439 672 3556 729; x_wconf 88' lang='lat' dir='ltr'><strong>sive</strong></span> <span class='ocrx_word' id='word_1_477' title='bbox 3593 673 3774 730; x_wconf 86' lang='lat' dir='ltr'><strong>humi-</strong></span> 
     </span>
    </p>
   </div>
   <div class='ocr_carea' id='block_1_65' title="bbox 2194 751 3449 832">
    <p class='ocr_par' dir='ltr' id='par_1_65' title="bbox 2194 751 3449 832">
     <span class='ocr_line' id='line_1_65' title="bbox 2194 751 3449 832; baseline 0.01 -27"><span class='ocrx_word' id='word_1_478' title='bbox 2194 751 2340 806; x_wconf 89' lang='lat' dir='ltr'><strong>litate</strong></span> <span class='ocrx_word' id='word_1_479' title='bbox 2362 754 2608 817; x_wconf 88' lang='lat' dir='ltr'><strong>correcti,</strong></span> <span class='ocrx_word' id='word_1_480' title='bbox 2653 755 2766 811; x_wconf 87' lang='lat' dir='ltr'><strong>sive</strong></span> <span class='ocrx_word' id='word_1_481' title='bbox 2795 757 2848 811; x_wconf 91' lang='lat' dir='ltr'><strong>in</strong></span> <span class='ocrx_word' id='word_1_482' title='bbox 2877 757 2980 813; x_wconf 86' lang='lat' dir='ltr'><strong>ima</strong></span> <span class='ocrx_word' id='word_1_483' title='bbox 3013 759 3194 815; x_wconf 89' lang='lat' dir='ltr'><strong>tartari</strong></span> <span class='ocrx_word' id='word_1_484' title='bbox 3219 761 3449 832; x_wconf 88' lang='lat' dir='ltr'><strong>abrepti.</strong></span> 
     </span>
    </p>
   </div>
   <div class='ocr_carea' id='block_1_66' title="bbox 2265 842 3779 920">
    <p class='ocr_par' dir='ltr' id='par_1_66' title="bbox 2265 842 3779 920">
     <span class='ocr_line' id='line_1_66' title="bbox 2265 842 3779 920; baseline 0.007 -22"><span class='ocrx_word' id='word_1_485' title='bbox 2265 843 2353 898; x_wconf 80' lang='lat' dir='ltr'><strong>3i.</strong></span> <span class='ocrx_word' id='word_1_486' title='bbox 2395 842 2557 916; x_wconf 84' lang='lat' dir='ltr'><strong>[vers.</strong></span> <span class='ocrx_word' id='word_1_487' title='bbox 2579 846 2670 910; x_wconf 69' lang='lat'><strong>23,</strong></span> <span class='ocrx_word' id='word_1_488' title='bbox 2693 847 2808 920; x_wconf 54' lang='grc' dir='ltr'><strong>ει]</strong></span> <span class='ocrx_word' id='word_1_489' title='bbox 2852 847 2992 902; x_wconf 68' lang='lat' dir='ltr'><strong>Dixit</strong></span> <span class='ocrx_word' id='word_1_490' title='bbox 3020 849 3270 906; x_wconf 86' lang='lat' dir='ltr'><strong>Dominus</strong></span> <span class='ocrx_word' id='word_1_491' title='bbox 3295 867 3315 906; x_wconf 94' lang='lat'><strong>:</strong></span> <span class='ocrx_word' id='word_1_492' title='bbox 3345 853 3428 908; x_wconf 78' lang='lat' dir='ltr'><strong>Ea:</strong></span> <span class='ocrx_word' id='word_1_493' title='bbox 3449 853 3620 908; x_wconf 85' lang='lat' dir='ltr'><strong>Busan</strong></span> <span class='ocrx_word' id='word_1_494' title='bbox 3650 871 3779 910; x_wconf 59' lang='lat' dir='ltr'><strong>con-</strong></span> 
     </span>
    </p>
   </div>
   <div class='ocr_carea' id='block_1_67' title="bbox 2194 935 3779 1008">
    <p class='ocr_par' dir='ltr' id='par_1_67' title="bbox 2194 935 3779 1008">
     <span class='ocr_line' id='line_1_67' title="bbox 2194 935 3779 1008; baseline 0.009 -22"><span class='ocrx_word' id='word_1_495' title='bbox 2194 943 2393 998; x_wconf 81' lang='lat' dir='ltr'><strong>vertor;</strong></span> <span class='ocrx_word' id='word_1_496' title='bbox 2435 935 2519 990; x_wconf 91' lang='lat' dir='ltr'><strong>vel</strong></span> <span class='ocrx_word' id='word_1_497' title='bbox 2569 944 2625 990; x_wconf 91' lang='lat' dir='ltr'><strong>ut</strong></span> <span class='ocrx_word' id='word_1_498' title='bbox 2669 939 2906 994; x_wconf 92' lang='lat' dir='ltr'><strong>nonnulli</strong></span> <span class='ocrx_word' id='word_1_499' title='bbox 2953 939 3166 996; x_wconf 90' lang='lat' dir='ltr'><strong>codices</strong></span> <span class='ocrx_word' id='word_1_500' title='bbox 3204 941 3424 1008; x_wconf 88' lang='lat' dir='ltr'><strong>habent,</strong></span> <span class='ocrx_word' id='word_1_501' title='bbox 3474 943 3560 998; x_wconf 81' lang='lat' dir='ltr'><strong>Ea:</strong></span> <span class='ocrx_word' id='word_1_502' title='bbox 3601 944 3779 1000; x_wconf 82' lang='lat' dir='ltr'><strong>Busan</strong></span> 
     </span>
    </p>
   </div>
   <div class='ocr_carea' id='block_1_68' title="bbox 2194 1027 3781 1103">
    <p class='ocr_par' dir='ltr' id='par_1_68' title="bbox 2194 1027 3781 1103">
     <span class='ocr_line' id='line_1_68' title="bbox 2194 1027 3781 1103; baseline 0.009 -26"><span class='ocrx_word' id='word_1_503' title='bbox 2194 1035 2499 1080; x_wconf 86' lang='lat' dir='ltr'><strong>convertam.</strong></span> <span class='ocrx_word' id='word_1_504' title='bbox 2542 1027 2633 1083; x_wconf 90' lang='lat' dir='ltr'><strong>Ille</strong></span> <span class='ocrx_word' id='word_1_505' title='bbox 2661 1031 2856 1101; x_wconf 80' lang='lat' dir='ltr'><strong>quippe</strong></span> <span class='ocrx_word' id='word_1_506' title='bbox 2895 1033 3158 1092; x_wconf 73' lang='lat' dir='ltr'><strong>convertit</strong></span> <span class='ocrx_word' id='word_1_507' title='bbox 3200 1043 3258 1087; x_wconf 90' lang='lat' dir='ltr'><strong>ut</strong></span> <span class='ocrx_word' id='word_1_508' title='bbox 3299 1035 3432 1090; x_wconf 88' lang='lat' dir='ltr'><strong>salvi</strong></span> <span class='ocrx_word' id='word_1_509' title='bbox 3477 1037 3667 1103; x_wconf 89' lang='lat' dir='ltr'><strong>simus,</strong></span> <span class='ocrx_word' id='word_1_510' title='bbox 3710 1037 3781 1092; x_wconf 91' lang='lat' dir='ltr'><strong>de</strong></span> 
     </span>
    </p>
   </div>
   <div class='ocr_carea' id='block_1_69' title="bbox 2193 1119 3783 1193">
    <p class='ocr_par' dir='ltr' id='par_1_69' title="bbox 2193 1119 3783 1193">
     <span class='ocr_line' id='line_1_69' title="bbox 2193 1119 3783 1193; baseline 0.009 -23"><span class='ocrx_word' id='word_1_511' title='bbox 2193 1132 2300 1186; x_wconf 90' lang='lat' dir='ltr'><strong>quo</strong></span> <span class='ocrx_word' id='word_1_512' title='bbox 2337 1132 2497 1188; x_wconf 87' lang='lat' dir='ltr'><strong>supra</strong></span> <span class='ocrx_word' id='word_1_513' title='bbox 2522 1119 2721 1174; x_wconf 91' lang='lat' dir='ltr'><strong>dictum</strong></span> <span class='ocrx_word' id='word_1_514' title='bbox 2751 1131 2834 1176; x_wconf 86' lang='lat' dir='ltr'><strong>est</strong></span> <span class='ocrx_word' id='word_1_515' title='bbox 2863 1139 2874 1175; x_wconf 93' lang='lat'><strong>:</strong></span> <span class='ocrx_word' id='word_1_516' title='bbox 2908 1122 3050 1177; x_wconf 88' lang='lat' dir='ltr'><strong>Deus</strong></span> <span class='ocrx_word' id='word_1_517' title='bbox 3089 1125 3360 1178; x_wconf 84' lang='lat' dir='ltr'><strong>sanitatum</strong></span> <span class='ocrx_word' id='word_1_518' title='bbox 3390 1137 3701 1193; x_wconf 85' lang='lat' dir='ltr'><strong>nostrarum,</strong></span> <span class='ocrx_word' id='word_1_519' title='bbox 3725 1139 3783 1183; x_wconf 86' lang='lat' dir='ltr'><strong>et</strong></span> 
     </span>
    </p>
   </div>
   <div class='ocr_carea' id='block_1_70' title="bbox 2199 1206 3780 1284">
    <p class='ocr_par' dir='ltr' id='par_1_70' title="bbox 2199 1206 3780 1284">
     <span class='ocr_line' id='line_1_70' title="bbox 2199 1206 3780 1284; baseline 0.008 -24"><span class='ocrx_word' id='word_1_520' title='bbox 2199 1206 2332 1262; x_wconf 89' lang='lat' dir='ltr'><strong>Deus</strong></span> <span class='ocrx_word' id='word_1_521' title='bbox 2354 1209 2518 1263; x_wconf 87' lang='lat' dir='ltr'><strong>salvos</strong></span> <span class='ocrx_word' id='word_1_522' title='bbox 2541 1212 2782 1281; x_wconf 80' lang='lat' dir='ltr'><strong>faciendi.</strong></span> <span class='ocrx_word' id='word_1_523' title='bbox 2815 1213 2875 1267; x_wconf 88' lang='lat' dir='ltr'><strong>Ei</strong></span> <span class='ocrx_word' id='word_1_524' title='bbox 2902 1215 3098 1284; x_wconf 85' lang='lat' dir='ltr'><strong>quippe</strong></span> <span class='ocrx_word' id='word_1_525' title='bbox 3122 1225 3177 1270; x_wconf 89' lang='lat' dir='ltr'><strong>et</strong></span> <span class='ocrx_word' id='word_1_526' title='bbox 3201 1217 3324 1270; x_wconf 87' lang='lat' dir='ltr'><strong>alibi</strong></span> <span class='ocrx_word' id='word_1_527' title='bbox 3359 1217 3557 1272; x_wconf 91' lang='lat' dir='ltr'><strong>dicitur</strong></span> <span class='ocrx_word' id='word_1_528' title='bbox 3580 1237 3592 1272; x_wconf 89' lang='lat'><strong>:</strong></span> <span class='ocrx_word' id='word_1_529' title='bbox 3637 1218 3780 1274; x_wconf 87' lang='lat' dir='ltr'><strong>Dens</strong></span> 
     </span>
    </p>
   </div>
   <div class='ocr_carea' id='block_1_71' title="bbox 2192 1299 3784 1382">
    <p class='ocr_par' dir='ltr' id='par_1_71' title="bbox 2192 1299 3784 1382">
     <span class='ocr_line' id='line_1_71' title="bbox 2192 1299 3784 1382; baseline 0.011 -32"><span class='ocrx_word' id='word_1_530' title='bbox 2192 1299 2448 1368; x_wconf 84' lang='lat' dir='ltr'><strong>virtutum,</strong></span> <span class='ocrx_word' id='word_1_531' title='bbox 2493 1313 2722 1357; x_wconf 88' lang='lat' dir='ltr'><strong>converte</strong></span> <span class='ocrx_word' id='word_1_532' title='bbox 2766 1322 2894 1370; x_wconf 86' lang='lat' dir='ltr'><strong>nos;</strong></span> <span class='ocrx_word' id='word_1_533' title='bbox 2941 1317 2989 1360; x_wconf 87' lang='lat' dir='ltr'><strong>et</strong></span> <span class='ocrx_word' id='word_1_534' title='bbox 3041 1309 3247 1362; x_wconf 87' lang='lat' dir='ltr'><strong>ostende</strong></span> <span class='ocrx_word' id='word_1_535' title='bbox 3295 1312 3473 1382; x_wconf 80' lang='lat' dir='ltr'><strong>facient</strong></span> <span class='ocrx_word' id='word_1_536' title='bbox 3515 1321 3678 1378; x_wconf 89' lang='lat' dir='ltr'><strong>tuam,</strong></span> <span class='ocrx_word' id='word_1_537' title='bbox 3727 1323 3784 1368; x_wconf 77' lang='lat' dir='ltr'><strong>et</strong></span> 
     </span>
    </p>
   </div>
   <div class='ocr_carea' id='block_1_72' title="bbox 2191 1390 3782 1465">
    <p class='ocr_par' dir='ltr' id='par_1_72' title="bbox 2191 1390 3782 1465">
     <span class='ocr_line' id='line_1_72' title="bbox 2191 1390 3782 1465; baseline 0.009 -21"><span class='ocrx_word' id='word_1_538' title='bbox 2191 1390 2316 1444; x_wconf 86' lang='lat' dir='ltr'><strong>salvi</strong></span> <span class='ocrx_word' id='word_1_539' title='bbox 2357 1392 2542 1446; x_wconf 88' lang='lat' dir='ltr'><strong>erimus</strong></span> <span class='ocrx_word' id='word_1_540' title='bbox 2585 1393 2755 1463; x_wconf 87' lang='lat' dir='ltr'><strong>(Psal.</strong></span> <span class='ocrx_word' id='word_1_541' title='bbox 2789 1411 2966 1462; x_wconf 84' lang='lat' dir='ltr'><strong>Lxxtx,</strong></span> <span class='ocrx_word' id='word_1_542' title='bbox 3005 1397 3119 1465; x_wconf 73' lang='lat'><strong>20).</strong></span> <span class='ocrx_word' id='word_1_543' title='bbox 3161 1399 3290 1454; x_wconf 89' lang='lat' dir='ltr'><strong>Item</strong></span> <span class='ocrx_word' id='word_1_544' title='bbox 3332 1401 3457 1455; x_wconf 90' lang='lat' dir='ltr'><strong>alibi</strong></span> <span class='ocrx_word' id='word_1_545' title='bbox 3487 1419 3500 1456; x_wconf 92' lang='lat'><strong>:</strong></span> <span class='ocrx_word' id='word_1_546' title='bbox 3535 1403 3782 1459; x_wconf 79' lang='lat' dir='ltr'><strong>Converte</strong></span> 
     </span>
    </p>
   </div>
   <div class='ocr_carea' id='block_1_73' title="bbox 2192 1479 3779 1563">
    <p class='ocr_par' dir='ltr' id='par_1_73' title="bbox 2192 1479 3779 1563">
     <span class='ocr_line' id='line_1_73' title="bbox 2192 1479 3779 1563; baseline 0.011 -32"><span class='ocrx_word' id='word_1_547' title='bbox 2192 1495 2304 1546; x_wconf 88' lang='lat' dir='ltr'><strong>nos,</strong></span> <span class='ocrx_word' id='word_1_548' title='bbox 2335 1479 2470 1536; x_wconf 89' lang='lat' dir='ltr'><strong>Deus</strong></span> <span class='ocrx_word' id='word_1_549' title='bbox 2497 1483 2772 1538; x_wconf 88' lang='lat' dir='ltr'><strong>sanitatum</strong></span> <span class='ocrx_word' id='word_1_550' title='bbox 2800 1496 3087 1540; x_wconf 88' lang='lat' dir='ltr'><strong>nostrarum</strong></span> <span class='ocrx_word' id='word_1_551' title='bbox 3125 1487 3295 1557; x_wconf 86' lang='lat' dir='ltr'><strong>(Psal.</strong></span> <span class='ocrx_word' id='word_1_552' title='bbox 3326 1506 3538 1558; x_wconf 79' lang='lat' dir='ltr'><strong>Lxxxtv,</strong></span> <span class='ocrx_word' id='word_1_553' title='bbox 3568 1492 3645 1563; x_wconf 84' lang='lat'><strong>5).</strong></span> <span class='ocrx_word' id='word_1_554' title='bbox 3685 1493 3779 1550; x_wconf 85' lang='lat' dir='ltr'><strong>Ille</strong></span> 
     </span>
    </p>
   </div>
   <div class='ocr_carea' id='block_1_74' title="bbox 2190 1573 3776 1656">
    <p class='ocr_par' dir='ltr' id='par_1_74' title="bbox 2190 1573 3776 1656">
     <span class='ocr_line' id='line_1_74' title="bbox 2190 1573 3776 1656; baseline 0.011 -32"><span class='ocrx_word' id='word_1_555' title='bbox 2190 1580 2368 1627; x_wconf 90' lang='lat' dir='ltr'><strong>autem</strong></span> <span class='ocrx_word' id='word_1_556' title='bbox 2397 1573 2529 1628; x_wconf 86' lang='lat' dir='ltr'><strong>dixit</strong></span> <span class='ocrx_word' id='word_1_557' title='bbox 2558 1593 2570 1628; x_wconf 89' lang='lat'><strong>:</strong></span> <span class='ocrx_word' id='word_1_558' title='bbox 2606 1575 2688 1630; x_wconf 82' lang='lat' dir='ltr'><strong>Ea:</strong></span> <span class='ocrx_word' id='word_1_559' title='bbox 2726 1575 2898 1632; x_wconf 86' lang='lat' dir='ltr'><strong>Busan</strong></span> <span class='ocrx_word' id='word_1_560' title='bbox 2932 1591 3240 1635; x_wconf 87' lang='lat' dir='ltr'><strong>convertam.</strong></span> <span class='ocrx_word' id='word_1_561' title='bbox 3287 1583 3459 1638; x_wconf 80' lang='lat' dir='ltr'><strong>Busan</strong></span> <span class='ocrx_word' id='word_1_562' title='bbox 3510 1585 3776 1656; x_wconf 82' lang='lat' dir='ltr'><strong>interpre-</strong></span> 
     </span>
    </p>
   </div>
   <div class='ocr_carea' id='block_1_75' title="bbox 2193 1665 3770 1742">
    <p class='ocr_par' dir='ltr' id='par_1_75' title="bbox 2193 1665 3770 1742">
     <span class='ocr_line' id='line_1_75' title="bbox 2193 1665 3770 1742; baseline 0.011 -27"><span class='ocrx_word' id='word_1_563' title='bbox 2193 1672 2332 1717; x_wconf 87' lang='lat' dir='ltr'><strong>tatur</strong></span> <span class='ocrx_word' id='word_1_564' title='bbox 2356 1665 2629 1722; x_wconf 81' lang='lat' dir='ltr'><strong>Confusio.</strong></span> <span class='ocrx_word' id='word_1_565' title='bbox 2658 1667 2795 1736; x_wconf 91' lang='lat' dir='ltr'><strong>Quid</strong></span> <span class='ocrx_word' id='word_1_566' title='bbox 2830 1680 2911 1725; x_wconf 91' lang='lat' dir='ltr'><strong>est</strong></span> <span class='ocrx_word' id='word_1_567' title='bbox 2937 1686 3086 1742; x_wconf 87' lang='lat' dir='ltr'><strong>ergo,</strong></span> <span class='ocrx_word' id='word_1_568' title='bbox 3112 1683 3419 1730; x_wconf 86' lang='lat' dir='ltr'><strong>convertam</strong></span> <span class='ocrx_word' id='word_1_569' title='bbox 3465 1692 3530 1731; x_wconf 88' lang='lat' dir='ltr'><strong>ex</strong></span> <span class='ocrx_word' id='word_1_570' title='bbox 3575 1677 3770 1735; x_wconf 85' lang='lat' dir='ltr'><strong>confu-</strong></span> 
     </span>
    </p>
   </div>
   <div class='ocr_carea' id='block_1_76' title="bbox 2189 1751 3772 1838">
    <p class='ocr_par' dir='ltr' id='par_1_76' title="bbox 2189 1751 3772 1838">
     <span class='ocr_line' id='line_1_76' title="bbox 2189 1751 3772 1838; baseline 0.011 -33"><span class='ocrx_word' id='word_1_571' title='bbox 2189 1751 2359 1817; x_wconf 90' lang='lat' dir='ltr'><strong>sione,</strong></span> <span class='ocrx_word' id='word_1_572' title='bbox 2384 1755 2483 1809; x_wconf 89' lang='lat' dir='ltr'><strong>nisi</strong></span> <span class='ocrx_word' id='word_1_573' title='bbox 2513 1757 2636 1826; x_wconf 87' lang='lat' dir='ltr'><strong>quia</strong></span> <span class='ocrx_word' id='word_1_574' title='bbox 2659 1757 3004 1816; x_wconf 89' lang='lat' dir='ltr'><strong>confunditur</strong></span> <span class='ocrx_word' id='word_1_575' title='bbox 3034 1761 3102 1818; x_wconf 89' lang='lat' dir='ltr'><strong>de</strong></span> <span class='ocrx_word' id='word_1_576' title='bbox 3134 1768 3368 1832; x_wconf 88' lang='lat' dir='ltr'><strong>peccatis</strong></span> <span class='ocrx_word' id='word_1_577' title='bbox 3396 1766 3509 1819; x_wconf 86' lang='lat' dir='ltr'><strong>suis</strong></span> <span class='ocrx_word' id='word_1_578' title='bbox 3535 1768 3626 1836; x_wconf 90' lang='lat' dir='ltr'><strong>qui</strong></span> <span class='ocrx_word' id='word_1_579' title='bbox 3672 1783 3772 1838; x_wconf 91' lang='lat' dir='ltr'><strong>pro</strong></span> 
     </span>
    </p>
   </div>
   <div class='ocr_carea' id='block_1_77' title="bbox 2190 1842 3777 1918">
    <p class='ocr_par' dir='ltr' id='par_1_77' title="bbox 2190 1842 3777 1918">
     <span class='ocr_line' id='line_1_77' title="bbox 2190 1842 3777 1918; baseline 0.011 -22"><span class='ocrx_word' id='word_1_580' title='bbox 2190 1842 2266 1897; x_wconf 88' lang='lat' dir='ltr'><strong>eis</strong></span> <span class='ocrx_word' id='word_1_581' title='bbox 2289 1843 2622 1901; x_wconf 89' lang='lat' dir='ltr'><strong>dimittendis</strong></span> <span class='ocrx_word' id='word_1_582' title='bbox 2655 1858 2904 1918; x_wconf 88' lang='lat' dir='ltr'><strong>precatur</strong></span> <span class='ocrx_word' id='word_1_583' title='bbox 2933 1851 3352 1908; x_wconf 91' lang='lat' dir='ltr'><strong>misericordiam</strong></span> <span class='ocrx_word' id='word_1_584' title='bbox 3377 1854 3510 1910; x_wconf 86' lang='lat' dir='ltr'><strong>Dei?</strong></span> <span class='ocrx_word' id='word_1_585' title='bbox 3541 1857 3669 1913; x_wconf 87' lang='lat' dir='ltr'><strong>lude</strong></span> <span class='ocrx_word' id='word_1_586' title='bbox 3689 1865 3777 1913; x_wconf 84' lang='lat' dir='ltr'><strong>est</strong></span> 
     </span>
    </p>
   </div>
   <div class='ocr_carea' id='block_1_78' title="bbox 2189 1932 3777 2004">
    <p class='ocr_par' dir='ltr' id='par_1_78' title="bbox 2189 1932 3777 2004">
     <span class='ocr_line' id='line_1_78' title="bbox 2189 1932 3777 2004; baseline 0.013 -20"><span class='ocrx_word' id='word_1_587' title='bbox 2189 1932 2330 2002; x_wconf 89' lang='lat' dir='ltr'><strong>quod</strong></span> <span class='ocrx_word' id='word_1_588' title='bbox 2370 1935 2460 1989; x_wconf 85' lang='lat' dir='ltr'><strong>ille</strong></span> <span class='ocrx_word' id='word_1_589' title='bbox 2491 1935 2808 1994; x_wconf 88' lang='lat' dir='ltr'><strong>Publicanus</strong></span> <span class='ocrx_word' id='word_1_590' title='bbox 2847 1956 2946 1995; x_wconf 90' lang='lat' dir='ltr'><strong>nec</strong></span> <span class='ocrx_word' id='word_1_591' title='bbox 2984 1944 3170 1998; x_wconf 88' lang='lat' dir='ltr'><strong>oculos</strong></span> <span class='ocrx_word' id='word_1_592' title='bbox 3195 1943 3262 1998; x_wconf 90' lang='lat' dir='ltr'><strong>ad</strong></span> <span class='ocrx_word' id='word_1_593' title='bbox 3305 1947 3503 2002; x_wconf 60' lang='lat' dir='ltr'><strong>caelum</strong></span> <span class='ocrx_word' id='word_1_594' title='bbox 3540 1949 3777 2004; x_wconf 85' lang='lat' dir='ltr'><strong>audebat</strong></span> 
     </span>
    </p>
   </div>
   <div class='ocr_carea' id='block_1_79' title="bbox 2189 2027 3776 2104">
    <p class='ocr_par' dir='ltr' id='par_1_79' title="bbox 2189 2027 3776 2104">
     <span class='ocr_line' id='line_1_79' title="bbox 2189 2027 3776 2104; baseline 0.01 -23"><span class='ocrx_word' id='word_1_595' title='bbox 2189 2027 2403 2083; x_wconf 88' lang='lat' dir='ltr'><strong>levare:</strong></span> <span class='ocrx_word' id='word_1_596' title='bbox 2434 2029 2504 2087; x_wconf 88' lang='lat' dir='ltr'><strong>ita</strong></span> <span class='ocrx_word' id='word_1_597' title='bbox 2547 2045 2606 2085; x_wconf 89' lang='lat' dir='ltr'><strong>se</strong></span> <span class='ocrx_word' id='word_1_598' title='bbox 2643 2033 2990 2090; x_wconf 86' lang='lat' dir='ltr'><strong>considerans</strong></span> <span class='ocrx_word' id='word_1_599' title='bbox 3035 2036 3490 2104; x_wconf 88' lang='lat' dir='ltr'><strong>confundehatur;</strong></span> <span class='ocrx_word' id='word_1_600' title='bbox 3537 2040 3632 2096; x_wconf 89' lang='lat' dir='ltr'><strong>sed</strong></span> <span class='ocrx_word' id='word_1_601' title='bbox 3676 2041 3776 2097; x_wconf 74' lang='lat' dir='ltr'><strong>de-</strong></span> 
     </span>
    </p>
   </div>
   <div class='ocr_carea' id='block_1_80' title="bbox 2187 2118 3765 2196">
    <p class='ocr_par' dir='ltr' id='par_1_80' title="bbox 2187 2118 3765 2196">
     <span class='ocr_line' id='line_1_80' title="bbox 2187 2118 3765 2196; baseline 0.01 -25"><span class='ocrx_word' id='word_1_602' title='bbox 2187 2118 2394 2173; x_wconf 88' lang='lat' dir='ltr'><strong>scendit</strong></span> <span class='ocrx_word' id='word_1_603' title='bbox 2416 2121 2755 2188; x_wconf 82' lang='lat' dir='ltr'><strong>justiﬁcatus,</strong></span> <span class='ocrx_word' id='word_1_604' title='bbox 2779 2125 2900 2194; x_wconf 87' lang='lat' dir='ltr'><strong>quia</strong></span> <span class='ocrx_word' id='word_1_605' title='bbox 2927 2126 3053 2179; x_wconf 72' lang='lat' dir='ltr'><strong>dixit</strong></span> <span class='ocrx_word' id='word_1_606' title='bbox 3086 2126 3348 2196; x_wconf 90' lang='lat' dir='ltr'><strong>Dominus,</strong></span> <span class='ocrx_word' id='word_1_607' title='bbox 3367 2146 3430 2184; x_wconf 77' lang='lat' dir='ltr'><strong>ea:</strong></span> <span class='ocrx_word' id='word_1_608' title='bbox 3450 2129 3619 2185; x_wconf 88' lang='lat' dir='ltr'><strong>Busan</strong></span> <span class='ocrx_word' id='word_1_609' title='bbox 3640 2149 3765 2186; x_wconf 87' lang='lat' dir='ltr'><strong>con-</strong></span> 
     </span>
    </p>
   </div>
   <div class='ocr_carea' id='block_1_81' title="bbox 2187 2212 3770 2286">
    <p class='ocr_par' dir='ltr' id='par_1_81' title="bbox 2187 2212 3770 2286">
     <span class='ocr_line' id='line_1_81' title="bbox 2187 2212 3770 2286; baseline 0.011 -24"><span class='ocrx_word' id='word_1_610' title='bbox 2187 2219 2394 2264; x_wconf 88' lang='lat' dir='ltr'><strong>vertam.</strong></span> <span class='ocrx_word' id='word_1_611' title='bbox 2431 2212 2603 2271; x_wconf 85' lang='lat' dir='ltr'><strong>Basan</strong></span> <span class='ocrx_word' id='word_1_612' title='bbox 2632 2213 3009 2286; x_wconf 87' lang='lat' dir='ltr'><strong>interpretatur</strong></span> <span class='ocrx_word' id='word_1_613' title='bbox 3035 2226 3089 2273; x_wconf 93' lang='lat' dir='ltr'><strong>et</strong></span> <span class='ocrx_word' id='word_1_614' title='bbox 3126 2217 3382 2285; x_wconf 89' lang='lat' dir='ltr'><strong>Siccitas;</strong></span> <span class='ocrx_word' id='word_1_615' title='bbox 3412 2229 3467 2275; x_wconf 86' lang='lat' dir='ltr'><strong>et</strong></span> <span class='ocrx_word' id='word_1_616' title='bbox 3504 2226 3648 2278; x_wconf 86' lang='lat' dir='ltr'><strong>recte</strong></span> <span class='ocrx_word' id='word_1_617' title='bbox 3689 2223 3770 2278; x_wconf 85' lang='lat' dir='ltr'><strong>in-</strong></span> 
     </span>
    </p>
   </div>
   <div class='ocr_carea' id='block_1_82' title="bbox 2188 2301 3767 2378">
    <p class='ocr_par' dir='ltr' id='par_1_82' title="bbox 2188 2301 3767 2378">
     <span class='ocr_line' id='line_1_82' title="bbox 2188 2301 3767 2378; baseline 0.011 -24"><span class='ocrx_word' id='word_1_618' title='bbox 2188 2301 2442 2372; x_wconf 84' lang='lat' dir='ltr'><strong>telligitur</strong></span> <span class='ocrx_word' id='word_1_619' title='bbox 2470 2304 2721 2360; x_wconf 89' lang='lat' dir='ltr'><strong>Dominus</strong></span> <span class='ocrx_word' id='word_1_620' title='bbox 2751 2323 2817 2362; x_wconf 85' lang='lat' dir='ltr'><strong>ex</strong></span> <span class='ocrx_word' id='word_1_621' title='bbox 2845 2309 3085 2364; x_wconf 89' lang='lat' dir='ltr'><strong>siccitate</strong></span> <span class='ocrx_word' id='word_1_622' title='bbox 3119 2320 3450 2378; x_wconf 87' lang='lat' dir='ltr'><strong>convertere,</strong></span> <span class='ocrx_word' id='word_1_623' title='bbox 3485 2314 3533 2368; x_wconf 89' lang='lat' dir='ltr'><strong>id</strong></span> <span class='ocrx_word' id='word_1_624' title='bbox 3573 2323 3654 2371; x_wconf 90' lang='lat' dir='ltr'><strong>est</strong></span> <span class='ocrx_word' id='word_1_625' title='bbox 3692 2332 3767 2371; x_wconf 86' lang='lat' dir='ltr'><strong>ex</strong></span> 
     </span>
    </p>
   </div>
   <div class='ocr_carea' id='block_1_83' title="bbox 2188 2391 3767 2470">
    <p class='ocr_par' dir='ltr' id='par_1_83' title="bbox 2188 2391 3767 2470">
     <span class='ocr_line' id='line_1_83' title="bbox 2188 2391 3767 2470; baseline 0.011 -25"><span class='ocrx_word' id='word_1_626' title='bbox 2188 2391 2384 2462; x_wconf 88' lang='lat' dir='ltr'><strong>in0pia.</strong></span> <span class='ocrx_word' id='word_1_627' title='bbox 2412 2392 2542 2448; x_wconf 84' lang='lat' dir='ltr'><strong>Nam</strong></span> <span class='ocrx_word' id='word_1_628' title='bbox 2572 2396 2660 2466; x_wconf 90' lang='lat' dir='ltr'><strong>qui</strong></span> <span class='ocrx_word' id='word_1_629' title='bbox 2687 2396 2787 2451; x_wconf 90' lang='lat' dir='ltr'><strong>sibi</strong></span> <span class='ocrx_word' id='word_1_630' title='bbox 2816 2397 3058 2454; x_wconf 89' lang='lat' dir='ltr'><strong>videntur</strong></span> <span class='ocrx_word' id='word_1_631' title='bbox 3077 2401 3299 2470; x_wconf 87' lang='lat' dir='ltr'><strong>copiosi,</strong></span> <span class='ocrx_word' id='word_1_632' title='bbox 3322 2418 3440 2457; x_wconf 90' lang='lat' dir='ltr'><strong>cum</strong></span> <span class='ocrx_word' id='word_1_633' title='bbox 3467 2405 3571 2458; x_wconf 89' lang='lat' dir='ltr'><strong>sint</strong></span> <span class='ocrx_word' id='word_1_634' title='bbox 3599 2405 3767 2461; x_wconf 84' lang='lat' dir='ltr'><strong>fame-</strong></span> 
     </span>
    </p>
   </div>
   <div class='ocr_carea' id='block_1_84' title="bbox 2186 2481 3764 2558">
    <p class='ocr_par' dir='ltr' id='par_1_84' title="bbox 2186 2481 3764 2558">
     <span class='ocr_line' id='line_1_84' title="bbox 2186 2481 3764 2558; baseline 0.01 -22"><span class='ocrx_word' id='word_1_635' title='bbox 2186 2481 2295 2548; x_wconf 91' lang='lat' dir='ltr'><strong>lici,</strong></span> <span class='ocrx_word' id='word_1_636' title='bbox 2321 2492 2374 2537; x_wconf 90' lang='lat' dir='ltr'><strong>et</strong></span> <span class='ocrx_word' id='word_1_637' title='bbox 2402 2485 2563 2553; x_wconf 86' lang='lat' dir='ltr'><strong>pleni,</strong></span> <span class='ocrx_word' id='word_1_638' title='bbox 2590 2501 2711 2541; x_wconf 90' lang='lat' dir='ltr'><strong>cum</strong></span> <span class='ocrx_word' id='word_1_639' title='bbox 2736 2488 2843 2542; x_wconf 92' lang='lat' dir='ltr'><strong>sint</strong></span> <span class='ocrx_word' id='word_1_640' title='bbox 2872 2490 3190 2558; x_wconf 89' lang='lat' dir='ltr'><strong>inanissimi,</strong></span> <span class='ocrx_word' id='word_1_641' title='bbox 3228 2508 3332 2547; x_wconf 89' lang='lat' dir='ltr'><strong>non</strong></span> <span class='ocrx_word' id='word_1_642' title='bbox 3363 2505 3764 2552; x_wconf 87' lang='lat' dir='ltr'><strong>convertuntur.</strong></span> 
     </span>
    </p>
   </div>
   <div class='ocr_carea' id='block_1_85' title="bbox 2187 2572 3766 2656">
    <p class='ocr_par' dir='ltr' id='par_1_85' title="bbox 2187 2572 3766 2656">
     <span class='ocr_line' id='line_1_85' title="bbox 2187 2572 3766 2656; baseline 0.008 -28"><span class='ocrx_word' id='word_1_643' title='bbox 2187 2572 2334 2628; x_wconf 83' lang='lat' dir='ltr'><strong>Beati</strong></span> <span class='ocrx_word' id='word_1_644' title='bbox 2361 2575 2502 2629; x_wconf 88' lang='lat' dir='ltr'><strong>enim</strong></span> <span class='ocrx_word' id='word_1_645' title='bbox 2523 2576 2611 2645; x_wconf 90' lang='lat' dir='ltr'><strong>qui</strong></span> <span class='ocrx_word' id='word_1_646' title='bbox 2643 2578 2884 2633; x_wconf 89' lang='lat' dir='ltr'><strong>csuriunt</strong></span> <span class='ocrx_word' id='word_1_647' title='bbox 2912 2591 2965 2634; x_wconf 92' lang='lat' dir='ltr'><strong>et</strong></span> <span class='ocrx_word' id='word_1_648' title='bbox 2997 2581 3182 2636; x_wconf 90' lang='lat' dir='ltr'><strong>sitiunt</strong></span> <span class='ocrx_word' id='word_1_649' title='bbox 3205 2583 3482 2652; x_wconf 85' lang='lat' dir='ltr'><strong>justitiam,</strong></span> <span class='ocrx_word' id='word_1_650' title='bbox 3514 2587 3766 2656; x_wconf 85' lang='lat' dir='ltr'><strong>quoniam</strong></span> 
     </span>
    </p>
   </div>
   <div class='ocr_carea' id='block_1_86' title="bbox 2185 2663 3769 2745">
    <p class='ocr_par' dir='ltr' id='par_1_86' title="bbox 2185 2663 3769 2745">
     <span class='ocr_line' id='line_1_86' title="bbox 2185 2663 3769 2745; baseline 0.01 -27"><span class='ocrx_word' id='word_1_651' title='bbox 2185 2663 2285 2734; x_wconf 90' lang='lat' dir='ltr'><strong>ipsi</strong></span> <span class='ocrx_word' id='word_1_652' title='bbox 2330 2667 2709 2724; x_wconf 91' lang='lat' dir='ltr'><strong>saturabunlur</strong></span> <span class='ocrx_word' id='word_1_653' title='bbox 2757 2670 2965 2742; x_wconf 75' lang='lat' dir='ltr'><strong>(Matth.</strong></span> <span class='ocrx_word' id='word_1_654' title='bbox 3007 2689 3058 2741; x_wconf 79' lang='grc' dir='ltr'><strong>ν,</strong></span> <span class='ocrx_word' id='word_1_655' title='bbox 3107 2675 3186 2745; x_wconf 80' lang='grc' dir='ltr'><strong>ϐ).</strong></span> <span class='ocrx_word' id='word_1_656' title='bbox 3237 2676 3315 2730; x_wconf 85' lang='lat' dir='ltr'><strong>Ex</strong></span> <span class='ocrx_word' id='word_1_657' title='bbox 3365 2678 3464 2732; x_wconf 89' lang='lat' dir='ltr'><strong>ista</strong></span> <span class='ocrx_word' id='word_1_658' title='bbox 3513 2680 3769 2734; x_wconf 84' lang='lat' dir='ltr'><strong>Dominus</strong></span> 
     </span>
    </p>
   </div>
   <div class='ocr_carea' id='block_1_87' title="bbox 2185 2755 3764 2837">
    <p class='ocr_par' dir='ltr' id='par_1_87' title="bbox 2185 2755 3764 2837">
     <span class='ocr_line' id='line_1_87' title="bbox 2185 2755 3764 2837; baseline 0.011 -28"><span class='ocrx_word' id='word_1_659' title='bbox 2185 2755 2423 2811; x_wconf 91' lang='lat' dir='ltr'><strong>siccitate</strong></span> <span class='ocrx_word' id='word_1_660' title='bbox 2449 2759 2741 2814; x_wconf 86' lang='lat' dir='ltr'><strong>convertit:</strong></span> <span class='ocrx_word' id='word_1_661' title='bbox 2766 2761 2834 2816; x_wconf 91' lang='lat' dir='ltr'><strong>de</strong></span> <span class='ocrx_word' id='word_1_662' title='bbox 2861 2763 3038 2818; x_wconf 89' lang='lat' dir='ltr'><strong>anima</strong></span> <span class='ocrx_word' id='word_1_663' title='bbox 3065 2765 3257 2836; x_wconf 84' lang='lat' dir='ltr'><strong>quippe</strong></span> <span class='ocrx_word' id='word_1_664' title='bbox 3283 2769 3421 2823; x_wconf 89' lang='lat' dir='ltr'><strong>sicea</strong></span> <span class='ocrx_word' id='word_1_665' title='bbox 3449 2770 3521 2823; x_wconf 91' lang='lat' dir='ltr'><strong>illi</strong></span> <span class='ocrx_word' id='word_1_666' title='bbox 3547 2771 3764 2837; x_wconf 87' lang='lat' dir='ltr'><strong>dicitur,</strong></span> 
     </span>
    </p>
   </div>
   <div class='ocr_carea' id='block_1_88' title="bbox 2186 2847 3771 2921">
    <p class='ocr_par' dir='ltr' id='par_1_88' title="bbox 2186 2847 3771 2921">
     <span class='ocr_line' id='line_1_88' title="bbox 2186 2847 3771 2921; baseline 0.011 -19"><span class='ocrx_word' id='word_1_667' title='bbox 2186 2847 2405 2904; x_wconf 75' lang='lat' dir='ltr'><strong>Extendi</strong></span> <span class='ocrx_word' id='word_1_668' title='bbox 2429 2868 2606 2907; x_wconf 89' lang='lat' dir='ltr'><strong>manus</strong></span> <span class='ocrx_word' id='word_1_669' title='bbox 2634 2870 2770 2908; x_wconf 74' lang='lat' dir='ltr'><strong>nicas</strong></span> <span class='ocrx_word' id='word_1_670' title='bbox 2797 2857 2866 2910; x_wconf 90' lang='lat' dir='ltr'><strong>ad</strong></span> <span class='ocrx_word' id='word_1_671' title='bbox 2889 2865 2972 2921; x_wconf 88' lang='lat' dir='ltr'><strong>te;</strong></span> <span class='ocrx_word' id='word_1_672' title='bbox 3000 2860 3169 2912; x_wconf 90' lang='lat' dir='ltr'><strong>anima</strong></span> <span class='ocrx_word' id='word_1_673' title='bbox 3191 2877 3300 2913; x_wconf 89' lang='lat' dir='ltr'><strong>mea</strong></span> <span class='ocrx_word' id='word_1_674' title='bbox 3324 2862 3454 2916; x_wconf 85' lang='lat' dir='ltr'><strong>velut</strong></span> <span class='ocrx_word' id='word_1_675' title='bbox 3497 2872 3628 2917; x_wconf 89' lang='lat' dir='ltr'><strong>terra</strong></span> <span class='ocrx_word' id='word_1_676' title='bbox 3656 2865 3771 2920; x_wconf 86' lang='lat' dir='ltr'><strong>sine</strong></span> 
     </span>
    </p>
   </div>
   <div class='ocr_carea' id='block_1_89' title="bbox 2183 2943 3768 3023">
    <p class='ocr_par' dir='ltr' id='par_1_89' title="bbox 2183 2943 3768 3023">
     <span class='ocr_line' id='line_1_89' title="bbox 2183 2943 3768 3023; baseline 0.012 -29"><span class='ocrx_word' id='word_1_677' title='bbox 2183 2959 2317 3014; x_wconf 89' lang='lat' dir='ltr'><strong>aqua</strong></span> <span class='ocrx_word' id='word_1_678' title='bbox 2356 2944 2443 2998; x_wconf 85' lang='lat' dir='ltr'><strong>tibi</strong></span> <span class='ocrx_word' id='word_1_679' title='bbox 2468 2943 2637 3016; x_wconf 88' lang='lat' dir='ltr'><strong>(Psal.</strong></span> <span class='ocrx_word' id='word_1_680' title='bbox 2667 2962 2837 3012; x_wconf 85' lang='lat' dir='ltr'><strong>chIt,</strong></span> <span class='ocrx_word' id='word_1_681' title='bbox 2865 2948 2942 3020; x_wconf 89' lang='lat'><strong>6).</strong></span> <span class='ocrx_word' id='word_1_682' title='bbox 2978 2948 3108 3006; x_wconf 91' lang='lat' dir='ltr'><strong>Illud</strong></span> <span class='ocrx_word' id='word_1_683' title='bbox 3137 2969 3350 3023; x_wconf 88' lang='lat' dir='ltr'><strong>quoque</strong></span> <span class='ocrx_word' id='word_1_684' title='bbox 3392 2971 3495 3010; x_wconf 93' lang='lat' dir='ltr'><strong>non</strong></span> <span class='ocrx_word' id='word_1_685' title='bbox 3536 2957 3768 3013; x_wconf 85' lang='lat' dir='ltr'><strong>absurde</strong></span> 
     </span>
    </p>
   </div>
   <div class='ocr_carea' id='block_1_90' title="bbox 2162 3031 3766 3108">
    <p class='ocr_par' dir='ltr' id='par_1_90' title="bbox 2162 3031 3766 3108">
     <span class='ocr_line' id='line_1_90' title="bbox 2162 3031 3766 3108; baseline 0.01 -22"><span class='ocrx_word' id='word_1_686' title='bbox 2162 3031 2515 3104; x_wconf 4' lang='lat' dir='ltr'><strong>(intelligitur,</strong></span> <span class='ocrx_word' id='word_1_687' title='bbox 2545 3037 2686 3106; x_wconf 89' lang='lat' dir='ltr'><strong>quod</strong></span> <span class='ocrx_word' id='word_1_688' title='bbox 2716 3037 2915 3095; x_wconf 89' lang='lat' dir='ltr'><strong>habent</strong></span> <span class='ocrx_word' id='word_1_689' title='bbox 2955 3040 3045 3095; x_wconf 86' lang='lat' dir='ltr'><strong>alii</strong></span> <span class='ocrx_word' id='word_1_690' title='bbox 3075 3043 3308 3108; x_wconf 88' lang='lat' dir='ltr'><strong>codices,</strong></span> <span class='ocrx_word' id='word_1_691' title='bbox 3340 3045 3419 3100; x_wconf 71' lang='lat' dir='ltr'><strong>Ex</strong></span> <span class='ocrx_word' id='word_1_692' title='bbox 3447 3045 3617 3101; x_wconf 85' lang='lat' dir='ltr'><strong>Busan</strong></span> <span class='ocrx_word' id='word_1_693' title='bbox 3637 3065 3766 3103; x_wconf 86' lang='lat' dir='ltr'><strong>con-</strong></span> 
     </span>
    </p>
   </div>
   <div class='ocr_carea' id='block_1_91' title="bbox 2182 3125 3760 3208">
    <p class='ocr_par' dir='ltr' id='par_1_91' title="bbox 2182 3125 3760 3208">
     <span class='ocr_line' id='line_1_91' title="bbox 2182 3125 3760 3208; baseline 0.011 -32"><span class='ocrx_word' id='word_1_694' title='bbox 2182 3134 2366 3178; x_wconf 73' lang='lat' dir='ltr'><strong>vertar.</strong></span> <span class='ocrx_word' id='word_1_695' title='bbox 2396 3125 2736 3183; x_wconf 87' lang='lat' dir='ltr'><strong>Convertitur</strong></span> <span class='ocrx_word' id='word_1_696' title='bbox 2770 3131 2914 3185; x_wconf 91' lang='lat' dir='ltr'><strong>enim</strong></span> <span class='ocrx_word' id='word_1_697' title='bbox 2939 3132 3005 3186; x_wconf 88' lang='lat' dir='ltr'><strong>ad</strong></span> <span class='ocrx_word' id='word_1_698' title='bbox 3035 3131 3132 3188; x_wconf 91' lang='lat' dir='ltr'><strong>nos</strong></span> <span class='ocrx_word' id='word_1_699' title='bbox 3156 3135 3315 3190; x_wconf 91' lang='lat' dir='ltr'><strong>etiam</strong></span> <span class='ocrx_word' id='word_1_700' title='bbox 3354 3137 3466 3206; x_wconf 86' lang='lat' dir='ltr'><strong>ipse</strong></span> <span class='ocrx_word' id='word_1_701' title='bbox 3496 3141 3582 3208; x_wconf 89' lang='lat' dir='ltr'><strong>qui</strong></span> <span class='ocrx_word' id='word_1_702' title='bbox 3612 3140 3760 3205; x_wconf 88' lang='lat' dir='ltr'><strong>dicit,</strong></span> 
     </span>
    </p>
   </div>
   <div class='ocr_carea' id='block_1_92' title="bbox 2181 3211 3764 3301">
    <p class='ocr_par' dir='ltr' id='par_1_92' title="bbox 2181 3211 3764 3301">
     <span class='ocr_line' id='line_1_92' title="bbox 2181 3211 3764 3301; baseline 0.012 -34"><span class='ocrx_word' id='word_1_703' title='bbox 2181 3211 2538 3270; x_wconf 85' lang='lat' dir='ltr'><strong>Convertimini</strong></span> <span class='ocrx_word' id='word_1_704' title='bbox 2563 3222 2632 3272; x_wconf 92' lang='lat' dir='ltr'><strong>ud</strong></span> <span class='ocrx_word' id='word_1_705' title='bbox 2670 3235 2770 3287; x_wconf 89' lang='lat' dir='ltr'><strong>me,</strong></span> <span class='ocrx_word' id='word_1_706' title='bbox 2796 3230 2844 3275; x_wconf 89' lang='lat' dir='ltr'><strong>et</strong></span> <span class='ocrx_word' id='word_1_707' title='bbox 2876 3238 2968 3293; x_wconf 86' lang='lat' dir='ltr'><strong>ego</strong></span> <span class='ocrx_word' id='word_1_708' title='bbox 2999 3235 3261 3279; x_wconf 89' lang='lat' dir='ltr'><strong>convertar</strong></span> <span class='ocrx_word' id='word_1_709' title='bbox 3295 3227 3363 3280; x_wconf 91' lang='lat' dir='ltr'><strong>ad</strong></span> <span class='ocrx_word' id='word_1_710' title='bbox 3390 3243 3475 3282; x_wconf 91' lang='lat' dir='ltr'><strong>vos</strong></span> <span class='ocrx_word' id='word_1_711' title='bbox 3517 3229 3698 3301; x_wconf 77' lang='lat' dir='ltr'><strong>(Zach.</strong></span> <span class='ocrx_word' id='word_1_712' title='bbox 3725 3249 3764 3298; x_wconf 85' lang='lat' dir='ltr'><strong>I,</strong></span> 
     </span>
    </p>
   </div>
   <div class='ocr_carea' id='block_1_93' title="bbox 2182 3305 3766 3390">
    <p class='ocr_par' dir='ltr' id='par_1_93' title="bbox 2182 3305 3766 3390">
     <span class='ocr_line' id='line_1_93' title="bbox 2182 3305 3766 3390; baseline 0.013 -31"><span class='ocrx_word' id='word_1_713' title='bbox 2182 3305 2276 3376; x_wconf 77' lang='lat'><strong>5):</strong></span> <span class='ocrx_word' id='word_1_714' title='bbox 2305 3315 2360 3362; x_wconf 89' lang='lat' dir='ltr'><strong>et</strong></span> <span class='ocrx_word' id='word_1_715' title='bbox 2385 3321 2511 3376; x_wconf 91' lang='lat' dir='ltr'><strong>non,</strong></span> <span class='ocrx_word' id='word_1_716' title='bbox 2539 3309 2619 3365; x_wconf 75' lang='lat' dir='ltr'><strong>si‘</strong></span> <span class='ocrx_word' id='word_1_717' title='bbox 2646 3307 2795 3366; x_wconf 85' lang='lat' dir='ltr'><strong>extra</strong></span> <span class='ocrx_word' id='word_1_718' title='bbox 2819 3314 3207 3384; x_wconf 83' lang='lat' dir='ltr'><strong>confusionem,</strong></span> <span class='ocrx_word' id='word_1_719' title='bbox 3227 3333 3345 3374; x_wconf 92' lang='lat' dir='ltr'><strong>cum</strong></span> <span class='ocrx_word' id='word_1_720' title='bbox 3369 3332 3641 3390; x_wconf 88' lang='lat' dir='ltr'><strong>peccatum</strong></span> <span class='ocrx_word' id='word_1_721' title='bbox 3669 3341 3766 3380; x_wconf 81' lang='lat' dir='ltr'><strong>no-</strong></span> 
     </span>
    </p>
   </div>
   <div class='ocr_carea' id='block_1_94' title="bbox 2180 3404 3762 3483">
    <p class='ocr_par' dir='ltr' id='par_1_94' title="bbox 2180 3404 3762 3483">
     <span class='ocr_line' id='line_1_94' title="bbox 2180 3404 3762 3483; baseline 0.014 -32"><span class='ocrx_word' id='word_1_722' title='bbox 2180 3404 2350 3453; x_wconf 87' lang='lat' dir='ltr'><strong>strum</strong></span> <span class='ocrx_word' id='word_1_723' title='bbox 2387 3408 2511 3455; x_wconf 87' lang='lat' dir='ltr'><strong>ante</strong></span> <span class='ocrx_word' id='word_1_724' title='bbox 2553 3417 2651 3458; x_wconf 91' lang='lat' dir='ltr'><strong>nos</strong></span> <span class='ocrx_word' id='word_1_725' title='bbox 2689 3415 2774 3460; x_wconf 89' lang='lat' dir='ltr'><strong>est</strong></span> <span class='ocrx_word' id='word_1_726' title='bbox 2819 3419 3035 3476; x_wconf 89' lang='lat' dir='ltr'><strong>semper</strong></span> <span class='ocrx_word' id='word_1_727' title='bbox 3073 3407 3240 3480; x_wconf 83' lang='lat' dir='ltr'><strong>(Psal.</strong></span> <span class='ocrx_word' id='word_1_728' title='bbox 3287 3427 3335 3476; x_wconf 83' lang='grc' dir='ltr'><strong>ι,</strong></span> <span class='ocrx_word' id='word_1_729' title='bbox 3383 3413 3472 3483; x_wconf 81' lang='grc'><strong>5);</strong></span> <span class='ocrx_word' id='word_1_730' title='bbox 3514 3424 3570 3471; x_wconf 87' lang='lat' dir='ltr'><strong>et</strong></span> <span class='ocrx_word' id='word_1_731' title='bbox 3609 3425 3762 3474; x_wconf 75' lang='lat' dir='ltr'><strong>extra</strong></span> 
     </span>
    </p>
   </div>
   <div class='ocr_carea' id='block_1_95' title="bbox 2179 3490 3761 3579">
    <p class='ocr_par' dir='ltr' id='par_1_95' title="bbox 2179 3490 3761 3579">
     <span class='ocr_line' id='line_1_95' title="bbox 2179 3490 3761 3579; baseline 0.013 -36"><span class='ocrx_word' id='word_1_732' title='bbox 2179 3490 2494 3557; x_wconf 81' lang='lat' dir='ltr'><strong>siccitatem,</strong></span> <span class='ocrx_word' id='word_1_733' title='bbox 2521 3510 2623 3565; x_wconf 88' lang='lat' dir='ltr'><strong>qua</strong></span> <span class='ocrx_word' id='word_1_734' title='bbox 2669 3496 2787 3566; x_wconf 88' lang='lat' dir='ltr'><strong>ejus</strong></span> <span class='ocrx_word' id='word_1_735' title='bbox 2813 3497 3180 3557; x_wconf 86' lang='lat' dir='ltr'><strong>desideramus</strong></span> <span class='ocrx_word' id='word_1_736' title='bbox 3222 3503 3467 3571; x_wconf 89' lang='lat' dir='ltr'><strong>imbrem,</strong></span> <span class='ocrx_word' id='word_1_737' title='bbox 3510 3509 3599 3578; x_wconf 89' lang='lat' dir='ltr'><strong>qui</strong></span> <span class='ocrx_word' id='word_1_738' title='bbox 3640 3509 3761 3579; x_wconf 87' lang='lat' dir='ltr'><strong>plu-</strong></span> 
     </span>
    </p>
   </div>
   <div class='ocr_carea' id='block_1_96' title="bbox 2182 3579 3760 3660">
    <p class='ocr_par' dir='ltr' id='par_1_96' title="bbox 2182 3579 3760 3660">
     <span class='ocr_line' id='line_1_96' title="bbox 2182 3579 3760 3660; baseline 0.014 -28"><span class='ocrx_word' id='word_1_739' title='bbox 2182 3579 2319 3635; x_wconf 90' lang='lat' dir='ltr'><strong>viam</strong></span> <span class='ocrx_word' id='word_1_740' title='bbox 2362 3582 2713 3641; x_wconf 86' lang='lat' dir='ltr'><strong>voluntariam</strong></span> <span class='ocrx_word' id='word_1_741' title='bbox 2761 3591 3060 3660; x_wconf 74' lang='lat' dir='ltr'><strong>segregavit</strong></span> <span class='ocrx_word' id='word_1_742' title='bbox 3101 3591 3395 3650; x_wconf 68' lang='lat' dir='ltr'><strong>harreditati</strong></span> <span class='ocrx_word' id='word_1_743' title='bbox 3447 3613 3578 3652; x_wconf 83' lang='lat' dir='ltr'><strong>suae.</strong></span> <span class='ocrx_word' id='word_1_744' title='bbox 3626 3599 3760 3655; x_wconf 86' lang='lat' dir='ltr'><strong>Nam</strong></span> 
     </span>
    </p>
   </div>
   <div class='ocr_carea' id='block_1_97' title="bbox 2180 3668 3764 3758">
    <p class='ocr_par' dir='ltr' id='par_1_97' title="bbox 2180 3668 3764 3758">
     <span class='ocr_line' id='line_1_97' title="bbox 2180 3668 3764 3758; baseline 0.015 -34"><span class='ocrx_word' id='word_1_745' title='bbox 2180 3669 2418 3728; x_wconf 85' lang='lat' dir='ltr'><strong>siccitate</strong></span> <span class='ocrx_word' id='word_1_746' title='bbox 2455 3668 2720 3731; x_wconf 85' lang='lat' dir='ltr'><strong>infirmata</strong></span> <span class='ocrx_word' id='word_1_747' title='bbox 2755 3687 2871 3745; x_wconf 87' lang='lat' dir='ltr'><strong>est;</strong></span> <span class='ocrx_word' id='word_1_748' title='bbox 2917 3679 3032 3750; x_wconf 88' lang='lat' dir='ltr'><strong>ipse</strong></span> <span class='ocrx_word' id='word_1_749' title='bbox 3067 3697 3197 3738; x_wconf 88' lang='lat' dir='ltr'><strong>vero</strong></span> <span class='ocrx_word' id='word_1_750' title='bbox 3233 3698 3518 3742; x_wconf 87' lang='lat' dir='ltr'><strong>conversus</strong></span> <span class='ocrx_word' id='word_1_751' title='bbox 3543 3690 3764 3758; x_wconf 81' lang='lat' dir='ltr'><strong>perfecit</strong></span> 
     </span>
    </p>
   </div>
   <div class='ocr_carea' id='block_1_98' title="bbox 2179 3765 3758 3855">
    <p class='ocr_par' dir='ltr' id='par_1_98' title="bbox 2179 3765 3758 3855">
     <span class='ocr_line' id='line_1_98' title="bbox 2179 3765 3758 3855; baseline 0.015 -39"><span class='ocrx_word' id='word_1_752' title='bbox 2179 3776 2316 3830; x_wconf 88' lang='lat' dir='ltr'><strong>eam,</strong></span> <span class='ocrx_word' id='word_1_753' title='bbox 2335 3767 2422 3820; x_wconf 89' lang='lat' dir='ltr'><strong>cui</strong></span> <span class='ocrx_word' id='word_1_754' title='bbox 2443 3765 2656 3834; x_wconf 90' lang='lat' dir='ltr'><strong>dicitur,</strong></span> <span class='ocrx_word' id='word_1_755' title='bbox 2677 3769 2744 3823; x_wconf 85' lang='lat' dir='ltr'><strong>Et</strong></span> <span class='ocrx_word' id='word_1_756' title='bbox 2764 3787 3032 3827; x_wconf 84' lang='lat' dir='ltr'><strong>conversus</strong></span> <span class='ocrx_word' id='word_1_757' title='bbox 3053 3776 3314 3846; x_wconf 79' lang='lat' dir='ltr'><strong>viviﬁcasti</strong></span> <span class='ocrx_word' id='word_1_758' title='bbox 3334 3796 3412 3833; x_wconf 89' lang='lat' dir='ltr'><strong>me</strong></span> <span class='ocrx_word' id='word_1_759' title='bbox 3437 3779 3588 3853; x_wconf 81' lang='lat' dir='ltr'><strong>(Psal</strong></span> <span class='ocrx_word' id='word_1_760' title='bbox 3627 3800 3758 3855; x_wconf 76' lang='lat' dir='ltr'><strong>Lxx,</strong></span> 
     </span>
    </p>
   </div>
   <div class='ocr_carea' id='block_1_99' title="bbox 2177 3851 3760 3941">
    <p class='ocr_par' dir='ltr' id='par_1_99' title="bbox 2177 3851 3760 3941">
     <span class='ocr_line' id='line_1_99' title="bbox 2177 3851 3760 3941; baseline 0.018 -36"><span class='ocrx_word' id='word_1_761' title='bbox 2177 3851 2293 3923; x_wconf 74' lang='lat'><strong>20).</strong></span> <span class='ocrx_word' id='word_1_762' title='bbox 2326 3852 2472 3910; x_wconf 72' lang='lat' dir='ltr'><strong>Dixit</strong></span> <span class='ocrx_word' id='word_1_763' title='bbox 2496 3871 2624 3928; x_wconf 83' lang='lat' dir='ltr'><strong>ergo</strong></span> <span class='ocrx_word' id='word_1_764' title='bbox 2652 3857 2944 3918; x_wconf 88' lang='lat' dir='ltr'><strong>Dominus:</strong></span> <span class='ocrx_word' id='word_1_765' title='bbox 2975 3862 3061 3919; x_wconf 75' lang='lat' dir='ltr'><strong>Ea:</strong></span> <span class='ocrx_word' id='word_1_766' title='bbox 3094 3865 3266 3922; x_wconf 88' lang='lat' dir='ltr'><strong>Busan</strong></span> <span class='ocrx_word' id='word_1_767' title='bbox 3304 3851 3607 3941; x_wconf 86' lang='lat' dir='ltr'><strong>convertam,</strong></span> <span class='ocrx_word' id='word_1_768' title='bbox 3633 3851 3760 3932; x_wconf 51' lang='lat' dir='ltr'><strong>con;</strong></span> 
     </span>
    </p>
   </div>
   <div class='ocr_carea' id='block_1_100' title="bbox 2178 3947 3760 4035">
    <p class='ocr_par' dir='ltr' id='par_1_100' title="bbox 2178 3947 3760 4035">
     <span class='ocr_line' id='line_1_100' title="bbox 2178 3947 3760 4035; baseline 0.017 -40"><span class='ocrx_word' id='word_1_769' title='bbox 2178 3952 2366 3997; x_wconf 85' lang='lat' dir='ltr'><strong>vertam</strong></span> <span class='ocrx_word' id='word_1_770' title='bbox 2403 3947 2458 4000; x_wconf 90' lang='lat' dir='ltr'><strong>in</strong></span> <span class='ocrx_word' id='word_1_771' title='bbox 2499 3951 2811 4020; x_wconf 86' lang='lat' dir='ltr'><strong>profundum</strong></span> <span class='ocrx_word' id='word_1_772' title='bbox 2855 3954 3030 4008; x_wconf 76' lang='lat' dir='ltr'><strong>inuris.</strong></span> <span class='ocrx_word' id='word_1_773' title='bbox 3075 3956 3131 4013; x_wconf 90' lang='lat' dir='ltr'><strong>Si</strong></span> <span class='ocrx_word' id='word_1_774' title='bbox 3172 3970 3473 4026; x_wconf 86' lang='lat' dir='ltr'><strong>convertam,</strong></span> <span class='ocrx_word' id='word_1_775' title='bbox 3502 3981 3664 4035; x_wconf 75' lang='lat' dir='ltr'><strong>quave</strong></span> <span class='ocrx_word' id='word_1_776' title='bbox 3707 3970 3760 4022; x_wconf 89' lang='lat' dir='ltr'><strong>in</strong></span> 
     </span>
    </p>
   </div>
   <div class='ocr_carea' id='block_1_101' title="bbox 2178 4037 3757 4122">
    <p class='ocr_par' dir='ltr' id='par_1_101' title="bbox 2178 4037 3757 4122">
     <span class='ocr_line' id='line_1_101' title="bbox 2178 4037 3757 4122; baseline 0.018 -35"><span class='ocrx_word' id='word_1_777' title='bbox 2178 4037 2490 4107; x_wconf 84' lang='lat' dir='ltr'><strong>profundum</strong></span> <span class='ocrx_word' id='word_1_778' title='bbox 2519 4042 2715 4097; x_wconf 80' lang='lat' dir='ltr'><strong>maris?</strong></span> <span class='ocrx_word' id='word_1_779' title='bbox 2759 4043 2815 4098; x_wconf 91' lang='lat' dir='ltr'><strong>In</strong></span> <span class='ocrx_word' id='word_1_780' title='bbox 2859 4046 3093 4116; x_wconf 87' lang='lat' dir='ltr'><strong>seipsum</strong></span> <span class='ocrx_word' id='word_1_781' title='bbox 3123 4051 3318 4122; x_wconf 87' lang='lat' dir='ltr'><strong>quippe</strong></span> <span class='ocrx_word' id='word_1_782' title='bbox 3356 4059 3623 4112; x_wconf 88' lang='lat' dir='ltr'><strong>convertit</strong></span> <span class='ocrx_word' id='word_1_783' title='bbox 3652 4060 3757 4114; x_wconf 81' lang='lat' dir='ltr'><strong>Du-</strong></span> 
     </span>
    </p>
   </div>
   <div class='ocr_carea' id='block_1_102' title="bbox 2177 4127 3760 4221">
    <p class='ocr_par' dir='ltr' id='par_1_102' title="bbox 2177 4127 3760 4221">
     <span class='ocr_line' id='line_1_102' title="bbox 2177 4127 3760 4221; baseline 0.017 -40"><span class='ocrx_word' id='word_1_784' title='bbox 2177 4127 2372 4196; x_wconf 89' lang='lat' dir='ltr'><strong>miuus,</strong></span> <span class='ocrx_word' id='word_1_785' title='bbox 2389 4145 2507 4186; x_wconf 91' lang='lat' dir='ltr'><strong>cum</strong></span> <span class='ocrx_word' id='word_1_786' title='bbox 2525 4133 2808 4190; x_wconf 87' lang='lat' dir='ltr'><strong>salubriter</strong></span> <span class='ocrx_word' id='word_1_787' title='bbox 2829 4140 3113 4206; x_wconf 84' lang='lat' dir='ltr'><strong>convertit,</strong></span> <span class='ocrx_word' id='word_1_788' title='bbox 3129 4151 3308 4198; x_wconf 89' lang='lat' dir='ltr'><strong>etnon</strong></span> <span class='ocrx_word' id='word_1_789' title='bbox 3336 4156 3414 4201; x_wconf 90' lang='lat' dir='ltr'><strong>est</strong></span> <span class='ocrx_word' id='word_1_790' title='bbox 3439 4148 3618 4219; x_wconf 87' lang='lat' dir='ltr'><strong>utique</strong></span> <span class='ocrx_word' id='word_1_791' title='bbox 3646 4151 3760 4221; x_wconf 87' lang='lat' dir='ltr'><strong>ipsc</strong></span> 
     </span>
    </p>
   </div>
   <div class='ocr_carea' id='block_1_103' title="bbox 2178 4219 3761 4307">
    <p class='ocr_par' dir='ltr' id='par_1_103' title="bbox 2178 4219 3761 4307">
     <span class='ocr_line' id='line_1_103' title="bbox 2178 4219 3761 4307; baseline 0.016 -35"><span class='ocrx_word' id='word_1_792' title='bbox 2178 4219 2495 4289; x_wconf 89' lang='lat' dir='ltr'><strong>profundum</strong></span> <span class='ocrx_word' id='word_1_793' title='bbox 2543 4225 2724 4280; x_wconf 87' lang='lat' dir='ltr'><strong>maris.</strong></span> <span class='ocrx_word' id='word_1_794' title='bbox 2764 4227 2848 4283; x_wconf 83' lang='lat' dir='ltr'><strong>An</strong></span> <span class='ocrx_word' id='word_1_795' title='bbox 2897 4229 3029 4286; x_wconf 86' lang='lat' dir='ltr'><strong>fallit</strong></span> <span class='ocrx_word' id='word_1_796' title='bbox 3071 4231 3208 4289; x_wconf 92' lang='lat' dir='ltr'><strong>forte</strong></span> <span class='ocrx_word' id='word_1_797' title='bbox 3259 4235 3417 4291; x_wconf 90' lang='lat' dir='ltr'><strong>latina</strong></span> <span class='ocrx_word' id='word_1_798' title='bbox 3461 4219 3680 4307; x_wconf 73' lang='lat' dir='ltr'><strong>locutio,</strong></span> <span class='ocrx_word' id='word_1_799' title='bbox 3706 4253 3761 4298; x_wconf 89' lang='lat' dir='ltr'><strong>et</strong></span> 
     </span>
    </p>
   </div>
   <div class='ocr_carea' id='block_1_104' title="bbox 2178 4317 3760 4405">
    <p class='ocr_par' dir='ltr' id='par_1_104' title="bbox 2178 4317 3760 4405">
     <span class='ocr_line' id='line_1_104' title="bbox 2178 4317 3760 4405; baseline 0.016 -39"><span class='ocrx_word' id='word_1_800' title='bbox 2178 4325 2276 4382; x_wconf 93' lang='lat' dir='ltr'><strong>pro</strong></span> <span class='ocrx_word' id='word_1_801' title='bbox 2320 4329 2386 4369; x_wconf 90' lang='lat' dir='ltr'><strong>eo</strong></span> <span class='ocrx_word' id='word_1_802' title='bbox 2436 4317 2664 4386; x_wconf 89' lang='lat' dir='ltr'><strong>positum</strong></span> <span class='ocrx_word' id='word_1_803' title='bbox 2713 4329 2816 4387; x_wconf 87' lang='lat' dir='ltr'><strong>est,</strong></span> <span class='ocrx_word' id='word_1_804' title='bbox 2858 4322 2914 4376; x_wconf 86' lang='lat' dir='ltr'><strong>in</strong></span> <span class='ocrx_word' id='word_1_805' title='bbox 2957 4325 3288 4394; x_wconf 86' lang='lat' dir='ltr'><strong>profundum,</strong></span> <span class='ocrx_word' id='word_1_806' title='bbox 3315 4329 3454 4399; x_wconf 91' lang='lat' dir='ltr'><strong>quod</strong></span> <span class='ocrx_word' id='word_1_807' title='bbox 3497 4342 3598 4399; x_wconf 88' lang='lat' dir='ltr'><strong>est,</strong></span> <span class='ocrx_word' id='word_1_808' title='bbox 3631 4350 3760 4405; x_wconf 83' lang='lat' dir='ltr'><strong>pm-</strong></span> 
     </span>
    </p>
   </div>
   <div class='ocr_carea' id='block_1_105' title="bbox 2176 4403 3762 4485">
    <p class='ocr_par' dir='ltr' id='par_1_105' title="bbox 2176 4403 3762 4485">
     <span class='ocr_line' id='line_1_105' title="bbox 2176 4403 3762 4485; baseline 0.016 -27"><span class='ocrx_word' id='word_1_809' title='bbox 2176 4403 2379 4460; x_wconf 83' lang='lat' dir='ltr'><strong>fuude?</strong></span> <span class='ocrx_word' id='word_1_810' title='bbox 2425 4407 2539 4463; x_wconf 84' lang='lat' dir='ltr'><strong>Non</strong></span> <span class='ocrx_word' id='word_1_811' title='bbox 2569 4411 2711 4465; x_wconf 87' lang='lat' dir='ltr'><strong>enim</strong></span> <span class='ocrx_word' id='word_1_812' title='bbox 2737 4413 2826 4468; x_wconf 86' lang='lat' dir='ltr'><strong>ille</strong></span> <span class='ocrx_word' id='word_1_813' title='bbox 2855 4429 2914 4470; x_wconf 90' lang='lat' dir='ltr'><strong>se</strong></span> <span class='ocrx_word' id='word_1_814' title='bbox 2937 4419 3229 4485; x_wconf 83' lang='lat' dir='ltr'><strong>convertit;</strong></span> <span class='ocrx_word' id='word_1_815' title='bbox 3276 4420 3369 4476; x_wconf 91' lang='lat' dir='ltr'><strong>sed</strong></span> <span class='ocrx_word' id='word_1_816' title='bbox 3400 4423 3470 4478; x_wconf 85' lang='lat' dir='ltr'><strong>ibi</strong></span> <span class='ocrx_word' id='word_1_817' title='bbox 3494 4403 3762 4484; x_wconf 78' lang='lat' dir='ltr'><strong>convertit</strong></span> 
     </span>
    </p>
   </div>
   <div class='ocr_carea' id='block_1_106' title="bbox 2173 4500 3749 4583">
    <p class='ocr_par' dir='ltr' id='par_1_106' title="bbox 2173 4500 3749 4583">
     <span class='ocr_line' id='line_1_106' title="bbox 2173 4500 3749 4583; baseline 0.015 -31"><span class='ocrx_word' id='word_1_818' title='bbox 2173 4511 2268 4553; x_wconf 90' lang='lat' dir='ltr'><strong>eos</strong></span> <span class='ocrx_word' id='word_1_819' title='bbox 2309 4500 2398 4569; x_wconf 89' lang='lat' dir='ltr'><strong>qui</strong></span> <span class='ocrx_word' id='word_1_820' title='bbox 2448 4501 2499 4555; x_wconf 92' lang='lat' dir='ltr'><strong>in</strong></span> <span class='ocrx_word' id='word_1_821' title='bbox 2547 4501 2810 4571; x_wconf 89' lang='lat' dir='ltr'><strong>profundo</strong></span> <span class='ocrx_word' id='word_1_822' title='bbox 2854 4506 3011 4577; x_wconf 78' lang='lat' dir='ltr'><strong>hujus</strong></span> <span class='ocrx_word' id='word_1_823' title='bbox 3067 4513 3245 4567; x_wconf 63' lang='lat' dir='ltr'><strong>saaculi</strong></span> <span class='ocrx_word' id='word_1_824' title='bbox 3288 4513 3467 4583; x_wconf 91' lang='lat' dir='ltr'><strong>jacent</strong></span> <span class='ocrx_word' id='word_1_825' title='bbox 3497 4516 3749 4576; x_wconf 88' lang='lat' dir='ltr'><strong>demersi</strong></span> 
     </span>
    </p>
   </div>
   <div class='ocr_carea' id='block_1_107' title="bbox 2173 4589 3751 4665">
    <p class='ocr_par' dir='ltr' id='par_1_107' title="bbox 2173 4589 3751 4665">
     <span class='ocr_line' id='line_1_107' title="bbox 2173 4589 3751 4665; baseline 0.013 -22"><span class='ocrx_word' id='word_1_826' title='bbox 2173 4589 2410 4659; x_wconf 89' lang='lat' dir='ltr'><strong>pondere</strong></span> <span class='ocrx_word' id='word_1_827' title='bbox 2454 4602 2819 4664; x_wconf 88' lang='lat' dir='ltr'><strong>peccatorum,</strong></span> <span class='ocrx_word' id='word_1_828' title='bbox 2867 4599 2957 4654; x_wconf 92' lang='lat' dir='ltr'><strong>ubi</strong></span> <span class='ocrx_word' id='word_1_829' title='bbox 3002 4615 3290 4659; x_wconf 91' lang='lat' dir='ltr'><strong>conversus</strong></span> <span class='ocrx_word' id='word_1_830' title='bbox 3324 4606 3412 4662; x_wconf 91' lang='lat' dir='ltr'><strong>ille</strong></span> <span class='ocrx_word' id='word_1_831' title='bbox 3447 4607 3620 4663; x_wconf 88' lang='lat' dir='ltr'><strong>dicit:</strong></span> <span class='ocrx_word' id='word_1_832' title='bbox 3671 4610 3751 4665; x_wconf 84' lang='lat' dir='ltr'><strong>De</strong></span> 
     </span>
    </p>
   </div>
   <div class='ocr_carea' id='block_1_108' title="bbox 2173 4682 3755 4771">
    <p class='ocr_par' dir='ltr' id='par_1_108' title="bbox 2173 4682 3755 4771">
     <span class='ocr_line' id='line_1_108' title="bbox 2173 4682 3755 4771; baseline 0.017 -40"><span class='ocrx_word' id='word_1_833' title='bbox 2173 4682 2443 4751; x_wconf 80' lang='lat' dir='ltr'><strong>profundis</strong></span> <span class='ocrx_word' id='word_1_834' title='bbox 2471 4683 2685 4739; x_wconf 89' lang='lat' dir='ltr'><strong>clamavi</strong></span> <span class='ocrx_word' id='word_1_835' title='bbox 2707 4685 2776 4739; x_wconf 89' lang='lat' dir='ltr'><strong>ad</strong></span> <span class='ocrx_word' id='word_1_836' title='bbox 2811 4697 2877 4755; x_wconf 92' lang='lat' dir='ltr'><strong>te,</strong></span> <span class='ocrx_word' id='word_1_837' title='bbox 2905 4689 3120 4746; x_wconf 90' lang='lat' dir='ltr'><strong>Domine</strong></span> <span class='ocrx_word' id='word_1_838' title='bbox 3161 4693 3331 4765; x_wconf 84' lang='lat' dir='ltr'><strong>(Psul.</strong></span> <span class='ocrx_word' id='word_1_839' title='bbox 3375 4712 3561 4767; x_wconf 79' lang='lat' dir='ltr'><strong>cxxlx,</strong></span> <span class='ocrx_word' id='word_1_840' title='bbox 3593 4701 3673 4771; x_wconf 84' lang='lat' dir='ltr'><strong>l).</strong></span> <span class='ocrx_word' id='word_1_841' title='bbox 3698 4702 3755 4759; x_wconf 91' lang='lat' dir='ltr'><strong>Si</strong></span> 
     </span>
    </p>
   </div>
   <div class='ocr_carea' id='block_1_109' title="bbox 2171 4781 3754 4866">
    <p class='ocr_par' dir='ltr' id='par_1_109' title="bbox 2171 4781 3754 4866">
     <span class='ocr_line' id='line_1_109' title="bbox 2171 4781 3754 4866; baseline 0.015 -41"><span class='ocrx_word' id='word_1_842' title='bbox 2171 4781 2350 4828; x_wconf 91' lang='lat' dir='ltr'><strong>autem</strong></span> <span class='ocrx_word' id='word_1_843' title='bbox 2383 4791 2487 4830; x_wconf 88' lang='lat' dir='ltr'><strong>non</strong></span> <span class='ocrx_word' id='word_1_844' title='bbox 2517 4785 2618 4844; x_wconf 91' lang='lat' dir='ltr'><strong>est,</strong></span> <span class='ocrx_word' id='word_1_845' title='bbox 2649 4789 2957 4847; x_wconf 88' lang='lat' dir='ltr'><strong>convertam,</strong></span> <span class='ocrx_word' id='word_1_846' title='bbox 2997 4784 3112 4849; x_wconf 89' lang='lat' dir='ltr'><strong>sed,</strong></span> <span class='ocrx_word' id='word_1_847' title='bbox 3139 4799 3404 4843; x_wconf 86' lang='lat' dir='ltr'><strong>convertar</strong></span> <span class='ocrx_word' id='word_1_848' title='bbox 3438 4791 3493 4845; x_wconf 91' lang='lat' dir='ltr'><strong>in</strong></span> <span class='ocrx_word' id='word_1_849' title='bbox 3530 4798 3754 4866; x_wconf 78' lang='lat' dir='ltr'><strong>profun-</strong></span> 
     </span>
    </p>
   </div>
   <div class='ocr_carea' id='block_1_110' title="bbox 2171 4862 3754 4942">
    <p class='ocr_par' dir='ltr' id='par_1_110' title="bbox 2171 4862 3754 4942">
     <span class='ocr_line' id='line_1_110' title="bbox 2171 4862 3754 4942; baseline 0.015 -26"><span class='ocrx_word' id='word_1_850' title='bbox 2171 4862 2295 4917; x_wconf 90' lang='lat' dir='ltr'><strong>dum</strong></span> <span class='ocrx_word' id='word_1_851' title='bbox 2341 4867 2514 4933; x_wconf 86' lang='lat' dir='ltr'><strong>maris,</strong></span> <span class='ocrx_word' id='word_1_852' title='bbox 2544 4866 2645 4924; x_wconf 91' lang='lat' dir='ltr'><strong>hoc</strong></span> <span class='ocrx_word' id='word_1_853' title='bbox 2697 4869 3010 4942; x_wconf 85' lang='lat' dir='ltr'><strong>intelligitur</strong></span> <span class='ocrx_word' id='word_1_854' title='bbox 3063 4874 3263 4933; x_wconf 84' lang='lat' dir='ltr'><strong>dixisse</strong></span> <span class='ocrx_word' id='word_1_855' title='bbox 3321 4862 3754 4939; x_wconf 23' lang='lat' dir='ltr'><strong>Dominumvno-</strong></span> 
     </span>
    </p>
   </div>
   <div class='ocr_carea' id='block_1_111' title="bbox 2171 4960 3754 5033">
    <p class='ocr_par' dir='ltr' id='par_1_111' title="bbox 2171 4960 3754 5033">
     <span class='ocr_line' id='line_1_111' title="bbox 2171 4960 3754 5033; baseline 0.012 -19"><span class='ocrx_word' id='word_1_856' title='bbox 2171 4969 2362 5027; x_wconf 88' lang='lat' dir='ltr'><strong>strum,</strong></span> <span class='ocrx_word' id='word_1_857' title='bbox 2385 4960 2526 5031; x_wconf 90' lang='lat' dir='ltr'><strong>quod</strong></span> <span class='ocrx_word' id='word_1_858' title='bbox 2552 4976 2646 5016; x_wconf 93' lang='lat' dir='ltr'><strong>sua</strong></span> <span class='ocrx_word' id='word_1_859' title='bbox 2672 4963 3035 5020; x_wconf 88' lang='lat' dir='ltr'><strong>misericordia</strong></span> <span class='ocrx_word' id='word_1_860' title='bbox 3067 4980 3465 5028; x_wconf 90' lang='lat' dir='ltr'><strong>converteretur</strong></span> <span class='ocrx_word' id='word_1_861' title='bbox 3501 4975 3661 5030; x_wconf 88' lang='lat' dir='ltr'><strong>etiam</strong></span> <span class='ocrx_word' id='word_1_862' title='bbox 3702 4977 3754 5033; x_wconf 90' lang='lat' dir='ltr'><strong>in</strong></span> 
     </span>
    </p>
   </div>
   <div class='ocr_carea' id='block_1_112' title="bbox 2171 5051 3754 5139">
    <p class='ocr_par' dir='ltr' id='par_1_112' title="bbox 2171 5051 3754 5139">
     <span class='ocr_line' id='line_1_112' title="bbox 2171 5051 3754 5139; baseline 0.011 -34"><span class='ocrx_word' id='word_1_863' title='bbox 2171 5051 2491 5122; x_wconf 83' lang='lat' dir='ltr'><strong>profundum</strong></span> <span class='ocrx_word' id='word_1_864' title='bbox 2541 5055 2738 5120; x_wconf 89' lang='lat' dir='ltr'><strong>maris,</strong></span> <span class='ocrx_word' id='word_1_865' title='bbox 2781 5056 2848 5112; x_wconf 92' lang='lat' dir='ltr'><strong>ad</strong></span> <span class='ocrx_word' id='word_1_866' title='bbox 2901 5072 2996 5114; x_wconf 91' lang='lat' dir='ltr'><strong>eos</strong></span> <span class='ocrx_word' id='word_1_867' title='bbox 3051 5076 3261 5132; x_wconf 88' lang='lat' dir='ltr'><strong>quoque</strong></span> <span class='ocrx_word' id='word_1_868' title='bbox 3317 5063 3618 5122; x_wconf 88' lang='lat' dir='ltr'><strong>liberandos</strong></span> <span class='ocrx_word' id='word_1_869' title='bbox 3663 5070 3754 5139; x_wconf 89' lang='lat' dir='ltr'><strong>qui</strong></span> 
     </span>
    </p>
   </div>
   <div class='ocr_carea' id='block_1_113' title="bbox 2173 5145 3751 5233">
    <p class='ocr_par' dir='ltr' id='par_1_113' title="bbox 2173 5145 3751 5233">
     <span class='ocr_line' id='line_1_113' title="bbox 2173 5145 3751 5233; baseline 0.012 -34"><span class='ocrx_word' id='word_1_870' title='bbox 2173 5157 2352 5200; x_wconf 86' lang='lat' dir='ltr'><strong>essent</strong></span> <span class='ocrx_word' id='word_1_871' title='bbox 2393 5147 2551 5200; x_wconf 87' lang='lat' dir='ltr'><strong>etiam</strong></span> <span class='ocrx_word' id='word_1_872' title='bbox 2601 5145 3016 5218; x_wconf 87' lang='lat' dir='ltr'><strong>desperatissimi</strong></span> <span class='ocrx_word' id='word_1_873' title='bbox 3065 5163 3395 5223; x_wconf 80' lang='lat' dir='ltr'><strong>peccatores.</strong></span> <span class='ocrx_word' id='word_1_874' title='bbox 3436 5159 3751 5233; x_wconf 80' lang='lat' dir='ltr'><strong>Quanquam</strong></span> 
     </span>
    </p>
   </div>
   <div class='ocr_carea' id='block_1_114' title="bbox 2173 5235 3753 5325">
    <p class='ocr_par' dir='ltr' id='par_1_114' title="bbox 2173 5235 3753 5325">
     <span class='ocr_line' id='line_1_114' title="bbox 2173 5235 3753 5325; baseline 0.013 -35"><span class='ocrx_word' id='word_1_875' title='bbox 2173 5235 2224 5290; x_wconf 90' lang='lat' dir='ltr'><strong>in</strong></span> <span class='ocrx_word' id='word_1_876' title='bbox 2252 5237 2427 5306; x_wconf 84' lang='lat' dir='ltr'><strong>aliquo</strong></span> <span class='ocrx_word' id='word_1_877' title='bbox 2465 5253 2640 5307; x_wconf 66' lang='lat' dir='ltr'><strong>grasco</strong></span> <span class='ocrx_word' id='word_1_878' title='bbox 2684 5239 2998 5309; x_wconf 87' lang='lat' dir='ltr'><strong>invenerim,</strong></span> <span class='ocrx_word' id='word_1_879' title='bbox 3029 5260 3156 5312; x_wconf 88' lang='lat' dir='ltr'><strong>non,</strong></span> <span class='ocrx_word' id='word_1_880' title='bbox 3190 5247 3244 5301; x_wconf 89' lang='lat' dir='ltr'><strong>in</strong></span> <span class='ocrx_word' id='word_1_881' title='bbox 3273 5251 3604 5322; x_wconf 85' lang='lat' dir='ltr'><strong>profundum,</strong></span> <span class='ocrx_word' id='word_1_882' title='bbox 3631 5256 3753 5325; x_wconf 85' lang='lat' dir='ltr'><strong>sed,</strong></span> 
     </span>
    </p>
   </div>
   <div class='ocr_carea' id='block_1_115' title="bbox 2171 5326 3754 5409">
    <p class='ocr_par' dir='ltr' id='par_1_115' title="bbox 2171 5326 3754 5409">
     <span class='ocr_line' id='line_1_115' title="bbox 2171 5326 3754 5409; baseline 0.015 -30"><span class='ocrx_word' id='word_1_883' title='bbox 2171 5326 2224 5380; x_wconf 90' lang='lat' dir='ltr'><strong>in</strong></span> <span class='ocrx_word' id='word_1_884' title='bbox 2253 5328 2541 5398; x_wconf 84' lang='lat' dir='ltr'><strong>profundis,</strong></span> <span class='ocrx_word' id='word_1_885' title='bbox 2561 5327 2664 5384; x_wconf 89' lang='lat' dir='ltr'><strong>hoc</strong></span> <span class='ocrx_word' id='word_1_886' title='bbox 2684 5339 2786 5398; x_wconf 90' lang='lat' dir='ltr'><strong>est,</strong></span> <span class='ocrx_word' id='word_1_887' title='bbox 2817 5337 2864 5385; x_wconf 66' lang='grc' dir='ltr'><strong>ἐν</strong></span> <span class='ocrx_word' id='word_1_888' title='bbox 2885 5342 3081 5406; x_wconf 73' lang='grc' dir='ltr'><strong>βυθοῖςς</strong></span> <span class='ocrx_word' id='word_1_889' title='bbox 3115 5337 3256 5408; x_wconf 91' lang='lat' dir='ltr'><strong>quod</strong></span> <span class='ocrx_word' id='word_1_890' title='bbox 3284 5341 3513 5409; x_wconf 90' lang='lat' dir='ltr'><strong>priorem</strong></span> <span class='ocrx_word' id='word_1_891' title='bbox 3535 5359 3754 5402; x_wconf 86' lang='lat' dir='ltr'><strong>sensum</strong></span> 
     </span>
    </p>
   </div>
   <div class='ocr_carea' id='block_1_116' title="bbox 2171 5418 3760 5496">
    <p class='ocr_par' dir='ltr' id='par_1_116' title="bbox 2171 5418 3760 5496">
     <span class='ocr_line' id='line_1_116' title="bbox 2171 5418 3760 5496; baseline 0.015 -25"><span class='ocrx_word' id='word_1_892' title='bbox 2171 5418 2470 5484; x_wconf 81' lang='lat' dir='ltr'><strong>confirmat,</strong></span> <span class='ocrx_word' id='word_1_893' title='bbox 2501 5419 2641 5491; x_wconf 88' lang='lat' dir='ltr'><strong>quod</strong></span> <span class='ocrx_word' id='word_1_894' title='bbox 2682 5422 2846 5477; x_wconf 86' lang='lat' dir='ltr'><strong>etiam</strong></span> <span class='ocrx_word' id='word_1_895' title='bbox 2895 5424 2968 5479; x_wconf 90' lang='lat' dir='ltr'><strong>ibi</strong></span> <span class='ocrx_word' id='word_1_896' title='bbox 3019 5425 3159 5483; x_wconf 84' lang='lat' dir='ltr'><strong>Deus</strong></span> <span class='ocrx_word' id='word_1_897' title='bbox 3201 5440 3478 5487; x_wconf 89' lang='lat' dir='ltr'><strong>convertat</strong></span> <span class='ocrx_word' id='word_1_898' title='bbox 3505 5434 3573 5490; x_wconf 91' lang='lat' dir='ltr'><strong>ad</strong></span> <span class='ocrx_word' id='word_1_899' title='bbox 3602 5451 3663 5491; x_wconf 87' lang='lat' dir='ltr'><strong>se</strong></span> <span class='ocrx_word' id='word_1_900' title='bbox 3693 5439 3760 5496; x_wconf 83' lang='lat' dir='ltr'><strong>de</strong></span> 
     </span>
    </p>
   </div>
   <div class='ocr_carea' id='block_1_117' title="bbox 2170 5508 3760 5598">
    <p class='ocr_par' dir='ltr' id='par_1_117' title="bbox 2170 5508 3760 5598">
     <span class='ocr_line' id='line_1_117' title="bbox 2170 5508 3760 5598; baseline 0.014 -36"><span class='ocrx_word' id='word_1_901' title='bbox 2170 5508 2448 5578; x_wconf 81' lang='lat' dir='ltr'><strong>profundis</strong></span> <span class='ocrx_word' id='word_1_902' title='bbox 2473 5510 2782 5568; x_wconf 81' lang='lat' dir='ltr'><strong>clamantes.</strong></span> <span class='ocrx_word' id='word_1_903' title='bbox 2825 5512 2926 5580; x_wconf 90' lang='lat' dir='ltr'><strong>Qui</strong></span> <span class='ocrx_word' id='word_1_904' title='bbox 2971 5524 3027 5570; x_wconf 89' lang='lat' dir='ltr'><strong>et</strong></span> <span class='ocrx_word' id='word_1_905' title='bbox 3072 5517 3118 5573; x_wconf 89' lang='lat' dir='ltr'><strong>si</strong></span> <span class='ocrx_word' id='word_1_906' title='bbox 3162 5519 3485 5592; x_wconf 86' lang='lat' dir='ltr'><strong>intelligatur</strong></span> <span class='ocrx_word' id='word_1_907' title='bbox 3523 5524 3598 5580; x_wconf 92' lang='lat' dir='ltr'><strong>ibi</strong></span> <span class='ocrx_word' id='word_1_908' title='bbox 3642 5526 3760 5598; x_wconf 86' lang='lat' dir='ltr'><strong>ipse</strong></span> 
     </span>
    </p>
   </div>
   <div class='ocr_carea' id='block_1_118' title="bbox 2171 5602 3762 5680">
    <p class='ocr_par' dir='ltr' id='par_1_118' title="bbox 2171 5602 3762 5680">
     <span class='ocr_line' id='line_1_118' title="bbox 2171 5602 3762 5680; baseline 0.013 -23"><span class='ocrx_word' id='word_1_909' title='bbox 2171 5602 2408 5658; x_wconf 83' lang='lat' dir='ltr'><strong>converti</strong></span> <span class='ocrx_word' id='word_1_910' title='bbox 2457 5603 2523 5658; x_wconf 87' lang='lat' dir='ltr'><strong>ad</strong></span> <span class='ocrx_word' id='word_1_911' title='bbox 2575 5605 2880 5663; x_wconf 84' lang='lat' dir='ltr'><strong>liberandos</strong></span> <span class='ocrx_word' id='word_1_912' title='bbox 2923 5609 3084 5665; x_wconf 89' lang='lat' dir='ltr'><strong>etiam</strong></span> <span class='ocrx_word' id='word_1_913' title='bbox 3117 5611 3268 5680; x_wconf 88' lang='lat' dir='ltr'><strong>tales,</strong></span> <span class='ocrx_word' id='word_1_914' title='bbox 3300 5630 3406 5671; x_wconf 93' lang='lat' dir='ltr'><strong>non</strong></span> <span class='ocrx_word' id='word_1_915' title='bbox 3437 5625 3520 5673; x_wconf 91' lang='lat' dir='ltr'><strong>est</strong></span> <span class='ocrx_word' id='word_1_916' title='bbox 3571 5621 3762 5678; x_wconf 78' lang='lat' dir='ltr'><strong>incon-</strong></span> 
     </span>
    </p>
   </div>
   <div class='ocr_carea' id='block_1_119' title="bbox 2235 5738 3752 5812">
    <p class='ocr_par' dir='ltr' id='par_1_119' title="bbox 2235 5738 3752 5812">
     <span class='ocr_line' id='line_1_119' title="bbox 2235 5738 3752 5812; baseline 0.013 -27"><span class='ocrx_word' id='word_1_917' title='bbox 2235 5739 2250 5769; x_wconf 77' lang='grc' dir='ltr'>ί</span> <span class='ocrx_word' id='word_1_918' title='bbox 2286 5738 2359 5809; x_wconf 72' lang='lat' dir='ltr'><strong>sic</strong></span> <span class='ocrx_word' id='word_1_919' title='bbox 2383 5739 2596 5802; x_wconf 83' lang='lat' dir='ltr'><strong>potiores</strong></span> <span class='ocrx_word' id='word_1_920' title='bbox 2621 5749 2722 5792; x_wconf 70' lang='lat' dir='ltr'><strong>Mss.</strong></span> <span class='ocrx_word' id='word_1_921' title='bbox 2751 5740 2834 5796; x_wconf 81' lang='lat' dir='ltr'><strong>Alii</strong></span> <span class='ocrx_word' id='word_1_922' title='bbox 2857 5751 3025 5796; x_wconf 70' lang='lat' dir='ltr'><strong>carent</strong></span> <span class='ocrx_word' id='word_1_923' title='bbox 3067 5743 3150 5797; x_wconf 87' lang='lat' dir='ltr'><strong>si:</strong></span> <span class='ocrx_word' id='word_1_924' title='bbox 3177 5745 3254 5799; x_wconf 88' lang='lat' dir='ltr'><strong>vel</strong></span> <span class='ocrx_word' id='word_1_925' title='bbox 3278 5760 3384 5800; x_wconf 90' lang='lat' dir='ltr'><strong>cum</strong></span> <span class='ocrx_word' id='word_1_926' title='bbox 3417 5751 3510 5802; x_wconf 67' lang='lat' dir='ltr'><strong>add</strong></span> <span class='ocrx_word' id='word_1_927' title='bbox 3556 5754 3752 5812; x_wconf 65' lang='lat' dir='ltr'><strong>nubent</strong></span> 
     </span>
    </p>
   </div>
   <div class='ocr_carea' id='block_1_120' title="bbox 2170 5811 2373 5851">
    <p class='ocr_par' dir='ltr' id='par_1_120' title="bbox 2170 5811 2373 5851">
     <span class='ocr_line' id='line_1_120' title="bbox 2170 5811 2373 5851; baseline 0 -2"><span class='ocrx_word' id='word_1_928' title='bbox 2170 5811 2373 5851; x_wconf 70' lang='grc' dir='ltr'><strong>ηοηηια.</strong></span> 
     </span>
    </p>
   </div>
  </div>
