4038 6490
260 374 364 434 833

256 498 486 554 gruum:
516 492 571 538 et
600 483 669 537 lta
707 495 800 537 eos
840 481 1127 547 convertit,
1152 480 1235 537 vel
1279 482 1347 537 ad
1393 496 1488 537 eos
1534 481 1836 538 liberandos

257 577 329 630 ita
356 577 705 640 convertitur,
744 584 801 628 ut
847 575 1113 644 tinguntur
1162 588 1254 644 pes
1297 574 1413 644 ejus
1462 575 1514 629 in
1558 574 1836 644 sanguine.

253 665 408 732 Quod
437 666 506 720 ad
541 666 713 735 ipsum
749 665 1026 719 Dominum
1058 664 1323 734 Propheta
1348 664 1515 719 dicit:
1552 664 1620 719 Ut
1642 666 1841 733 tingua-

254 764 340 806 tur
366 771 456 822 pes
477 764 594 807 tuus
621 754 673 807 in
698 753 943 823 sanguine
966 768 986 806 :
1016 753 1069 807 id
1093 761 1196 819 est,
1226 762 1282 807 ut
1307 753 1404 822 ipsi
1433 754 1521 823 qui
1550 753 1615 807 ad
1645 764 1694 808 te
1716 767 1841 808 eon-

254 854 560 910 vertuntur,
591 844 675 899 vel
700 843 769 898 ad
809 858 943 913 quos
987 843 1289 898 liberandos
1325 844 1675 907 converteris,
1717 844 1841 898 licet

253 936 307 989 in
341 934 610 1004 profundo
640 936 801 989 maris
828 949 992 990 onere
1034 935 1324 1004 iniquitatis
1357 933 1595 1004 depressi
1624 932 1837 999 iuerint,

253 1026 306 1079 in
339 1035 545 1081 tantum
570 1027 735 1096 gratia
757 1034 841 1080 tua
860 1025 1156 1095 proﬁciant,
1179 1026 1429 1096 quoniam
1458 1026 1543 1080 ubi
1568 1024 1840 1079 abundavit

252 1126 555 1185 peccatum,
597 1115 1021 1186 superabundavit
1066 1117 1235 1186 gratia
1284 1115 1458 1186 (Rom.
1507 1132 1560 1180 v,
1609 1115 1725 1187 20).
1770 1115 1841 1171 Ut

255 1209 385 1261 tiant
429 1222 527 1277 pes
556 1218 676 1261 tuus
717 1207 856 1262 inter
901 1206 1138 1261 membra
1184 1214 1294 1272 tua,
1326 1205 1391 1259 ad
1421 1204 1836 1259 annuntiaudum

256 1298 608 1369 Evangelium
636 1307 804 1365 tuum,
832 1306 885 1353 ct
913 1312 1012 1367 pro
1040 1297 1256 1369 nomine
1304 1303 1396 1351 tuo
1421 1295 1512 1350 diu
1551 1295 1837 1350 ducentes‘

255 1391 593 1463 martyrium,
616 1406 782 1460 usque
806 1389 871 1444 ad
901 1389 1210 1459 sanguinem
1228 1395 1453 1443 certent.
1471 1386 1560 1442 Sic
1586 1387 1751 1450 enim,
1782 1395 1839 1440 ιιι

255 1482 513 1548 arbitror,
544 1480 948 1537 convenientius
990 1479 1303 1551 intelligitur
1343 1492 1439 1547 pes
1480 1477 1597 1547 ejus
1641 1478 1838 1531 tinctus

255 1572 309 1626 in
340 1572 624 1640 sanguine.

324 1659 417 1715 52.
454 1659 688 1729 Denique
710 1658 945 1729 adjungit
963 1700 978 1723 ,
1008 1657 1207 1728 Lingua
1224 1672 1405 1710 canunt
1431 1664 1630 1709 tuorum
1654 1671 1716 1708 ea:
1735 1653 1838 1708 ini-

253 1754 399 1808 micis
423 1752 488 1806 ab
513 1753 623 1824 ipso
652 1768 671 1806 :
702 1751 918 1806 eosdem
948 1753 1090 1820 ipsos
1115 1749 1201 1819 qui
1246 1762 1412 1817 usque
1439 1748 1504 1801 ad
1529 1746 1836 1816 sanguinem

256 1842 470 1897 fuerant
493 1857 589 1912 pro
619 1841 718 1896 tide
743 1841 1046 1911 evangelica
1074 1839 1346 1903 certaturi,
1374 1838 1531 1892 etiam
1560 1851 1720 1891 canes
1748 1852 1839 1891 vo-

150 2000 157 2007 ,
254 1948 419 1999 cans,
469 1941 716 2002 tanquam
744 1946 840 2001 pro
868 1946 966 1986 suo
994 1931 1219 1984 Domino
1261 1929 1533 1983 latrantes.
1574 1926 1689 1981 Non
1721 1926 1839 1981 illos

254 2038 419 2078 canes
437 2064 455 2088 ,
480 2022 550 2078 de
575 2023 767 2093 quibus
791 2022 919 2076 dicit
948 2021 1233 2091 Apostolus
1250 2060 1265 2085 ,
1298 2018 1476 2073 Cavete
1502 2034 1649 2072 canes
1682 2016 1837 2089 (Plii-

257 2114 384 2183 lipp.
406 2129 485 2177 tu,
512 2113 607 2183 2):
626 2113 718 2168 sed
747 2113 866 2168 illos
890 2112 978 2182 qui
1002 2111 1156 2165 edunt
1180 2112 1242 2164 de
1267 2108 1409 2163 micis
1432 2124 1545 2179 qua
1564 2108 1751 2162 cadunt
1776 2107 1839 2161 de

257 2221 431 2259 mensa
461 2204 779 2257 dominorum
803 2218 1026 2257 suorum.
1058 2201 1167 2256 Iloc
1192 2201 1334 2255 enim
1359 2198 1599 2253 confessa
1625 2197 1836 2253 Chana-

259 2308 370 2348 n:ca
402 2293 596 2348 meruit
638 2293 823 2348 audire
856 2311 870 2347 :
904 2282 947 2346 0
978 2292 1189 2357 mulier,
1237 2307 1421 2361 magna
1449 2300 1520 2344 est
1557 2290 1683 2358 ﬁdes
1710 2288 1839 2342 tua!

258 2385 347 2453 ﬁat
389 2385 479 2438 tibi
504 2385 634 2437 sicut
657 2385 728 2438 vis
771 2382 984 2454 (Matth.
1016 2398 1081 2436 sv
1100 2423 1116 2450 ,
1144 2381 1260 2453 28).
1292 2379 1464 2436 Canes
1503 2380 1794 2434 laudabiles
1819 2420 1833 2444 ,

258 2490 362 2528 non
394 2474 773 2540 detestabiles;
805 2473 960 2527 tidem
985 2482 1259 2527 servantes
1286 2471 1502 2526 domino
1526 2486 1643 2535 suo,
1667 2478 1721 2524 et
1742 2487 1837 2539 pro

257 2567 369 2635 ejus
394 2565 557 2620 domo
589 2574 773 2620 contra
815 2565 1057 2619 inimicos
1088 2565 1360 2619 latrantes.
1400 2563 1515 2618 Non
1544 2564 1684 2618 enim
1718 2573 1833 2617 tauo

258 2655 530 2710 tummodo
552 2672 732 2709 canum
751 2655 886 2709 dixit
906 2648 931 2721 ,’
947 2656 1040 2710 sed
1064 2672 1243 2709 canum
1267 2664 1502 2721 tuorum;
1528 2670 1626 2709 nec
1649 2670 1834 2710 eorum

253 2747 479 2813 dentes,
510 2747 602 2800 sed
633 2747 807 2817 lingua
834 2745 1040 2801 laudata
1071 2754 1153 2800 est
1186 2764 1198 2799 :
1231 2746 1482 2815 quoniam
1520 2760 1625 2799 non
1656 2746 1835 2814 utique

252 2840 473 2905 frustra,
497 2854 594 2893 nec
623 2840 738 2893 sine
764 2854 954 2909 magno
977 2846 1309 2893 sacramento
1335 2836 1549 2892 Gedeou
1578 2837 1721 2891 solos
1741 2850 1853 2892 eos’

245 2931 431 3000 jussus
455 2941 535 2984 est
552 2930 763 2997 ducere,
783 2931 870 3000 qui
896 2929 1127 2984 ﬂuminis
1156 2945 1345 3000 aquam
1363 2930 1497 2985 sicut
1521 2944 1681 2984 canes
1703 2929 1834 2983 lam-

251 3024 477 3091 berent;
508 3025 742 3093 talesque
773 3038 876 3077 non
903 3023 1131 3092 amplius
1157 3038 1316 3093 quam
1359 3024 1580 3077 trecenti
1609 3022 1659 3076 in
1689 3030 1830 3076 tanta

250 3116 587 3170 multitudine
614 3115 808 3169 inventi
836 3125 957 3169 sunt
984 3113 1180 3185 (Judic.
1209 3130 1295 3179 vn,
1328 3114 1381 3178 5,
1414 3112 1491 3185 6).
1522 3114 1576 3168 In
1607 3129 1712 3184 quo
1733 3129 1829 3167 nu-

249 3222 396 3263 mero
411 3209 587 3262 crucis
609 3208 814 3277 signum
833 3216 915 3261 est
933 3217 1145 3277 propter
1165 3232 1192 3261 τ
1211 3207 1466 3271 litteram,
1484 3222 1603 3277 qua:
1629 3206 1680 3260 in
1699 3222 1833 3275 grat-

244 3299 323 3354 cis
350 3314 696 3353 numerorum
741 3298 880 3352 notis
919 3306 1186 3353 trecentos
1224 3298 1506 3368 significat.
1536 3298 1609 3353 De
1639 3299 1831 3353 talibus

245 3391 470 3445 canibus
496 3400 550 3445 et
573 3391 626 3444 in
655 3391 760 3444 alio
788 3389 993 3459 psalmo
1021 3389 1215 3444 dicitur
1238 3408 1251 3442 :
1275 3390 1633 3445 Convertentur
1658 3390 1727 3443 ad
1752 3406 1831 3443 ve-

244 3502 445 3554 speram
466 3524 479 3547 ,
508 3492 556 3538 et
582 3483 764 3551 {ament
789 3484 1041 3552 patientur
1071 3492 1123 3535 ut
1145 3492 1295 3536 canes
1320 3481 1488 3554 (Psal.
1520 3498 1680 3548 LVIII,
1716 3482 1827 3552 I5).

244 3574 375 3629 Nam
401 3584 457 3628 et
470 3574 683 3645 quidam
700 3588 861 3628 canes
882 3573 1189 3642 reprehensi
1214 3581 1339 3627 sunt
1353 3588 1382 3627 a
1401 3572 1654 3643 pr0pheta
1673 3571 1822 3638 Isaia,

242 3682 348 3721 non
390 3665 512 3720 ideo
540 3664 679 3734 quod
708 3679 868 3719 canes
895 3672 1075 3720 essent
1095 3705 1108 3727 ,
1141 3663 1233 3718 sed
1261 3664 1401 3733 quod
1431 3664 1622 3719 latrare
1651 3664 1827 3718 nesci-

243 3767 455 3821 rent,et
479 3757 767 3812 dormitare
793 3764 1034 3812 amarent
1064 3755 1213 3829 (Isai.
1246 3772 1353 3822 ινι,
1373 3756 1485 3828 10).
1517 3755 1617 3811 Ubi
1648 3756 1827 3825 utique

243 3849 663 3915 demonstravit,
697 3850 817 3919 quia
862 3849 906 3903 si
937 3849 1216 3919 vigilarent
1241 3858 1296 3903 et
1341 3862 1437 3917 pro
1482 3847 1699 3903 domino
1727 3862 1827 3903 suo

243 3943 537 4007 latrarent,
571 3940 863 3997 laudabiles
905 3955 1065 3995 canes
1110 3947 1335 3995 essent:
1370 3939 1507 3994 sicut
1549 3939 1828 3993 laudantur

241 4034 327 4088 isti
358 4033 428 4089 de
452 4033 642 4103 quibus
664 4031 877 4097 dicitur,
912 4029 1110 4101 Lingua
1137 4046 1319 4084 canunt
1342 4040 1563 4083 tuorum.
1586 4029 1729 4095 Quos
1751 4037 1828 4083 ta-

243 4143 366 4183 men
390 4119 657 4196 Propbéta
685 4140 750 4180 ex
779 4125 1007 4178 inimicis
1035 4124 1237 4177 futuros
1279 4136 1398 4176 esse
1423 4120 1666 4191 prmdixit
1684 4162 1699 4185 ,
1733 4136 1828 4191 per

243 4221 388 4275 illam
438 4219 643 4273 scilicet
669 4219 1074 4273 conversionem
1122 4215 1189 4269 de
1218 4230 1319 4284 qua
1350 4214 1593 4284 superius
1640 4213 1824 4283 loque-

242 4310 418 4365 batur.
450 4309 601 4365 Unde
643 4318 698 4363 et
741 4309 831 4363 ille
872 4307 1105 4377 psalmus
1136 4322 1150 4357 :
1185 4305 1546 4359 Converteutur
1567 4344 1583 4369 ,
1615 4302 1821 4373 inquit,

239 4402 311 4455 ad
354 4417 607 4471 vesperam
630 4441 646 4465 ,
694 4409 742 4453 et
787 4403 972 4469 fantem
1020 4398 1272 4467 patientur
1312 4405 1366 4449 ut
1409 4410 1576 4449 canes.
1628 4393 1825 4448 Deinde

243 4492 411 4545 veluti
454 4488 810 4561 qnmrentibus
854 4486 996 4541 unde
1040 4486 1142 4540 hoc
1190 4484 1296 4539 illis
1338 4492 1540 4538 tantum
1584 4482 1821 4549 bonum,

164 4574 171 4581 ’
242 4589 303 4635 ut
344 4594 506 4635 canes
551 4580 667 4649 ejus
714 4579 942 4642 tierent,
989 4576 1143 4646 cujus
1185 4576 1393 4629 fuerant
1437 4573 1684 4639 inimici;
1734 4588 1824 4627 re-

237 4692 502 4747 sponsum
540 4685 624 4730 est
652 4716 667 4739 ,
716 4674 780 4729 ab
825 4675 955 4745 ipso.
1003 4671 1093 4727 Sic
1138 4672 1283 4726 enim
1332 4669 1522 4740 legitur
1569 4684 1581 4720 :
1630 4664 1826 4736 Lingua

237 4785 428 4822 canunt
457 4777 656 4821 tuorum
683 4783 745 4820 ea:
789 4764 1006 4819 inimicis
1044 4763 1107 4817 ob
1154 4763 1285 4834 ipso.
1317 4761 1486 4831 Ipsius
1532 4758 1713 4828 utique
1740 4756 1825 4811 di-

240 4859 510 4923 lectione,
565 4858 730 4927 ipsius
778 4854 1183 4918 misericordia,
1239 4852 1405 4922 ipsius
1450 4849 1639 4921 gratia.
1690 4847 1823 4903 Nam

237 4951 455 5022 quando
499 4950 549 5005 id
596 4959 815 5020 possent
858 4964 889 5002 a
936 4947 1166 5017 scipsis?
1208 4945 1583 5000 Etenimeum
1626 4939 1826 4994 inimici

237 5056 521 5105 essemus,
568 5040 892 5096 reconciliati
938 5051 1125 5093 sumus
1171 5036 1280 5090 Deo
1327 5049 1423 5103 per
1467 5039 1692 5086 mortem
1733 5028 1825 5082 Fi-

239 5134 293 5187 lii
324 5132 443 5201 ejus
495 5130 683 5203 (Ilom.
722 5144 755 5183 v
780 5170 794 5194 ,
840 5126 947 5199 10)
984 5146 999 5183 ε
1030 5126 1097 5184 ad
1128 5125 1229 5180 hoc
1256 5133 1311 5180 et
1341 5121 1548 5179 Domini
1577 5120 1675 5175 fuit
1703 5119 1825 5172 exi-

240 5234 327 5278 tus
359 5222 567 5276 mortis.

312 5314 403 5368 '53.
438 5311 589 5385 [υενε.
622 5309 739 5384 25.]
778 5309 883 5365 Visi
907 5319 1022 5363 sunt
1049 5324 1249 5379 gressus
1274 5306 1382 5373 tui,
1419 5304 1573 5358 Deus.
1602 5302 1829 5357 Cressus

238 5404 433 5473 quibus
450 5402 641 5457 venisti
669 5418 764 5470 per
787 5400 1061 5466 mundum,
1084 5408 1331 5469 tauquam
1350 5399 1400 5453 in
1422 5399 1514 5452 illo
1531 5411 1688 5450 curru
1708 5409 1830 5464 pcr-

239 5502 525 5562 agraturus
579 5492 763 5546 orbem
808 5501 1101 5554 terrarum;
1133 5504 1266 5559 quos
1294 5500 1346 5544 et
1374 5488 1543 5543 nubes
1570 5487 1621 5541 in
1650 5485 1829 5539 Evan-

235 5585 384 5654 gelia
410 5592 626 5638 sanctos
651 5590 704 5637 et
730 5581 915 5637 ﬁdeles
934 5594 1060 5635 suos
1084 5578 1375 5650 signiﬁcat,
1408 5578 1497 5633 ubi
1525 5579 1600 5632 ait
1630 5594 1644 5631 :
1677 5576 1830 5629 Amo-

236 5738 465 5848 ὤεα.
507 5735 736 5817 plerique
759 5736 999 5798 omittunt,
1024 5732 1111 5811 diu
1145 5745 1167 5786 :
1200 5741 1251 5784 et
1288 5732 1479 5795 quidam
1510 5730 1710 5789 habent,
1752 5727 1826 5779 di-

1323 369 1715 428 ENARRATIO
1752 368 1818 427 IN
1848 370 2172 433 PSALMUM
2207 375 2415 433 LXVII.

1947 483 2013 535 do
2036 484 2261 582 uidebitis
2275 486 2466 582 Filium
2488 488 2704 548 hominis
2720 497 2989 554 uenientem
3009 500 3061 557 in
3078 504 3289 563 nubibus
3305 508 3519 582 (Matth.

1946 589 2065 628 sxw
2085 616 2100 642 ,
2132 577 2233 642 δι,
2262 590 2307 632 et
2336 579 2499 634 Marc.
2531 597 2621 636 xut
2641 622 2657 649 ,
2685 584 2797 655 26).
2828 587 3058 661 Excepto
3084 594 3174 651 illo
3206 577 3435 657 adventu
3465 603 3518 657 in

1945 678 2049 761 quo
2075 668 2173 761 erit
2192 668 2357 761 judex
2382 672 2620 728 vivorum
2647 684 2806 745 atque
2833 691 3157 740 mortuorum
3181 688 3243 757 (ll
3273 689 3407 747 Tim.
3443 708 3516 761 tr,

1946 755 2035 824 1);
2066 756 2279 825 Amodo,
2311 758 2496 831 inquit,
2528 762 2753 820 uidebitis
2782 766 2974 823 Filium
3004 755 3218 831 hominis
3248 755 3519 835 uenientem

1944 844 1996 898 in
2020 846 2250 903 nubibus.
2282 849 2353 904 Hi
2374 868 2576 921 gressus
2603 857 2676 908 tui
2701 857 2793 911 visi
2819 869 2953 923 sunt,
2988 862 3039 916 id
3068 875 3168 930 est,
3201 872 3519 929 manifestati

1943 943 2099 1004 sunt,
2130 940 2361 995 revelata
2388 944 2554 1012 gratia
2584 946 2908 1004 Testamenti
2937 951 3072 1007 Novi
3106 972 3118 1007 :
3152 959 3291 1015 unde
3318 962 3516 1019 dictum

1942 1036 2041 1092 est,
2079 1028 2245 1095 Quam
2267 1034 2479 1103 speciosi
2502 1036 2651 1105 pedes
2677 1055 2852 1093 eorum
2877 1043 2967 1110 qui
2989 1048 3289 1102 annuntiant
3320 1068 3514 1117 pacem,

1941 1117 2369 1218 quiat-inundant
2395 1123 2526 1218 bona
2558 1125 2731 1196 (Rom.
2761 1145 2831 1195 Χ,
2864 1133 2988 1202 15)!
3023 1134 3145 1191 llaec
3187 1139 3327 1194 enim
3354 1146 3520 1211 gratia

1942 1214 1997 1260 et
2036 1208 2123 1262 isti
2164 1224 2379 1279 gressus
2418 1213 2652 1271 latebant
2680 1217 2733 1273 in
2762 1218 2954 1277 Vetere
2979 1223 3320 1283 Testamento
3350 1208 3518 1288 {cum

1941 1304 2119 1353 autem
2145 1301 2289 1355 venit
2308 1302 2584 1370 plenitudo
2605 1310 2859 1377 temporis
2881 1350 2897 1377 ,
2928 1321 2981 1366 et
3007 1314 3203 1383 placuit
3222 1318 3333 1375 Deo
3361 1337 3520 1377 reve-

1943 1386 2052 1443 lare
2074 1389 2269 1483 It‘ilium
2297 1408 2451 1449 suum
2474 1436 2489 1463 ,
2520 1407 2574 1451 ut
2598 1401 2999 1456 annuntiaretur
3022 1405 3075 1458 in
3103 1410 3351 1476 gentibus
3374 1411 3516 1483 (Gal.

1943 1492 2030 1543 tv,
2061 1478 2117 1550 4)
2138 1522 2152 1543 ,
2183 1482 2274 1536 visi
2312 1494 2428 1538 sunt
2455 1503 2655 1556 gressus
2685 1490 2791 1554 tui,
2823 1490 2999 1557 Deus;
3024 1512 3223 1565 gressus
3252 1500 3344 1555 Dei
3380 1478 3479 1557 inci
3496 1543 3517 1566 .

1940 1568 2110 1661 regis‘
2140 1571 2227 1638 qui
2248 1582 2319 1626 est
2347 1574 2400 1626 in
2433 1585 2629 1631 sancto.
2661 1576 2715 1631 In
2740 1594 2845 1648 quo
2876 1591 3048 1635 sancto
3066 1624 3081 1649 ,
3116 1586 3213 1640 nisi
3241 1587 3292 1642 in
3321 1595 3519 1661 templo

1940 1660 2078 1714 suo?
2110 1661 2370 1735 Templum
2395 1667 2525 1720 enim
2550 1667 2645 1722 Dei
2672 1680 2897 1725 sanctum
2926 1682 3018 1741 est,
3041 1674 3229 1746 inquit,
3252 1681 3386 1749 quod
3404 1660 3518 1737 estis

1941 1766 2026 1805 vos
2056 1752 2098 1821 (1
2123 1753 2241 1809 Cor.
2273 1771 2325 1809 ιιι
2346 1799 2361 1820 .
2395 1757 2507 1829 l7).

2011 1844 2098 1899 54.
2131 1844 2283 1918 [rem
2314 1846 2431 1922 26.]
2464 1849 2530 1904 Ut
2575 1859 2752 1907 autem
2798 1868 3011 1924 gressus
3055 1857 3139 1913 isti
3171 1861 3478 1919 viderentur
3499 1905 3515 1931 ,

1941 1931 2298 1993 Prcevenerunt
2324 1940 2576 2010 principes
2602 1944 2858 2013 conjuncti
2885 1947 3212 2016 psallentibus
3228 1993 3242 2016 ,
3276 1953 3329 2006 in
3353 1956 3518 2009 medio

1940 2026 2425 2085 adolescentularum
2441 2034 2923 2103 tympanistriarum.
2944 2038 3216 2110 Principes
3237 2052 3360 2097 sunt
3376 2048 3519 2115 Apo-

1941 2117 2063 2173 stoli
2096 2137 2109 2173 :
2142 2120 2240 2189 ipsi
2265 2121 2406 2175 enim
2428 2136 2828 2191 praevenerunt.
2859 2134 2918 2181 ut
2940 2130 3117 2197 populi
3147 2142 3516 2201 sequerentur.

1942 2210 2323 2281 Prwuenerunt,
2338 2218 2710 2272 annuntiantes
2730 2218 2934 2274 Novum
2957 2221 3380 2291 Testamentum;
3400 2243 3522 2281 con-

1930 2303 2100 2373 juncti
2140 2305 2501 2372 psalleutibus,
2535 2307 2602 2362 de
2629 2323 2855 2378 quorum
2898 2311 3053 2366 bonis
3090 2315 3337 2382 operibus
3360 2319 3519 2371 etiam

1940 2394 2256 2459 visibilibus,
2273 2405 2521 2466 tanquam
2535 2399 2746 2467 organis
2759 2399 2950 2468 laudis,
2962 2403 3344 2472 gloriﬁcaretur
3359 2407 3520 2462 Deus.

1941 2483 2104 2539 Iidem
2130 2494 2304 2540 autem
2333 2488 2597 2557 principes
2624 2490 2677 2542 in
2703 2492 2867 2546 medio
2882 2493 3370 2551 adolescentularum
3392 2509 3523 2569 tym-

1939 2579 2300 2647 panistriarum
2320 2621 2334 2645 ,
2383 2581 2434 2634 in
2463 2582 2760 2636 ministerio
2788 2584 2991 2639 scilicet
3020 2585 3314 2643 honorabili
3348 2605 3362 2641 :
3397 2606 3518 2643 nam

1938 2669 2007 2723 ita
2036 2679 2159 2724 sunt
2185 2671 2236 2725 in
2264 2672 2438 2725 medio
2464 2673 2687 2727 ministri
2720 2677 2985 2743 ιιι-ωροείιί
3017 2677 3375 2735 Ecclesiarum
3419 2696 3520 2735 no-

1938 2777 2157 2827 varum;
2190 2763 2291 2819 hoc
2318 2766 2459 2819 enim
2488 2774 2606 2831 est,
2635 2765 3121 2821 adulescentulorum
3151 2786 3169 2820 :
3200 2785 3359 2825 carne
3386 2771 3515 2826 cdo-

1936 2855 2066 2907 mila
2115 2853 2281 2907 Deum
2331 2854 2693 2920 laudantium;
2750 2857 2850 2910 hoc
2895 2859 3036 2911 enim
3083 2868 3203 2925 est,
3258 2864 3518 2930 tympani-

1936 2945 2173 2997 striarum
2191 2985 2206 3012 ,
2238 2959 2305 2999 eo
2333 2945 2472 3014 quod
2504 2954 2753 3015 tympana
2783 2946 2910 3000 ﬁant
2939 2948 3086 3002 corio
3114 2948 3314 3003 siccato
3342 2959 3394 3004 et
3423 2966 3516 3005 ex-

1937 3044 2022 3091 ten
2030 3046 2102 3091 ιο.

2006 3129 2095 3184 55.
2128 3127 2277 3202 [oers.
2307 3128 2423 3201 27.]
2455 3129 2577 3185 Ideo
2606 3147 2670 3186 ne
2693 3131 2972 3202 quisquam
2998 3135 3283 3188 carnaliter
3312 3136 3408 3189 ista
3428 3150 3518 3191 ac-

1934 3221 2134 3291 ciperet
2154 3262 2168 3287 ,
2198 3230 2252 3277 et
2279 3236 2343 3277 ex
2375 3222 2459 3275 his
2500 3222 2677 3277 verbis
2702 3219 2956 3293 quosdam
2986 3224 3208 3279 luxuriae
3232 3224 3424 3281 choros
3463 3228 3515 3282 in

1933 3312 2167 3367 animum
2200 3312 2507 3379 induceret,
2534 3314 2773 3382 sequitur
2794 3322 2849 3369 et
2879 3314 3008 3369 dicit
3026 3356 3040 3380 ,
3069 3313 3135 3367 In
3161 3314 3400 3370 Ecclesiis
3428 3318 3517 3372 be-

1933 3404 2144 3457 nedicite
2176 3402 2447 3457 Dominum
2469 3421 2487 3456 :
2510 3412 2754 3474 tauquam
2782 3405 3003 3472 diceret,
3037 3406 3250 3475 thuid,
3281 3422 3401 3462 cum
3420 3424 3516 3463 au-

1931 3494 2056 3550 ditis
2070 3495 2490 3551 adolescentulas
2512 3498 2924 3566 tympanistrias,
2952 3498 3143 3553 lasciva
3160 3498 3516 3555 delectamu-

1933 3593 1984 3638 ta
2027 3584 2308 3655 cogitatis?
2339 3583 2407 3638 In
2438 3584 2676 3639 Ecclesiis
2700 3585 2973 3640 benedicite
3001 3586 3294 3641 Dominum.
3326 3590 3513 3644 Eccle-

1932 3675 2024 3729 size
2041 3676 2235 3745 quippe
2252 3676 2403 3729 vobis
2430 3675 2528 3731 hac
2554 3678 2775 3747 mystica
2804 3678 3190 3748 significatione
3216 3684 3515 3735 monstran—

1932 3776 2017 3819 tur
2050 3782 2061 3818 :
2095 3766 2350 3821 Ecclesia:
2377 3775 2499 3821 sunt
2544 3766 2988 3835 adulescentula),
3022 3783 3155 3823 nova
3202 3771 3367 3838 gratia
3416 3771 3514 3825 dc-

1931 3866 2160 3923 coratrc;
2191 3857 2444 3913 Ecclesia:
2467 3866 2595 3912 sunt
2619 3859 2998 3927 tympanistria:
3018 3900 3031 3922 ,
3074 3860 3324 3930 castigata
3353 3876 3514 3916 carne

1931 3948 2274 4016 spiritualiter
2318 3962 2546 4002 sonoras.
2578 3947 2645 4001 In
2687 3946 2930 4003 Ecclesiis
2955 3965 3082 4018 ergo
3107 3949 3375 4003 benetlicite
3403 3950 3513 4003 Do-

1930 4042 2123 4095 minum
2164 4040 2328 4095 Deum
2366 4042 2429 4094 de
2471 4040 2692 4111 fontibus
2722 4040 2905 4097 Israel.
2949 4042 3075 4097 Inde
3127 4044 3319 4111 quippe
3365 4045 3510 4112 prius

1931 4132 2090 4201 elegit
2119 4146 2252 4201 quos
2279 4130 2450 4185 fontes
2475 4130 2692 4186 faceret.
2725 4131 2856 4186 Nam
2885 4132 3008 4186 inde
3033 4142 3157 4186 sunt
3182 4133 3335 4187 electi
3364 4135 3511 4201 Apo-

1931 4222 2090 4286 stoli;
2122 4230 2176 4274 et
2202 4221 2253 4273 hi
2298 4221 2543 4290 primitus
2585 4220 2865 4275 audierunt
2897 4240 2909 4273 :
2945 4222 3045 4288 Qui
3074 4222 3249 4276 biberit
3280 4239 3344 4275 ea:
3380 4239 3515 4292 aqua

1929 4328 2083 4382 quant
2128 4328 2217 4382 ego
2260 4310 2389 4364 dabo
2411 4352 2426 4375 ,
2472 4327 2574 4364 non
2614 4312 2741 4365 sitiet
2788 4328 3051 4380 unquam;
3090 4312 3180 4364 sed
3225 4312 3309 4380 ﬁet
3354 4313 3407 4365 in
3452 4330 3511 4366 eo

1931 4408 2044 4471 fons
2072 4418 2217 4474 aqua
2244 4402 2468 4457 salientis
2507 4402 2562 4456 in
2590 4402 2743 4455 vitam
2772 4410 3013 4455 trternam
3039 4401 3058 4472 (
3081 4400 3238 4455 Joan.
3273 4416 3325 4455 tv
3350 4442 3365 4467 ,
3400 4402 3468 4457 I3
3491 4444 3507 4470 ,

1931 4496 1998 4550 tt
2018 4493 2060 4567 ).

2000 4587 2087 4643 36.
2121 4585 2274 4661 [vers.
2304 4585 2423 4659 28.]
2455 4585 2536 4640 Ibi
2554 4585 2819 4658 Benjmnin
2845 4586 3209 4641 adolescentior
3235 4586 3285 4640 in
3312 4590 3510 4643 ecstasi.

1930 4677 2004 4732 lbi
2034 4676 2228 4732 Paulus
2259 4678 2577 4732 novissimus
2611 4677 3019 4747 Apostolorum,
3048 4677 3137 4747 qui
3177 4676 3340 4743 dicit,
3374 4677 3511 4733 Nam

1928 4777 1975 4822 et
2002 4784 2095 4839 ego
2120 4766 2355 4821 Israelita
2385 4784 2495 4822 sum
2520 4784 2582 4822 ex
2599 4767 2786 4821 sentiae
2814 4765 3066 4821 Abraham
3087 4808 3101 4829 ,
3133 4767 3196 4821 de
3220 4768 3348 4822 tribu
3375 4768 3511 4824 Ben-d

1921 4857 2090 4928 jamin
2121 4858 2378 4931 (Philipp.
2408 4874 2502 4924 ιιι,
2536 4859 2616 4928 5).
2643 4857 2755 4913 Sed
2776 4858 2930 4926 plane
2965 4858 3019 4911 in
3042 4857 3220 4912 eestasi
3236 4875 3256 4925 ;
3284 4875 3513 4931 expave-

1930 4953 2202 5007 scentibus
2225 4952 2473 5007 omnibus
2497 4960 2602 5005 tam
2625 4964 2870 5019 magnum
2900 4950 2950 5002 in
2975 4950 3090 5020 ejus
3112 4953 3395 5007 vocatione
3417 4954 3517 5006 mi.

1932 5045 2191 5098 raculum.
2225 5042 2460 5097 Ecstasis
2486 5055 2714 5110 namque
2737 5050 2820 5093 est
2843 5042 3038 5095 mentis
3060 5050 3346 5096 excessus:
3371 5042 3514 5111 quod

1933 5133 2215 5204 aliquando
2233 5141 2426 5201 pavore
2449 5130 2734 5201 contingit;
2757 5148 3132 5201 nonnunquam
3152 5147 3279 5187 vero
3304 5147 3395 5200 per
3415 5132 3514 5187 ali-

1932 5240 2089 5295 quam
2106 5222 2484 5277 revelatiouem
2499 5221 2820 5276 alienatione
2837 5222 2854 5253 ¹
2878 5223 3069 5275 mentis
3088 5237 3118 5274 a
3140 5222 3382 5275 sensibus
3396 5235 3511 5275 cur.

1936 5317 2101 5385 poris,
2119 5323 2176 5368 ut
2203 5313 2411 5382 spiritui
2427 5311 2565 5381 quod
2585 5311 3058 5367 demenstrandum
3086 5321 3169 5366 est
3184 5312 3514 5367 demonstre-

1938 5416 2040 5460 tur.
2066 5404 2217 5460 Unde
2243 5402 2460 5471 intelligi
2490 5403 2649 5456 etiam
2689 5403 2767 5457 sic
2793 5410 2964 5471 potest
2996 5400 3135 5469 quod
3169 5401 3253 5454 hic
3286 5402 3514 5471 positum

1937 5504 2051 5564 est,
2083 5496 2134 5549 in
2164 5495 2381 5558 ecstasi;
2410 5493 2529 5563 quia
2559 5508 2677 5547 cum
2708 5493 2755 5546 ei
2790 5492 3111 5563 persecutori
3150 5492 3346 5546 dictum
3376 5502 3519 5548 esset

2002 5667 2187 5747 εδει..
2211 5666 2339 5734 regis
2356 5666 2467 5718 mei.
2494 5676 2610 5729 Vox,
2633 5667 2743 5726 mei,
2769 5680 2863 5716 non
2888 5674 2963 5716 est
2986 5666 3033 5715 in
3056 5672 3161 5715 Mss.
3182 5681 3275 5718 nec
3296 5669 3347 5718 in
3362 5680 3522 5734 grteeo

1940 5736 2131 5841 ιχέἒίο
2152 5792 2315 5854 proba:
2340 5798 2465 5840 notae
2490 5799 2592 5842 Mss.
2618 5797 2671 5838 At
2693 5789 2825 5850 ειη,
2846 5794 2890 5838 et
2912 5787 3254 5840 alienationem.
