4038 6468
563 378 666 432 835

559 492 629 547 de
669 487 804 546 caelo
828 528 842 552 ,
873 485 1032 540 Saule
1055 525 1069 550 ,
1099 482 1257 539 Saule
1280 522 1293 545 ,
1324 480 1442 552 quid
1469 496 1546 533 me
1573 468 1878 550 persequeris
1902 519 1913 540 ,
1947 477 2130 531 adem-

559 589 650 652 pto
675 579 873 634 lumine
897 575 1172 635 oculorum
1195 573 1506 635 carnalium,
1536 569 1890 638 respondebat
1911 567 2133 622 Domino

556 684 713 738 quem
741 666 930 736 spiritu
955 663 1201 722 videbat;
1234 662 1321 731 qui
1347 670 1525 714 autem
1553 674 1672 712 cum
1702 658 1790 711 illo
1819 666 1970 710 erant
1990 697 2004 719 ,
2037 669 2130 709 vo-

556 773 674 813 cem
702 753 1072 827 respondentis
1100 750 1418 811 audiebant,
1451 749 1713 804 neminem
1747 755 1918 800 tamen
1945 745 2131 801 viden-

554 858 637 902 tes
675 849 759 901 cui
790 847 1092 914 loqueretur
1120 840 1254 912 (Act.
1284 856 1335 893 ιχ
1357 879 1371 904 ,
1402 840 1541 907 Μ).
1572 838 1754 892 Potest
1793 837 1878 890 hic
1911 835 2132 890 ecstasis

556 939 718 994 etiam
748 937 839 992 illa
864 936 979 1004 ejus
1003 932 1248 1002 intelligi,
1275 931 1340 985 de
1361 945 1463 1000 qua
1491 930 1606 998 ipse
1633 929 1855 997 loquens
1878 928 1972 991 ait,
1995 928 2131 981 scire

558 1046 615 1084 se
642 1029 910 1090 hominem
936 1034 1140 1094 raptum
1160 1039 1327 1093 usque
1347 1023 1397 1076 in
1426 1021 1640 1076 tertium
1665 1021 1857 1075 caelum
1874 1037 1888 1082 ;
1907 1019 2020 1072 sive
2037 1034 2132 1072 auc

557 1131 665 1177 tem
693 1121 750 1176 in
776 1133 999 1187 corpore
1017 1156 1032 1182 ,
1063 1117 1180 1170 sive
1204 1124 1351 1170 extra
1381 1128 1575 1182 corpus
1595 1153 1610 1177 ,
1643 1112 1880 1172 nescire;
1909 1111 2002 1165 sed
2041 1125 2129 1164 ra-

470 1273 473 1276 _
555 1221 706 1280 ptum
735 1211 786 1264 in
816 1207 1116 1278 paradisum
1143 1204 1352 1258 audisse
1380 1202 1662 1257 ineffabilia
1682 1201 1861 1264 verba,
1881 1215 2002 1269 quae
2024 1213 2127 1253 non

555 1305 740 1374 liceret
767 1301 970 1356 homini
999 1298 1138 1367 loqui
1165 1297 1231 1366 (ll
1260 1296 1376 1350 Cor.
1407 1311 1500 1358 stt,
1521 1293 1658 1363 2-4).
1688 1291 2126 1361 PrincipesJuda,

555 1399 704 1452 duces
723 1411 892 1450 eorum
913 1409 942 1456 ;,
957 1392 1208 1463 principes
1229 1389 1478 1452 Zabulon,
1501 1387 1752 1456 principes
1771 1383 1824 1437 Ν
1827 1383 2125 1454 ephtlsalim.

553 1485 684 1552 Cum
711 1485 994 1554 Apostolos
1020 1478 1570 1550 significet-principes
1587 1519 1602 1543 ,
1631 1475 1715 1531 ubi
1756 1484 1837 1530 est
1860 1483 1916 1530 et
1941 1473 2128 1543 Benia-

553 1579 656 1631 min
684 1574 1044 1633 adolescentior
1072 1573 1127 1626 in
1149 1571 1361 1634 ecstasi;
1389 1570 1580 1638 quibus
1608 1567 1782 1622 verbis
1805 1566 2024 1620 Paulum
2049 1566 2127 1619 si-

551 1669 788 1740 gnificari
820 1680 976 1720 nemo
1002 1663 1248 1733 ambigit;
1273 1661 1352 1716 vel
1371 1660 1592 1715 nomine
1616 1657 1910 1727 principum
1939 1670 2126 1710 omnes

551 1757 912 1828 significentur
937 1755 990 1809 in
1020 1752 1270 1808 Ecclesiis
1295 1750 1615 1806 excellentes
1639 1757 1796 1816 atque
1834 1745 2127 1801 imitatione

551 1848 846 1919 dignissimi
867 1863 879 1899 :
902 1845 1026 1916 quid
1043 1845 1142 1899 sibi
1160 1844 1341 1897 volunt
1363 1841 1474 1894 haec
1491 1839 1701 1893 nomina
1721 1838 1949 1892 tribuum
1967 1836 2128 1891 Israc-

550 1939 853 1996 liticarum?
879 1937 933 1992 Si
962 1937 1107 1992 enim
1135 1943 1337 1990 tantum
1362 1930 1510 1986 Judzc
1537 1929 1736 1984 mentio
1771 1927 1948 1987 ﬁeret,
1989 1941 2122 1996 quo-

549 2007 690 2091 niam
719 2048 790 2087 εχ
814 2031 913 2084 hac
943 2029 1082 2082 tribu
1107 2039 1259 2094 reges
1299 2023 1522 2084 fuerant,
1556 2035 1618 2074 ex
1645 2034 1748 2089 qua
1775 2027 1829 2073 et
1871 2017 2126 2072 Dominus

544 2126 792 2181 Christus
815 2119 1104 2177 mundum
1132 2131 1346 2170 carnem
1377 2113 1551 2184 (Rom.
1581 2127 1653 2176 ιχ,
1674 2110 1766 2176 5);
1800 2108 1917 2162 ideo
1941 2123 2006 2162 ex
2027 2107 2125 2161 hac

541 2218 687 2271 tribu
717 2223 1020 2285 putaremus
1045 2209 1295 2277 ﬁguratus
1319 2205 1478 2258 etiam
1508 2201 1774 2271 principes
1800 2197 2124 2254 Tcstamenti

548 2307 682 2362 Novi
715 2323 727 2358 :
760 2319 881 2360 cum
908 2316 1036 2356 vero
1064 2298 1301 2367 adjuugit
1321 2337 1338 2361 ,
1371 2295 1618 2362 principes
1642 2289 1870 2357 Zabulon
1891 2328 1905 2352 ,
1937 2287 2126 2357 princi-

549 2418 636 2472 pes
663 2395 1316 2469 Nephthalim;quisquam
1342 2389 1560 2443 forsitan
1589 2386 1730 2440 dicat
1751 2399 1816 2438 ex
1847 2383 1928 2436 his
1957 2381 2125 2436 tribu-

549 2494 650 2548 bus
677 2491 959 2562 Apostolus
985 2489 1165 2549 fuisse,
1187 2500 1254 2539 εχ
1281 2482 1397 2538 aliis
1425 2489 1600 2534 autem
1627 2493 1730 2532 non
1759 2475 1942 2530 fuisse.
1970 2473 2119 2541 Quod

549 2585 674 2639 licet
701 2581 841 2637 unde
858 2579 1064 2651 probari
1094 2577 1194 2630 hoc
1211 2582 1388 2644 posset
1405 2587 1509 2626 non
1525 2570 1760 2632 videam;
1783 2575 1983 2631 tamen,
2001 2565 2122 2634 quia

549 2689 647 2728 nec
675 2672 817 2726 unde
843 2668 1112 2724 refellatur
1139 2663 1372 2727 invenio,
1395 2659 1572 2715 ethoc
1596 2657 1714 2712 loco
1740 2655 2006 2727 principes
2027 2654 2126 2708 Ec-

547 2764 828 2817 clesiarum
849 2800 864 2823 ,
891 2759 1162 2826 ducesque
1188 2768 1372 2811 eorum
1397 2752 1488 2822 qui
1528 2751 1580 2805 in
1607 2749 1862 2804 Ecclesiis
1903 2747 2124 2802 benedi-

548 2863 673 2908 cnnt
699 2852 980 2907 Dominum
1000 2849 1155 2904 video
1178 2843 1561 2908 commendari,
1580 2857 1686 2897 non
1710 2839 1940 2896 absurde
1964 2840 2123 2896 etiam

549 2945 706 2998 istum
732 2956 948 2996 sensum
984 2939 1150 3009 probo
1171 2939 1224 3001 ¹;
1253 2935 1346 2991 sed
1377 2933 1494 3004 plus
1520 2947 1610 2997 me
1628 2931 1860 2986 delectat
1883 2929 2022 2998 quod
2058 2944 2123 2984 ex

548 3035 770 3088 istorum
799 3031 1072 3086 nominum
1118 3027 1554 3095 interpretatione
1583 3021 1847 3077 clarescit.
1901 3020 2124 3076 Hebraea

547 3124 744 3195 quippe
765 3130 888 3175 sunt
915 3122 1126 3174 nomina
1161 3135 1174 3170 :
1207 3131 1430 3186 quorum
1453 3113 1586 3169 Juda
1608 3154 1622 3177 ,
1654 3111 1929 3168 Confessio
1957 3111 2124 3165 inter-

547 3213 745 3284 pretari
778 3212 1001 3274 dicitur;
1051 3209 1283 3262 Zabulon
1305 3248 1319 3273 ,
1351 3205 1716 3261 ilabitaculum
1760 3202 2122 3272 fortitudinis;

545 3303 906 3374 Nephthalim,
928 3299 1171 3354 Dilatatio
1199 3312 1334 3352 mea.
1355 3296 1484 3364 Quae
1507 3294 1686 3350 omnia
1705 3293 2009 3347 verissimos
2029 3306 2124 3346 no-

546 3397 630 3452 bis
657 3397 922 3450 insinuant
949 3391 1212 3462 principes
1251 3388 1643 3450 Ecclesiarum,
1675 3385 1864 3454 dignos
1890 3383 2118 3451 ducatu,

545 3489 736 3558 dignos
765 3485 1086 3548 imitatione,
1127 3481 1315 3552 dignos
1341 3477 1651 3533 honoribus.
1683 3475 1942 3545 Martyres
1967 3490 2121 3529 nam-

544 3593 648 3649 que
673 3579 724 3631 in
750 3575 1005 3631 Ecclesiis
1043 3573 1218 3628 locum
1241 3583 1506 3625 summum
1547 3575 1728 3623 tenent
1747 3608 1762 3632 ,
1788 3575 1949 3636 atque
1971 3566 2122 3636 apice

545 3679 743 3723 sancta:
761 3666 1032 3737 dignitatis
1055 3663 1341 3720 excellunt.
1367 3660 1484 3716 Jam
1505 3673 1633 3716 vero
1662 3659 1715 3713 in
1742 3659 1996 3730 martyrio
2015 3658 2124 3728 pri-

546 3773 632 3812 ma
659 3757 922 3812 confessio
945 3764 1059 3819 est,
1087 3762 1142 3808 et
1178 3767 1274 3821 pro
1302 3751 1390 3804 illa
1412 3749 1664 3820 quidquid
1703 3750 1956 3804 acciderit
1990 3749 2122 3802 tole-

545 3847 697 3903 randi
729 3861 956 3915 sequens
982 3843 1270 3898 assumitur
1311 3840 1602 3904 fortitudo;
1632 3838 1824 3893 deinde
1865 3847 1982 3907 post
2006 3853 2122 3892 om-

547 3937 634 3989 nia
665 3935 883 3988 tolerata
906 3974 922 3998 ,
955 3933 1116 3986 finitis
1142 3931 1400 4000 angustiis
1419 3971 1434 3995 ,
1461 3929 1682 3984 latitudo
1707 3931 2047 3996 consequitur
2067 3930 2118 3982 in

547 4026 785 4095 prmmio.
819 4010 1002 4079 Potest
1027 4031 1082 4078 et
1120 4023 1198 4076 sic
1237 4021 1487 4090 intelligi,
1516 4030 1573 4074 ιιι
1597 4019 1843 4089 quoniam
1873 4019 1972 4072 tria
2002 4018 2117 4074 hmo

545 4118 813 4190 prmcipue
839 4113 1175 4170 commendat
1199 4114 1483 4181 Apostolus
1502 4153 1517 4178 ,
1545 4112 1699 4166 fidem
1719 4153 1732 4173 ,
1761 4124 1908 4179 spem
1929 4149 1944 4175 ,
1985 4111 2116 4165 eba-

543 4209 756 4264 ritatcm
785 4207 849 4278 (ll
880 4205 999 4260 Cor.
1030 4220 1156 4269 χιιι,
1188 4203 1315 4274 13),
1343 4203 1604 4258 confessio
1628 4203 1694 4256 sit
1725 4203 1774 4256 in
1805 4201 1940 4267 fide,
1972 4201 2122 4256 forti-

545 4297 674 4353 tudo
700 4297 750 4352 in
778 4311 892 4366 spe,
912 4295 1133 4350 latitudo
1158 4295 1210 4349 in
1237 4293 1514 4348 eharitate.
1540 4292 1688 4348 Fidei
1712 4292 1906 4362 quippe
1929 4308 2018 4348 res
2039 4301 2122 4348 est

543 4399 602 4446 ut
644 4388 805 4448 corde
829 4387 1077 4444 credatur
1103 4387 1169 4441 ad
1208 4383 1465 4455 justitiam
1486 4423 1501 4449 ,
1528 4398 1622 4438 ore
1649 4391 1827 4438 autem
1856 4383 2120 4438 confessio

541 4482 636 4535 ﬁat
656 4479 721 4533 ad
750 4479 971 4534 salutem
991 4477 1163 4543 (Rom.
1183 4491 1239 4540 χ,
1262 4475 1368 4544 te).
1390 4473 1446 4528 ln
1468 4473 1802 4542 passionihus
1825 4483 2002 4529 autem
2023 4475 2122 4528 tri-

542 4569 870 4624 bulationum
897 4581 982 4621 res
1004 4565 1174 4620 tristis
1201 4572 1303 4627 cst,
1323 4562 1416 4617 sed
1439 4575 1560 4631 spes
1576 4559 1732 4616 fortis
1756 4571 1837 4616 est
1861 4579 1874 4616 :
1901 4562 1962 4617 Si
1976 4563 2115 4618 enim

542 4661 677 4729 quod
705 4676 803 4714 non
829 4658 1054 4712 videmus
1091 4671 1355 4727 speramus
1373 4695 1388 4721 ,
1417 4669 1506 4722 per
1535 4653 1828 4721 patientiam
1850 4663 2116 4722 exspecta-

543 4748 790 4819 mus,(ld.
819 4764 905 4802 vnt
927 4789 942 4814 ,
973 4746 1086 4816 9.5).
1117 4743 1472 4800 Latitudinem
1497 4759 1626 4798 vero
1652 4753 1868 4813 praestat
1890 4745 2121 4800 charita-

469 4907 475 4914 _
545 4843 613 4896 tis
642 4842 695 4895 in
723 4840 884 4895 corde
921 4839 1136 4896 diffusio
1166 4857 1180 4892 :
1214 4853 1334 4892 nam
1364 4847 1709 4892 consummata
1733 4838 1954 4890 charitas
1979 4836 2125 4905 foras

541 4935 693 4988 mittit
720 4918 947 4986 timorem
968 4931 1016 5003 ,(1
1037 4933 1192 4986 Joan.
1220 4947 1271 4985 tv
1291 4971 1307 4996 ,
1335 4931 1428 4999 18)
1452 4945 1466 4995 ;
1495 4929 1583 4998 qui
1613 4929 1772 4982 timor
1797 4937 2116 4984 tormentum

487 5009 492 5012 ’
541 5025 706 5079 habet
730 5040 824 5093 per
839 5024 1031 5078 anima:
1053 5022 1341 5092 angustias.
1372 5019 1636 5089 Principes
1662 5034 1788 5089 ergo
1807 5018 1948 5074 Juda
1965 5019 2117 5076 duces

542 5133 712 5170 eorum
740 5116 827 5183 qui
851 5117 871 5147 ¹
903 5116 954 5168 in
987 5115 1240 5170 Ecclesiis
1275 5113 1596 5168 benedicunt
1631 5111 1930 5166 Dominum.
1961 5110 2118 5168 Prin-

541 5209 691 5276 cipes
711 5206 941 5260 Zabulon
961 5245 976 5271 ,
1006 5206 1256 5274 principes
1284 5202 1616 5274 Nep/uhalim
1646 5219 1664 5255 :
1697 5201 2117 5272 principescon-

540 5297 808 5362 fessionis,
830 5297 1169 5360 fortitudinis,
1193 5294 1508 5359 latitudinis;
1535 5294 1800 5362 principes
1817 5293 1960 5362 fidei,
1977 5295 2112 5362 spei,

539 5387 831 5441 eharitatis.

602 5585 616 5612 ¹
655 5580 874 5642 Plerique
903 5585 1029 5642 διες..
1053 5579 1220 5641 prodo,
1247 5578 1324 5627 vel
1348 5591 1525 5642 promo.

600 5646 620 5674 ²
654 5649 726 5703 Fr.
753 5640 807 5689 et
828 5649 957 5697 tov.,
974 5640 1323 5703 (luceseorum.
1342 5640 1682 5703 Quorundam
1708 5640 1756 5690 in
1781 5640 1992 5701 Hec/siis,
2020 5652 2111 5692 etc.

538 5713 657 5758 Αιη..
685 5701 1023 5770 duceseormn.
1051 5700 1212 5770 Quid?
1243 5702 1290 5750 in
1316 5701 1552 5759 Iavolenus,
1578 5700 1672 5752 etc.
1710 5711 1834 5760 .\tss.,
1871 5705 2014 5754 duces
2037 5719 2116 5754 co-

538 5779 644 5814 rum
674 5778 688 5812 :
715 5763 865 5826 quiin
889 5763 1124 5824 Μελανῆος,
1151 5772 1244 5812 ctc.

1789 364 1846 420 S.
1888 360 2247 420 AUGUSTINI
2285 362 2588 420 EPlSCOPI

3716 373 3820 428 838

2310 479 2398 531 57.
2442 477 2590 548 [verm
2622 468 2750 550 29.].
2781 476 2991 543 blanda,
3025 477 3188 545 Deus,
3222 483 3449 535 virtutem
3479 492 3638 537 tuam.
3672 485 3818 540 Unus

2239 570 2662 623 enim..Dominus
2688 581 2870 624 noster
2897 571 3052 625 .lesus
3081 571 3328 626 Christus
3348 613 3362 638 ,
3393 587 3489 642 per
3513 587 3672 642 quem
3699 591 3814 634 om-

2239 659 2346 724 nia,
2372 670 2426 714 et
2454 674 2550 714 nos
2579 661 2629 713 in
2660 660 2773 728 ipso
2796 659 2854 729 (Ι
2882 660 2998 714 Cor.
3026 677 3138 724 vm,
3165 661 3246 732 6),
3274 677 3430 732 quem
3463 665 3689 732 legimus
3723 666 3816 720 Dei

2243 748 2498 803 Virtutem
2527 759 2579 803 et
2601 750 2695 804 Dei
2721 750 3046 818 Sapientiam
3073 751 3180 822 (Id.
3214 769 3252 818 ι,
3279 752 3392 826 24).
3420 755 3702 821 Quomodo
3725 773 3815 811 {Ill-

2239 847 2344 893 tcm
2391 839 2528 893 Deus
2569 840 2784 894 mandat
2819 840 3088 894 Christum
3133 857 3285 896 suum
3313 885 3328 909 ,
3375 847 3475 898 nisi
3522 846 3648 899 dum
3692 863 3812 901 eum

2237 930 2609 984 commendat?
2651 931 2976 986 Commendat
3013 935 3146 986 enim
3171 933 3310 990 Deus
3348 937 3642 990 Charilatem
3671 946 3814 992 suam

2236 1023 2288 1075 in
2304 1024 2462 1087 nobis,
2484 1025 2720 1093 quoniam
2747 1025 2866 1078 dum
2896 1027 3062 1080 adhuc
3089 1037 3374 1096 peccatores
3400 1045 3636 1092 essemus,
3659 1029 3812 1084 Chri-

2233 1123 2341 1168 stus
2379 1131 2470 1184 pro
2492 1116 2632 1169 nobis
2669 1126 2895 1170 mortuus
2929 1127 3002 1171 est
3039 1118 3215 1186 (Rom.
3243 1134 3293 1182 v,
3318 1119 3394 1188 8).
3421 1119 3688 1186 Quomodo
3715 1139 3812 1174 non

2235 1213 2280 1258 et
2299 1205 2526 1258 camilla
2554 1207 2724 1259 omnia
2761 1207 2905 1262 nobis
2937 1209 3138 1262 donabit
3176 1205 3288 1277 (Id.
3313 1226 3423 1274 vm,
3452 1211 3570 1282 3‘2)?
3597 1213 3809 1278 Mando;

2235 1292 2393 1361 Deus,
2421 1297 2650 1349 uirtutem
2671 1304 2805 1354 tuam
2830 1299 3131 1366 scan/irrita,
3162 1298 3316 1362 Deus,
3346 1302 3604 1369 ltoc‘quod
3629 1299 3812 1369 opera-

2233 1389 2387 1440 tuses
2409 1387 2465 1439 in
2492 1387 2652 1440 nobis.
2685 1387 2872 1441 Mando
2897 1388 3157 1455 docendo,
3183 1389 3437 1444 confirma
3461 1392 3716 1460 juvando.
3806 1431 3810 1436 μ

2303 1478 2391 1531 58.
2433 1476 2582 1549 [oers.
2611 1479 2716 1543 50;
2750 1480 2810 1534 31
2825 1478 2863 1550 .]
2904 1479 2947 1532 Α
2975 1480 3161 1547 templo
3188 1489 3271 1534 tuo
3295 1483 3350 1535 in
3373 1481 3658 1537 Jerusalem
3681 1525 3695 1546 ,
3714 1485 3810 1537 tibi

2230 1565 2440 1632 a/ferent
2465 1583 2604 1638 rcges
2630 1567 2930 1622 muneraJA
2959 1570 3145 1638 templo
3173 1579 3259 1623 tuo
3283 1572 3338 1624 in
3360 1571 3662 1639 Jerusalem,
3691 1586 3808 1642 qum

2230 1665 2308 1711 est
2338 1657 2501 1712 libera
2533 1668 2702 1713 mater
2729 1669 2908 1713 nostra
2940 1659 3083 1730 (Gal.
3113 1677 3184 1726 tv,
3217 1661 3333 1730 26),
3363 1663 3482 1732 quia
3513 1673 3566 1717 et
3589 1665 3702 1733 ipsa
3728 1675 3809 1720 est

2230 1749 2482 1818 templum
2511 1759 2922 1805 sanctum'tuum
2952 1770 2966 1807 :
2993 1752 3060 1805 ab
3089 1751 3177 1806 illo
3199 1766 3328 1821 ergo
3357 1753 3553 1823 templo
3580 1755 3666 1808 tibi
3689 1748 3806 1820 οπε-

2228 1849 2338 1893 rent
2360 1855 2497 1910 reges
2518 1856 2745 1894 munera.
2765 1840 3097 1911 Quicumque
3116 1857 3268 1912 reges
3288 1843 3672 1913 intelligantur;
3690 1848 3808 1900 sive

2229 1945 2381 2000 reges
2411 1939 2568 1984 terra:
2589 1972 2602 1996 ,
2635 1932 2746 1986 sive
2775 1946 2928 2001 reges
2969 1947 3104 2001 quos
3132 1932 3383 1986 discernit
3413 1936 3808 2003 superemicstis

2228 2035 2388 2091 super
2411 2022 2708 2076 columbam
2737 2023 3166 2092 deargentatam;
3193 2023 3282 2076 tibi
3306 2023 3515 2089 olferent
3535 2043 3673 2096 reges
3699 2043 3807 2079 mu-

2228 2130 2368 2168 nera.
2419 2113 2486 2168 Et
2521 2129 2638 2184 qua:
2667 2130 2885 2168 munera
2915 2116 3163 2184 gratiosa,
3208 2130 3363 2184 quam
3401 2116 3657 2170 sacrificia
3692 2118 3804 2170 lau-

2228 2204 2312 2260 dis
2340 2205 2393 2258 ‘l
2425 2204 2530 2260 Sed
2560 2204 2682 2260 huic
2711 2205 2850 2259 laudi
2881 2206 3226 2275 obstrepunt,
3259 2204 3604 2260 christianum
3646 2221 3805 2262 voca-

2229 2294 2410 2349 bulum
2438 2294 2712 2360 habentes,
2739 2304 2792 2350 et
2811 2295 3015 2349 diversa
3046 2296 3359 2350 sentientes.
3380 2294 3496 2350 Fiat
3516 2312 3641 2366 ergo
3664 2298 3806 2367 quod

2228 2387 2468 2456 sequitur
2504 2404 2524 2441 :
2564 2387 2780 2456 Increpa
2821 2392 2954 2458 feras
2995 2390 3195 2441 calami.
3242 2388 3370 2442 Nam
3413 2399 3465 2444 et
3497 2391 3616 2445 fera:
3654 2399 3801 2449 sunt.

2228 2476 2477 2546 quoniam
2527 2491 2631 2530 non
2683 2477 3027 2546 intelligendo
3071 2488 3298 2542 nocent;
3346 2487 3400 2533 et
3445 2479 3566 2534 fere
3611 2481 3804 2534 calamt

2228 2574 2367 2632 sunt,
2401 2567 2648 2635 quoniam
2677 2567 3064 2636 Scripturarum
3109 2584 3324 2623 sensum
3367 2585 3463 2638 pro
3493 2585 3588 2624 suo
3617 2587 3804 2625 errore

2228 2665 2558 2725 pervertunt.
2605 2657 2706 2712 Per
2752 2657 3012 2712 calamum
3061 2661 3254 2728 quippe
3296 2670 3399 2713 tam
3430 2663 3807 2716 convenienter

2227 2745 2513 2817 Scriptura:
2560 2748 2940 2819 significantur,
2989 2765 3144 2820 quam
3193 2767 3372 2808 sermo
3412 2770 3507 2823 per
3535 2755 3800 2824 linguam:

2227 2839 2516 2893 secundum
2544 2840 2682 2909 quod
2713 2839 2906 2896 dicitur
2935 2841 3107 2912 lingua
3136 2841 3367 2910 hcbrma,
3397 2844 3480 2900 vel
3505 2861 3698 2916 gmca,
3723 2849 3805 2902 vel

2227 2929 2408 2997 latina,
2441 2931 2525 2984 vel
2573 2931 2675 2985 alia
2721 2933 3004 3000 quzclibct,
3055 2948 3152 3003 per
3179 2935 3491 2990 efficientem
3522 2938 3725 2993 scilicet
3757 2939 3806 2993 id

2183 3028 2187 3032 '
2226 3021 2368 3091 quod
2407 3022 2651 3077 efficitur.
2701 3023 2963 3079 Usitatum
2993 3034 3077 3078 est
3114 3034 3288 3080 autem
3319 3027 3372 3080 in
3405 3028 3567 3081 latino
3597 3029 3806 3099 eloquio

2226 3120 2285 3167 ut
2311 3113 2574 3182 scriptura
2599 3114 2750 3168 stilus
2777 3124 3014 3178 vocetur,
3062 3117 3202 3185 quod
3251 3117 3372 3171 stilo
3404 3119 3532 3186 fiat;
3567 3121 3637 3174 ita
3681 3137 3807 3191 ergo

2226 3210 2280 3258 et
2307 3202 2562 3271 calamus,
2603 3204 2743 3274 quod
2764 3206 2966 3260 calamo
3001 3206 3107 3261 fiat.
3143 3209 3279 3262 Dicit
3313 3212 3583 3279 apostolus
3620 3212 3805 3269 Petrus

2225 3293 2466 3350 indoctos
2503 3303 2558 3350 et
2605 3295 2875 3351 instabiles
2919 3308 3224 3366 pervertere
3249 3299 3551 3370 Scripturas
3580 3305 3644 3358 ad
3677 3321 3802 3374 pro-

2225 3386 2396 3454 prium
2424 3399 2576 3440 suum
2605 3387 2874 3441 interitum
2902 3388 2963 3457 (ll
2997 3387 3137 3442 Petr.
3166 3405 3243 3456 ιιι,
3271 3390 3356 3460 l6)
3381 3407 3394 3443 :
3425 3393 3507 3447 lno
3531 3404 3656 3447 sunt
3681 3395 3805 3450 fera:

2224 3474 2434 3540 calami,
2464 3475 2531 3529 de
2557 3475 2748 3544 quibus
2775 3475 2857 3530 hic
2881 3477 3093 3542 dicitur,
3123 3478 3343 3549 lncrepa
3368 3485 3502 3550 [eras
3529 3484 3731 3536 calami.

2295 3566 2384 3621 59.
2429 3567 2504 3621 De
2542 3566 2624 3620 bis
2653 3575 2735 3621 est
2776 3569 2934 3621 etiam
2979 3568 3118 3638 quod
3165 3569 3401 3640 adiungit
3430 3589 3443 3625 :
3475 3570 3804 3644 Congregatio

2226 3667 2483 3710 taurorum
2510 3657 2638 3710 inter
2663 3672 2838 3710 vaccas
2864 3659 3184 3726 populorum,
3217 3669 3272 3712 ut
3293 3661 3630 3714 excludantur
3654 3665 3690 3715 ii
3719 3666 3804 3732 qui

2231 3747 2426 3816 probati
2453 3755 2569 3799 sunt
2597 3756 2802 3816 argento
2846 3746 2945 3819 (a).
2991 3747 3194 3802 Tauros
3220 3764 3435 3814 vocans,
3469 3761 3685 3819 propter
3713 3768 3802 3805 suo

2227 3839 2460 3906 perbiam
2487 3837 2636 3892 dura:
2662 3837 3040 3908 indomitazque
3069 3841 3324 3904 cervicis;
3371 3841 3636 3909 significat
3660 3843 3800 3896 enim

2226 3928 2527 3983 haereticos.
2567 3927 2754 3982 Vaccas
2775 3939 2952 3984 autem
2977 3930 3300 4000 pOpulorum,
3323 3931 3670 3988 seductibiles
3689 3936 3804 3987 auio

2224 4034 2339 4073 mas
2387 4019 2756 4090 intelligendas
2799 4030 2960 4090 puto,
3009 4021 3130 4089 quia
3172 4019 3326 4076 facile
3364 4032 3664 4090 sequuntur
3705 4023 3804 4080 h:s

2224 4119 2422 4165 tauros.
2447 4110 2562 4164 Non
2587 4111 2728 4166 enim
2755 4112 2978 4182 populos
2999 4110 3278 4166 universos
3303 4112 3579 4175 seducunt,
3607 4116 3663 4168 in
3688 4117 3806 4184 qui-

2225 4202 2322 4256 bus
2351 4211 2474 4257 sunt
2504 4218 2692 4273 graves
2729 4213 2783 4258 et
2826 4201 3076 4267 stabiles;
3119 4202 3255 4257 unde
3291 4206 3542 4272 scriptum
3579 4218 3697 4273 εει,
3736 4206 3802 4260 In

2225 4295 2414 4363 populo
2441 4297 2578 4364 gravi
2605 4293 2822 4348 laudabo
2850 4302 2896 4346 te
2927 4292 3102 4364 (Psal.
3129 4309 3322 4360 χχχιιι,
3350 4295 3476 4364 18);
3508 4297 3604 4351 sed
3637 4298 3692 4352 in
3723 4301 3802 4354 eis

2225 4385 2432 4454 populis
2459 4399 2593 4452 quas
2621 4385 2921 4438 invenerint
2948 4397 3154 4438 vaccas.
3184 4382 3272 4438 Ex
3306 4385 3385 4438 his
3411 4387 3542 4438 enim
3569 4399 3691 4441 sunt
3716 4392 3804 4459 qui

2225 4483 2482 4545 penetrant
2512 4474 2706 4540 domos,
2735 4483 2778 4528 et
2807 4475 3029 4544 captiuas
3056 4476 3248 4528 ducunt
3274 4477 3596 4532 mulierculas
3625 4495 3806 4534 onera-

2223 4576 2298 4620 tas
2343 4567 2588 4634 peccatis,
2637 4581 2750 4634 qua
2793 4565 3042 4621 ducuntur
3083 4568 3233 4622 variis
3271 4568 3574 4635 desideriis;
3601 4588 3808 4643 semper

2222 4656 2484 4721 discentes,
2517 4667 2561 4711 et
2589 4657 2657 4710 ad
2685 4659 2905 4713 veritatis
2933 4661 3188 4714 scientiam
3215 4677 3472 4725 nunquam
3501 4667 3805 4731 peruenien-

2223 4759 2294 4802 tes
2321 4748 2382 4822 (ll
2406 4748 2540 4802 Tim.
2570 4765 2647 4813 tu,
2672 4751 2725 4813 6,
2753 4751 2832 4821 7).
2855 4751 3006 4818 Quod
3027 4762 3200 4806 autem
3221 4753 3296 4805 ait
3339 4753 3476 4807 idem
3501 4757 3809 4823 apostolus,

2225 4839 2432 4909 Oportet
2458 4849 2506 4893 et
2531 4840 2742 4894 haereses
2763 4857 2884 4904 esse,
2916 4850 2970 4893 ut
2999 4841 3190 4903 probati
3214 4843 3465 4911 manifesti
3490 4845 3618 4913 [iant
3644 4849 3700 4900 in
3723 4865 3813 4901 ro-

2222 4929 2294 4983 bis
2321 4931 2339 4996 (
2355 4928 2370 4981 l
2399 4928 2520 4983 Cor.
2545 4945 2622 4992 χι,
2653 4929 2776 4998 19);
2807 4930 2908 4985 hoc
2933 4931 3091 4984 etiam
3119 4932 3204 4986 hic
3232 4933 3488 5002 sequitur,
3524 4934 3594 4990 Ut
3627 4942 3810 4993 emetit-

2222 5019 2409 5072 dantur
2433 5019 2469 5070 ii
2493 5019 2579 5087 qui
2606 5017 2800 5086 probati
2829 5027 2944 5071 sunt
2969 5030 3195 5088 argento,
3247 5022 3298 5076 id
3338 5031 3439 5087 est,
3471 5025 3557 5092 qui
3589 5027 3808 5094 probati

2221 5116 2344 5162 sunt
2365 5109 2592 5176 eloquiis
2615 5107 2852 5162 Domini.
2877 5107 3092 5178 Eloquia
3121 5111 3322 5180 quippe
3341 5111 3571 5180 Domini,
3602 5117 3812 5185 eloquia

2221 5209 2378 5264 casta,
2403 5209 2661 5270 argentum
2683 5201 2796 5270 igne
2825 5202 3086 5270 probatum
3116 5210 3260 5255 terrm
3283 5201 3451 5274 (Psal.
3473 5221 3543 5267 χι,
3569 5205 3650 5272 7).
3668 5207 3808 5263 Nam

2224 5289 2558 5343 excludantur
2584 5290 2782 5343 dictum
2809 5300 2924 5356 est,
2966 5302 3285 5360 appareant,
3313 5295 3614 5363 emineant;
3657 5301 3838 5367 quod.

2221 5381 2295 5432 ait
2323 5379 2431 5442 ille,
2463 5380 2714 5447 manifesti
2739 5381 2886 5447 ﬁant.
2914 5380 3064 5436 Unde
3089 5391 3143 5436 et
3167 5383 3220 5436 in
3243 5392 3358 5440 arte
3381 5389 3684 5453 argentaria
3715 5406 3811 5444 εχ-

2221 5471 2458 5525 elusorcs
2484 5482 2757 5539 vocantur,
2781 5475 2870 5543 qui
2892 5474 2958 5530 de
2979 5475 3290 5532 confusione
3311 5459 3502 5534 massa:
3527 5493 3810 5538 noverunt

2221 5645 2664 5768 was’iﬁﬁﬁw.
2679 5660 2796 5696 vero
2814 5654 2892 5696 εει
2914 5661 3024 5711 qua:
3033 5661 3230 5698 munera
3245 5651 3269 5700 ?
3289 5652 3518 5716 Gratiosa.
3537 5665 3656 5717 Qua:
3675 5662 3813 5710 sacri

2277 5767 2355 5827 ,(a)
2381 5774 2444 5815 De
2472 5768 2642 5816 eadem
2667 5778 2800 5830 parte
2824 5771 2872 5831 ᾗ.
2899 5771 2950 5820 31
2991 5773 3100 5822 title
3133 5780 3266 5824 Enar.
3296 5778 3346 5825 in
3381 5776 3504 5827 Psal.
3530 5796 3622 5843 Liv,
3647 5797 3703 5834 η.
3730 5784 3814 5836 22.
