4038 6466
505 402 610 463 850

508 514 736 590 positum
761 520 862 568 est.
879 507 1084 564 Mallem
1109 511 1286 560 autem
1311 495 1457 554 latini
1473 495 1789 563 interpretes
1809 489 1886 544 sic
1901 497 2080 542 trans-

508 577 752 664 iulissent
789 621 805 658 :
837 599 1109 670 [Ethiopia
1159 590 1424 664 praeveniet
1452 600 1631 640 manus
1654 596 1806 643 suas,
1844 577 1929 632 vel
1967 591 2080 628 ma-

510 719 630 756 num
657 714 803 754 suam
828 694 936 750 Deo
967 694 1020 756 ις
1063 684 1310 758 quoniam
1356 679 1564 751 planius
1592 675 1693 728 hoc
1733 678 1893 735 esset,
1924 681 2082 736 quam

509 790 650 862 quod
691 801 832 843 nunc
873 757 1220 840 dictumiest,
1265 773 1376 842 ejus
1402 785 1421 823 :
1465 776 1521 823 et
1549 764 1692 820 salva
1718 761 1940 817 veritate
1968 757 2083 813 ﬁeri

514 852 715 950 posset,
743 875 865 946 quia
890 873 942 927 in
968 882 1137 939 graaca
1165 863 1340 932 lingua
1371 859 1421 913 id
1449 867 1743 927 pronomen
1769 852 1916 911 αὗτῆς
1936 889 1950 910 ,
1977 861 2083 900 non

511 935 842 1037 solum'ejus,
868 935 1143 1017 setl‘etiam
1172 968 1316 1006 suam
1345 947 1428 1002 vel
1457 961 1576 999 suas
1606 949 1780 1012 potest
1807 935 2029 1004 intelligi
2069 951 2082 988 :

513 1077 658 1115 suam
685 1025 845 1126 ergo,
891 1053 938 1107 si
980 1059 1221 1106 manum;
1263 1057 1378 1094 suas
1407 1048 1584 1092 autem
1605 1075 1620 1100 ,
1651 1032 1695 1086 si
1726 1045 1922 1084 manus.
1954 1025 2084 1080 Nam

513 1149 655 1222 quod
683 1116 842 1203 esiiu
870 1154 1045 1213 graeco
1065 1179 1080 1203 ,
1115 1150 1251 1204 χεῖρα
1283 1133 1430 1191 αὗτῆς
1449 1169 1466 1194 ,
1504 1123 1642 1196 quod
1671 1122 1850 1192 plures
1875 1116 2087 1222 codices

516 1206 734 1305 liabent,
765 1246 820 1291 et
843 1206 1046 1287 nimium
1073 1228 1202 1296 ejus,
1235 1233 1286 1278 et
1309 1235 1513 1275 manum
1537 1232 1700 1276 suam,
1731 1219 1908 1283 potest
1937 1206 2088 1263 intel-

515 1332 606 1401 ligi
637 1348 651 1386 :
679 1302 817 1398 quod
846 1337 970 1377 vero
996 1332 1172 1373 rarum
1198 1321 1282 1368 est
1307 1313 1359 1366 in
1385 1307 1656 1364 codicibus
1682 1302 1897 1373 grzecis,
1931 1305 2088 1369 χαρὰς

519 1387 767 1481 abesse-et
795 1427 972 1466 manus
1002 1408 1128 1478 ejus,
1161 1412 1214 1458 et
1243 1417 1419 1455 manus
1438 1413 1555 1452 suas
1584 1394 1742 1448 latine
1768 1398 1942 1460 potest
1965 1387 2086 1441 dici.

719 1504 851 1559 llinc
873 1502 1004 1572 jam,
1028 1496 1174 1552 velut
1200 1491 1440 1548 decursis
1457 1503 1554 1558 per
1575 1482 1906 1572 praphetiam
1929 1477 2090 1532 rebus

520 1598 789 1661 omnibus,
818 1571 948 1663 quas
975 1587 1219 1656 impletas
1252 1596 1372 1637 esse
1397 1581 1504 1648 jam
1529 1575 1820 1636 cernimus,
1853 1571 2094 1623 hortatur

524 1688 592 1744 ad
634 1658 849 1740 laudem
893 1678 1110 1740 Christi,
1155 1690 1218 1728 ac
1259 1669 1451 1727 deinde
1495 1662 1815 1736 przenuntiat
1860 1658 2092 1712 futurum

521 1781 639 1848 ejus
665 1776 966 1831 adventum.
991 1769 1167 1839 Regna
1193 1775 1359 1828 teri-te,
1386 1767 1584 1814 cantate
1609 1755 1737 1816 Deo,
1767 1751 1966 1822 psallite
1988 1745 2097 1800 Do-‘

522 1837 695 1933 mino;
734 1863 932 1935 psallite
959 1837 1180 1926 Deoﬁqui
1217 1850 1439 1908 ascendit
1464 1861 1617 1916 super
1642 1843 1820 1897 cretum
1856 1837 2096 1892 calorum

523 1961 592 2014 ad
621 1926 858 2012 orientem
885 1969 905 2008 :
931 1951 1013 2006 vel
1056 1948 1196 2004 sicut
1233 1940 1468 1998 nonnulli
1505 1935 1719 1992 codices
1747 1931 1966 1994 habent,
1999 1926 2098 1994 Qui

524 2049 749 2106 ascendit
779 2061 928 2116 super
958 2041 1136 2095 ctelum
1177 2034 1288 2090 cali
1317 2033 1383 2086 ad
1423 2031 1677 2084 orientem.
1722 2023 1778 2076 In
1808 2021 1891 2075 his
1921 2017 2094 2073 verbis

525 2142 615 2196 ille
655 2153 758 2193 non
790 2110 1038 2202 intelligit
1064 2129 1354 2187 Christum,
1386 2121 1477 2191 qui
1505 2118 1620 2186 ejus
1645 2110 2096 2169 resurrectionem

526 2228 994 2292 ascensioncmque
1037 2235 1142 2274 non
1181 2214 1370 2270 credit.
1414 2210 1494 2264 Ad
1535 2207 1773 2261 orientem
1803 2216 1929 2256 vero
1960 2196 2100 2269 quod

527 2319 748 2381 addidit,
774 2329 952 2370 nonne
978 2312 1135 2366 etiam
1163 2308 1335 2376 ipsum
1367 2304 1560 2362 locum,
1588 2294 1834 2366 quoniam
1863 2292 1914 2345 in
1934 2288 2101 2367 parti-

528 2412 628 2466 bus
653 2407 874 2462 orientis
901 2412 984 2459 est
1013 2401 1099 2456 ubi
1139 2393 1428 2452 resurrexit
1455 2399 1507 2445 et
1546 2387 1684 2442 unde
1715 2381 1978 2445 ascendit,
2011 2395 2104 2434 ex-

530 2498 761 2571 pressit?
791 2496 933 2563 Ergo
971 2505 1132 2559 super
1165 2486 1358 2542 caalum
1389 2481 1510 2536 εαξΙὶ
1545 2477 1693 2532 sedet
1725 2473 1789 2528 ad
1825 2473 2101 2527 dexteram

528 2562 722 2645 I’atris.
767 2562 886 2640 lloei
919 2591 1001 2637 est
1040 2580 1178 2650 quod
1218 2577 1343 2630 dicit
1384 2573 1668 2642 Apostolus
1696 2585 1708 2620 :
1733 2564 1856 2636 Ipse
1902 2572 1974 2618 est
2016 2562 2106 2633 qui

528 2680 752 2736 ascendit
793 2692 945 2745 super
995 2687 1164 2726 omnes
1212 2669 1362 2722 caelos
1411 2663 1622 2734 (Ephes.
1681 2675 1755 2722 tv,
1811 2657 1920 2728 10).
1969 2653 2106 2724 Quid

530 2774 672 2828 enim
699 2769 955 2825 cmlorum
986 2767 1152 2817 restat
1179 2765 1299 2828 post
1323 2756 1515 2810 etclam
1545 2749 1702 2807 cceli?
1741 2749 1886 2815 Quos
1916 2755 1968 2800 et
1997 2759 2107 2800 etn-

532 2865 611 2918 los
661 2861 918 2916 cmlorum
969 2867 1250 2925 possumus
1304 2849 1500 2910 dicere,
1528 2844 1666 2898 sicut
1707 2839 1916 2894 vocavit
1941 2837 2110 2891 ﬁrma-

539 2962 776 3007 mentum
806 2947 1034 3009 cmlum;
1061 2940 1199 3013 quod
1224 2948 1396 2992 tamen
1425 2934 1639 2996 cmlum,
1666 2930 1821 2984 etiam
1844 2927 2009 2983 caelos
2032 2926 2109 2980 le-

533 3041 725 3112 gimus,
759 3037 846 3090 ubi
891 3035 1143 3102 scriptum
1189 3037 1306 3083 est:
1335 3024 1401 3079 Et
1442 3037 1584 3093 aqua:
1621 3035 1732 3090 qua:
1769 3033 1920 3087 super
1961 3014 2109 3070 caelos

535 3105 672 3195 sunt,
701 3127 904 3181 laudent
925 3139 1103 3176 nomen
1127 3116 1329 3171 Domini
1358 3112 1528 3186 (Psal.
1545 3124 1759 3172 chvut,
1785 3106 1862 3178 4).
1887 3105 1954 3159 Ει
1978 3118 2111 3173 quo-

537 3221 678 3274 niam
712 3217 833 3271 inde
859 3222 1110 3268 venturus
1140 3215 1226 3263 est
1252 3205 1316 3258 ad
1353 3200 1670 3272 judicandos
1697 3198 1845 3250 vivos
1882 3204 1935 3250 et
1963 3209 2110 3248 mor-

541 3320 680 3374 tuos,
713 3304 921 3360 attende
951 3299 1090 3370 quod
1121 3296 1357 3365 sequitur
1389 3311 1402 3346 :
1433 3290 1562 3344 Ecce
1589 3287 1724 3341 dabit
1751 3300 1920 3340 uocem
1942 3298 2106 3347 suam,

537 3415 706 3453 vocem
744 3395 957 3451 virtutis.
986 3391 1080 3445 Ille
1108 3387 1196 3458 qui
1238 3387 1365 3439 sicut
1408 3398 1569 3452 agnus
1594 3395 1761 3432 coram
1802 3376 2033 3430 tondente
2056 3389 2112 3427 se

537 3491 633 3562 fuit
663 3490 770 3542 sine
808 3502 923 3540 voce
969 3481 1117 3554 (Isai.
1150 3494 1259 3544 LIII,
1291 3476 1368 3548 7),
1416 3491 1526 3528 ecce
1553 3471 1688 3525 dabit
1726 3485 1892 3523 uocem
1925 3481 2069 3522 suam
2090 3480 2111 3520 :

540 3558 640 3633 nec
666 3592 849 3631 vocem
883 3572 1225 3634 inﬁrmitatis,
1257 3577 1502 3637 tanquam
1527 3560 1872 3632 judieantlus;
1905 3558 1995 3613 sed
2023 3573 2110 3610 vo-

541 3685 647 3721 cem
684 3665 900 3730 eirtutis,
949 3673 1195 3731 tanquam
1231 3657 1582 3728 judicaturus.
1623 3652 1734 3706 Non
1781 3651 1920 3705 enim
1972 3650 2112 3703 Deus

539 3757 796 3822 occultus,
828 3755 960 3808 sicut
991 3753 1155 3822 prius,
1182 3759 1235 3804 et
1260 3748 1310 3801 in
1341 3747 1612 3800 hominum
1635 3742 1833 3810 judicio
1860 3756 1960 3795 non
1988 3755 2112 3808 ape-

540 3849 682 3901 riens
717 3860 777 3898 os
802 3859 954 3897 suum
978 3859 993 3906 ;
1020 3841 1111 3895 sed
1156 3839 1290 3892 Deus
1319 3836 1612 3906 manifestus
1640 3833 1794 3886 veniet
1818 3849 1834 3894 ;
1862 3830 1996 3883 Deus
2023 3845 2114 3881 no-

539 3948 658 4002 ster,
710 3945 754 3989 et
783 3950 882 3987 non
911 3932 1069 3985 silebit
1106 3929 1276 3996 (Psal.
1316 3941 1463 3990 xm,
1491 3924 1572 3992 3).
1620 3921 1754 3988 Quid
1793 3920 2107 3988 desperatis,

541 4027 816 4084 inﬁdeles?
852 4023 978 4094 quid
1020 4017 1290 4075 irridetis?
1330 4014 1466 4083 Quid
1497 4013 1623 4068 dicit
1669 4025 1852 4065 servus
1894 4008 2106 4062 malus:

544 4119 732 4172 Tui-dat
765 4115 1007 4169 Dominus
1031 4125 1169 4165 meus
1206 4107 1369 4160 venire
1399 4103 1550 4176 (Luc.
1576 4118 1670 4165 xu,
1702 4098 1830 4171 45')?
1856 4097 1988 4152 Ecce
2017 4097 2112 4149 da-

539 4210 610 4263 bit
637 4223 805 4262 vocem
832 4220 999 4268 suam,
1022 4217 1189 4255 vocem
1215 4199 1427 4253 virtutis.

612 4299 703 4354 45.
744 4295 894 4369 [uers.
923 4291 1041 4363 '55.]
1081 4289 1210 4343 Date
1237 4288 1449 4360 gloriam
1473 4284 1578 4338 Deo
1602 4297 1790 4352 :super
1814 4277 1977 4332 Israel
2001 4293 2113 4330 ma-

544 4388 834 4462 gniﬁcentia
862 4386 990 4455 ejus.
1019 4383 1095 4437 De
1115 4396 1221 4452 quo
1246 4378 1372 4434 dicit
1400 4376 1682 4446 Apostolus
1713 4392 1726 4428 :
1755 4372 1924 4440 Super
1951 4369 2116 4425 Israel

545 4459 641 4534 Dei
669 4477 809 4545 (Gal.
841 4491 913 4540 vt,
947 4472 1058 4546 16).
1094 4463 1214 4525 Non
1250 4469 1382 4523 enim
1421 4481 1590 4520 omnes
1626 4465 1712 4534 qui
1753 4478 1816 4516 ex
1845 4461 2026 4524 Israel,
2058 4459 2110 4513 Ιιὶ

542 4565 930 4625 suansraelitte
950 4561 1124 4634 (Rom.
1161 4575 1234 4623 Ix,
1257 4557 1349 4629 6);
1380 4555 1627 4626 quoniam
1657 4559 1816 4607 estet
1843 4552 1998 4606 Israel
2025 4564 2114 4604 se-

545 4657 774 4715 cundum
811 4669 1048 4712 carnem.
1094 4649 1247 4707 Unde
1289 4649 1404 4702 ait:
1448 4646 1616 4700 Videte
1655 4642 1821 4697 Israel
1846 4641 2116 4697 secundum

545 4763 744 4814 carnem
772 4746 814 4818 (l
843 4743 960 4800 Cor.
983 4760 1043 4810 x,
1072 4741 1182 4812 {8).
1231 4737 1351 4792 Non
1389 4745 1555 4790 autem
1581 4734 1670 4804 qui
1699 4732 1795 4802 ﬁlii
1838 4731 2022 4796 carnis,
2063 4731 2118 4785 hi

549 4839 643 4908 [itii
672 4837 808 4899 Dei;
849 4835 936 4888 sed
977 4833 1074 4902 ﬁlii
1102 4827 1447 4904 promissionis
1492 4826 1798 4894 deputantur
1839 4823 1892 4875 in
1933 4822 2117 4876 semine

549 4928 724 4999 (ﬂant.
757 4939 838 4990 ut,
865 4922 943 4997 8).
975 4923 1125 4977 Tune
1163 4935 1289 4990 ergo
1315 4916 1526 4989 quando
1551 4915 1652 4969 erit
1676 4915 1788 4968 sine
1817 4911 1922 4966 ulla
1947 4913 2115 4966 malo-

547 5035 663 5074 rum
694 5015 1069 5073 commixtione
1094 5013 1318 5082 populus
1348 5009 1483 5078 ejus,
1517 5014 1763 5075 tanquam
1791 5018 1964 5057 massa
1992 5018 2119 5056 ven-

546 5109 740 5166 tilabro
769 5103 1048 5162 emundata
1079 5100 1289 5171 (Matth.
1333 5115 1410 5165 ιιι,
1440 5097 1550 5167 12),
1599 5105 1842 5163 tanquam
1875 5091 2034 5146 lsrael
2066 5093 2117 5145 in

545 5218 650 5272 quo
687 5199 840 5252 dolus
883 5209 988 5250 non
1027 5201 1112 5246 est
1137 5189 1311 5263 (loan.
1335 5205 1372 5253 ι,
1403 5189 1518 5258 Π),
1547 5195 1670 5240 tunc
1703 5183 2116 5238 eminentissima

546 5291 645 5344 erit
674 5280 826 5357 super
851 5283 1018 5339 Israel
1038 5280 1406 5352 magniﬁcentia
1431 5282 1538 5350 ejus
1563 5286 1608 5330 et
1634 5275 1785 5328 virtus
1805 5275 1912 5344 ejus
1938 5274 1989 5324 in
2020 5288 2116 5324 nu-

549 5382 706 5436 bibus.
738 5379 852 5434 Non
892 5377 1034 5433 enim
1085 5373 1232 5429 solus
1259 5372 1436 5426 veniet
1475 5369 1540 5423 ad
1569 5368 1842 5437 judicium,
1883 5364 1974 5420 sed
2005 5379 2117 5415 cum

546 5473 823 5527 senioribus
863 5469 1036 5541 pepuli
1080 5467 1158 5520 sui
1200 5463 1350 5535 (Isai.
1377 5479 1453 5526 ut,
1487 5463 1614 5530 i4);
1663 5461 1850 5530 quibus
1882 5459 2120 5526 prornisit

547 5563 689 5635 quod
735 5562 994 5619 sedebunt
1039 5573 1200 5628 super
1241 5555 1397 5611 sedes
1441 5551 1716 5624 iudicaturi
1762 5549 1972 5621 (Matth.
2002 5565 2114 5617 xix,

612 5761 630 5794 ⁸
665 5763 736 5811 ste
759 5767 860 5810 uss.
889 5767 941 5809 Αι
961 5758 1094 5821 add,
1117 5771 1262 5823 quam
1283 5769 1448 5808 ntanus
1470 5754 1572 5818 ejus
1599 5762 1709 5802 Deo.

1734 374 1792 431 s.
1830 367 2190 431 AUGUSTINI
2228 366 2524 428 EPISCOPI
2623 343 2633 354 '

3649 371 3768 429 800

2187 483 2302 557 28),
2333 489 2420 560 qui
2449 489 2607 544 etiam
2635 485 2850 558 angelos
2879 483 3190 558 Judieabunt
3231 480 3273 554 tl
3299 485 3417 542 Cor.
3451 503 3518 548 rt,
3551 491 3624 559 ὃ).
3661 490 3768 545 the

2145 574 2151 578 ’
2185 590 2307 634 sunt
2333 581 2515 650 nubes.

2255 672 2343 727 Μ.
2384 670 2534 745 [vers.
2579 670 2694 744 36.]
2735 671 2969 741 Denique
3005 687 3073 726 ne
3113 670 3254 725 aliud
3287 671 3454 727 nubes
3491 671 3766 741 intellige-

2187 770 2390 826 rentur,
2443 771 2656 816 secutus
2692 761 2932 830 adjunxit
2959 779 2972 814 :
3004 761 3250 816 Mirabilis
3289 760 3522 817 Deusin
3568 765 3768 818 sanctis

2185 852 2310 915 suis,
2341 849 2478 904 Deus
2503 849 2686 905 Israel.
2714 849 2862 905 Tunc
2900 852 3039 906 enim
3065 861 3120 905 et
3158 865 3350 906 nomen
3387 852 3557 922 ipsum
3586 855 3766 908 veris-

2189 940 2322 995 sime
2344 955 2404 996 ac
2429 941 2735 1011 plenissime
2761 941 3060 1010 implebitur
3081 939 3261 1006 Israel,
3289 941 3429 1011 quod
3457 950 3538 997 est
3559 943 3769 1000 Videas

2192 1026 2390 1093 Deum;
2419 1029 2654 1098 quoniam
2696 1029 2966 1083 videbimus
3003 1046 3113 1082 cuin
3153 1029 3300 1083 sicuti
3323 1040 3393 1084 est
3418 1029 3458 1101 (Ι
3487 1028 3645 1085 Joan.
3676 1047 3765 1098 ul,

2189 1117 2268 1189 2).
2297 1115 2418 1189 Ipse
2436 1117 2571 1172 dabit
2589 1120 2816 1172 uirtutem
2843 1127 2888 1172 et
2907 1119 3248 1190 fortitudinem
3270 1119 3402 1190 plebi
3427 1137 3534 1176 sate
3553 1123 3769 1176 benedi—

2189 1217 2297 1262 ctus
2327 1207 2461 1262 Deus
2483 1223 2503 1262 :
2533 1223 2669 1261 nunc
2699 1208 2864 1277 fragili
2908 1217 2962 1262 et
3008 1209 3229 1263 inﬁrma:
3248 1212 3286 1263 ¹.
3325 1209 3580 1265 Habemus
3617 1213 3766 1267 enim

2192 1298 2480 1353 thesaurum
2497 1301 2646 1352 istum
2672 1300 2722 1352 in
2753 1301 2881 1355 vasis
2902 1298 3136 1368 [ictilibus
3160 1301 3224 1372 (ll
3251 1298 3368 1354 Cor.
3398 1317 3469 1368 tv,
3500 1301 3580 1372 8).
3611 1301 3654 1355 Τ
3659 1317 3772 1357 unc

2192 1405 2339 1455 vero,
2385 1390 2544 1445 etiam
2583 1405 2862 1461 corporum
2910 1391 3287 1460 gloriosissima
3325 1393 3769 1458 commutatione,

2192 1481 2300 1550 ipse
2323 1481 2460 1533 dabit
2484 1481 2713 1534 virtutem
2733 1490 2779 1533 et
2801 1480 3144 1549 fortitudinem
3163 1482 3294 1551 plebi
3315 1498 3440 1536 suae.
3469 1481 3775 1538 Seminatur

2195 1570 2335 1623 enim
2389 1569 2484 1623 hoc
2531 1586 2713 1639 corpus
2757 1570 2809 1624 in
2871 1571 3195 1638 infirmitate;
3253 1580 3421 1642 surget
3481 1573 3535 1626 in
3589 1574 3778 1627 virtute

2196 1657 2250 1734 (l
2279 1659 2396 1716 Cor.
2420 1676 2512 1727 xv,
2535 1662 2644 1730 45).
2677 1660 2703 1713 Ι
2712 1677 2798 1731 pse
2825 1674 2952 1730 ergo
2981 1660 3118 1714 dabit
3143 1662 3381 1715 uirtutem
3407 1678 3563 1732 quam
3595 1665 3646 1717 in
3673 1680 3774 1718 sua

2198 1767 2356 1808 carne
2377 1753 2650 1822 praemisit,
2676 1751 2743 1806 de
2769 1767 2867 1820 qua
2897 1752 3024 1806 dicit
3049 1753 3334 1821 Apostolus
3363 1771 3376 1807 :
3417 1751 3660 1807 Virtutem
3685 1771 3779 1808 re-

2198 1843 2516 1895 surrectionis
2538 1842 2647 1913 ejus
2675 1840 2933 1912 (Philipp.
2949 1858 3025 1908 Ill,
3053 1843 3161 1912 10).
3181 1842 3549 1897 Fortitudinem
3571 1856 3774 1909 autem,

2199 1947 2302 2002 qua
2329 1933 2531 1985 inimica
2557 1932 2840 1986 destruetur
2859 1948 2992 1986 mors
3021 1932 3061 2000 (1
3094 1932 3210 1986 Cor.
3241 1949 3335 1996 xv,
3364 1932 3480 2004 26).
3512 1934 3781 2002 Quoniam

2201 2023 2378 2092 itaque
2405 2022 2686 2092 prolixum,
2720 2032 2774 2076 et
2795 2021 2859 2075 ad
2897 2022 3292 2092 intelligendum
3322 2023 3591 2078 difﬁcilem
3625 2025 3783 2079 Psal-

2202 2129 2347 2168 mum
2385 2113 2595 2167 tandem
2637 2113 2941 2182 aliquando,
2983 2113 3098 2184 ipso
3141 2114 3440 2184 adiuvante,
3489 2115 3781 2169 ﬁnivimus.

2205 2200 2502 2256 Benedictus
2527 2201 2683 2255 Deus.
2717 2207 2906 2256 Amen.

2206 2331 2387 2342 ——-_

2587 2407 2668 2466 IN
2711 2406 3088 2468 PSALMUM
3129 2407 3388 2467 LXVIII

2782 2548 2870 2602 EN
2877 2548 3008 2601 ABR
3018 2547 3196 2602 ATIO.
3775 2567 3791 2592 ι

2877 2696 3048 2736 εειιιιο
3075 2698 3112 2735 1.

2664 2815 2736 2870 De
2766 2817 2928 2886 prima
2955 2825 3100 2886 parte
3127 2814 3336 2869 Psalmi.

2284 2956 2335 3010 1.
2377 2954 2453 3008 Eo
2484 2962 2722 3022 tempore
2761 2954 2811 3007 in
2841 2951 2940 3006 hoc
2963 2953 3157 3006 saeculo
3185 2953 3355 3006 exorti
3397 2966 3584 3005 sumus
3609 2959 3662 3007 et
3691 2968 3790 3022 ag.

2211 3045 2408 3115 gregati
2434 3044 2629 3114 populo
2656 3043 2770 3110 Dei,
2799 3057 2904 3113 quo
2927 3043 3037 3112 jam
3066 3043 3182 3095 olus
3204 3043 3326 3097 illud
3353 3057 3416 3097 ex
3446 3059 3611 3112 grano
3637 3044 3791 3097 sina-

2214 3137 2296 3204 pis
2320 3134 2541 3190 tetendit
2585 3133 2794 3188 brachia
2836 3148 2960 3198 sua;
3003 3149 3107 3202 quo
3144 3132 3601 3202 jamlermentum
3634 3134 3791 3197 illud,

2210 3224 2352 3295 quod
2385 3225 2554 3295 primo
2573 3223 2969 3293 contemptibile
2999 3223 3111 3288 luit,
3139 3223 3472 3277 lermentavit
3501 3233 3607 3278 tres
3637 3241 3795 3278 men-

2210 3331 2363 3370 suras
2391 3313 2602 3386 (Matth.
2632 3331 2748 3382 xm,
2777 3313 2992 3385 51-55),
3035 3315 3084 3368 id
3115 3322 3215 3379 est,
3257 3325 3419 3368 totum
3467 3317 3647 3370 orbem
3681 3326 3794 3370 ter-

2215 3423 2391 3462 rarum
2432 3416 2730 3476 reparatum
2772 3421 2836 3460 ex
2865 3406 3035 3459 tribus
3064 3405 3181 3460 ﬁliis
3227 3405 3510 3477 Noe(Gen.
3543 3423 3612 3471 tx,
3648 3407 3738 3476 l9)
3773 3424 3790 3460 :

2213 3499 2462 3570 quoniam
2487 3499 2554 3552 ab
2575 3499 2779 3552 oriente
2805 3505 2858 3551 et
2882 3497 3154 3551 occidente
3175 3505 3229 3550 et
3256 3498 3501 3564 aquilone
3530 3506 3582 3552 et
3603 3507 3795 3551 austro

2216 3592 2455 3655 veniunt,
2505 3589 2594 3659 qui
2646 3588 2958 3644 recumbent
2998 3602 3120 3641 cum
3165 3587 3506 3652 Patriarchis,
3554 3590 3797 3657 expulsis

2217 3684 2356 3738 foras
2383 3681 2460 3737 eis
2489 3681 2580 3752 qui
2613 3681 2680 3736 de
2717 3681 2926 3734 illormn
2966 3694 3125 3734 carne
3169 3687 3292 3733 sunt
3333 3680 3460 3744 uati,
3511 3689 3563 3734 et
3598 3696 3794 3733 eorum

2219 3775 2375 3829 ﬁdem
2419 3788 2521 3828 nou
2572 3781 2696 3826 sunt
2731 3771 2917 3825 imitati
2963 3771 3180 3842 (Matth.
3210 3787 3323 3834 vui,
3359 3770 3468 3840 ll).
3520 3772 3596 3824 Ad
3649 3772 3797 3828 hanc

2215 3881 2342 3934 ergo
2371 3865 2566 3918 Christi
2614 3863 2866 3918 Ecclesia:
2893 3863 3024 3932 glori
3063 3879 3112 3916 m
3153 3863 3337 3918 oculos
3365 3864 3703 3934 aperuimus;
3733 3879 3797 3918 et

2217 3956 2358 4008 illam
2405 3955 2661 4018 sterilem,
2709 3953 2794 4006 cui
2833 3953 3080 4022 gaudium
3118 3953 3372 4008 indictum
3413 3965 3568 4024 atque
3597 3957 3798 4023 pracdi-

2217 4057 2360 4100 ctum
2390 4055 2490 4109 est,
2522 4046 2662 4115 quod
2693 4045 2868 4115 plures
2896 4045 3029 4098 ﬁlios
3061 4044 3298 4100 habitura
3326 4055 3485 4112 esset,
3515 4062 3670 4116 quam
3701 4048 3797 4102 illa

2217 4155 2333 4207 qua:
2363 4137 2586 4190 habebat
2611 4137 2778 4190 virum
2811 4135 2959 4206 (Isai.
2985 4151 3090 4201 uv,
3125 4136 3174 4196 Ι.
3207 4145 3252 4189 et
3283 4135 3397 4190 Gal.
3433 4152 3505 4202 tv,
3533 4135 3644 4206 27),
3675 4136 3797 4205 jam

2219 4228 2377 4282 talem
2422 4227 2717 4280 invenimus
2746 4243 2862 4297 qua:
2907 4225 3068 4279 oblita
3113 4235 3251 4280 esset
3295 4226 3696 4295 Opprobriorum
3736 4238 3802 4283 et

2219 4317 2520 4387 ignominia:
2541 4316 2809 4370 viduitatis
2834 4332 2942 4370 su-e
2967 4334 2979 4369 :
3011 4325 3064 4369 et
3084 4314 3202 4369 ideo
3229 4331 3507 4386 possumus
3527 4318 3661 4373 forte
3692 4321 3803 4373 mi-

2224 4408 2327 4463 rari
2356 4424 2474 4462 cum
2507 4421 2664 4462 voces
2689 4405 3000 4460 humilitatis
3041 4404 3258 4471 Christi,
3289 4407 3369 4461 vel
3401 4417 3613 4473 nostrzn,
3644 4409 3794 4478 lege.

2219 4502 2387 4553 rimus
2414 4501 2465 4552 in
2493 4499 2663 4567 aliqua
2687 4497 2979 4567 prophetia.
3013 4497 3076 4550 Et
3100 4498 3211 4552 lieri
3238 4507 3410 4568 potest
3438 4509 3493 4553 ut
3523 4500 3697 4555 minus
3724 4519 3800 4557 ex

2218 4593 2303 4646 eis
2329 4591 2640 4656 aﬂiciamur,
2661 4591 2781 4659 quia
2807 4605 2911 4643 non
2933 4605 2996 4641 eo
3027 4599 3263 4658 tempore
3293 4591 3554 4656 venimus,
3578 4594 3804 4661 quando

2220 4683 2316 4736 ista
2345 4698 2465 4738 cum
2489 4695 2678 4751 sapore
2705 4681 3030 4750 legebantur,
3063 4681 3362 4736 abundante
3391 4696 3658 4750 pressura.
3687 4683 3802 4740 Sed

2221 4788 2406 4827 rursus
2453 4772 2496 4826 si
2528 4771 2923 4826 tribulationum
2968 4771 3340 4826 abundantiam
3383 4771 3698 4844 cogitemus,
3742 4787 3805 4831 et

2220 4868 2271 4922 in
2296 4880 2398 4935 qua
2428 4863 2756 4918 ambulemus
2790 4863 2871 4915 via
2895 4877 3274 4932 cognoscamus
3300 4864 3382 4934 (si
3413 4867 3588 4920 tamen
3617 4867 3669 4920 in
3702 4868 3798 4921 illa

2219 4957 2618 5025 ambulamus),
2647 4970 2802 5024 quam
2842 4955 3148 5023 sitaugusta
3196 4951 3406 5027 (Matth.
3450 4971 3545 5023 vu,
3589 4957 3698 5026 η),
3742 4968 3806 5012 et

2219 5065 2314 5119 per
2357 5061 2633 5117 pressurus
2683 5053 2842 5115 atque
2885 5045 3247 5100 tribulationcs
3288 5045 3541 5115 perducat
3591 5047 3656 5100 ad
3708 5065 3803 5101 re-

2220 5141 2394 5210 quiem
2425 5138 2802 5208 sempiternam
2829 5153 2843 5199 ;
2872 5152 3135 5206 quamque
3159 5137 3268 5206 ipsa
3291 5153 3408 5206 qua:
3435 5138 3486 5190 in
3518 5138 3680 5192 rebus
3703 5139 3807 5192 hu-

2223 5231 2392 5286 manis
2420 5239 2638 5284 vocatur
2679 5227 2925 5291 lelicitas,
2971 5228 3090 5296 plus
3135 5230 3202 5282 sit
3242 5227 3475 5283 timenda
3504 5245 3663 5298 quam
3693 5233 3766 5284 mi

2223 5321 2398 5386 seria;
2443 5316 2872 5388 quandoquidem
2918 5315 3130 5369 miseria
3172 5316 3482 5386 plerumque
3529 5318 3686 5372 aﬁ‘ert
3731 5335 3808 5375 ex

2225 5411 2563 5466 tribulatione
2592 5409 2817 5464 fructum
2851 5408 3068 5471 bonum,
3099 5407 3319 5462 felicitas
3347 5418 3522 5462 autem
3549 5425 3808 5464 carrum-

2227 5503 2300 5572 pit
2321 5501 2549 5555 animam
2577 5515 2822 5569 perversa
2849 5498 3150 5561 securitate,
3181 5508 3235 5552 et
3261 5497 3350 5552 dat
3380 5497 3554 5551 locum
3581 5498 3805 5555 diabolo

2227 5594 2470 5650 tentatori
2502 5608 2662 5649 :cum
2689 5607 2814 5663 ergo
2855 5591 3262 5661 cogitaverimus
3291 5591 3579 5662 prudenter
3615 5604 3671 5650 et
3713 5611 3802 5651 re-

2290 5750 2306 5780 ί
2342 5749 2414 5797 sic
2432 5755 2536 5797 Bs.
2567 5755 2616 5797 .tt
2635 5747 2767 5807 ειη,
2790 5758 2916 5796 nunc
2938 5739 3136 5810 fragiles
3156 5751 3202 5796 et
3217 5743 3416 5810 inﬁrme.
