  <div class='ocr_page' id='page_1' title='image "/cluster/home/n/w/nwhite01/storage/ocr_20150623/36/hvd.32044015471469/426.png"; bbox 0 0 4038 6460; ppageno 0'>
   <div class='ocr_carea' id='block_1_1' title="bbox 208 423 309 486">
    <p class='ocr_par' dir='ltr' id='par_1_1' title="bbox 208 423 309 486">
     <span class='ocr_line' id='line_1_1' title="bbox 208 423 309 486; baseline -0.02 0"><span class='ocrx_word' id='word_1_1' title='bbox 208 423 309 486; x_wconf 69' lang='grc'><strong>841</strong></span> 
     </span>
    </p>
   </div>
   <div class='ocr_carea' id='block_1_2' title="bbox 206 522 1799 606">
    <p class='ocr_par' dir='ltr' id='par_1_2' title="bbox 206 522 1799 606">
     <span class='ocr_line' id='line_1_2' title="bbox 206 522 1799 606; baseline -0.011 -11"><span class='ocrx_word' id='word_1_2' title='bbox 206 548 315 606; x_wconf 89' lang='lat' dir='ltr'><strong>cte,</strong></span> <span class='ocrx_word' id='word_1_3' title='bbox 339 532 659 593; x_wconf 77' lang='lat' dir='ltr'><strong>sicutsalita</strong></span> <span class='ocrx_word' id='word_1_4' title='bbox 689 530 901 587; x_wconf 86' lang='lat' dir='ltr'><strong>victima</strong></span> <span class='ocrx_word' id='word_1_5' title='bbox 920 531 960 598; x_wconf 77' lang='lat'><strong>‘,</strong></span> <span class='ocrx_word' id='word_1_6' title='bbox 981 528 1330 584; x_wconf 86' lang='lat' dir='ltr'><strong>tentationem</strong></span> <span class='ocrx_word' id='word_1_7' title='bbox 1360 542 1479 583; x_wconf 86' lang='lat' dir='ltr'><strong>esse</strong></span> <span class='ocrx_word' id='word_1_8' title='bbox 1510 527 1669 580; x_wconf 86' lang='lat' dir='ltr'><strong>vitam</strong></span> <span class='ocrx_word' id='word_1_9' title='bbox 1699 522 1799 578; x_wconf 85' lang='lat' dir='ltr'><strong>hu-</strong></span> 
     </span>
    </p>
   </div>
   <div class='ocr_carea' id='block_1_3' title="bbox 206 609 1801 697">
    <p class='ocr_par' dir='ltr' id='par_1_3' title="bbox 206 609 1801 697">
     <span class='ocr_line' id='line_1_3' title="bbox 206 609 1801 697; baseline -0.008 -12"><span class='ocrx_word' id='word_1_10' title='bbox 206 644 426 686; x_wconf 89' lang='lat' dir='ltr'><strong>manam</strong></span> <span class='ocrx_word' id='word_1_11' title='bbox 480 633 643 697; x_wconf 80' lang='lat' dir='ltr'><strong>super</strong></span> <span class='ocrx_word' id='word_1_12' title='bbox 692 632 891 681; x_wconf 89' lang='lat' dir='ltr'><strong>terram</strong></span> <span class='ocrx_word' id='word_1_13' title='bbox 942 609 1071 694; x_wconf 66' lang='lat' dir='ltr'><strong>(Job</strong></span> <span class='ocrx_word' id='word_1_14' title='bbox 1128 624 1235 684; x_wconf 85' lang='lat' dir='ltr'><strong>vn,</strong></span> <span class='ocrx_word' id='word_1_15' title='bbox 1286 619 1373 691; x_wconf 79' lang='lat' dir='ltr'><strong>l),</strong></span> <span class='ocrx_word' id='word_1_16' title='bbox 1424 618 1801 685; x_wconf 85' lang='lat' dir='ltr'><strong>neminemqtte</strong></span> 
     </span>
    </p>
   </div>
   <div class='ocr_carea' id='block_1_4' title="bbox 207 700 1799 783">
    <p class='ocr_par' dir='ltr' id='par_1_4' title="bbox 207 700 1799 783">
     <span class='ocr_line' id='line_1_4' title="bbox 207 700 1799 783; baseline -0.009 -6"><span class='ocrx_word' id='word_1_17' title='bbox 207 722 434 778; x_wconf 89' lang='lat' dir='ltr'><strong>omnino</strong></span> <span class='ocrx_word' id='word_1_18' title='bbox 462 723 582 775; x_wconf 79' lang='lat' dir='ltr'><strong>eSSe</strong></span> <span class='ocrx_word' id='word_1_19' title='bbox 615 723 885 783; x_wconf 86' lang='lat' dir='ltr'><strong>securum,</strong></span> <span class='ocrx_word' id='word_1_20' title='bbox 916 728 1016 769; x_wconf 88' lang='lat' dir='ltr'><strong>nec</strong></span> <span class='ocrx_word' id='word_1_21' title='bbox 1041 709 1236 769; x_wconf 84' lang='lat' dir='ltr'><strong>debere</strong></span> <span class='ocrx_word' id='word_1_22' title='bbox 1257 715 1377 767; x_wconf 73' lang='lat' dir='ltr'><strong>esSe</strong></span> <span class='ocrx_word' id='word_1_23' title='bbox 1402 726 1670 776; x_wconf 90' lang='lat' dir='ltr'><strong>securum,</strong></span> <span class='ocrx_word' id='word_1_24' title='bbox 1698 700 1799 764; x_wconf 81' lang='lat' dir='ltr'><strong>do-</strong></span> 
     </span>
    </p>
   </div>
   <div class='ocr_carea' id='block_1_5' title="bbox 207 799 1802 888">
    <p class='ocr_par' dir='ltr' id='par_1_5' title="bbox 207 799 1802 888">
     <span class='ocr_line' id='line_1_5' title="bbox 207 799 1802 888; baseline -0.01 -19"><span class='ocrx_word' id='word_1_25' title='bbox 207 829 309 869; x_wconf 88' lang='lat' dir='ltr'><strong>nec</strong></span> <span class='ocrx_word' id='word_1_26' title='bbox 341 811 408 867; x_wconf 88' lang='lat' dir='ltr'><strong>ad</strong></span> <span class='ocrx_word' id='word_1_27' title='bbox 443 812 588 866; x_wconf 84' lang='lat' dir='ltr'><strong>illam</strong></span> <span class='ocrx_word' id='word_1_28' title='bbox 631 808 854 879; x_wconf 81' lang='lat' dir='ltr'><strong>patriam</strong></span> <span class='ocrx_word' id='word_1_29' title='bbox 883 799 1144 870; x_wconf 88' lang='lat' dir='ltr'><strong>veniatur,</strong></span> <span class='ocrx_word' id='word_1_30' title='bbox 1175 803 1315 859; x_wconf 88' lang='lat' dir='ltr'><strong>unde</strong></span> <span class='ocrx_word' id='word_1_31' title='bbox 1343 807 1500 859; x_wconf 80' lang='lat' dir='ltr'><strong>nemo</strong></span> <span class='ocrx_word' id='word_1_32' title='bbox 1529 802 1640 858; x_wconf 80' lang='lat' dir='ltr'><strong>exit</strong></span> <span class='ocrx_word' id='word_1_33' title='bbox 1667 799 1802 888; x_wconf 83' lang='lat' dir='ltr'><strong>ami-</strong></span> 
     </span>
    </p>
   </div>
   <div class='ocr_carea' id='block_1_6' title="bbox 206 891 1798 974">
    <p class='ocr_par' dir='ltr' id='par_1_6' title="bbox 206 891 1798 974">
     <span class='ocr_line' id='line_1_6' title="bbox 206 891 1798 974; baseline -0.01 -12"><span class='ocrx_word' id='word_1_34' title='bbox 206 921 327 971; x_wconf 84' lang='lat' dir='ltr'><strong>cus,</strong></span> <span class='ocrx_word' id='word_1_35' title='bbox 378 917 488 974; x_wconf 89' lang='lat' dir='ltr'><strong>quo</strong></span> <span class='ocrx_word' id='word_1_36' title='bbox 517 915 676 958; x_wconf 91' lang='lat' dir='ltr'><strong>nemo</strong></span> <span class='ocrx_word' id='word_1_37' title='bbox 717 899 1012 955; x_wconf 74' lang='lat' dir='ltr'><strong>admittitur</strong></span> <span class='ocrx_word' id='word_1_38' title='bbox 1055 897 1320 963; x_wconf 70' lang='lat' dir='ltr'><strong>inimicius,</strong></span> <span class='ocrx_word' id='word_1_39' title='bbox 1361 895 1520 950; x_wconf 82' lang='lat' dir='ltr'><strong>etiam</strong></span> <span class='ocrx_word' id='word_1_40' title='bbox 1563 908 1702 948; x_wconf 88' lang='lat' dir='ltr'><strong>nunc</strong></span> <span class='ocrx_word' id='word_1_41' title='bbox 1745 891 1798 947; x_wconf 91' lang='lat' dir='ltr'><strong>in</strong></span> 
     </span>
    </p>
   </div>
   <div class='ocr_carea' id='block_1_7' title="bbox 208 983 1800 1069">
    <p class='ocr_par' dir='ltr' id='par_1_7' title="bbox 208 983 1800 1069">
     <span class='ocr_line' id='line_1_7' title="bbox 208 983 1800 1069; baseline -0.009 -16"><span class='ocrx_word' id='word_1_42' title='bbox 208 997 323 1068; x_wconf 89' lang='lat' dir='ltr'><strong>ipsa</strong></span> <span class='ocrx_word' id='word_1_43' title='bbox 364 994 622 1051; x_wconf 73' lang='lat' dir='ltr'><strong>Ecclesia:</strong></span> <span class='ocrx_word' id='word_1_44' title='bbox 659 991 825 1064; x_wconf 80' lang='lat' dir='ltr'><strong>gloria</strong></span> <span class='ocrx_word' id='word_1_45' title='bbox 868 992 1204 1060; x_wconf 76' lang='lat' dir='ltr'><strong>agnoscimus</strong></span> <span class='ocrx_word' id='word_1_46' title='bbox 1247 1000 1405 1042; x_wconf 86' lang='lat' dir='ltr'><strong>voces</strong></span> <span class='ocrx_word' id='word_1_47' title='bbox 1443 983 1800 1069; x_wconf 84' lang='lat' dir='ltr'><strong>tribulationis</strong></span> 
     </span>
    </p>
   </div>
   <div class='ocr_carea' id='block_1_8' title="bbox 212 1073 1799 1154">
    <p class='ocr_par' dir='ltr' id='par_1_8' title="bbox 212 1073 1799 1154">
     <span class='ocr_line' id='line_1_8' title="bbox 212 1073 1799 1154; baseline -0.009 -10"><span class='ocrx_word' id='word_1_48' title='bbox 212 1098 454 1150; x_wconf 72' lang='lat' dir='ltr'><strong>nostrae;</strong></span> <span class='ocrx_word' id='word_1_49' title='bbox 486 1095 538 1142; x_wconf 84' lang='lat' dir='ltr'><strong>et</strong></span> <span class='ocrx_word' id='word_1_50' title='bbox 558 1094 804 1154; x_wconf 75' lang='lat' dir='ltr'><strong>tanquam</strong></span> <span class='ocrx_word' id='word_1_51' title='bbox 833 1081 1070 1137; x_wconf 84' lang='lat' dir='ltr'><strong>membra</strong></span> <span class='ocrx_word' id='word_1_52' title='bbox 1097 1073 1315 1143; x_wconf 77' lang='lat' dir='ltr'><strong>Christi,</strong></span> <span class='ocrx_word' id='word_1_53' title='bbox 1339 1087 1592 1149; x_wconf 87' lang='lat' dir='ltr'><strong>compage</strong></span> <span class='ocrx_word' id='word_1_54' title='bbox 1621 1076 1799 1133; x_wconf 83' lang='lat' dir='ltr'><strong>chari-</strong></span> 
     </span>
    </p>
   </div>
   <div class='ocr_carea' id='block_1_9' title="bbox 210 1163 1796 1244">
    <p class='ocr_par' dir='ltr' id='par_1_9' title="bbox 210 1163 1796 1244">
     <span class='ocr_line' id='line_1_9' title="bbox 210 1163 1796 1244; baseline -0.008 -11"><span class='ocrx_word' id='word_1_55' title='bbox 210 1179 338 1234; x_wconf 86' lang='lat' dir='ltr'><strong>tatis</strong></span> <span class='ocrx_word' id='word_1_56' title='bbox 367 1176 581 1232; x_wconf 87' lang='lat' dir='ltr'><strong>subdita</strong></span> <span class='ocrx_word' id='word_1_57' title='bbox 611 1173 771 1244; x_wconf 86' lang='lat' dir='ltr'><strong>capiti</strong></span> <span class='ocrx_word' id='word_1_58' title='bbox 801 1171 1005 1236; x_wconf 83' lang='lat' dir='ltr'><strong>nostro,</strong></span> <span class='ocrx_word' id='word_1_59' title='bbox 1033 1171 1087 1225; x_wconf 88' lang='lat' dir='ltr'><strong>e&#39;t</strong></span> <span class='ocrx_word' id='word_1_60' title='bbox 1111 1185 1208 1224; x_wconf 92' lang='lat' dir='ltr'><strong>nos</strong></span> <span class='ocrx_word' id='word_1_61' title='bbox 1235 1169 1459 1224; x_wconf 88' lang='lat' dir='ltr'><strong>invicem</strong></span> <span class='ocrx_word' id='word_1_62' title='bbox 1492 1163 1796 1234; x_wconf 67' lang='lat' dir='ltr'><strong>retinentia,</strong></span> 
     </span>
    </p>
   </div>
   <div class='ocr_carea' id='block_1_10' title="bbox 211 1258 1800 1332">
    <p class='ocr_par' dir='ltr' id='par_1_10' title="bbox 211 1258 1800 1332">
     <span class='ocr_line' id='line_1_10' title="bbox 211 1258 1800 1332; baseline -0.007 -9"><span class='ocrx_word' id='word_1_63' title='bbox 211 1269 459 1323; x_wconf 87' lang='lat' dir='ltr'><strong>dicem&#39;us</strong></span> <span class='ocrx_word' id='word_1_64' title='bbox 489 1266 554 1322; x_wconf 90' lang='lat' dir='ltr'><strong>de</strong></span> <span class='ocrx_word' id='word_1_65' title='bbox 590 1265 836 1330; x_wconf 79' lang='lat' dir='ltr'><strong>Psalmis,</strong></span> <span class='ocrx_word' id='word_1_66' title='bbox 883 1258 1025 1332; x_wconf 92' lang='lat' dir='ltr'><strong>quod</strong></span> <span class='ocrx_word' id='word_1_67' title='bbox 1070 1262 1156 1315; x_wconf 91' lang='lat' dir='ltr'><strong>hic</strong></span> <span class='ocrx_word' id='word_1_68' title='bbox 1195 1259 1396 1314; x_wconf 77' lang='lat' dir='ltr'><strong>dixisse</strong></span> <span class='ocrx_word' id='word_1_69' title='bbox 1441 1258 1800 1313; x_wconf 88' lang='lat' dir='ltr'><strong>invenerimus</strong></span> 
     </span>
    </p>
   </div>
   <div class='ocr_carea' id='block_1_11' title="bbox 211 1349 1802 1431">
    <p class='ocr_par' dir='ltr' id='par_1_11' title="bbox 211 1349 1802 1431">
     <span class='ocr_line' id='line_1_11' title="bbox 211 1349 1802 1431; baseline -0.009 -15"><span class='ocrx_word' id='word_1_70' title='bbox 211 1367 485 1431; x_wconf 78' lang='lat' dir='ltr'><strong>martyres</strong></span> <span class='ocrx_word' id='word_1_71' title='bbox 507 1357 594 1427; x_wconf 87' lang='lat' dir='ltr'><strong>qui</strong></span> <span class='ocrx_word' id='word_1_72' title='bbox 638 1357 850 1411; x_wconf 84' lang='lat' dir='ltr'><strong>fuerunt</strong></span> <span class='ocrx_word' id='word_1_73' title='bbox 890 1359 1014 1407; x_wconf 87' lang='lat' dir='ltr'><strong>ante</strong></span> <span class='ocrx_word' id='word_1_74' title='bbox 1043 1366 1163 1418; x_wconf 91' lang='lat' dir='ltr'><strong>nos,</strong></span> <span class='ocrx_word' id='word_1_75' title='bbox 1208 1351 1330 1421; x_wconf 84' lang='lat' dir='ltr'><strong>quia</strong></span> <span class='ocrx_word' id='word_1_76' title='bbox 1360 1349 1626 1404; x_wconf 84' lang='lat' dir='ltr'><strong>tribulatio</strong></span> <span class='ocrx_word' id='word_1_77' title='bbox 1655 1363 1802 1403; x_wconf 90' lang='lat' dir='ltr'><strong>com-</strong></span> 
     </span>
    </p>
   </div>
   <div class='ocr_carea' id='block_1_12' title="bbox 211 1437 1800 1512">
    <p class='ocr_par' dir='ltr' id='par_1_12' title="bbox 211 1437 1800 1512">
     <span class='ocr_line' id='line_1_12' title="bbox 211 1437 1800 1512; baseline -0.009 -6"><span class='ocrx_word' id='word_1_78' title='bbox 211 1449 393 1506; x_wconf 85' lang='lat' dir='ltr'><strong>munis</strong></span> <span class='ocrx_word' id='word_1_79' title='bbox 425 1460 505 1502; x_wconf 88' lang='lat' dir='ltr'><strong>est</strong></span> <span class='ocrx_word' id='word_1_80' title='bbox 532 1448 798 1508; x_wconf 87' lang='lat' dir='ltr'><strong>omnibus,</strong></span> <span class='ocrx_word' id='word_1_81' title='bbox 830 1443 896 1497; x_wconf 89' lang='lat' dir='ltr'><strong>ab</strong></span> <span class='ocrx_word' id='word_1_82' title='bbox 927 1440 1076 1496; x_wconf 89' lang='lat' dir='ltr'><strong>initio</strong></span> <span class='ocrx_word' id='word_1_83' title='bbox 1115 1447 1282 1512; x_wconf 85' lang='lat' dir='ltr'><strong>usque</strong></span> <span class='ocrx_word' id='word_1_84' title='bbox 1309 1441 1360 1494; x_wconf 90' lang='lat' dir='ltr'><strong>in</strong></span> <span class='ocrx_word' id='word_1_85' title='bbox 1389 1439 1571 1494; x_wconf 84' lang='lat' dir='ltr'><strong>linem.</strong></span> <span class='ocrx_word' id='word_1_86' title='bbox 1599 1437 1800 1492; x_wconf 87' lang='lat' dir='ltr'><strong>Tamen</strong></span> 
     </span>
    </p>
   </div>
   <div class='ocr_carea' id='block_1_13' title="bbox 213 1527 1803 1611">
    <p class='ocr_par' dir='ltr' id='par_1_13' title="bbox 213 1527 1803 1611">
     <span class='ocr_line' id='line_1_13' title="bbox 213 1527 1803 1611; baseline -0.007 -14"><span class='ocrx_word' id='word_1_87' title='bbox 213 1542 379 1598; x_wconf 84' lang='lat' dir='ltr'><strong>istum</strong></span> <span class='ocrx_word' id='word_1_88' title='bbox 411 1541 672 1611; x_wconf 78' lang='lat' dir='ltr'><strong>psalmum</strong></span> <span class='ocrx_word' id='word_1_89' title='bbox 699 1542 854 1607; x_wconf 83' lang='lat' dir='ltr'><strong>quem</strong></span> <span class='ocrx_word' id='word_1_90' title='bbox 884 1527 1216 1590; x_wconf 84' lang='lat' dir='ltr'><strong>lractandum</strong></span> <span class='ocrx_word' id='word_1_91' title='bbox 1258 1533 1612 1602; x_wconf 81' lang='lat' dir='ltr'><strong>suscepimus,</strong></span> <span class='ocrx_word' id='word_1_92' title='bbox 1652 1540 1708 1587; x_wconf 90' lang='lat' dir='ltr'><strong>et</strong></span> <span class='ocrx_word' id='word_1_93' title='bbox 1735 1529 1803 1586; x_wconf 86' lang='lat' dir='ltr'><strong>de</strong></span> 
     </span>
    </p>
   </div>
   <div class='ocr_carea' id='block_1_14' title="bbox 218 1615 1804 1702">
    <p class='ocr_par' dir='ltr' id='par_1_14' title="bbox 218 1615 1804 1702">
     <span class='ocr_line' id='line_1_14' title="bbox 218 1615 1804 1702; baseline -0.007 -16"><span class='ocrx_word' id='word_1_94' title='bbox 218 1639 326 1702; x_wconf 85' lang='lat' dir='ltr'><strong>quo</strong></span> <span class='ocrx_word' id='word_1_95' title='bbox 349 1630 494 1700; x_wconf 90' lang='lat' dir='ltr'><strong>loqui</strong></span> <span class='ocrx_word' id='word_1_96' title='bbox 521 1627 780 1683; x_wconf 90' lang='lat' dir='ltr'><strong>Charit‘ati</strong></span> <span class='ocrx_word' id='word_1_97' title='bbox 813 1626 1012 1681; x_wconf 72' lang='lat' dir='ltr'><strong>\&quot;estrte</strong></span> <span class='ocrx_word' id='word_1_98' title='bbox 1044 1625 1094 1678; x_wconf 90' lang='lat' dir='ltr'><strong>in</strong></span> <span class='ocrx_word' id='word_1_99' title='bbox 1126 1623 1340 1678; x_wconf 83' lang='lat' dir='ltr'><strong>nomine</strong></span> <span class='ocrx_word' id='word_1_100' title='bbox 1368 1615 1576 1677; x_wconf 89' lang='lat' dir='ltr'><strong>Domini</strong></span> <span class='ocrx_word' id='word_1_101' title='bbox 1607 1627 1804 1692; x_wconf 74' lang='lat' dir='ltr'><strong>propo-</strong></span> 
     </span>
    </p>
   </div>
   <div class='ocr_carea' id='block_1_15' title="bbox 217 1708 1805 1791">
    <p class='ocr_par' dir='ltr' id='par_1_15' title="bbox 217 1708 1805 1791">
     <span class='ocr_line' id='line_1_15' title="bbox 217 1708 1805 1791; baseline -0.006 -12"><span class='ocrx_word' id='word_1_102' title='bbox 217 1725 448 1786; x_wconf 85' lang='lat' dir='ltr'><strong>suimus,</strong></span> <span class='ocrx_word' id='word_1_103' title='bbox 497 1723 548 1776; x_wconf 88' lang='lat' dir='ltr'><strong>in</strong></span> <span class='ocrx_word' id='word_1_104' title='bbox 591 1735 759 1791; x_wconf 89' lang='lat' dir='ltr'><strong>grano</strong></span> <span class='ocrx_word' id='word_1_105' title='bbox 798 1708 998 1786; x_wconf 82' lang='lat' dir='ltr'><strong>sinapis</strong></span> <span class='ocrx_word' id='word_1_106' title='bbox 1027 1715 1712 1788; x_wconf 78' lang='lat' dir='ltr'><strong>agnoscamnszpaululum</strong></span> <span class='ocrx_word' id='word_1_107' title='bbox 1738 1715 1805 1770; x_wconf 80' lang='lat' dir='ltr'><strong>alt</strong></span> 
     </span>
    </p>
   </div>
   <div class='ocr_carea' id='block_1_16' title="bbox 218 1796 1805 1873">
    <p class='ocr_par' dir='ltr' id='par_1_16' title="bbox 218 1796 1805 1873">
     <span class='ocr_line' id='line_1_16' title="bbox 218 1796 1805 1873; baseline -0.004 -3"><span class='ocrx_word' id='word_1_108' title='bbox 218 1815 501 1870; x_wconf 89' lang='lat' dir='ltr'><strong>altitudine</strong></span> <span class='ocrx_word' id='word_1_109' title='bbox 543 1811 706 1866; x_wconf 86' lang='lat' dir='ltr'><strong>oleris</strong></span> <span class='ocrx_word' id='word_1_110' title='bbox 746 1820 801 1866; x_wconf 90' lang='lat' dir='ltr'><strong>et</strong></span> <span class='ocrx_word' id='word_1_111' title='bbox 837 1807 1121 1864; x_wconf 87' lang='lat' dir='ltr'><strong>dill‘usione</strong></span> <span class='ocrx_word' id='word_1_112' title='bbox 1169 1823 1463 1873; x_wconf 90' lang='lat' dir='ltr'><strong>ramorum,</strong></span> <span class='ocrx_word' id='word_1_113' title='bbox 1504 1816 1560 1863; x_wconf 91' lang='lat' dir='ltr'><strong>et</strong></span> <span class='ocrx_word' id='word_1_114' title='bbox 1605 1808 1674 1863; x_wconf 86' lang='lat' dir='ltr'><strong>ab</strong></span> <span class='ocrx_word' id='word_1_115' title='bbox 1716 1796 1805 1864; x_wconf 84' lang='lat' dir='ltr'><strong>illa</strong></span> 
     </span>
    </p>
   </div>
   <div class='ocr_carea' id='block_1_17' title="bbox 219 1899 1806 1975">
    <p class='ocr_par' dir='ltr' id='par_1_17' title="bbox 219 1899 1806 1975">
     <span class='ocr_line' id='line_1_17' title="bbox 219 1899 1806 1975; baseline -0.003 -18"><span class='ocrx_word' id='word_1_116' title='bbox 219 1904 409 1975; x_wconf 87' lang='lat' dir='ltr'><strong>gloria,</strong></span> <span class='ocrx_word' id='word_1_117' title='bbox 439 1903 525 1957; x_wconf 89' lang='lat' dir='ltr'><strong>nhi</strong></span> <span class='ocrx_word' id='word_1_118' title='bbox 567 1917 692 1957; x_wconf 86' lang='lat' dir='ltr'><strong>aves</strong></span> <span class='ocrx_word' id='word_1_119' title='bbox 721 1901 839 1957; x_wconf 74' lang='lat' dir='ltr'><strong>cteli</strong></span> <span class='ocrx_word' id='word_1_120' title='bbox 888 1899 1248 1972; x_wconf 87' lang='lat' dir='ltr'><strong>requiescunt,</strong></span> <span class='ocrx_word' id='word_1_121' title='bbox 1288 1914 1574 1954; x_wconf 85' lang='lat' dir='ltr'><strong>avocemus</strong></span> <span class='ocrx_word' id='word_1_122' title='bbox 1603 1899 1806 1970; x_wconf 89' lang='lat' dir='ltr'><strong>cogita-</strong></span> 
     </span>
    </p>
   </div>
   <div class='ocr_carea' id='block_1_18' title="bbox 221 1979 1803 2062">
    <p class='ocr_par' dir='ltr' id='par_1_18' title="bbox 221 1979 1803 2062">
     <span class='ocr_line' id='line_1_18' title="bbox 221 1979 1803 2062; baseline -0.003 -12"><span class='ocrx_word' id='word_1_123' title='bbox 221 1997 462 2058; x_wconf 83' lang='lat' dir='ltr'><strong>tionem;</strong></span> <span class='ocrx_word' id='word_1_124' title='bbox 489 2002 543 2049; x_wconf 92' lang='lat' dir='ltr'><strong>et</strong></span> <span class='ocrx_word' id='word_1_125' title='bbox 566 1992 680 2048; x_wconf 59' lang='lat' dir='ltr'><strong>hinc</strong></span> <span class='ocrx_word' id='word_1_126' title='bbox 709 1985 1015 2062; x_wconf 76' lang='lat' dir='ltr'><strong>magnitudo</strong></span> <span class='ocrx_word' id='word_1_127' title='bbox 1039 2007 1157 2062; x_wconf 68' lang='lat' dir='ltr'><strong>quae</strong></span> <span class='ocrx_word' id='word_1_128' title='bbox 1185 1995 1283 2046; x_wconf 81' lang='lat' dir='ltr'><strong>nes</strong></span> <span class='ocrx_word' id='word_1_129' title='bbox 1303 1985 1532 2045; x_wconf 86' lang='lat' dir='ltr'><strong>delectat</strong></span> <span class='ocrx_word' id='word_1_130' title='bbox 1558 1979 1610 2044; x_wconf 89' lang='lat' dir='ltr'><strong>in</strong></span> <span class='ocrx_word' id='word_1_131' title='bbox 1634 1981 1803 2058; x_wconf 87' lang='lat' dir='ltr'><strong>olere,</strong></span> 
     </span>
    </p>
   </div>
   <div class='ocr_carea' id='block_1_19' title="bbox 221 2074 1806 2154">
    <p class='ocr_par' dir='ltr' id='par_1_19' title="bbox 221 2074 1806 2154">
     <span class='ocr_line' id='line_1_19' title="bbox 221 2074 1806 2154; baseline 0 -18"><span class='ocrx_word' id='word_1_132' title='bbox 221 2099 381 2154; x_wconf 88' lang='lat' dir='ltr'><strong>quam</strong></span> <span class='ocrx_word' id='word_1_133' title='bbox 413 2083 480 2138; x_wconf 91' lang='lat' dir='ltr'><strong>de</strong></span> <span class='ocrx_word' id='word_1_134' title='bbox 511 2096 671 2153; x_wconf 88' lang='lat' dir='ltr'><strong>parvo</strong></span> <span class='ocrx_word' id='word_1_135' title='bbox 708 2081 1003 2137; x_wconf 71' lang='lat' dir='ltr'><strong>Surrexerit</strong></span> <span class='ocrx_word' id='word_1_136' title='bbox 1042 2077 1336 2134; x_wconf 84' lang='lat' dir='ltr'><strong>audiamus.</strong></span> <span class='ocrx_word' id='word_1_137' title='bbox 1382 2074 1628 2135; x_wconf 86' lang='lat' dir='ltr'><strong>Christus</strong></span> <span class='ocrx_word' id='word_1_138' title='bbox 1662 2081 1806 2136; x_wconf 88' lang='lat' dir='ltr'><strong>enim</strong></span> 
     </span>
    </p>
   </div>
   <div class='ocr_carea' id='block_1_20' title="bbox 231 2167 1809 2244">
    <p class='ocr_par' dir='ltr' id='par_1_20' title="bbox 231 2167 1809 2244">
     <span class='ocr_line' id='line_1_20' title="bbox 231 2167 1809 2244; baseline -0.003 -14"><span class='ocrx_word' id='word_1_139' title='bbox 231 2169 317 2230; x_wconf 84' lang='lat' dir='ltr'><strong>hic</strong></span> <span class='ocrx_word' id='word_1_140' title='bbox 352 2173 592 2244; x_wconf 80' lang='lat' dir='ltr'><strong>loquitur</strong></span> <span class='ocrx_word' id='word_1_141' title='bbox 633 2167 748 2242; x_wconf 89' lang='lat' dir='ltr'><strong>(sed</strong></span> <span class='ocrx_word' id='word_1_142' title='bbox 772 2172 881 2241; x_wconf 91' lang='lat' dir='ltr'><strong>jam</strong></span> <span class='ocrx_word' id='word_1_143' title='bbox 926 2169 1216 2226; x_wconf 78' lang='lat' dir='ltr'><strong>scientibus</strong></span> <span class='ocrx_word' id='word_1_144' title='bbox 1249 2167 1498 2242; x_wconf 87' lang='lat' dir='ltr'><strong>dicimus)</strong></span> <span class='ocrx_word' id='word_1_145' title='bbox 1525 2190 1538 2234; x_wconf 89' lang='lat'><strong>;</strong></span> <span class='ocrx_word' id='word_1_146' title='bbox 1565 2169 1809 2226; x_wconf 84' lang='lat' dir='ltr'><strong>Christus</strong></span> 
     </span>
    </p>
   </div>
   <div class='ocr_carea' id='block_1_21' title="bbox 226 2251 1811 2332">
    <p class='ocr_par' dir='ltr' id='par_1_21' title="bbox 226 2251 1811 2332">
     <span class='ocr_line' id='line_1_21' title="bbox 226 2251 1811 2332; baseline -0.003 -12"><span class='ocrx_word' id='word_1_147' title='bbox 226 2280 330 2320; x_wconf 92' lang='lat' dir='ltr'><strong>non</strong></span> <span class='ocrx_word' id='word_1_148' title='bbox 354 2264 530 2318; x_wconf 91' lang='lat' dir='ltr'><strong>solum</strong></span> <span class='ocrx_word' id='word_1_149' title='bbox 558 2270 736 2331; x_wconf 81' lang='lat' dir='ltr'><strong>caput,</strong></span> <span class='ocrx_word' id='word_1_150' title='bbox 763 2262 855 2316; x_wconf 89' lang='lat' dir='ltr'><strong>sed</strong></span> <span class='ocrx_word' id='word_1_151' title='bbox 882 2271 935 2316; x_wconf 91' lang='lat' dir='ltr'><strong>et</strong></span> <span class='ocrx_word' id='word_1_152' title='bbox 963 2275 1177 2331; x_wconf 91' lang='lat' dir='ltr'><strong>corpus.</strong></span> <span class='ocrx_word' id='word_1_153' title='bbox 1201 2259 1281 2314; x_wconf 82' lang='lat' dir='ltr'><strong>Ex</strong></span> <span class='ocrx_word' id='word_1_154' title='bbox 1304 2259 1432 2330; x_wconf 84' lang='lat' dir='ltr'><strong>ipsis</strong></span> <span class='ocrx_word' id='word_1_155' title='bbox 1456 2251 1634 2316; x_wconf 82' lang='lat' dir='ltr'><strong>verbis</strong></span> <span class='ocrx_word' id='word_1_156' title='bbox 1654 2263 1811 2332; x_wconf 85' lang='lat' dir='ltr'><strong>agno-</strong></span> 
     </span>
    </p>
   </div>
   <div class='ocr_carea' id='block_1_22' title="bbox 225 2346 1812 2423">
    <p class='ocr_par' dir='ltr' id='par_1_22' title="bbox 225 2346 1812 2423">
     <span class='ocr_line' id='line_1_22' title="bbox 225 2346 1812 2423; baseline -0.002 -13"><span class='ocrx_word' id='word_1_157' title='bbox 225 2357 444 2410; x_wconf 81' lang='lat' dir='ltr'><strong>scimus.</strong></span> <span class='ocrx_word' id='word_1_158' title='bbox 490 2352 622 2408; x_wconf 83' lang='lat' dir='ltr'><strong>Nam</strong></span> <span class='ocrx_word' id='word_1_159' title='bbox 672 2354 792 2423; x_wconf 84' lang='lat' dir='ltr'><strong>quia</strong></span> <span class='ocrx_word' id='word_1_160' title='bbox 837 2351 1082 2407; x_wconf 85' lang='lat' dir='ltr'><strong>Christus</strong></span> <span class='ocrx_word' id='word_1_161' title='bbox 1132 2349 1219 2406; x_wconf 92' lang='lat' dir='ltr'><strong>hic</strong></span> <span class='ocrx_word' id='word_1_162' title='bbox 1263 2350 1521 2422; x_wconf 83' lang='lat' dir='ltr'><strong>loquitur,</strong></span> <span class='ocrx_word' id='word_1_163' title='bbox 1565 2346 1812 2407; x_wconf 87' lang='lat' dir='ltr'><strong>dubitare</strong></span> 
     </span>
    </p>
   </div>
   <div class='ocr_carea' id='block_1_23' title="bbox 229 2437 1812 2514">
    <p class='ocr_par' dir='ltr' id='par_1_23' title="bbox 229 2437 1812 2514">
     <span class='ocr_line' id='line_1_23' title="bbox 229 2437 1812 2514; baseline -0.002 -13"><span class='ocrx_word' id='word_1_164' title='bbox 229 2449 451 2502; x_wconf 84' lang='lat' dir='ltr'><strong>omnino</strong></span> <span class='ocrx_word' id='word_1_165' title='bbox 503 2461 610 2500; x_wconf 91' lang='lat' dir='ltr'><strong>non</strong></span> <span class='ocrx_word' id='word_1_166' title='bbox 645 2444 1019 2514; x_wconf 89' lang='lat' dir='ltr'><strong>permittimur.</strong></span> <span class='ocrx_word' id='word_1_167' title='bbox 1069 2437 1166 2498; x_wconf 81' lang='lat' dir='ltr'><strong>llic</strong></span> <span class='ocrx_word' id='word_1_168' title='bbox 1208 2451 1332 2497; x_wconf 90' lang='lat' dir='ltr'><strong>sunt</strong></span> <span class='ocrx_word' id='word_1_169' title='bbox 1369 2443 1512 2498; x_wconf 88' lang='lat' dir='ltr'><strong>enim</strong></span> <span class='ocrx_word' id='word_1_170' title='bbox 1557 2457 1812 2512; x_wconf 82' lang='lat' dir='ltr'><strong>expressa</strong></span> 
     </span>
    </p>
   </div>
   <div class='ocr_carea' id='block_1_24' title="bbox 230 2523 1814 2608">
    <p class='ocr_par' dir='ltr' id='par_1_24' title="bbox 230 2523 1814 2608">
     <span class='ocr_line' id='line_1_24' title="bbox 230 2523 1814 2608; baseline -0.001 -17"><span class='ocrx_word' id='word_1_171' title='bbox 230 2538 394 2593; x_wconf 87' lang='lat' dir='ltr'><strong>verba</strong></span> <span class='ocrx_word' id='word_1_172' title='bbox 419 2549 541 2608; x_wconf 67' lang='lat' dir='ltr'><strong>quae</strong></span> <span class='ocrx_word' id='word_1_173' title='bbox 570 2537 622 2590; x_wconf 92' lang='lat' dir='ltr'><strong>in</strong></span> <span class='ocrx_word' id='word_1_174' title='bbox 651 2535 766 2606; x_wconf 83' lang='lat' dir='ltr'><strong>ejus</strong></span> <span class='ocrx_word' id='word_1_175' title='bbox 789 2534 1040 2606; x_wconf 81' lang='lat' dir='ltr'><strong>passione</strong></span> <span class='ocrx_word' id='word_1_176' title='bbox 1068 2535 1330 2603; x_wconf 88' lang='lat' dir='ltr'><strong>completa</strong></span> <span class='ocrx_word' id='word_1_177' title='bbox 1358 2543 1482 2589; x_wconf 91' lang='lat' dir='ltr'><strong>sunt</strong></span> <span class='ocrx_word' id='word_1_178' title='bbox 1510 2551 1524 2587; x_wconf 91' lang='lat'>:</span> <span class='ocrx_word' id='word_1_179' title='bbox 1554 2523 1814 2589; x_wconf 83' lang='lat' dir='ltr'><strong>Dederunt</strong></span> 
     </span>
    </p>
   </div>
   <div class='ocr_carea' id='block_1_25' title="bbox 233 2624 1809 2699">
    <p class='ocr_par' dir='ltr' id='par_1_25' title="bbox 233 2624 1809 2699">
     <span class='ocr_line' id='line_1_25' title="bbox 233 2624 1809 2699; baseline -0.003 -13"><span class='ocrx_word' id='word_1_180' title='bbox 233 2627 284 2686; x_wconf 73' lang='lat' dir='ltr'><strong>in</strong></span> <span class='ocrx_word' id='word_1_181' title='bbox 315 2646 483 2685; x_wconf 86' lang='lat' dir='ltr'><strong>escam</strong></span> <span class='ocrx_word' id='word_1_182' title='bbox 510 2640 672 2683; x_wconf 84' lang='lat' dir='ltr'><strong>meum</strong></span> <span class='ocrx_word' id='word_1_183' title='bbox 699 2624 787 2699; x_wconf 78' lang='lat' dir='ltr'><strong>fel,</strong></span> <span class='ocrx_word' id='word_1_184' title='bbox 818 2637 864 2682; x_wconf 91' lang='lat' dir='ltr'><strong>et</strong></span> <span class='ocrx_word' id='word_1_185' title='bbox 893 2628 944 2681; x_wconf 87' lang='lat' dir='ltr'><strong>in</strong></span> <span class='ocrx_word' id='word_1_186' title='bbox 971 2625 1054 2681; x_wconf 78' lang='lat' dir='ltr'><strong>siti</strong></span> <span class='ocrx_word' id='word_1_187' title='bbox 1078 2643 1186 2680; x_wconf 83' lang='lat' dir='ltr'><strong>utea</strong></span> <span class='ocrx_word' id='word_1_188' title='bbox 1209 2637 1504 2697; x_wconf 79' lang='lat' dir='ltr'><strong>potaverunt</strong></span> <span class='ocrx_word' id='word_1_189' title='bbox 1533 2643 1611 2682; x_wconf 77' lang='lat' dir='ltr'><strong>me</strong></span> <span class='ocrx_word' id='word_1_190' title='bbox 1635 2636 1809 2682; x_wconf 85' lang='lat' dir='ltr'><strong>aceto:</strong></span> 
     </span>
    </p>
   </div>
   <div class='ocr_carea' id='block_1_26' title="bbox 231 2715 1816 2792">
    <p class='ocr_par' dir='ltr' id='par_1_26' title="bbox 231 2715 1816 2792">
     <span class='ocr_line' id='line_1_26' title="bbox 231 2715 1816 2792; baseline 0.001 -20"><span class='ocrx_word' id='word_1_191' title='bbox 231 2720 444 2792; x_wconf 87' lang='lat' dir='ltr'><strong>quando</strong></span> <span class='ocrx_word' id='word_1_192' title='bbox 478 2719 578 2774; x_wconf 91' lang='lat' dir='ltr'><strong>ista</strong></span> <span class='ocrx_word' id='word_1_193' title='bbox 621 2719 675 2773; x_wconf 88' lang='lat' dir='ltr'><strong>et</strong></span> <span class='ocrx_word' id='word_1_194' title='bbox 702 2715 767 2771; x_wconf 91' lang='lat' dir='ltr'><strong>ad</strong></span> <span class='ocrx_word' id='word_1_195' title='bbox 812 2715 1041 2772; x_wconf 78' lang='lat' dir='ltr'><strong>litteram</strong></span> <span class='ocrx_word' id='word_1_196' title='bbox 1085 2717 1303 2786; x_wconf 91' lang='lat' dir='ltr'><strong>impleta</strong></span> <span class='ocrx_word' id='word_1_197' title='bbox 1342 2725 1485 2784; x_wconf 87' lang='lat' dir='ltr'><strong>sunt,</strong></span> <span class='ocrx_word' id='word_1_198' title='bbox 1509 2726 1565 2772; x_wconf 89' lang='lat' dir='ltr'><strong>et</strong></span> <span class='ocrx_word' id='word_1_199' title='bbox 1595 2732 1816 2788; x_wconf 81' lang='lat' dir='ltr'><strong>prorsus</strong></span> 
     </span>
    </p>
   </div>
   <div class='ocr_carea' id='block_1_27' title="bbox 231 2804 1816 2881">
    <p class='ocr_par' dir='ltr' id='par_1_27' title="bbox 231 2804 1816 2881">
     <span class='ocr_line' id='line_1_27' title="bbox 231 2804 1816 2881; baseline -0.001 -16"><span class='ocrx_word' id='word_1_200' title='bbox 231 2811 502 2881; x_wconf 87' lang='lat' dir='ltr'><strong>quomodo</strong></span> <span class='ocrx_word' id='word_1_201' title='bbox 530 2809 796 2878; x_wconf 61' lang='lat' dir='ltr'><strong>praedicta,</strong></span> <span class='ocrx_word' id='word_1_202' title='bbox 825 2808 902 2863; x_wconf 88' lang='lat' dir='ltr'><strong>sic</strong></span> <span class='ocrx_word' id='word_1_203' title='bbox 925 2804 1148 2864; x_wconf 89' lang='lat' dir='ltr'><strong>reddita.</strong></span> <span class='ocrx_word' id='word_1_204' title='bbox 1172 2807 1410 2878; x_wconf 88' lang='lat' dir='ltr'><strong>Cumque</strong></span> <span class='ocrx_word' id='word_1_205' title='bbox 1435 2809 1548 2879; x_wconf 88' lang='lat' dir='ltr'><strong>ipse</strong></span> <span class='ocrx_word' id='word_1_206' title='bbox 1569 2808 1816 2864; x_wconf 86' lang='lat' dir='ltr'><strong>Christus</strong></span> 
     </span>
    </p>
   </div>
   <div class='ocr_carea' id='block_1_28' title="bbox 230 2894 1815 2970">
    <p class='ocr_par' dir='ltr' id='par_1_28' title="bbox 230 2894 1815 2970">
     <span class='ocr_line' id='line_1_28' title="bbox 230 2894 1815 2970; baseline -0.001 -13"><span class='ocrx_word' id='word_1_207' title='bbox 230 2894 478 2968; x_wconf 77' lang='lat' dir='ltr'><strong>dixisset,</strong></span> <span class='ocrx_word' id='word_1_208' title='bbox 511 2901 663 2968; x_wconf 81' lang='lat' dir='ltr'><strong>Sitio,</strong></span> <span class='ocrx_word' id='word_1_209' title='bbox 696 2900 933 2970; x_wconf 86' lang='lat' dir='ltr'><strong>pendens</strong></span> <span class='ocrx_word' id='word_1_210' title='bbox 973 2899 1025 2954; x_wconf 91' lang='lat' dir='ltr'><strong>in</strong></span> <span class='ocrx_word' id='word_1_211' title='bbox 1055 2913 1232 2964; x_wconf 87' lang='lat' dir='ltr'><strong>cruce,</strong></span> <span class='ocrx_word' id='word_1_212' title='bbox 1264 2908 1319 2954; x_wconf 90' lang='lat' dir='ltr'><strong>et</strong></span> <span class='ocrx_word' id='word_1_213' title='bbox 1357 2899 1425 2954; x_wconf 88' lang='lat' dir='ltr'><strong>ad</strong></span> <span class='ocrx_word' id='word_1_214' title='bbox 1465 2901 1566 2956; x_wconf 91' lang='lat' dir='ltr'><strong>hoc</strong></span> <span class='ocrx_word' id='word_1_215' title='bbox 1593 2900 1815 2956; x_wconf 87' lang='lat' dir='ltr'><strong>verbum</strong></span> 
     </span>
    </p>
   </div>
   <div class='ocr_carea' id='block_1_29' title="bbox 231 2991 1815 3062">
    <p class='ocr_par' dir='ltr' id='par_1_29' title="bbox 231 2991 1815 3062">
     <span class='ocr_line' id='line_1_29' title="bbox 231 2991 1815 3062; baseline -0.001 -14"><span class='ocrx_word' id='word_1_216' title='bbox 231 2996 277 3049; x_wconf 86' lang='lat' dir='ltr'><strong>ei</strong></span> <span class='ocrx_word' id='word_1_217' title='bbox 304 3005 516 3049; x_wconf 87' lang='lat' dir='ltr'><strong>acetum</strong></span> <span class='ocrx_word' id='word_1_218' title='bbox 546 2993 597 3047; x_wconf 92' lang='lat' dir='ltr'><strong>in</strong></span> <span class='ocrx_word' id='word_1_219' title='bbox 625 2993 842 3062; x_wconf 89' lang='lat' dir='ltr'><strong>spongia</strong></span> <span class='ocrx_word' id='word_1_220' title='bbox 881 2991 1058 3046; x_wconf 90' lang='lat' dir='ltr'><strong>datum</strong></span> <span class='ocrx_word' id='word_1_221' title='bbox 1087 2998 1250 3057; x_wconf 86' lang='lat' dir='ltr'><strong>esset,</strong></span> <span class='ocrx_word' id='word_1_222' title='bbox 1277 3006 1382 3060; x_wconf 92' lang='lat' dir='ltr'><strong>quo</strong></span> <span class='ocrx_word' id='word_1_223' title='bbox 1414 3003 1634 3061; x_wconf 86' lang='lat' dir='ltr'><strong>accepto</strong></span> <span class='ocrx_word' id='word_1_224' title='bbox 1658 2991 1815 3060; x_wconf 71' lang='lat' dir='ltr'><strong>dixit,</strong></span> 
     </span>
    </p>
   </div>
   <div class='ocr_carea' id='block_1_30' title="bbox 231 3077 1819 3152">
    <p class='ocr_par' dir='ltr' id='par_1_30' title="bbox 231 3077 1819 3152">
     <span class='ocr_line' id='line_1_30' title="bbox 231 3077 1819 3152; baseline -0.002 -12"><span class='ocrx_word' id='word_1_225' title='bbox 231 3077 649 3140; x_wconf 83' lang='lat' dir='ltr'><strong>Consummatum</strong></span> <span class='ocrx_word' id='word_1_226' title='bbox 672 3092 763 3146; x_wconf 88' lang='lat' dir='ltr'><strong>est,</strong></span> <span class='ocrx_word' id='word_1_227' title='bbox 796 3091 850 3137; x_wconf 91' lang='lat' dir='ltr'><strong>et</strong></span> <span class='ocrx_word' id='word_1_228' title='bbox 881 3083 960 3136; x_wconf 91' lang='lat' dir='ltr'><strong>sic</strong></span> <span class='ocrx_word' id='word_1_229' title='bbox 992 3081 1244 3136; x_wconf 87' lang='lat' dir='ltr'><strong>inclinato</strong></span> <span class='ocrx_word' id='word_1_230' title='bbox 1269 3082 1443 3152; x_wconf 90' lang='lat' dir='ltr'><strong>capite</strong></span> <span class='ocrx_word' id='word_1_231' title='bbox 1469 3081 1683 3137; x_wconf 86' lang='lat' dir='ltr'><strong>tradidit</strong></span> <span class='ocrx_word' id='word_1_232' title='bbox 1709 3083 1819 3152; x_wconf 89' lang='lat' dir='ltr'><strong>spi-</strong></span> 
     </span>
    </p>
   </div>
   <div class='ocr_carea' id='block_1_31' title="bbox 237 3170 1818 3247">
    <p class='ocr_par' dir='ltr' id='par_1_31' title="bbox 237 3170 1818 3247">
     <span class='ocr_line' id='line_1_31' title="bbox 237 3170 1818 3247; baseline -0.002 -16"><span class='ocrx_word' id='word_1_233' title='bbox 237 3179 397 3232; x_wconf 85' lang='lat' dir='ltr'><strong>ritum</strong></span> <span class='ocrx_word' id='word_1_234' title='bbox 430 3171 608 3247; x_wconf 76' lang='lat' dir='ltr'><strong>(Joan&#39;.</strong></span> <span class='ocrx_word' id='word_1_235' title='bbox 639 3189 752 3240; x_wconf 75' lang='lat' dir='ltr'><strong>nx,</strong></span> <span class='ocrx_word' id='word_1_236' title='bbox 783 3172 1000 3239; x_wconf 64' lang='grc'><strong>28-50),</strong></span> <span class='ocrx_word' id='word_1_237' title='bbox 1029 3170 1319 3228; x_wconf 87' lang='lat' dir='ltr'><strong>ostendens</strong></span> <span class='ocrx_word' id='word_1_238' title='bbox 1356 3173 1455 3227; x_wconf 83' lang='lat' dir='ltr'><strong>ista</strong></span> <span class='ocrx_word' id='word_1_239' title='bbox 1492 3173 1671 3228; x_wconf 89' lang='lat' dir='ltr'><strong>omnia</strong></span> <span class='ocrx_word' id='word_1_240' title='bbox 1697 3188 1818 3243; x_wconf 72' lang='lat' dir='ltr'><strong>qua:</strong></span> 
     </span>
    </p>
   </div>
   <div class='ocr_carea' id='block_1_32' title="bbox 236 3264 1818 3339">
    <p class='ocr_par' dir='ltr' id='par_1_32' title="bbox 236 3264 1818 3339">
     <span class='ocr_line' id='line_1_32' title="bbox 236 3264 1818 3339; baseline 0.001 -20"><span class='ocrx_word' id='word_1_241' title='bbox 236 3267 491 3339; x_wconf 78' lang='lat' dir='ltr'><strong>praedicta</strong></span> <span class='ocrx_word' id='word_1_242' title='bbox 535 3276 657 3320; x_wconf 87' lang='lat' dir='ltr'><strong>sunt</strong></span> <span class='ocrx_word' id='word_1_243' title='bbox 686 3268 737 3320; x_wconf 94' lang='lat' dir='ltr'><strong>in</strong></span> <span class='ocrx_word' id='word_1_244' title='bbox 775 3266 864 3319; x_wconf 92' lang='lat' dir='ltr'><strong>illo</strong></span> <span class='ocrx_word' id='word_1_245' title='bbox 900 3264 1062 3320; x_wconf 82' lang='lat' dir='ltr'><strong>fuisse</strong></span> <span class='ocrx_word' id='word_1_246' title='bbox 1105 3272 1231 3319; x_wconf 83' lang='lat' dir='ltr'><strong>tunc</strong></span> <span class='ocrx_word' id='word_1_247' title='bbox 1274 3273 1677 3331; x_wconf 85' lang='lat' dir='ltr'><strong>consummata;</strong></span> <span class='ocrx_word' id='word_1_248' title='bbox 1711 3279 1818 3321; x_wconf 87' lang='lat' dir='ltr'><strong>non</strong></span> 
     </span>
    </p>
   </div>
   <div class='ocr_carea' id='block_1_33' title="bbox 231 3352 1820 3428">
    <p class='ocr_par' dir='ltr' id='par_1_33' title="bbox 231 3352 1820 3428">
     <span class='ocr_line' id='line_1_33' title="bbox 231 3352 1820 3428; baseline -0.004 -12"><span class='ocrx_word' id='word_1_249' title='bbox 231 3357 360 3416; x_wconf 89' lang='lat' dir='ltr'><strong>licet</strong></span> <span class='ocrx_word' id='word_1_250' title='bbox 379 3358 467 3414; x_wconf 91' lang='lat' dir='ltr'><strong>hic</strong></span> <span class='ocrx_word' id='word_1_251' title='bbox 492 3356 630 3412; x_wconf 86' lang='lat' dir='ltr'><strong>aliud</strong></span> <span class='ocrx_word' id='word_1_252' title='bbox 659 3352 974 3428; x_wconf 86' lang='lat' dir='ltr'><strong>intelligere.</strong></span> <span class='ocrx_word' id='word_1_253' title='bbox 1008 3356 1249 3426; x_wconf 87' lang='lat' dir='ltr'><strong>Apostoli</strong></span> <span class='ocrx_word' id='word_1_254' title='bbox 1271 3357 1429 3411; x_wconf 89' lang='lat' dir='ltr'><strong>etiam</strong></span> <span class='ocrx_word' id='word_1_255' title='bbox 1458 3357 1731 3426; x_wconf 86' lang='lat' dir='ltr'><strong>loquentes</strong></span> <span class='ocrx_word' id='word_1_256' title='bbox 1751 3355 1820 3411; x_wconf 89' lang='lat' dir='ltr'><strong>de</strong></span> 
     </span>
    </p>
   </div>
   <div class='ocr_carea' id='block_1_34' title="bbox 232 3437 1819 3518">
    <p class='ocr_par' dir='ltr' id='par_1_34' title="bbox 232 3437 1819 3518">
     <span class='ocr_line' id='line_1_34' title="bbox 232 3437 1819 3518; baseline -0.003 -11"><span class='ocrx_word' id='word_1_257' title='bbox 232 3451 472 3515; x_wconf 89' lang='lat' dir='ltr'><strong>Christo,</strong></span> <span class='ocrx_word' id='word_1_258' title='bbox 522 3449 822 3504; x_wconf 86' lang='lat' dir='ltr'><strong>testimonia</strong></span> <span class='ocrx_word' id='word_1_259' title='bbox 862 3463 928 3502; x_wconf 79' lang='lat' dir='ltr'><strong>ex</strong></span> <span class='ocrx_word' id='word_1_260' title='bbox 977 3448 1078 3502; x_wconf 89' lang='lat' dir='ltr'><strong>isto</strong></span> <span class='ocrx_word' id='word_1_261' title='bbox 1126 3437 1331 3518; x_wconf 85' lang='lat' dir='ltr'><strong>psalmo</strong></span> <span class='ocrx_word' id='word_1_262' title='bbox 1371 3446 1652 3503; x_wconf 88' lang='lat' dir='ltr'><strong>dederunt.</strong></span> <span class='ocrx_word' id='word_1_263' title='bbox 1689 3447 1819 3515; x_wconf 85' lang='lat' dir='ltr'><strong>Quis</strong></span> 
     </span>
    </p>
   </div>
   <div class='ocr_carea' id='block_1_35' title="bbox 232 3539 1819 3609">
    <p class='ocr_par' dir='ltr' id='par_1_35' title="bbox 232 3539 1819 3609">
     <span class='ocr_line' id='line_1_35' title="bbox 232 3539 1819 3609; baseline -0.003 -11"><span class='ocrx_word' id='word_1_264' title='bbox 232 3553 415 3599; x_wconf 88' lang='lat' dir='ltr'><strong>autem</strong></span> <span class='ocrx_word' id='word_1_265' title='bbox 440 3541 619 3597; x_wconf 84' lang='lat' dir='ltr'><strong>deviet</strong></span> <span class='ocrx_word' id='word_1_266' title='bbox 646 3556 674 3594; x_wconf 91' lang='lat' dir='ltr'><strong>a</strong></span> <span class='ocrx_word' id='word_1_267' title='bbox 698 3539 978 3594; x_wconf 85' lang='lat' dir='ltr'><strong>sententiis</strong></span> <span class='ocrx_word' id='word_1_268' title='bbox 1001 3539 1225 3594; x_wconf 85' lang='lat' dir='ltr'><strong>eorum?</strong></span> <span class='ocrx_word' id='word_1_269' title='bbox 1253 3547 1346 3593; x_wconf 88' lang='lat' dir='ltr'><strong>aut</strong></span> <span class='ocrx_word' id='word_1_270' title='bbox 1367 3539 1490 3609; x_wconf 89' lang='lat' dir='ltr'><strong>quis</strong></span> <span class='ocrx_word' id='word_1_271' title='bbox 1515 3553 1685 3609; x_wconf 88' lang='lat' dir='ltr'><strong>agnus</strong></span> <span class='ocrx_word' id='word_1_272' title='bbox 1712 3554 1819 3594; x_wconf 90' lang='lat' dir='ltr'><strong>non</strong></span> 
     </span>
    </p>
   </div>
   <div class='ocr_carea' id='block_1_36' title="bbox 231 3624 1819 3704">
    <p class='ocr_par' dir='ltr' id='par_1_36' title="bbox 231 3624 1819 3704">
     <span class='ocr_line' id='line_1_36' title="bbox 231 3624 1819 3704; baseline -0.003 -15"><span class='ocrx_word' id='word_1_273' title='bbox 231 3643 490 3704; x_wconf 89' lang='lat' dir='ltr'><strong>sequatur</strong></span> <span class='ocrx_word' id='word_1_274' title='bbox 524 3624 756 3687; x_wconf 88' lang='lat' dir='ltr'><strong>arietes?</strong></span> <span class='ocrx_word' id='word_1_275' title='bbox 802 3632 942 3700; x_wconf 82' lang='lat' dir='ltr'><strong>Ergo</strong></span> <span class='ocrx_word' id='word_1_276' title='bbox 987 3630 1229 3686; x_wconf 84' lang='lat' dir='ltr'><strong>Christus</strong></span> <span class='ocrx_word' id='word_1_277' title='bbox 1275 3629 1362 3685; x_wconf 93' lang='lat' dir='ltr'><strong>hic</strong></span> <span class='ocrx_word' id='word_1_278' title='bbox 1403 3630 1819 3701; x_wconf 88' lang='lat' dir='ltr'><strong>loquitur:ma-</strong></span> 
     </span>
    </p>
   </div>
   <div class='ocr_carea' id='block_1_37' title="bbox 231 3715 1818 3797">
    <p class='ocr_par' dir='ltr' id='par_1_37' title="bbox 231 3715 1818 3797">
     <span class='ocr_line' id='line_1_37' title="bbox 231 3715 1818 3797; baseline -0.001 -19"><span class='ocrx_word' id='word_1_279' title='bbox 231 3727 421 3797; x_wconf 85' lang='lat' dir='ltr'><strong>gisque</strong></span> <span class='ocrx_word' id='word_1_280' title='bbox 461 3724 615 3779; x_wconf 87' lang='lat' dir='ltr'><strong>nobis</strong></span> <span class='ocrx_word' id='word_1_281' title='bbox 657 3715 1130 3778; x_wconf 83' lang='lat' dir='ltr'><strong>demonstrandum</strong></span> <span class='ocrx_word' id='word_1_282' title='bbox 1170 3731 1256 3777; x_wconf 89' lang='lat' dir='ltr'><strong>est</strong></span> <span class='ocrx_word' id='word_1_283' title='bbox 1294 3721 1383 3777; x_wconf 89' lang='lat' dir='ltr'><strong>ubi</strong></span> <span class='ocrx_word' id='word_1_284' title='bbox 1423 3723 1542 3792; x_wconf 88' lang='lat' dir='ltr'><strong>ejus</strong></span> <span class='ocrx_word' id='word_1_285' title='bbox 1583 3718 1818 3777; x_wconf 88' lang='lat' dir='ltr'><strong>membra</strong></span> 
     </span>
    </p>
   </div>
   <div class='ocr_carea' id='block_1_38' title="bbox 232 3803 1816 3888">
    <p class='ocr_par' dir='ltr' id='par_1_38' title="bbox 232 3803 1816 3888">
     <span class='ocr_line' id='line_1_38' title="bbox 232 3803 1816 3888; baseline -0.002 -14"><span class='ocrx_word' id='word_1_286' title='bbox 232 3819 542 3888; x_wconf 89' lang='lat' dir='ltr'><strong>loquantur,</strong></span> <span class='ocrx_word' id='word_1_287' title='bbox 592 3817 648 3870; x_wconf 86' lang='lat' dir='ltr'><strong>ut</strong></span> <span class='ocrx_word' id='word_1_288' title='bbox 689 3815 1034 3870; x_wconf 85' lang='lat' dir='ltr'><strong>ostendamus</strong></span> <span class='ocrx_word' id='word_1_289' title='bbox 1079 3803 1200 3884; x_wconf 85' lang='lat' dir='ltr'><strong>quia</strong></span> <span class='ocrx_word' id='word_1_290' title='bbox 1251 3822 1394 3870; x_wconf 89' lang='lat' dir='ltr'><strong>totus</strong></span> <span class='ocrx_word' id='word_1_291' title='bbox 1435 3813 1522 3871; x_wconf 79' lang='lat' dir='ltr'><strong>hic</strong></span> <span class='ocrx_word' id='word_1_292' title='bbox 1562 3814 1816 3886; x_wconf 83' lang='lat' dir='ltr'><strong>loquitur,</strong></span> 
     </span>
    </p>
   </div>
   <div class='ocr_carea' id='block_1_39' title="bbox 231 3896 1500 3980">
    <p class='ocr_par' dir='ltr' id='par_1_39' title="bbox 231 3896 1500 3980">
     <span class='ocr_line' id='line_1_39' title="bbox 231 3896 1500 3980; baseline 0 -19"><span class='ocrx_word' id='word_1_293' title='bbox 231 3925 393 3980; x_wconf 89' lang='lat' dir='ltr'><strong>quam</strong></span> <span class='ocrx_word' id='word_1_294' title='bbox 422 3907 767 3962; x_wconf 84' lang='lat' dir='ltr'><strong>dubitandum</strong></span> <span class='ocrx_word' id='word_1_295' title='bbox 799 3896 940 3974; x_wconf 90' lang='lat' dir='ltr'><strong>quod</strong></span> <span class='ocrx_word' id='word_1_296' title='bbox 971 3897 1212 3960; x_wconf 88' lang='lat' dir='ltr'><strong>Christus</strong></span> <span class='ocrx_word' id='word_1_297' title='bbox 1235 3905 1500 3976; x_wconf 89' lang='lat' dir='ltr'><strong>loquatur.</strong></span> 
     </span>
    </p>
   </div>
   <div class='ocr_carea' id='block_1_40' title="bbox 295 3985 1823 4070">
    <p class='ocr_par' dir='ltr' id='par_1_40' title="bbox 295 3985 1823 4070">
     <span class='ocr_line' id='line_1_40' title="bbox 295 3985 1823 4070; baseline 0.001 -18"><span class='ocrx_word' id='word_1_298' title='bbox 295 3998 352 4052; x_wconf 74' lang='lat'><strong>2.</strong></span> <span class='ocrx_word' id='word_1_299' title='bbox 395 3995 547 4070; x_wconf 80' lang='lat' dir='ltr'><strong>[vers.</strong></span> <span class='ocrx_word' id='word_1_300' title='bbox 580 3993 654 4069; x_wconf 86' lang='lat' dir='ltr'><strong>l.]</strong></span> <span class='ocrx_word' id='word_1_301' title='bbox 693 3995 900 4050; x_wconf 85' lang='lat' dir='ltr'><strong>Titulus</strong></span> <span class='ocrx_word' id='word_1_302' title='bbox 943 3985 1138 4051; x_wconf 88' lang='lat' dir='ltr'><strong>Psalmi</strong></span> <span class='ocrx_word' id='word_1_303' title='bbox 1167 4005 1248 4051; x_wconf 91' lang='lat' dir='ltr'><strong>est</strong></span> <span class='ocrx_word' id='word_1_304' title='bbox 1276 4014 1288 4051; x_wconf 89' lang='lat'>:</span> <span class='ocrx_word' id='word_1_305' title='bbox 1314 3995 1381 4051; x_wconf 85' lang='lat' dir='ltr'><strong>In</strong></span> <span class='ocrx_word' id='word_1_306' title='bbox 1404 3998 1579 4066; x_wconf 85' lang='lat' dir='ltr'><strong>ﬁnem,</strong></span> <span class='ocrx_word' id='word_1_307' title='bbox 1613 4015 1706 4070; x_wconf 82' lang='lat' dir='ltr'><strong>pro</strong></span> <span class='ocrx_word' id='word_1_308' title='bbox 1745 3999 1823 4054; x_wconf 84' lang='lat' dir='ltr'><strong>his</strong></span> 
     </span>
    </p>
   </div>
   <div class='ocr_carea' id='block_1_41' title="bbox 233 4086 1822 4159">
    <p class='ocr_par' dir='ltr' id='par_1_41' title="bbox 233 4086 1822 4159">
     <span class='ocr_line' id='line_1_41' title="bbox 233 4086 1822 4159; baseline 0.002 -18"><span class='ocrx_word' id='word_1_309' title='bbox 233 4091 320 4159; x_wconf 86' lang='lat' dir='ltr'><strong>qui</strong></span> <span class='ocrx_word' id='word_1_310' title='bbox 341 4088 802 4155; x_wconf 83' lang='lat' dir='ltr'><strong>commutabuntur,</strong></span> <span class='ocrx_word' id='word_1_311' title='bbox 836 4088 934 4157; x_wconf 82' lang='lat' dir='ltr'><strong>ipsi</strong></span> <span class='ocrx_word' id='word_1_312' title='bbox 957 4086 1145 4142; x_wconf 81' lang='lat' dir='ltr'><strong>David.</strong></span> <span class='ocrx_word' id='word_1_313' title='bbox 1176 4087 1327 4144; x_wconf 85' lang='lat' dir='ltr'><strong>Nunc</strong></span> <span class='ocrx_word' id='word_1_314' title='bbox 1351 4091 1822 4145; x_wconf 89' lang='lat' dir='ltr'><strong>commutationem</strong></span> 
     </span>
    </p>
   </div>
   <div class='ocr_carea' id='block_1_42' title="bbox 237 4179 1820 4248">
    <p class='ocr_par' dir='ltr' id='par_1_42' title="bbox 237 4179 1820 4248">
     <span class='ocr_line' id='line_1_42' title="bbox 237 4179 1820 4248; baseline 0 -14"><span class='ocrx_word' id='word_1_315' title='bbox 237 4181 292 4234; x_wconf 89' lang='lat' dir='ltr'><strong>in</strong></span> <span class='ocrx_word' id='word_1_316' title='bbox 321 4179 514 4234; x_wconf 75' lang='lat' dir='ltr'><strong>melius</strong></span> <span class='ocrx_word' id='word_1_317' title='bbox 536 4179 655 4232; x_wconf 89' lang='lat' dir='ltr'><strong>andi</strong></span> <span class='ocrx_word' id='word_1_318' title='bbox 682 4198 695 4233; x_wconf 88' lang='lat'><strong>:</strong></span> <span class='ocrx_word' id='word_1_319' title='bbox 719 4179 1064 4234; x_wconf 77' lang='lat' dir='ltr'><strong>commutatio</strong></span> <span class='ocrx_word' id='word_1_320' title='bbox 1089 4179 1252 4245; x_wconf 90' lang='lat' dir='ltr'><strong>enim,</strong></span> <span class='ocrx_word' id='word_1_321' title='bbox 1277 4181 1358 4234; x_wconf 87' lang='lat' dir='ltr'><strong>vel</strong></span> <span class='ocrx_word' id='word_1_322' title='bbox 1391 4180 1442 4234; x_wconf 89' lang='lat' dir='ltr'><strong>in</strong></span> <span class='ocrx_word' id='word_1_323' title='bbox 1466 4180 1700 4234; x_wconf 89' lang='lat' dir='ltr'><strong>deterius</strong></span> <span class='ocrx_word' id='word_1_324' title='bbox 1719 4187 1820 4248; x_wconf 84' lang='lat' dir='ltr'><strong>est,</strong></span> 
     </span>
    </p>
   </div>
   <div class='ocr_carea' id='block_1_43' title="bbox 233 4268 1824 4340">
    <p class='ocr_par' dir='ltr' id='par_1_43' title="bbox 233 4268 1824 4340">
     <span class='ocr_line' id='line_1_43' title="bbox 233 4268 1824 4340; baseline 0.003 -18"><span class='ocrx_word' id='word_1_325' title='bbox 233 4269 321 4324; x_wconf 86' lang='lat' dir='ltr'><strong>vel</strong></span> <span class='ocrx_word' id='word_1_326' title='bbox 355 4270 407 4324; x_wconf 93' lang='lat' dir='ltr'><strong>in</strong></span> <span class='ocrx_word' id='word_1_327' title='bbox 435 4270 646 4323; x_wconf 80' lang='lat' dir='ltr'><strong>melius.</strong></span> <span class='ocrx_word' id='word_1_328' title='bbox 678 4269 843 4322; x_wconf 88' lang='lat' dir='ltr'><strong>Adam</strong></span> <span class='ocrx_word' id='word_1_329' title='bbox 865 4278 920 4323; x_wconf 87' lang='lat' dir='ltr'><strong>et</strong></span> <span class='ocrx_word' id='word_1_330' title='bbox 946 4268 1055 4322; x_wconf 86' lang='lat' dir='ltr'><strong>Eva</strong></span> <span class='ocrx_word' id='word_1_331' title='bbox 1083 4269 1134 4323; x_wconf 92' lang='lat' dir='ltr'><strong>in</strong></span> <span class='ocrx_word' id='word_1_332' title='bbox 1161 4268 1424 4335; x_wconf 86' lang='lat' dir='ltr'><strong>deterius;</strong></span> <span class='ocrx_word' id='word_1_333' title='bbox 1447 4270 1536 4340; x_wconf 90' lang='lat' dir='ltr'><strong>qui</strong></span> <span class='ocrx_word' id='word_1_334' title='bbox 1563 4286 1628 4325; x_wconf 74' lang='lat' dir='ltr'><strong>ex</strong></span> <span class='ocrx_word' id='word_1_335' title='bbox 1651 4270 1824 4326; x_wconf 85' lang='lat' dir='ltr'><strong>Adam</strong></span> 
     </span>
    </p>
   </div>
   <div class='ocr_carea' id='block_1_44' title="bbox 238 4359 1824 4428">
    <p class='ocr_par' dir='ltr' id='par_1_44' title="bbox 238 4359 1824 4428">
     <span class='ocr_line' id='line_1_44' title="bbox 238 4359 1824 4428; baseline 0.001 -12"><span class='ocrx_word' id='word_1_336' title='bbox 238 4371 297 4416; x_wconf 88' lang='lat' dir='ltr'><strong>et</strong></span> <span class='ocrx_word' id='word_1_337' title='bbox 346 4362 453 4415; x_wconf 79' lang='lat' dir='ltr'><strong>Eva</strong></span> <span class='ocrx_word' id='word_1_338' title='bbox 498 4359 717 4428; x_wconf 82' lang='lat' dir='ltr'><strong>Christo</strong></span> <span class='ocrx_word' id='word_1_339' title='bbox 765 4360 1127 4426; x_wconf 61' lang='lat' dir='ltr'><strong>adhaeserunt,</strong></span> <span class='ocrx_word' id='word_1_340' title='bbox 1181 4360 1232 4414; x_wconf 92' lang='lat' dir='ltr'><strong>in</strong></span> <span class='ocrx_word' id='word_1_341' title='bbox 1283 4361 1474 4415; x_wconf 90' lang='lat' dir='ltr'><strong>melius</strong></span> <span class='ocrx_word' id='word_1_342' title='bbox 1514 4364 1824 4418; x_wconf 86' lang='lat' dir='ltr'><strong>commutati</strong></span> 
     </span>
    </p>
   </div>
   <div class='ocr_carea' id='block_1_45' title="bbox 235 4450 1827 4524">
    <p class='ocr_par' dir='ltr' id='par_1_45' title="bbox 235 4450 1827 4524">
     <span class='ocr_line' id='line_1_45' title="bbox 235 4450 1827 4524; baseline 0.001 -16"><span class='ocrx_word' id='word_1_343' title='bbox 235 4461 383 4508; x_wconf 78' lang='lat' dir='ltr'><strong>Sunt.</strong></span> <span class='ocrx_word' id='word_1_344' title='bbox 415 4450 562 4506; x_wconf 81' lang='lat' dir='ltr'><strong>Sicut</strong></span> <span class='ocrx_word' id='word_1_345' title='bbox 600 4452 730 4504; x_wconf 87' lang='lat' dir='ltr'><strong>enim</strong></span> <span class='ocrx_word' id='word_1_346' title='bbox 762 4468 851 4520; x_wconf 86' lang='lat' dir='ltr'><strong>per</strong></span> <span class='ocrx_word' id='word_1_347' title='bbox 889 4467 1048 4504; x_wconf 86' lang='lat' dir='ltr'><strong>unum</strong></span> <span class='ocrx_word' id='word_1_348' title='bbox 1085 4451 1339 4505; x_wconf 82' lang='lat' dir='ltr'><strong>hominem</strong></span> <span class='ocrx_word' id='word_1_349' title='bbox 1365 4468 1516 4517; x_wconf 81' lang='lat' dir='ltr'><strong>mors,</strong></span> <span class='ocrx_word' id='word_1_350' title='bbox 1561 4453 1634 4507; x_wconf 88' lang='lat' dir='ltr'><strong>ita</strong></span> <span class='ocrx_word' id='word_1_351' title='bbox 1671 4463 1716 4508; x_wconf 84' lang='lat' dir='ltr'><strong>et</strong></span> <span class='ocrx_word' id='word_1_352' title='bbox 1737 4471 1827 4524; x_wconf 85' lang='lat' dir='ltr'><strong>per</strong></span> 
     </span>
    </p>
   </div>
   <div class='ocr_carea' id='block_1_46' title="bbox 234 4529 1828 4600">
    <p class='ocr_par' dir='ltr' id='par_1_46' title="bbox 234 4529 1828 4600">
     <span class='ocr_line' id='line_1_46' title="bbox 234 4529 1828 4600; baseline 0.002 -3"><span class='ocrx_word' id='word_1_353' title='bbox 234 4559 401 4597; x_wconf 83' lang='lat' dir='ltr'><strong>unum</strong></span> <span class='ocrx_word' id='word_1_354' title='bbox 453 4531 706 4594; x_wconf 82' lang='lat' dir='ltr'><strong>hominem</strong></span> <span class='ocrx_word' id='word_1_355' title='bbox 758 4529 1054 4596; x_wconf 78' lang='lat' dir='ltr'><strong>resurrectio</strong></span> <span class='ocrx_word' id='word_1_356' title='bbox 1105 4553 1418 4596; x_wconf 85' lang='lat' dir='ltr'><strong>mortuorum</strong></span> <span class='ocrx_word' id='word_1_357' title='bbox 1451 4557 1469 4596; x_wconf 91' lang='lat'><strong><em>:</em></strong></span> <span class='ocrx_word' id='word_1_358' title='bbox 1499 4553 1547 4597; x_wconf 84' lang='lat' dir='ltr'><strong>et</strong></span> <span class='ocrx_word' id='word_1_359' title='bbox 1599 4543 1729 4599; x_wconf 83' lang='lat' dir='ltr'><strong>sicut</strong></span> <span class='ocrx_word' id='word_1_360' title='bbox 1773 4547 1828 4600; x_wconf 80' lang='lat' dir='ltr'><strong>in</strong></span> 
     </span>
    </p>
   </div>
   <div class='ocr_carea' id='block_1_47' title="bbox 237 4628 1825 4705">
    <p class='ocr_par' dir='ltr' id='par_1_47' title="bbox 237 4628 1825 4705">
     <span class='ocr_line' id='line_1_47' title="bbox 237 4628 1825 4705; baseline -0.001 -16"><span class='ocrx_word' id='word_1_361' title='bbox 237 4635 407 4690; x_wconf 82' lang='lat' dir='ltr'><strong>Adam</strong></span> <span class='ocrx_word' id='word_1_362' title='bbox 438 4650 611 4688; x_wconf 89' lang='lat' dir='ltr'><strong>omnes</strong></span> <span class='ocrx_word' id='word_1_363' title='bbox 639 4628 946 4699; x_wconf 86' lang='lat' dir='ltr'><strong>moriuntur,</strong></span> <span class='ocrx_word' id='word_1_364' title='bbox 971 4634 1044 4686; x_wconf 83' lang='lat' dir='ltr'><strong>sic</strong></span> <span class='ocrx_word' id='word_1_365' title='bbox 1083 4642 1130 4687; x_wconf 85' lang='lat' dir='ltr'><strong>et</strong></span> <span class='ocrx_word' id='word_1_366' title='bbox 1158 4634 1211 4686; x_wconf 88' lang='lat' dir='ltr'><strong>in</strong></span> <span class='ocrx_word' id='word_1_367' title='bbox 1237 4631 1438 4688; x_wconf 76' lang='lat' dir='ltr'><strong>Christo</strong></span> <span class='ocrx_word' id='word_1_368' title='bbox 1466 4651 1636 4690; x_wconf 84' lang='lat' dir='ltr'><strong>omnes</strong></span> <span class='ocrx_word' id='word_1_369' title='bbox 1662 4637 1825 4705; x_wconf 76' lang='lat' dir='ltr'><strong>viviﬁ-</strong></span> 
     </span>
    </p>
   </div>
   <div class='ocr_carea' id='block_1_48' title="bbox 237 4715 1828 4799">
    <p class='ocr_par' dir='ltr' id='par_1_48' title="bbox 237 4715 1828 4799">
     <span class='ocr_line' id='line_1_48' title="bbox 237 4715 1828 4799; baseline 0.001 -17"><span class='ocrx_word' id='word_1_370' title='bbox 237 4723 491 4782; x_wconf 86' lang='lat' dir='ltr'><strong>cabuntur</strong></span> <span class='ocrx_word' id='word_1_371' title='bbox 512 4726 556 4799; x_wconf 91' lang='grc' dir='ltr'><strong>(Ι</strong></span> <span class='ocrx_word' id='word_1_372' title='bbox 587 4725 704 4780; x_wconf 86' lang='lat' dir='ltr'><strong>Cor.</strong></span> <span class='ocrx_word' id='word_1_373' title='bbox 738 4742 824 4792; x_wconf 80' lang='lat' dir='ltr'><strong>xv,</strong></span> <span class='ocrx_word' id='word_1_374' title='bbox 854 4725 919 4780; x_wconf 64' lang='grc' dir='ltr'><em>Ἃ</em></span> <span class='ocrx_word' id='word_1_375' title='bbox 939 4736 983 4778; x_wconf 85' lang='lat' dir='ltr'><strong>et</strong></span> <span class='ocrx_word' id='word_1_376' title='bbox 1009 4715 1123 4795; x_wconf 73' lang='lat'><strong>2‘2.)</strong></span> <span class='ocrx_word' id='word_1_377' title='bbox 1162 4726 1245 4780; x_wconf 87' lang='lat' dir='ltr'><strong>Ab</strong></span> <span class='ocrx_word' id='word_1_378' title='bbox 1289 4741 1354 4781; x_wconf 91' lang='lat' dir='ltr'><strong>eo</strong></span> <span class='ocrx_word' id='word_1_379' title='bbox 1395 4727 1534 4795; x_wconf 88' lang='lat' dir='ltr'><strong>quod</strong></span> <span class='ocrx_word' id='word_1_380' title='bbox 1580 4726 1828 4784; x_wconf 76' lang='lat' dir='ltr'><strong>formavit</strong></span> 
     </span>
    </p>
   </div>
   <div class='ocr_carea' id='block_1_49' title="bbox 238 4817 1826 4896">
    <p class='ocr_par' dir='ltr' id='par_1_49' title="bbox 238 4817 1826 4896">
     <span class='ocr_line' id='line_1_49' title="bbox 238 4817 1826 4896; baseline -0.001 -21"><span class='ocrx_word' id='word_1_381' title='bbox 238 4820 408 4886; x_wconf 89' lang='lat' dir='ltr'><strong>Deus,</strong></span> <span class='ocrx_word' id='word_1_382' title='bbox 448 4827 683 4886; x_wconf 82' lang='lat' dir='ltr'><strong>mutatus</strong></span> <span class='ocrx_word' id='word_1_383' title='bbox 726 4826 810 4872; x_wconf 85' lang='lat' dir='ltr'><strong>est</strong></span> <span class='ocrx_word' id='word_1_384' title='bbox 845 4818 1048 4883; x_wconf 84' lang='lat' dir='ltr'><strong>Adam;</strong></span> <span class='ocrx_word' id='word_1_385' title='bbox 1099 4817 1193 4872; x_wconf 89' lang='lat' dir='ltr'><strong>sed</strong></span> <span class='ocrx_word' id='word_1_386' title='bbox 1245 4817 1297 4870; x_wconf 92' lang='lat' dir='ltr'><strong>in</strong></span> <span class='ocrx_word' id='word_1_387' title='bbox 1342 4817 1493 4888; x_wconf 83' lang='lat' dir='ltr'><strong>pejus</strong></span> <span class='ocrx_word' id='word_1_388' title='bbox 1533 4818 1826 4896; x_wconf 76' lang='lat' dir='ltr'><strong>iniquitatis</strong></span> 
     </span>
    </p>
   </div>
   <div class='ocr_carea' id='block_1_50' title="bbox 238 4907 1830 4979">
    <p class='ocr_par' dir='ltr' id='par_1_50' title="bbox 238 4907 1830 4979">
     <span class='ocr_line' id='line_1_50' title="bbox 238 4907 1830 4979; baseline -0.001 -12"><span class='ocrx_word' id='word_1_389' title='bbox 238 4927 353 4967; x_wconf 73' lang='lat' dir='ltr'><strong>sua:</strong></span> <span class='ocrx_word' id='word_1_390' title='bbox 387 4928 400 4963; x_wconf 90' lang='lat'><strong>:</strong></span> <span class='ocrx_word' id='word_1_391' title='bbox 430 4909 498 4964; x_wconf 83' lang='lat' dir='ltr'><strong>ab</strong></span> <span class='ocrx_word' id='word_1_392' title='bbox 533 4924 600 4965; x_wconf 90' lang='lat' dir='ltr'><strong>eo</strong></span> <span class='ocrx_word' id='word_1_393' title='bbox 626 4908 770 4979; x_wconf 92' lang='lat' dir='ltr'><strong>quod</strong></span> <span class='ocrx_word' id='word_1_394' title='bbox 798 4916 1015 4978; x_wconf 88' lang='lat' dir='ltr'><strong>operata</strong></span> <span class='ocrx_word' id='word_1_395' title='bbox 1045 4916 1129 4963; x_wconf 89' lang='lat' dir='ltr'><strong>est</strong></span> <span class='ocrx_word' id='word_1_396' title='bbox 1153 4907 1426 4978; x_wconf 87' lang='lat' dir='ltr'><strong>iniquitas,</strong></span> <span class='ocrx_word' id='word_1_397' title='bbox 1469 4917 1742 4965; x_wconf 87' lang='lat' dir='ltr'><strong>mutantur</strong></span> <span class='ocrx_word' id='word_1_398' title='bbox 1768 4912 1830 4964; x_wconf 87' lang='lat' dir='ltr'><strong>li-</strong></span> 
     </span>
    </p>
   </div>
   <div class='ocr_carea' id='block_1_51' title="bbox 239 4986 1828 5070">
    <p class='ocr_par' dir='ltr' id='par_1_51' title="bbox 239 4986 1828 5070">
     <span class='ocr_line' id='line_1_51' title="bbox 239 4986 1828 5070; baseline -0.001 -12"><span class='ocrx_word' id='word_1_399' title='bbox 239 4995 432 5067; x_wconf 89' lang='lat' dir='ltr'><strong>deles;</strong></span> <span class='ocrx_word' id='word_1_400' title='bbox 465 5001 559 5057; x_wconf 89' lang='lat' dir='ltr'><strong>sed</strong></span> <span class='ocrx_word' id='word_1_401' title='bbox 590 5002 640 5056; x_wconf 91' lang='lat' dir='ltr'><strong>in</strong></span> <span class='ocrx_word' id='word_1_402' title='bbox 671 5001 862 5056; x_wconf 87' lang='lat' dir='ltr'><strong>melius</strong></span> <span class='ocrx_word' id='word_1_403' title='bbox 888 5015 982 5070; x_wconf 89' lang='lat' dir='ltr'><strong>per</strong></span> <span class='ocrx_word' id='word_1_404' title='bbox 1001 5001 1224 5070; x_wconf 86' lang='lat' dir='ltr'><strong>gratiam</strong></span> <span class='ocrx_word' id='word_1_405' title='bbox 1257 4999 1374 5054; x_wconf 90' lang='lat' dir='ltr'><strong>Dei.</strong></span> <span class='ocrx_word' id='word_1_406' title='bbox 1408 4986 1478 5056; x_wconf 81' lang='lat' dir='ltr'><strong>Ut</strong></span> <span class='ocrx_word' id='word_1_407' title='bbox 1502 5009 1828 5057; x_wconf 88' lang='lat' dir='ltr'><strong>mutaremur</strong></span> 
     </span>
    </p>
   </div>
   <div class='ocr_carea' id='block_1_52' title="bbox 240 5091 1826 5164">
    <p class='ocr_par' dir='ltr' id='par_1_52' title="bbox 240 5091 1826 5164">
     <span class='ocr_line' id='line_1_52' title="bbox 240 5091 1826 5164; baseline -0.001 -16"><span class='ocrx_word' id='word_1_408' title='bbox 240 5095 293 5148; x_wconf 92' lang='lat' dir='ltr'><strong>in</strong></span> <span class='ocrx_word' id='word_1_409' title='bbox 326 5093 499 5164; x_wconf 85' lang='lat' dir='ltr'><strong>pejus,</strong></span> <span class='ocrx_word' id='word_1_410' title='bbox 530 5091 716 5146; x_wconf 88' lang='lat' dir='ltr'><strong>nostra</strong></span> <span class='ocrx_word' id='word_1_411' title='bbox 750 5091 1000 5160; x_wconf 89' lang='lat' dir='ltr'><strong>iniquitas</strong></span> <span class='ocrx_word' id='word_1_412' title='bbox 1027 5092 1160 5146; x_wconf 80' lang='lat' dir='ltr'><strong>fuit:</strong></span> <span class='ocrx_word' id='word_1_413' title='bbox 1191 5100 1247 5146; x_wconf 92' lang='lat' dir='ltr'><strong>ut</strong></span> <span class='ocrx_word' id='word_1_414' title='bbox 1275 5100 1607 5146; x_wconf 88' lang='lat' dir='ltr'><strong>mutaremur</strong></span> <span class='ocrx_word' id='word_1_415' title='bbox 1629 5092 1682 5147; x_wconf 90' lang='lat' dir='ltr'><strong>in</strong></span> <span class='ocrx_word' id='word_1_416' title='bbox 1710 5107 1826 5148; x_wconf 90' lang='lat' dir='ltr'><strong>me-</strong></span> 
     </span>
    </p>
   </div>
   <div class='ocr_carea' id='block_1_53' title="bbox 238 5181 1828 5254">
    <p class='ocr_par' dir='ltr' id='par_1_53' title="bbox 238 5181 1828 5254">
     <span class='ocr_line' id='line_1_53' title="bbox 238 5181 1828 5254; baseline 0.001 -16"><span class='ocrx_word' id='word_1_417' title='bbox 238 5185 366 5251; x_wconf 89' lang='lat' dir='ltr'><strong>lius,</strong></span> <span class='ocrx_word' id='word_1_418' title='bbox 397 5199 502 5238; x_wconf 89' lang='lat' dir='ltr'><strong>non</strong></span> <span class='ocrx_word' id='word_1_419' title='bbox 526 5191 703 5238; x_wconf 88' lang='lat' dir='ltr'><strong>nostra</strong></span> <span class='ocrx_word' id='word_1_420' title='bbox 721 5182 946 5251; x_wconf 88' lang='lat' dir='ltr'><strong>jnstitia,</strong></span> <span class='ocrx_word' id='word_1_421' title='bbox 973 5181 1065 5237; x_wconf 91' lang='lat' dir='ltr'><strong>sed</strong></span> <span class='ocrx_word' id='word_1_422' title='bbox 1091 5183 1258 5253; x_wconf 86' lang='lat' dir='ltr'><strong>gratia</strong></span> <span class='ocrx_word' id='word_1_423' title='bbox 1291 5183 1384 5239; x_wconf 90' lang='lat' dir='ltr'><strong>Dei</strong></span> <span class='ocrx_word' id='word_1_424' title='bbox 1409 5191 1646 5254; x_wconf 72' lang='lat' dir='ltr'><strong>prmStat.</strong></span> <span class='ocrx_word' id='word_1_425' title='bbox 1677 5182 1828 5250; x_wconf 88' lang='lat' dir='ltr'><strong>Quod</strong></span> 
     </span>
    </p>
   </div>
   <div class='ocr_carea' id='block_1_54' title="bbox 239 5264 1828 5348">
    <p class='ocr_par' dir='ltr' id='par_1_54' title="bbox 239 5264 1828 5348">
     <span class='ocr_line' id='line_1_54' title="bbox 239 5264 1828 5348; baseline 0.001 -18"><span class='ocrx_word' id='word_1_426' title='bbox 239 5264 373 5346; x_wconf 75' lang='lat' dir='ltr'><strong>ergo</strong></span> <span class='ocrx_word' id='word_1_427' title='bbox 402 5276 454 5329; x_wconf 94' lang='lat' dir='ltr'><strong>in</strong></span> <span class='ocrx_word' id='word_1_428' title='bbox 487 5275 640 5345; x_wconf 86' lang='lat' dir='ltr'><strong>pejus</strong></span> <span class='ocrx_word' id='word_1_429' title='bbox 667 5275 852 5329; x_wconf 89' lang='lat' dir='ltr'><strong>mutati</strong></span> <span class='ocrx_word' id='word_1_430' title='bbox 875 5289 1082 5341; x_wconf 91' lang='lat' dir='ltr'><strong>sumus,</strong></span> <span class='ocrx_word' id='word_1_431' title='bbox 1110 5276 1264 5331; x_wconf 92' lang='lat' dir='ltr'><strong>nobis</strong></span> <span class='ocrx_word' id='word_1_432' title='bbox 1294 5277 1614 5346; x_wconf 89' lang='lat' dir='ltr'><strong>imputemus</strong></span> <span class='ocrx_word' id='word_1_433' title='bbox 1639 5295 1653 5331; x_wconf 90' lang='lat'><strong>:</strong></span> <span class='ocrx_word' id='word_1_434' title='bbox 1684 5277 1828 5348; x_wconf 90' lang='lat' dir='ltr'><strong>quod</strong></span> 
     </span>
    </p>
   </div>
   <div class='ocr_carea' id='block_1_55' title="bbox 238 5365 1828 5430">
    <p class='ocr_par' dir='ltr' id='par_1_55' title="bbox 238 5365 1828 5430">
     <span class='ocr_line' id='line_1_55' title="bbox 238 5365 1828 5430; baseline 0.001 -10"><span class='ocrx_word' id='word_1_435' title='bbox 238 5366 294 5420; x_wconf 84' lang='lat' dir='ltr'><strong>in</strong></span> <span class='ocrx_word' id='word_1_436' title='bbox 337 5366 528 5419; x_wconf 88' lang='lat' dir='ltr'><strong>melius</strong></span> <span class='ocrx_word' id='word_1_437' title='bbox 579 5374 990 5430; x_wconf 90' lang='lat' dir='ltr'><strong>commutamur,</strong></span> <span class='ocrx_word' id='word_1_438' title='bbox 1033 5365 1198 5420; x_wconf 89' lang='lat' dir='ltr'><strong>Deum</strong></span> <span class='ocrx_word' id='word_1_439' title='bbox 1252 5366 1549 5422; x_wconf 87' lang='lat' dir='ltr'><strong>laudemus.</strong></span> <span class='ocrx_word' id='word_1_440' title='bbox 1599 5367 1705 5422; x_wconf 89' lang='lat' dir='ltr'><strong>Pro</strong></span> <span class='ocrx_word' id='word_1_441' title='bbox 1749 5368 1828 5422; x_wconf 84' lang='lat' dir='ltr'><strong>Itis</strong></span> 
     </span>
    </p>
   </div>
   <div class='ocr_carea' id='block_1_56' title="bbox 240 5438 1828 5527">
    <p class='ocr_par' dir='ltr' id='par_1_56' title="bbox 240 5438 1828 5527">
     <span class='ocr_line' id='line_1_56' title="bbox 240 5438 1828 5527; baseline 0.001 -17"><span class='ocrx_word' id='word_1_442' title='bbox 240 5472 374 5527; x_wconf 85' lang='lat' dir='ltr'><strong>ergo</strong></span> <span class='ocrx_word' id='word_1_443' title='bbox 420 5457 520 5510; x_wconf 90' lang='lat' dir='ltr'><strong>iste</strong></span> <span class='ocrx_word' id='word_1_444' title='bbox 549 5455 805 5524; x_wconf 83' lang='lat' dir='ltr'><strong>psalmus,</strong></span> <span class='ocrx_word' id='word_1_445' title='bbox 845 5455 932 5523; x_wconf 85' lang='lat' dir='ltr'><strong>qui</strong></span> <span class='ocrx_word' id='word_1_446' title='bbox 976 5455 1435 5510; x_wconf 81' lang='lat' dir='ltr'><strong>commutabantur.</strong></span> <span class='ocrx_word' id='word_1_447' title='bbox 1467 5456 1620 5512; x_wconf 90' lang='lat' dir='ltr'><strong>Unde</strong></span> <span class='ocrx_word' id='word_1_448' title='bbox 1647 5438 1828 5512; x_wconf 73' lang='lat' dir='ltr'><strong>autém</strong></span> 
     </span>
    </p>
   </div>
   <div class='ocr_carea' id='block_1_57' title="bbox 242 5544 1828 5616">
    <p class='ocr_par' dir='ltr' id='par_1_57' title="bbox 242 5544 1828 5616">
     <span class='ocr_line' id='line_1_57' title="bbox 242 5544 1828 5616; baseline 0 -14"><span class='ocrx_word' id='word_1_449' title='bbox 242 5547 346 5602; x_wconf 87' lang='lat' dir='ltr'><strong>ista</strong></span> <span class='ocrx_word' id='word_1_450' title='bbox 376 5546 722 5602; x_wconf 88' lang='lat' dir='ltr'><strong>commutatio</strong></span> <span class='ocrx_word' id='word_1_451' title='bbox 760 5544 908 5600; x_wconf 80' lang='lat' dir='ltr'><strong>facta.</strong></span> <span class='ocrx_word' id='word_1_452' title='bbox 938 5554 1041 5608; x_wconf 88' lang='lat' dir='ltr'><strong>est.</strong></span> <span class='ocrx_word' id='word_1_453' title='bbox 1074 5545 1174 5600; x_wconf 80' lang='lat' dir='ltr'><strong>nisi</strong></span> <span class='ocrx_word' id='word_1_454' title='bbox 1213 5561 1277 5601; x_wconf 79' lang='lat' dir='ltr'><strong>ex</strong></span> <span class='ocrx_word' id='word_1_455' title='bbox 1305 5547 1549 5616; x_wconf 88' lang='lat' dir='ltr'><strong>passione</strong></span> <span class='ocrx_word' id='word_1_456' title='bbox 1587 5546 1828 5602; x_wconf 80' lang='lat' dir='ltr'><strong>Christi?</strong></span> 
     </span>
    </p>
   </div>
   <div class='ocr_carea' id='block_1_58' title="bbox 239 5638 1829 5710">
    <p class='ocr_par' dir='ltr' id='par_1_58' title="bbox 239 5638 1829 5710">
     <span class='ocr_line' id='line_1_58' title="bbox 239 5638 1829 5710; baseline -0.002 -12"><span class='ocrx_word' id='word_1_457' title='bbox 239 5639 447 5698; x_wconf 84' lang='lat' dir='ltr'><strong>Pascha</strong></span> <span class='ocrx_word' id='word_1_458' title='bbox 475 5639 646 5709; x_wconf 89' lang='lat' dir='ltr'><strong>ipsum</strong></span> <span class='ocrx_word' id='word_1_459' title='bbox 673 5638 837 5694; x_wconf 90' lang='lat' dir='ltr'><strong>latine</strong></span> <span class='ocrx_word' id='word_1_460' title='bbox 866 5638 1143 5694; x_wconf 86' lang='lat' dir='ltr'><strong>Transitus</strong></span> <span class='ocrx_word' id='word_1_461' title='bbox 1173 5638 1571 5710; x_wconf 88' lang='lat' dir='ltr'><strong>interpretatur.</strong></span> <span class='ocrx_word' id='word_1_462' title='bbox 1599 5639 1716 5695; x_wconf 89' lang='lat' dir='ltr'><strong>Non</strong></span> <span class='ocrx_word' id='word_1_463' title='bbox 1743 5648 1829 5695; x_wconf 91' lang='lat' dir='ltr'><strong>est</strong></span> 
     </span>
    </p>
   </div>
   <div class='ocr_carea' id='block_1_59' title="bbox 303 5791 1825 5862">
    <p class='ocr_par' dir='ltr' id='par_1_59' title="bbox 303 5791 1825 5862">
     <span class='ocr_line' id='line_1_59' title="bbox 303 5791 1825 5862; baseline 0 -18"><span class='ocrx_word' id='word_1_464' title='bbox 303 5794 323 5828; x_wconf 84' lang='grc'>¹</span> <span class='ocrx_word' id='word_1_465' title='bbox 357 5795 431 5862; x_wconf 75' lang='lat' dir='ltr'><strong>sic</strong></span> <span class='ocrx_word' id='word_1_466' title='bbox 453 5793 630 5862; x_wconf 61' lang='lat' dir='ltr'><strong>uegius</strong></span> <span class='ocrx_word' id='word_1_467' title='bbox 648 5799 732 5843; x_wconf 84' lang='lat' dir='ltr'><strong>ills.</strong></span> <span class='ocrx_word' id='word_1_468' title='bbox 758 5800 812 5842; x_wconf 79' lang='lat' dir='ltr'><strong>At</strong></span> <span class='ocrx_word' id='word_1_469' title='bbox 838 5793 973 5850; x_wconf 43' lang='lat' dir='ltr'><strong>mea</strong></span> <span class='ocrx_word' id='word_1_470' title='bbox 993 5791 1119 5862; x_wconf 85' lang='lat' dir='ltr'><strong>sicu_t</strong></span> <span class='ocrx_word' id='word_1_471' title='bbox 1135 5793 1296 5857; x_wconf 78' lang='lat' dir='ltr'><strong>psallit</strong></span> <span class='ocrx_word' id='word_1_472' title='bbox 1333 5793 1438 5846; x_wconf 73' lang='lat' dir='ltr'><strong>Iuro</strong></span> <span class='ocrx_word' id='word_1_473' title='bbox 1459 5793 1651 5850; x_wconf 77' lang='lat' dir='ltr'><strong>victima</strong></span> <span class='ocrx_word' id='word_1_474' title='bbox 1675 5809 1693 5851; x_wconf 91' lang='lat'><strong><em>:</em></strong></span> <span class='ocrx_word' id='word_1_475' title='bbox 1715 5798 1825 5862; x_wconf 81' lang='lat' dir='ltr'><strong>qui-</strong></span> 
     </span>
    </p>
   </div>
   <div class='ocr_carea' id='block_1_60' title="bbox 238 5855 1358 5920">
    <p class='ocr_par' dir='ltr' id='par_1_60' title="bbox 238 5855 1358 5920">
     <span class='ocr_line' id='line_1_60' title="bbox 238 5855 1358 5920; baseline 0.002 -13"><span class='ocrx_word' id='word_1_476' title='bbox 238 5856 332 5909; x_wconf 77' lang='lat' dir='ltr'><strong>bus</strong></span> <span class='ocrx_word' id='word_1_477' title='bbox 353 5855 578 5920; x_wconf 84' lang='lat' dir='ltr'><strong>plerique</strong></span> <span class='ocrx_word' id='word_1_478' title='bbox 602 5863 706 5903; x_wconf 76' lang='lat' dir='ltr'><strong>Mss.</strong></span> <span class='ocrx_word' id='word_1_479' title='bbox 733 5867 990 5918; x_wconf 85' lang='lat' dir='ltr'><strong>perperam</strong></span> <span class='ocrx_word' id='word_1_480' title='bbox 1017 5855 1358 5918; x_wconf 79' lang='lat' dir='ltr'><strong>sutl&#39;ragantur.</strong></span> 
     </span>
    </p>
   </div>
   <div class='ocr_carea' id='block_1_61' title="bbox 562 5936 1257 6004">
    <p class='ocr_par' dir='ltr' id='par_1_61' title="bbox 562 5936 1257 6004">
     <span class='ocr_line' id='line_1_61' title="bbox 562 5936 1257 6004; baseline 0.006 -4"><span class='ocrx_word' id='word_1_481' title='bbox 562 5936 785 6002; x_wconf 69' lang='lat' dir='ltr'><strong>Sauc&#39;r.</strong></span> <span class='ocrx_word' id='word_1_482' title='bbox 827 5939 1103 6001; x_wconf 70' lang='lat' dir='ltr'><strong>Aecusr.</strong></span> <span class='ocrx_word' id='word_1_483' title='bbox 1152 5937 1257 6004; x_wconf 79' lang='grc' dir='ltr'><strong>ιν.</strong></span> 
     </span>
    </p>
   </div>
   <div class='ocr_carea' id='block_1_62' title="bbox 1344 405 2482 474">
    <p class='ocr_par' dir='ltr' id='par_1_62' title="bbox 1344 405 2482 474">
     <span class='ocr_line' id='line_1_62' title="bbox 1344 405 2482 474; baseline -0.002 -1"><span class='ocrx_word' id='word_1_484' title='bbox 1344 407 1746 473; x_wconf 70' lang='lat' dir='ltr'><strong>ENARRATIO</strong></span> <span class='ocrx_word' id='word_1_485' title='bbox 1783 405 1850 465; x_wconf 80' lang='lat' dir='ltr'><strong>IN</strong></span> <span class='ocrx_word' id='word_1_486' title='bbox 1889 408 2215 472; x_wconf 73' lang='lat' dir='ltr'><strong>PSALMUM</strong></span> <span class='ocrx_word' id='word_1_487' title='bbox 2253 407 2482 474; x_wconf 75' lang='lat' dir='ltr'><strong>LXVllI.</strong></span> 
     </span>
    </p>
   </div>
   <div class='ocr_carea' id='block_1_63' title="bbox 3374 420 3484 478">
    <p class='ocr_par' dir='ltr' id='par_1_63' title="bbox 3374 420 3484 478">
     <span class='ocr_line' id='line_1_63' title="bbox 3374 420 3484 478; baseline -0.018 0"><span class='ocrx_word' id='word_1_488' title='bbox 3374 420 3484 478; x_wconf 55' lang='grc' dir='ltr'><strong>δι’</strong></span> 
     </span>
    </p>
   </div>
   <div class='ocr_carea' id='block_1_64' title="bbox 1905 525 3485 599">
    <p class='ocr_par' dir='ltr' id='par_1_64' title="bbox 1905 525 3485 599">
     <span class='ocr_line' id='line_1_64' title="bbox 1905 525 3485 599; baseline 0.006 -19"><span class='ocrx_word' id='word_1_489' title='bbox 1905 525 2047 581; x_wconf 88' lang='lat' dir='ltr'><strong>enim</strong></span> <span class='ocrx_word' id='word_1_490' title='bbox 2073 527 2276 584; x_wconf 86' lang='lat' dir='ltr'><strong>Pascha</strong></span> <span class='ocrx_word' id='word_1_491' title='bbox 2298 543 2532 598; x_wconf 65' lang='lat' dir='ltr'><strong>graecum</strong></span> <span class='ocrx_word' id='word_1_492' title='bbox 2557 543 2775 599; x_wconf 87' lang='lat' dir='ltr'><strong>nomen,</strong></span> <span class='ocrx_word' id='word_1_493' title='bbox 2802 532 2898 588; x_wconf 88' lang='lat' dir='ltr'><strong>sed</strong></span> <span class='ocrx_word' id='word_1_494' title='bbox 2925 533 3219 590; x_wconf 81' lang='lat' dir='ltr'><strong>hebrteum.</strong></span> <span class='ocrx_word' id='word_1_495' title='bbox 3243 532 3485 592; x_wconf 72' lang='lat' dir='ltr'><strong>Resonet</strong></span> 
     </span>
    </p>
   </div>
   <div class='ocr_carea' id='block_1_65' title="bbox 1905 618 3486 698">
    <p class='ocr_par' dir='ltr' id='par_1_65' title="bbox 1905 618 3486 698">
     <span class='ocr_line' id='line_1_65' title="bbox 1905 618 3486 698; baseline 0.006 -27"><span class='ocrx_word' id='word_1_496' title='bbox 1905 618 2122 688; x_wconf 89' lang='lat' dir='ltr'><strong>quidem</strong></span> <span class='ocrx_word' id='word_1_497' title='bbox 2152 619 2204 674; x_wconf 94' lang='lat' dir='ltr'><strong>in</strong></span> <span class='ocrx_word' id='word_1_498' title='bbox 2233 627 2409 690; x_wconf 76' lang='lat' dir='ltr'><strong>graeca</strong></span> <span class='ocrx_word' id='word_1_499' title='bbox 2433 621 2609 698; x_wconf 82' lang='lat' dir='ltr'><strong>lingua</strong></span> <span class='ocrx_word' id='word_1_500' title='bbox 2638 623 2959 692; x_wconf 87' lang='lat' dir='ltr'><strong>passionem,</strong></span> <span class='ocrx_word' id='word_1_501' title='bbox 2985 626 3106 696; x_wconf 88' lang='lat' dir='ltr'><strong>quia</strong></span> <span class='ocrx_word' id='word_1_502' title='bbox 3136 640 3353 696; x_wconf 71' lang='grc' dir='ltr'><strong>πασχιῖν,</strong></span> <span class='ocrx_word' id='word_1_503' title='bbox 3372 625 3486 696; x_wconf 86' lang='lat' dir='ltr'><strong>pati</strong></span> 
     </span>
    </p>
   </div>
   <div class='ocr_carea' id='block_1_66' title="bbox 1903 710 3486 785">
    <p class='ocr_par' dir='ltr' id='par_1_66' title="bbox 1903 710 3486 785">
     <span class='ocr_line' id='line_1_66' title="bbox 1903 710 3486 785; baseline 0.004 -19"><span class='ocrx_word' id='word_1_504' title='bbox 1903 710 2131 778; x_wconf 76' lang='lat' dir='ltr'><strong>dicitur;</strong></span> <span class='ocrx_word' id='word_1_505' title='bbox 2165 712 2255 767; x_wconf 89' lang='lat' dir='ltr'><strong>sed</strong></span> <span class='ocrx_word' id='word_1_506' title='bbox 2283 713 2585 768; x_wconf 90' lang='lat' dir='ltr'><strong>consultum</strong></span> <span class='ocrx_word' id='word_1_507' title='bbox 2616 712 2884 770; x_wconf 77' lang='lat' dir='ltr'><strong>hchrtcum</strong></span> <span class='ocrx_word' id='word_1_508' title='bbox 2913 715 3202 785; x_wconf 87' lang='lat' dir='ltr'><strong>eloquium,</strong></span> <span class='ocrx_word' id='word_1_509' title='bbox 3229 715 3375 772; x_wconf 79' lang='lat' dir='ltr'><strong>aliud</strong></span> <span class='ocrx_word' id='word_1_510' title='bbox 3399 715 3486 772; x_wconf 84' lang='lat' dir='ltr'><strong>in-</strong></span> 
     </span>
    </p>
   </div>
   <div class='ocr_carea' id='block_1_67' title="bbox 1903 801 3489 874">
    <p class='ocr_par' dir='ltr' id='par_1_67' title="bbox 1903 801 3489 874">
     <span class='ocr_line' id='line_1_67' title="bbox 1903 801 3489 874; baseline 0.006 -18"><span class='ocrx_word' id='word_1_511' title='bbox 1903 801 2065 856; x_wconf 88' lang='lat' dir='ltr'><strong>dicat.</strong></span> <span class='ocrx_word' id='word_1_512' title='bbox 2103 801 2306 858; x_wconf 84' lang='lat' dir='ltr'><strong>Pascha</strong></span> <span class='ocrx_word' id='word_1_513' title='bbox 2337 804 2613 859; x_wconf 87' lang='lat' dir='ltr'><strong>transitum</strong></span> <span class='ocrx_word' id='word_1_514' title='bbox 2645 805 3003 861; x_wconf 88' lang='lat' dir='ltr'><strong>commendat.</strong></span> <span class='ocrx_word' id='word_1_515' title='bbox 3029 806 3181 874; x_wconf 85' lang='lat' dir='ltr'><strong>Quod</strong></span> <span class='ocrx_word' id='word_1_516' title='bbox 3208 808 3489 866; x_wconf 76' lang='lat' dir='ltr'><strong>admonuit</strong></span> 
     </span>
    </p>
   </div>
   <div class='ocr_carea' id='block_1_68' title="bbox 1903 883 3482 970">
    <p class='ocr_par' dir='ltr' id='par_1_68' title="bbox 1903 883 3482 970">
     <span class='ocr_line' id='line_1_68' title="bbox 1903 883 3482 970; baseline 0.005 -22"><span class='ocrx_word' id='word_1_517' title='bbox 1903 894 2060 948; x_wconf 87' lang='lat' dir='ltr'><strong>etiam</strong></span> <span class='ocrx_word' id='word_1_518' title='bbox 2087 892 2318 949; x_wconf 84' lang='lat' dir='ltr'><strong>Joannes</strong></span> <span class='ocrx_word' id='word_1_519' title='bbox 2342 896 2689 966; x_wconf 85' lang='lat' dir='ltr'><strong>evangelista,</strong></span> <span class='ocrx_word' id='word_1_520' title='bbox 2731 897 2820 966; x_wconf 90' lang='lat' dir='ltr'><strong>qui</strong></span> <span class='ocrx_word' id='word_1_521' title='bbox 2863 883 3174 954; x_wconf 81' lang='lat' dir='ltr'><strong>imminente</strong></span> <span class='ocrx_word' id='word_1_522' title='bbox 3211 902 3482 970; x_wconf 87' lang='lat' dir='ltr'><strong>passione,</strong></span> 
     </span>
    </p>
   </div>
   <div class='ocr_carea' id='block_1_69' title="bbox 1902 984 3491 1060">
    <p class='ocr_par' dir='ltr' id='par_1_69' title="bbox 1902 984 3491 1060">
     <span class='ocr_line' id='line_1_69' title="bbox 1902 984 3491 1060; baseline 0.008 -23"><span class='ocrx_word' id='word_1_523' title='bbox 1902 999 2024 1038; x_wconf 81' lang='lat' dir='ltr'><strong>unm</strong></span> <span class='ocrx_word' id='word_1_524' title='bbox 2055 984 2261 1040; x_wconf 87' lang='lat' dir='ltr'><strong>veniret</strong></span> <span class='ocrx_word' id='word_1_525' title='bbox 2293 985 2553 1041; x_wconf 88' lang='lat' dir='ltr'><strong>Dominus</strong></span> <span class='ocrx_word' id='word_1_526' title='bbox 2589 986 2657 1041; x_wconf 87' lang='lat' dir='ltr'><strong>ad</strong></span> <span class='ocrx_word' id='word_1_527' title='bbox 2701 994 2908 1045; x_wconf 58' lang='lat' dir='ltr'><strong>canam</strong></span> <span class='ocrx_word' id='word_1_528' title='bbox 2948 1004 3051 1060; x_wconf 91' lang='lat' dir='ltr'><strong>qua</strong></span> <span class='ocrx_word' id='word_1_529' title='bbox 3093 991 3491 1048; x_wconf 79' lang='lat' dir='ltr'><strong>commendavit</strong></span> 
     </span>
    </p>
   </div>
   <div class='ocr_carea' id='block_1_70' title="bbox 1903 1077 3486 1152">
    <p class='ocr_par' dir='ltr' id='par_1_70' title="bbox 1903 1077 3486 1152">
     <span class='ocr_line' id='line_1_70' title="bbox 1903 1077 3486 1152; baseline 0.005 -23"><span class='ocrx_word' id='word_1_530' title='bbox 1903 1085 2294 1130; x_wconf 87' lang='lat' dir='ltr'><strong>sacramentum</strong></span> <span class='ocrx_word' id='word_1_531' title='bbox 2318 1078 2560 1146; x_wconf 83' lang='lat' dir='ltr'><strong>curporis</strong></span> <span class='ocrx_word' id='word_1_532' title='bbox 2589 1077 2644 1132; x_wconf 85' lang='lat' dir='ltr'><strong>et</strong></span> <span class='ocrx_word' id='word_1_533' title='bbox 2671 1079 2948 1149; x_wconf 88' lang='lat' dir='ltr'><strong>sanguinis</strong></span> <span class='ocrx_word' id='word_1_534' title='bbox 2971 1079 3077 1148; x_wconf 89' lang='lat' dir='ltr'><strong>sui,</strong></span> <span class='ocrx_word' id='word_1_535' title='bbox 3110 1080 3182 1134; x_wconf 90' lang='lat' dir='ltr'><strong>ita</strong></span> <span class='ocrx_word' id='word_1_536' title='bbox 3209 1080 3443 1152; x_wconf 89' lang='lat' dir='ltr'><strong>loquitur</strong></span> <span class='ocrx_word' id='word_1_537' title='bbox 3469 1097 3486 1137; x_wconf 89' lang='lat'><strong>:</strong></span> 
     </span>
    </p>
   </div>
   <div class='ocr_carea' id='block_1_71' title="bbox 1903 1155 3489 1239">
    <p class='ocr_par' dir='ltr' id='par_1_71' title="bbox 1903 1155 3489 1239">
     <span class='ocr_line' id='line_1_71' title="bbox 1903 1155 3489 1239; baseline 0.003 -16"><span class='ocrx_word' id='word_1_538' title='bbox 1903 1155 2030 1223; x_wconf 83' lang='lat' dir='ltr'><strong>Cum</strong></span> <span class='ocrx_word' id='word_1_539' title='bbox 2067 1176 2235 1220; x_wconf 88' lang='lat' dir='ltr'><strong>autem</strong></span> <span class='ocrx_word' id='word_1_540' title='bbox 2262 1167 2470 1222; x_wconf 79' lang='lat' dir='ltr'><strong>uenisset</strong></span> <span class='ocrx_word' id='word_1_541' title='bbox 2515 1169 2662 1234; x_wconf 83' lang='lat' dir='ltr'><strong>hora,</strong></span> <span class='ocrx_word' id='word_1_542' title='bbox 2699 1187 2802 1239; x_wconf 82' lang='lat' dir='ltr'><strong>qua</strong></span> <span class='ocrx_word' id='word_1_543' title='bbox 2841 1171 3077 1226; x_wconf 75' lang='lat' dir='ltr'><strong>transiret</strong></span> <span class='ocrx_word' id='word_1_544' title='bbox 3115 1170 3269 1226; x_wconf 80' lang='lat' dir='ltr'><strong>Jesus</strong></span> <span class='ocrx_word' id='word_1_545' title='bbox 3302 1173 3365 1226; x_wconf 87' lang='lat' dir='ltr'><strong>de</strong></span> <span class='ocrx_word' id='word_1_546' title='bbox 3393 1171 3489 1228; x_wconf 79' lang='lat' dir='ltr'><strong>hoc</strong></span> 
     </span>
    </p>
   </div>
   <div class='ocr_carea' id='block_1_72' title="bbox 1904 1258 3494 1336">
    <p class='ocr_par' dir='ltr' id='par_1_72' title="bbox 1904 1258 3494 1336">
     <span class='ocr_line' id='line_1_72' title="bbox 1904 1258 3494 1336; baseline 0.007 -25"><span class='ocrx_word' id='word_1_547' title='bbox 1904 1258 2092 1313; x_wconf 78' lang='lat' dir='ltr'><strong>mundo</strong></span> <span class='ocrx_word' id='word_1_548' title='bbox 2105 1260 2171 1312; x_wconf 89' lang='lat' dir='ltr'><strong>ad</strong></span> <span class='ocrx_word' id='word_1_549' title='bbox 2184 1259 2392 1315; x_wconf 85' lang='lat' dir='ltr'><strong>Patrem</strong></span> <span class='ocrx_word' id='word_1_550' title='bbox 2416 1261 2594 1328; x_wconf 81' lang='lat' dir='ltr'><strong>(Joan.</strong></span> <span class='ocrx_word' id='word_1_551' title='bbox 2617 1278 2730 1329; x_wconf 84' lang='lat' dir='ltr'><strong>xm,</strong></span> <span class='ocrx_word' id='word_1_552' title='bbox 2752 1264 2828 1333; x_wconf 85' lang='grc'><strong>1).</strong></span> <span class='ocrx_word' id='word_1_553' title='bbox 2862 1263 3138 1334; x_wconf 77' lang='lat' dir='ltr'><strong>Expressit</strong></span> <span class='ocrx_word' id='word_1_554' title='bbox 3162 1280 3288 1336; x_wconf 88' lang='lat' dir='ltr'><strong>ergo</strong></span> <span class='ocrx_word' id='word_1_555' title='bbox 3306 1274 3494 1331; x_wconf 79' lang='lat' dir='ltr'><strong>trans-</strong></span> 
     </span>
    </p>
   </div>
   <div class='ocr_carea' id='block_1_73' title="bbox 1907 1349 3489 1424">
    <p class='ocr_par' dir='ltr' id='par_1_73' title="bbox 1907 1349 3489 1424">
     <span class='ocr_line' id='line_1_73' title="bbox 1907 1349 3489 1424; baseline 0.005 -19"><span class='ocrx_word' id='word_1_556' title='bbox 1907 1349 2038 1405; x_wconf 90' lang='lat' dir='ltr'><strong>itum</strong></span> <span class='ocrx_word' id='word_1_557' title='bbox 2078 1349 2312 1406; x_wconf 74' lang='lat' dir='ltr'><strong>PaSClltB.</strong></span> <span class='ocrx_word' id='word_1_558' title='bbox 2336 1351 2439 1407; x_wconf 89' lang='lat' dir='ltr'><strong>Sed</strong></span> <span class='ocrx_word' id='word_1_559' title='bbox 2462 1351 2563 1406; x_wconf 91' lang='lat' dir='ltr'><strong>nisi</strong></span> <span class='ocrx_word' id='word_1_560' title='bbox 2592 1349 2707 1423; x_wconf 86' lang='lat' dir='ltr'><strong>ipse</strong></span> <span class='ocrx_word' id='word_1_561' title='bbox 2733 1355 2983 1410; x_wconf 89' lang='lat' dir='ltr'><strong>transiret</strong></span> <span class='ocrx_word' id='word_1_562' title='bbox 3008 1353 3133 1412; x_wconf 89' lang='lat' dir='ltr'><strong>hinc</strong></span> <span class='ocrx_word' id='word_1_563' title='bbox 3151 1355 3219 1410; x_wconf 90' lang='lat' dir='ltr'><strong>ad</strong></span> <span class='ocrx_word' id='word_1_564' title='bbox 3248 1355 3489 1424; x_wconf 82' lang='lat' dir='ltr'><strong>Patrem,</strong></span> 
     </span>
    </p>
   </div>
   <div class='ocr_carea' id='block_1_74' title="bbox 1905 1442 3494 1519">
    <p class='ocr_par' dir='ltr' id='par_1_74' title="bbox 1905 1442 3494 1519">
     <span class='ocr_line' id='line_1_74' title="bbox 1905 1442 3494 1519; baseline 0.006 -24"><span class='ocrx_word' id='word_1_565' title='bbox 1905 1442 1998 1512; x_wconf 89' lang='lat' dir='ltr'><strong>qui</strong></span> <span class='ocrx_word' id='word_1_566' title='bbox 2044 1451 2261 1514; x_wconf 90' lang='lat' dir='ltr'><strong>propter</strong></span> <span class='ocrx_word' id='word_1_567' title='bbox 2299 1458 2397 1498; x_wconf 89' lang='lat' dir='ltr'><strong>nos</strong></span> <span class='ocrx_word' id='word_1_568' title='bbox 2441 1444 2604 1509; x_wconf 83' lang='lat' dir='ltr'><strong>venit,</strong></span> <span class='ocrx_word' id='word_1_569' title='bbox 2655 1459 2754 1499; x_wconf 88' lang='lat' dir='ltr'><strong>nos</strong></span> <span class='ocrx_word' id='word_1_570' title='bbox 2785 1445 3014 1501; x_wconf 88' lang='lat' dir='ltr'><strong>transire</strong></span> <span class='ocrx_word' id='word_1_571' title='bbox 3055 1446 3181 1502; x_wconf 85' lang='lat' dir='ltr'><strong>hinc</strong></span> <span class='ocrx_word' id='word_1_572' title='bbox 3220 1447 3494 1519; x_wconf 88' lang='lat' dir='ltr'><strong>quomodo</strong></span> 
     </span>
    </p>
   </div>
   <div class='ocr_carea' id='block_1_75' title="bbox 1908 1527 3494 1606">
    <p class='ocr_par' dir='ltr' id='par_1_75' title="bbox 1908 1527 3494 1606">
     <span class='ocr_line' id='line_1_75' title="bbox 1908 1527 3494 1606; baseline 0.004 -19"><span class='ocrx_word' id='word_1_573' title='bbox 1908 1546 2208 1602; x_wconf 87' lang='lat' dir='ltr'><strong>possemus,</strong></span> <span class='ocrx_word' id='word_1_574' title='bbox 2240 1533 2330 1603; x_wconf 91' lang='lat' dir='ltr'><strong>qui</strong></span> <span class='ocrx_word' id='word_1_575' title='bbox 2358 1549 2463 1588; x_wconf 92' lang='lat' dir='ltr'><strong>non</strong></span> <span class='ocrx_word' id='word_1_576' title='bbox 2491 1539 2706 1604; x_wconf 87' lang='lat' dir='ltr'><strong>propter</strong></span> <span class='ocrx_word' id='word_1_577' title='bbox 2730 1536 2928 1606; x_wconf 85' lang='lat' dir='ltr'><strong>aliquid</strong></span> <span class='ocrx_word' id='word_1_578' title='bbox 2955 1527 3236 1593; x_wconf 72' lang='lat' dir='ltr'><strong>letrandum</strong></span> <span class='ocrx_word' id='word_1_579' title='bbox 3261 1537 3494 1594; x_wconf 88' lang='lat' dir='ltr'><strong>descen-</strong></span> 
     </span>
    </p>
   </div>
   <div class='ocr_carea' id='block_1_76' title="bbox 1906 1624 3495 1697">
    <p class='ocr_par' dir='ltr' id='par_1_76' title="bbox 1906 1624 3495 1697">
     <span class='ocr_line' id='line_1_76' title="bbox 1906 1624 3495 1697; baseline 0.006 -18"><span class='ocrx_word' id='word_1_580' title='bbox 1906 1624 2104 1692; x_wconf 90' lang='lat' dir='ltr'><strong>dimus,</strong></span> <span class='ocrx_word' id='word_1_581' title='bbox 2135 1625 2230 1681; x_wconf 89' lang='lat' dir='ltr'><strong>sed</strong></span> <span class='ocrx_word' id='word_1_582' title='bbox 2257 1625 2585 1682; x_wconf 83' lang='lat' dir='ltr'><strong>cecidimus?</strong></span> <span class='ocrx_word' id='word_1_583' title='bbox 2619 1627 2738 1697; x_wconf 88' lang='lat' dir='ltr'><strong>Ipse</strong></span> <span class='ocrx_word' id='word_1_584' title='bbox 2777 1638 2956 1684; x_wconf 90' lang='lat' dir='ltr'><strong>autem</strong></span> <span class='ocrx_word' id='word_1_585' title='bbox 2985 1645 3090 1685; x_wconf 90' lang='lat' dir='ltr'><strong>non</strong></span> <span class='ocrx_word' id='word_1_586' title='bbox 3124 1629 3354 1697; x_wconf 88' lang='lat' dir='ltr'><strong>cecidit;</strong></span> <span class='ocrx_word' id='word_1_587' title='bbox 3394 1629 3495 1688; x_wconf 83' lang='lat' dir='ltr'><strong>sed</strong></span> 
     </span>
    </p>
   </div>
   <div class='ocr_carea' id='block_1_77' title="bbox 1907 1715 3497 1788">
    <p class='ocr_par' dir='ltr' id='par_1_77' title="bbox 1907 1715 3497 1788">
     <span class='ocr_line' id='line_1_77' title="bbox 1907 1715 3497 1788; baseline 0.003 -17"><span class='ocrx_word' id='word_1_588' title='bbox 1907 1715 2202 1784; x_wconf 88' lang='lat' dir='ltr'><strong>descendit,</strong></span> <span class='ocrx_word' id='word_1_589' title='bbox 2235 1726 2294 1771; x_wconf 89' lang='lat' dir='ltr'><strong>ut</strong></span> <span class='ocrx_word' id='word_1_590' title='bbox 2318 1732 2442 1772; x_wconf 92' lang='lat' dir='ltr'><strong>eum</strong></span> <span class='ocrx_word' id='word_1_591' title='bbox 2466 1717 2555 1788; x_wconf 89' lang='lat' dir='ltr'><strong>qui</strong></span> <span class='ocrx_word' id='word_1_592' title='bbox 2583 1718 2850 1774; x_wconf 89' lang='lat' dir='ltr'><strong>ceciderat</strong></span> <span class='ocrx_word' id='word_1_593' title='bbox 2875 1718 3198 1775; x_wconf 88' lang='lat' dir='ltr'><strong>sublevaret.</strong></span> <span class='ocrx_word' id='word_1_594' title='bbox 3217 1719 3497 1775; x_wconf 88' lang='lat' dir='ltr'><strong>Transitus</strong></span> 
     </span>
    </p>
   </div>
   <div class='ocr_carea' id='block_1_78' title="bbox 1907 1806 3499 1878">
    <p class='ocr_par' dir='ltr' id='par_1_78' title="bbox 1907 1806 3499 1878">
     <span class='ocr_line' id='line_1_78' title="bbox 1907 1806 3499 1878; baseline 0.003 -16"><span class='ocrx_word' id='word_1_595' title='bbox 1907 1823 2059 1878; x_wconf 87' lang='lat' dir='ltr'><strong>ergo,</strong></span> <span class='ocrx_word' id='word_1_596' title='bbox 2103 1817 2159 1864; x_wconf 88' lang='lat' dir='ltr'><strong>et</strong></span> <span class='ocrx_word' id='word_1_597' title='bbox 2198 1806 2358 1873; x_wconf 85' lang='lat' dir='ltr'><strong>illius,</strong></span> <span class='ocrx_word' id='word_1_598' title='bbox 2402 1817 2456 1864; x_wconf 90' lang='lat' dir='ltr'><strong>et</strong></span> <span class='ocrx_word' id='word_1_599' title='bbox 2485 1817 2688 1874; x_wconf 88' lang='lat' dir='ltr'><strong>noster,</strong></span> <span class='ocrx_word' id='word_1_600' title='bbox 2737 1809 2862 1864; x_wconf 89' lang='lat' dir='ltr'><strong>hinc</strong></span> <span class='ocrx_word' id='word_1_601' title='bbox 2899 1811 2966 1864; x_wconf 91' lang='lat' dir='ltr'><strong>ad</strong></span> <span class='ocrx_word' id='word_1_602' title='bbox 3011 1811 3259 1876; x_wconf 86' lang='lat' dir='ltr'><strong>Patrem;</strong></span> <span class='ocrx_word' id='word_1_603' title='bbox 3291 1809 3361 1866; x_wconf 87' lang='lat' dir='ltr'><strong>de</strong></span> <span class='ocrx_word' id='word_1_604' title='bbox 3393 1809 3499 1866; x_wconf 86' lang='lat' dir='ltr'><strong>hoc</strong></span> 
     </span>
    </p>
   </div>
   <div class='ocr_carea' id='block_1_79' title="bbox 1909 1899 3499 1972">
    <p class='ocr_par' dir='ltr' id='par_1_79' title="bbox 1909 1899 3499 1972">
     <span class='ocr_line' id='line_1_79' title="bbox 1909 1899 3499 1972; baseline 0.003 -18"><span class='ocrx_word' id='word_1_605' title='bbox 1909 1899 2112 1960; x_wconf 86' lang='lat' dir='ltr'><strong>mundo</strong></span> <span class='ocrx_word' id='word_1_606' title='bbox 2129 1899 2198 1955; x_wconf 88' lang='lat' dir='ltr'><strong>ad</strong></span> <span class='ocrx_word' id='word_1_607' title='bbox 2225 1915 2445 1972; x_wconf 84' lang='lat' dir='ltr'><strong>regnum</strong></span> <span class='ocrx_word' id='word_1_608' title='bbox 2469 1900 2747 1967; x_wconf 69' lang='lat' dir='ltr'><strong>caelorum,</strong></span> <span class='ocrx_word' id='word_1_609' title='bbox 2776 1901 2845 1958; x_wconf 91' lang='lat' dir='ltr'><strong>de</strong></span> <span class='ocrx_word' id='word_1_610' title='bbox 2872 1902 2980 1958; x_wconf 84' lang='lat' dir='ltr'><strong>vita</strong></span> <span class='ocrx_word' id='word_1_611' title='bbox 3005 1903 3215 1958; x_wconf 89' lang='lat' dir='ltr'><strong>mortali</strong></span> <span class='ocrx_word' id='word_1_612' title='bbox 3242 1902 3309 1958; x_wconf 88' lang='lat' dir='ltr'><strong>ad</strong></span> <span class='ocrx_word' id='word_1_613' title='bbox 3335 1902 3499 1958; x_wconf 80' lang='lat' dir='ltr'><strong>vitam</strong></span> 
     </span>
    </p>
   </div>
   <div class='ocr_carea' id='block_1_80' title="bbox 1909 1990 3500 2061">
    <p class='ocr_par' dir='ltr' id='par_1_80' title="bbox 1909 1990 3500 2061">
     <span class='ocr_line' id='line_1_80' title="bbox 1909 1990 3500 2061; baseline 0.003 -16"><span class='ocrx_word' id='word_1_614' title='bbox 1909 2000 2190 2055; x_wconf 65' lang='lat' dir='ltr'><strong>mternam,</strong></span> <span class='ocrx_word' id='word_1_615' title='bbox 2221 1990 2288 2052; x_wconf 91' lang='lat' dir='ltr'><strong>de</strong></span> <span class='ocrx_word' id='word_1_616' title='bbox 2311 1991 2419 2046; x_wconf 87' lang='lat' dir='ltr'><strong>vita</strong></span> <span class='ocrx_word' id='word_1_617' title='bbox 2447 2001 2656 2047; x_wconf 85' lang='lat' dir='ltr'><strong>terrena</strong></span> <span class='ocrx_word' id='word_1_618' title='bbox 2687 1992 2753 2047; x_wconf 87' lang='lat' dir='ltr'><strong>ad</strong></span> <span class='ocrx_word' id='word_1_619' title='bbox 2785 1995 2947 2048; x_wconf 88' lang='lat' dir='ltr'><strong>vitam</strong></span> <span class='ocrx_word' id='word_1_620' title='bbox 2973 1994 3267 2061; x_wconf 67' lang='lat' dir='ltr'><strong>caelestem,</strong></span> <span class='ocrx_word' id='word_1_621' title='bbox 3300 1993 3367 2050; x_wconf 93' lang='lat' dir='ltr'><strong>de</strong></span> <span class='ocrx_word' id='word_1_622' title='bbox 3390 1994 3500 2050; x_wconf 86' lang='lat' dir='ltr'><strong>vita</strong></span> 
     </span>
    </p>
   </div>
   <div class='ocr_carea' id='block_1_81' title="bbox 1909 2079 3498 2154">
    <p class='ocr_par' dir='ltr' id='par_1_81' title="bbox 1909 2079 3498 2154">
     <span class='ocr_line' id='line_1_81' title="bbox 1909 2079 3498 2154; baseline 0.003 -20"><span class='ocrx_word' id='word_1_623' title='bbox 1909 2079 2244 2150; x_wconf 89' lang='lat' dir='ltr'><strong>corruptibili</strong></span> <span class='ocrx_word' id='word_1_624' title='bbox 2305 2081 2374 2136; x_wconf 88' lang='lat' dir='ltr'><strong>ad</strong></span> <span class='ocrx_word' id='word_1_625' title='bbox 2423 2081 2918 2154; x_wconf 89' lang='lat' dir='ltr'><strong>incorruptibilem,</strong></span> <span class='ocrx_word' id='word_1_626' title='bbox 2970 2083 3038 2140; x_wconf 90' lang='lat' dir='ltr'><strong>de</strong></span> <span class='ocrx_word' id='word_1_627' title='bbox 3091 2083 3498 2139; x_wconf 90' lang='lat' dir='ltr'><strong>tribulationum</strong></span> 
     </span>
    </p>
   </div>
   <div class='ocr_carea' id='block_1_82' title="bbox 1910 2171 3504 2243">
    <p class='ocr_par' dir='ltr' id='par_1_82' title="bbox 1910 2171 3504 2243">
     <span class='ocr_line' id='line_1_82' title="bbox 1910 2171 3504 2243; baseline 0.003 -18"><span class='ocrx_word' id='word_1_628' title='bbox 1910 2171 2321 2240; x_wconf 85' lang='lat' dir='ltr'><strong>conversatione</strong></span> <span class='ocrx_word' id='word_1_629' title='bbox 2357 2171 2425 2226; x_wconf 92' lang='lat' dir='ltr'><strong>ad</strong></span> <span class='ocrx_word' id='word_1_630' title='bbox 2466 2184 2776 2243; x_wconf 83' lang='lat' dir='ltr'><strong>perpetuam</strong></span> <span class='ocrx_word' id='word_1_631' title='bbox 2813 2174 3174 2230; x_wconf 86' lang='lat' dir='ltr'><strong>securitatem.</strong></span> <span class='ocrx_word' id='word_1_632' title='bbox 3208 2174 3353 2241; x_wconf 80' lang='lat' dir='ltr'><strong>Ideo.</strong></span> <span class='ocrx_word' id='word_1_633' title='bbox 3394 2173 3504 2230; x_wconf 88' lang='lat' dir='ltr'><strong>Pro</strong></span> 
     </span>
    </p>
   </div>
   <div class='ocr_carea' id='block_1_83' title="bbox 1913 2261 3504 2332">
    <p class='ocr_par' dir='ltr' id='par_1_83' title="bbox 1913 2261 3504 2332">
     <span class='ocr_line' id='line_1_83' title="bbox 1913 2261 3504 2332; baseline 0.003 -16"><span class='ocrx_word' id='word_1_634' title='bbox 1913 2261 1992 2316; x_wconf 81' lang='lat' dir='ltr'><strong>Itis</strong></span> <span class='ocrx_word' id='word_1_635' title='bbox 2032 2262 2120 2332; x_wconf 87' lang='lat' dir='ltr'><strong>qui</strong></span> <span class='ocrx_word' id='word_1_636' title='bbox 2164 2263 2628 2328; x_wconf 76' lang='lat' dir='ltr'><strong>committebantur,</strong></span> <span class='ocrx_word' id='word_1_637' title='bbox 2678 2263 2876 2318; x_wconf 89' lang='lat' dir='ltr'><strong>Psalmi</strong></span> <span class='ocrx_word' id='word_1_638' title='bbox 2907 2264 3088 2330; x_wconf 85' lang='lat' dir='ltr'><strong>titulus</strong></span> <span class='ocrx_word' id='word_1_639' title='bbox 3131 2273 3232 2320; x_wconf 88' lang='lat' dir='ltr'><strong>est.</strong></span> <span class='ocrx_word' id='word_1_640' title='bbox 3275 2263 3504 2321; x_wconf 86' lang='lat' dir='ltr'><strong>Causam</strong></span> 
     </span>
    </p>
   </div>
   <div class='ocr_carea' id='block_1_84' title="bbox 1914 2352 3506 2426">
    <p class='ocr_par' dir='ltr' id='par_1_84' title="bbox 1914 2352 3506 2426">
     <span class='ocr_line' id='line_1_84' title="bbox 1914 2352 3506 2426; baseline 0.002 -18"><span class='ocrx_word' id='word_1_641' title='bbox 1914 2352 2076 2425; x_wconf 89' lang='lat' dir='ltr'><strong>igitur</strong></span> <span class='ocrx_word' id='word_1_642' title='bbox 2115 2355 2551 2411; x_wconf 90' lang='lat' dir='ltr'><strong>commutationis</strong></span> <span class='ocrx_word' id='word_1_643' title='bbox 2595 2363 2816 2422; x_wconf 79' lang='lat' dir='ltr'><strong>nostrae,</strong></span> <span class='ocrx_word' id='word_1_644' title='bbox 2871 2355 2924 2409; x_wconf 92' lang='lat' dir='ltr'><strong>id</strong></span> <span class='ocrx_word' id='word_1_645' title='bbox 2968 2365 3050 2410; x_wconf 86' lang='lat' dir='ltr'><strong>est</strong></span> <span class='ocrx_word' id='word_1_646' title='bbox 3093 2355 3264 2426; x_wconf 86' lang='lat' dir='ltr'><strong>ipsam</strong></span> <span class='ocrx_word' id='word_1_647' title='bbox 3293 2356 3506 2412; x_wconf 87' lang='lat' dir='ltr'><strong>Domini</strong></span> 
     </span>
    </p>
   </div>
   <div class='ocr_carea' id='block_1_85' title="bbox 1913 2443 3506 2522">
    <p class='ocr_par' dir='ltr' id='par_1_85' title="bbox 1913 2443 3506 2522">
     <span class='ocr_line' id='line_1_85' title="bbox 1913 2443 3506 2522; baseline 0.002 -24"><span class='ocrx_word' id='word_1_648' title='bbox 1913 2444 2242 2514; x_wconf 85' lang='lat' dir='ltr'><strong>passionem,</strong></span> <span class='ocrx_word' id='word_1_649' title='bbox 2285 2452 2632 2514; x_wconf 87' lang='lat' dir='ltr'><strong>nostramque</strong></span> <span class='ocrx_word' id='word_1_650' title='bbox 2675 2445 2728 2499; x_wconf 91' lang='lat' dir='ltr'><strong>in</strong></span> <span class='ocrx_word' id='word_1_651' title='bbox 2759 2443 3192 2502; x_wconf 87' lang='lat' dir='ltr'><strong>tribulationibus</strong></span> <span class='ocrx_word' id='word_1_652' title='bbox 3219 2459 3406 2522; x_wconf 79' lang='lat' dir='ltr'><strong>vocem</strong></span> <span class='ocrx_word' id='word_1_653' title='bbox 3450 2447 3506 2502; x_wconf 89' lang='lat' dir='ltr'><strong>in</strong></span> 
     </span>
    </p>
   </div>
   <div class='ocr_carea' id='block_1_86' title="bbox 1916 2535 3508 2608">
    <p class='ocr_par' dir='ltr' id='par_1_86' title="bbox 1916 2535 3508 2608">
     <span class='ocr_line' id='line_1_86' title="bbox 1916 2535 3508 2608; baseline 0.001 -18"><span class='ocrx_word' id='word_1_654' title='bbox 1916 2543 2064 2590; x_wconf 80' lang='lat' dir='ltr'><strong>textu</strong></span> <span class='ocrx_word' id='word_1_655' title='bbox 2094 2535 2292 2590; x_wconf 86' lang='lat' dir='ltr'><strong>Psalmi</strong></span> <span class='ocrx_word' id='word_1_656' title='bbox 2318 2535 2682 2604; x_wconf 76' lang='lat' dir='ltr'><strong>advertamus,</strong></span> <span class='ocrx_word' id='word_1_657' title='bbox 2711 2549 3118 2606; x_wconf 87' lang='lat' dir='ltr'><strong>cognoscamus,</strong></span> <span class='ocrx_word' id='word_1_658' title='bbox 3146 2537 3508 2608; x_wconf 86' lang='lat' dir='ltr'><strong>congemisca-</strong></span> 
     </span>
    </p>
   </div>
   <div class='ocr_carea' id='block_1_87' title="bbox 1917 2627 3508 2700">
    <p class='ocr_par' dir='ltr' id='par_1_87' title="bbox 1917 2627 3508 2700">
     <span class='ocr_line' id='line_1_87' title="bbox 1917 2627 3508 2700; baseline 0.002 -19"><span class='ocrx_word' id='word_1_659' title='bbox 1917 2641 2069 2695; x_wconf 86' lang='lat' dir='ltr'><strong>mus:</strong></span> <span class='ocrx_word' id='word_1_660' title='bbox 2092 2637 2146 2683; x_wconf 89' lang='lat' dir='ltr'><strong>et</strong></span> <span class='ocrx_word' id='word_1_661' title='bbox 2165 2628 2454 2694; x_wconf 89' lang='lat' dir='ltr'><strong>audiendo,</strong></span> <span class='ocrx_word' id='word_1_662' title='bbox 2476 2627 2871 2698; x_wconf 86' lang='lat' dir='ltr'><strong>cognoscendo,</strong></span> <span class='ocrx_word' id='word_1_663' title='bbox 2895 2629 3362 2700; x_wconf 88' lang='lat' dir='ltr'><strong>congemiscendo,</strong></span> <span class='ocrx_word' id='word_1_664' title='bbox 3388 2645 3508 2684; x_wconf 82' lang='lat' dir='ltr'><strong>mu-</strong></span> 
     </span>
    </p>
   </div>
   <div class='ocr_carea' id='block_1_88' title="bbox 1918 2719 3508 2789">
    <p class='ocr_par' dir='ltr' id='par_1_88' title="bbox 1918 2719 3508 2789">
     <span class='ocr_line' id='line_1_88' title="bbox 1918 2719 3508 2789; baseline 0.001 -15"><span class='ocrx_word' id='word_1_665' title='bbox 1918 2726 2111 2783; x_wconf 92' lang='lat' dir='ltr'><strong>temur,</strong></span> <span class='ocrx_word' id='word_1_666' title='bbox 2139 2728 2200 2774; x_wconf 87' lang='lat' dir='ltr'><strong>ut</strong></span> <span class='ocrx_word' id='word_1_667' title='bbox 2225 2719 2508 2789; x_wconf 86' lang='lat' dir='ltr'><strong>impleatur</strong></span> <span class='ocrx_word' id='word_1_668' title='bbox 2546 2719 2604 2775; x_wconf 87' lang='lat' dir='ltr'><strong>in</strong></span> <span class='ocrx_word' id='word_1_669' title='bbox 2641 2719 2796 2776; x_wconf 86' lang='lat' dir='ltr'><strong>nobis</strong></span> <span class='ocrx_word' id='word_1_670' title='bbox 2841 2720 3026 2777; x_wconf 89' lang='lat' dir='ltr'><strong>titulus</strong></span> <span class='ocrx_word' id='word_1_671' title='bbox 3049 2720 3268 2789; x_wconf 88' lang='lat' dir='ltr'><strong>Psalmi,</strong></span> <span class='ocrx_word' id='word_1_672' title='bbox 3293 2720 3400 2777; x_wconf 88' lang='lat' dir='ltr'><strong>Pro</strong></span> <span class='ocrx_word' id='word_1_673' title='bbox 3427 2721 3508 2776; x_wconf 82' lang='lat' dir='ltr'><strong>Itis</strong></span> 
     </span>
    </p>
   </div>
   <div class='ocr_carea' id='block_1_89' title="bbox 1916 2809 2477 2879">
    <p class='ocr_par' dir='ltr' id='par_1_89' title="bbox 1916 2809 2477 2879">
     <span class='ocr_line' id='line_1_89' title="bbox 1916 2809 2477 2879; baseline 0 -16"><span class='ocrx_word' id='word_1_674' title='bbox 1916 2809 2005 2879; x_wconf 85' lang='lat' dir='ltr'><strong>qui</strong></span> <span class='ocrx_word' id='word_1_675' title='bbox 2023 2809 2477 2864; x_wconf 75' lang='lat' dir='ltr'><strong>commutabantur.</strong></span> 
     </span>
    </p>
   </div>
   <div class='ocr_carea' id='block_1_90' title="bbox 1988 2897 3509 2976">
    <p class='ocr_par' dir='ltr' id='par_1_90' title="bbox 1988 2897 3509 2976">
     <span class='ocr_line' id='line_1_90' title="bbox 1988 2897 3509 2976; baseline 0.004 -22"><span class='ocrx_word' id='word_1_676' title='bbox 1988 2899 2041 2954; x_wconf 78' lang='lat'><strong>3.</strong></span> <span class='ocrx_word' id='word_1_677' title='bbox 2067 2897 2215 2971; x_wconf 66' lang='lat' dir='ltr'><strong>[item</strong></span> <span class='ocrx_word' id='word_1_678' title='bbox 2241 2897 2323 2973; x_wconf 74' lang='grc'><strong>2.]</strong></span> <span class='ocrx_word' id='word_1_679' title='bbox 2348 2899 2561 2955; x_wconf 78' lang='lat' dir='ltr'><strong>Saluum</strong></span> <span class='ocrx_word' id='word_1_680' title='bbox 2600 2917 2680 2955; x_wconf 82' lang='lat' dir='ltr'><strong>me</strong></span> <span class='ocrx_word' id='word_1_681' title='bbox 2732 2905 2844 2974; x_wconf 75' lang='lat' dir='ltr'><strong>fac,</strong></span> <span class='ocrx_word' id='word_1_682' title='bbox 2871 2900 3009 2958; x_wconf 82' lang='lat' dir='ltr'><strong>Deus</strong></span> <span class='ocrx_word' id='word_1_683' title='bbox 3027 2944 3042 2968; x_wconf 91' lang='lat'><strong>,</strong></span> <span class='ocrx_word' id='word_1_684' title='bbox 3068 2902 3310 2976; x_wconf 71' lang='lat' dir='ltr'><strong>quoniam</strong></span> <span class='ocrx_word' id='word_1_685' title='bbox 3345 2903 3509 2960; x_wconf 82' lang='lat' dir='ltr'><strong>intro-</strong></span> 
     </span>
    </p>
   </div>
   <div class='ocr_carea' id='block_1_91' title="bbox 1917 2991 3511 3064">
    <p class='ocr_par' dir='ltr' id='par_1_91' title="bbox 1917 2991 3511 3064">
     <span class='ocr_line' id='line_1_91' title="bbox 1917 2991 3511 3064; baseline 0.004 -17"><span class='ocrx_word' id='word_1_686' title='bbox 1917 2991 2081 3047; x_wconf 81' lang='lat' dir='ltr'><strong>ierunt</strong></span> <span class='ocrx_word' id='word_1_687' title='bbox 2109 3001 2252 3063; x_wconf 75' lang='lat' dir='ltr'><strong>aqua:</strong></span> <span class='ocrx_word' id='word_1_688' title='bbox 2284 3009 2441 3064; x_wconf 83' lang='lat' dir='ltr'><strong>usque</strong></span> <span class='ocrx_word' id='word_1_689' title='bbox 2461 2995 2530 3048; x_wconf 82' lang='lat' dir='ltr'><strong>ad</strong></span> <span class='ocrx_word' id='word_1_690' title='bbox 2551 2995 2774 3049; x_wconf 82' lang='lat' dir='ltr'><strong>animant</strong></span> <span class='ocrx_word' id='word_1_691' title='bbox 2802 3012 2984 3052; x_wconf 76' lang='lat' dir='ltr'><strong>meum.</strong></span> <span class='ocrx_word' id='word_1_692' title='bbox 3005 2995 3238 3052; x_wconf 81' lang='lat' dir='ltr'><strong>Granum</strong></span> <span class='ocrx_word' id='word_1_693' title='bbox 3267 2997 3396 3052; x_wconf 89' lang='lat' dir='ltr'><strong>illud</strong></span> <span class='ocrx_word' id='word_1_694' title='bbox 3425 3006 3511 3056; x_wconf 85' lang='lat' dir='ltr'><strong>est</strong></span> 
     </span>
    </p>
   </div>
   <div class='ocr_carea' id='block_1_92' title="bbox 1917 3084 3506 3156">
    <p class='ocr_par' dir='ltr' id='par_1_92' title="bbox 1917 3084 3506 3156">
     <span class='ocr_line' id='line_1_92' title="bbox 1917 3084 3506 3156; baseline 0.003 -18"><span class='ocrx_word' id='word_1_695' title='bbox 1917 3093 2280 3153; x_wconf 89' lang='lat' dir='ltr'><strong>contemptum</strong></span> <span class='ocrx_word' id='word_1_696' title='bbox 2314 3084 2492 3151; x_wconf 83' lang='lat' dir='ltr'><strong>modo,</strong></span> <span class='ocrx_word' id='word_1_697' title='bbox 2526 3086 2667 3156; x_wconf 91' lang='lat' dir='ltr'><strong>quod</strong></span> <span class='ocrx_word' id='word_1_698' title='bbox 2689 3086 2898 3142; x_wconf 88' lang='lat' dir='ltr'><strong>videtur</strong></span> <span class='ocrx_word' id='word_1_699' title='bbox 2921 3085 3153 3142; x_wconf 85' lang='lat' dir='ltr'><strong>humiles</strong></span> <span class='ocrx_word' id='word_1_700' title='bbox 3179 3088 3306 3142; x_wconf 89' lang='lat' dir='ltr'><strong>dare</strong></span> <span class='ocrx_word' id='word_1_701' title='bbox 3324 3103 3506 3143; x_wconf 84' lang='lat' dir='ltr'><strong>voces.</strong></span> 
     </span>
    </p>
   </div>
   <div class='ocr_carea' id='block_1_93' title="bbox 1921 3173 3509 3249">
    <p class='ocr_par' dir='ltr' id='par_1_93' title="bbox 1921 3173 3509 3249">
     <span class='ocr_line' id='line_1_93' title="bbox 1921 3173 3509 3249; baseline 0.003 -20"><span class='ocrx_word' id='word_1_702' title='bbox 1921 3173 1978 3229; x_wconf 85' lang='lat' dir='ltr'><strong>In</strong></span> <span class='ocrx_word' id='word_1_703' title='bbox 2009 3175 2166 3230; x_wconf 86' lang='lat' dir='ltr'><strong>horto</strong></span> <span class='ocrx_word' id='word_1_704' title='bbox 2208 3174 2470 3242; x_wconf 89' lang='lat' dir='ltr'><strong>obruitur,</strong></span> <span class='ocrx_word' id='word_1_705' title='bbox 2501 3175 2761 3232; x_wconf 86' lang='lat' dir='ltr'><strong>miraturo</strong></span> <span class='ocrx_word' id='word_1_706' title='bbox 2805 3177 3006 3233; x_wconf 90' lang='lat' dir='ltr'><strong>mundo</strong></span> <span class='ocrx_word' id='word_1_707' title='bbox 3033 3178 3195 3234; x_wconf 85' lang='lat' dir='ltr'><strong>oleris</strong></span> <span class='ocrx_word' id='word_1_708' title='bbox 3231 3179 3509 3249; x_wconf 87' lang='lat' dir='ltr'><strong>magnitu-</strong></span> 
     </span>
    </p>
   </div>
   <div class='ocr_carea' id='block_1_94' title="bbox 1921 3264 3512 3338">
    <p class='ocr_par' dir='ltr' id='par_1_94' title="bbox 1921 3264 3512 3338">
     <span class='ocr_line' id='line_1_94' title="bbox 1921 3264 3512 3338; baseline 0 -18"><span class='ocrx_word' id='word_1_709' title='bbox 1921 3264 2164 3331; x_wconf 71' lang='lat' dir='ltr'><strong>dinem‘,</strong></span> <span class='ocrx_word' id='word_1_710' title='bbox 2195 3265 2350 3334; x_wconf 84' lang='lat' dir='ltr'><strong>cujus</strong></span> <span class='ocrx_word' id='word_1_711' title='bbox 2392 3265 2558 3321; x_wconf 89' lang='lat' dir='ltr'><strong>oleris</strong></span> <span class='ocrx_word' id='word_1_712' title='bbox 2599 3281 2783 3323; x_wconf 86' lang='lat' dir='ltr'><strong>semen</strong></span> <span class='ocrx_word' id='word_1_713' title='bbox 2823 3275 3184 3338; x_wconf 85' lang='lat' dir='ltr'><strong>contemptum</strong></span> <span class='ocrx_word' id='word_1_714' title='bbox 3229 3276 3314 3324; x_wconf 88' lang='lat' dir='ltr'><strong>est</strong></span> <span class='ocrx_word' id='word_1_715' title='bbox 3340 3283 3369 3321; x_wconf 89' lang='lat' dir='ltr'><strong>a</strong></span> <span class='ocrx_word' id='word_1_716' title='bbox 3412 3268 3512 3326; x_wconf 79' lang='lat' dir='ltr'><strong>Ju-</strong></span> 
     </span>
    </p>
   </div>
   <div class='ocr_carea' id='block_1_95' title="bbox 1921 3356 3510 3430">
    <p class='ocr_par' dir='ltr' id='par_1_95' title="bbox 1921 3356 3510 3430">
     <span class='ocr_line' id='line_1_95' title="bbox 1921 3356 3510 3430; baseline 0.002 -18"><span class='ocrx_word' id='word_1_717' title='bbox 1921 3356 2072 3412; x_wconf 69' lang='lat' dir='ltr'><strong>daeis.</strong></span> <span class='ocrx_word' id='word_1_718' title='bbox 2095 3357 2299 3420; x_wconf 76' lang='lat' dir='ltr'><strong>Revera</strong></span> <span class='ocrx_word' id='word_1_719' title='bbox 2327 3356 2472 3413; x_wconf 89' lang='lat' dir='ltr'><strong>enim</strong></span> <span class='ocrx_word' id='word_1_720' title='bbox 2502 3358 2841 3416; x_wconf 87' lang='lat' dir='ltr'><strong>considerate</strong></span> <span class='ocrx_word' id='word_1_721' title='bbox 2865 3374 3052 3416; x_wconf 89' lang='lat' dir='ltr'><strong>semen</strong></span> <span class='ocrx_word' id='word_1_722' title='bbox 3089 3360 3290 3430; x_wconf 86' lang='lat' dir='ltr'><strong>sinapis</strong></span> <span class='ocrx_word' id='word_1_723' title='bbox 3331 3361 3510 3416; x_wconf 80' lang='lat' dir='ltr'><strong>minu—</strong></span> 
     </span>
    </p>
   </div>
   <div class='ocr_carea' id='block_1_96' title="bbox 1923 3447 3511 3520">
    <p class='ocr_par' dir='ltr' id='par_1_96' title="bbox 1923 3447 3511 3520">
     <span class='ocr_line' id='line_1_96' title="bbox 1923 3447 3511 3520; baseline 0.003 -18"><span class='ocrx_word' id='word_1_724' title='bbox 1923 3455 2033 3502; x_wconf 89' lang='lat' dir='ltr'><strong>tum</strong></span> <span class='ocrx_word' id='word_1_725' title='bbox 2059 3489 2074 3514; x_wconf 92' lang='lat'><strong>,</strong></span> <span class='ocrx_word' id='word_1_726' title='bbox 2106 3447 2312 3504; x_wconf 80' lang='lat' dir='ltr'><strong>fuscum</strong></span> <span class='ocrx_word' id='word_1_727' title='bbox 2335 3488 2350 3514; x_wconf 95' lang='lat'><strong>,</strong></span> <span class='ocrx_word' id='word_1_728' title='bbox 2374 3449 2712 3519; x_wconf 85' lang='lat' dir='ltr'><strong>aspernabile</strong></span> <span class='ocrx_word' id='word_1_729' title='bbox 2761 3465 3016 3520; x_wconf 89' lang='lat' dir='ltr'><strong>prorsus;</strong></span> <span class='ocrx_word' id='word_1_730' title='bbox 3047 3461 3103 3505; x_wconf 90' lang='lat' dir='ltr'><strong>ut</strong></span> <span class='ocrx_word' id='word_1_731' title='bbox 3127 3451 3198 3505; x_wconf 84' lang='lat' dir='ltr'><strong>ibi</strong></span> <span class='ocrx_word' id='word_1_732' title='bbox 3227 3451 3511 3520; x_wconf 86' lang='lat' dir='ltr'><strong>impleatur</strong></span> 
     </span>
    </p>
   </div>
   <div class='ocr_carea' id='block_1_97' title="bbox 1923 3533 3512 3612">
    <p class='ocr_par' dir='ltr' id='par_1_97' title="bbox 1923 3533 3512 3612">
     <span class='ocr_line' id='line_1_97' title="bbox 1923 3533 3512 3612; baseline 0.003 -20"><span class='ocrx_word' id='word_1_733' title='bbox 1923 3537 2064 3609; x_wconf 89' lang='lat' dir='ltr'><strong>quod</strong></span> <span class='ocrx_word' id='word_1_734' title='bbox 2111 3537 2310 3594; x_wconf 86' lang='lat' dir='ltr'><strong>dictum</strong></span> <span class='ocrx_word' id='word_1_735' title='bbox 2356 3547 2480 3593; x_wconf 87' lang='lat' dir='ltr'><strong>est:</strong></span> <span class='ocrx_word' id='word_1_736' title='bbox 2517 3533 2745 3595; x_wconf 83' lang='lat' dir='ltr'><strong>Vidimus</strong></span> <span class='ocrx_word' id='word_1_737' title='bbox 2782 3554 2899 3594; x_wconf 86' lang='lat' dir='ltr'><strong>eum</strong></span> <span class='ocrx_word' id='word_1_738' title='bbox 2919 3582 2934 3604; x_wconf 87' lang='lat'><strong>,</strong></span> <span class='ocrx_word' id='word_1_739' title='bbox 2966 3549 3014 3594; x_wconf 77' lang='lat' dir='ltr'><strong>et</strong></span> <span class='ocrx_word' id='word_1_740' title='bbox 3039 3551 3140 3598; x_wconf 84' lang='lat' dir='ltr'><strong>non</strong></span> <span class='ocrx_word' id='word_1_741' title='bbox 3164 3540 3372 3595; x_wconf 77' lang='lat' dir='ltr'><strong>habebat</strong></span> <span class='ocrx_word' id='word_1_742' title='bbox 3394 3558 3512 3612; x_wconf 77' lang='lat' dir='ltr'><strong>spe-</strong></span> 
     </span>
    </p>
   </div>
   <div class='ocr_carea' id='block_1_98' title="bbox 1923 3629 3511 3704">
    <p class='ocr_par' dir='ltr' id='par_1_98' title="bbox 1923 3629 3511 3704">
     <span class='ocr_line' id='line_1_98' title="bbox 1923 3629 3511 3704; baseline 0.004 -20"><span class='ocrx_word' id='word_1_743' title='bbox 1923 3630 2051 3684; x_wconf 83' lang='lat' dir='ltr'><strong>ciem</strong></span> <span class='ocrx_word' id='word_1_744' title='bbox 2096 3646 2258 3700; x_wconf 81' lang='lat' dir='ltr'><strong>neque</strong></span> <span class='ocrx_word' id='word_1_745' title='bbox 2299 3629 2531 3685; x_wconf 78' lang='lat' dir='ltr'><strong>decorem</strong></span> <span class='ocrx_word' id='word_1_746' title='bbox 2560 3629 2712 3703; x_wconf 83' lang='lat' dir='ltr'><strong>(lsai.</strong></span> <span class='ocrx_word' id='word_1_747' title='bbox 2740 3647 2827 3691; x_wconf 77' lang='lat' dir='ltr'><strong>tan</strong></span> <span class='ocrx_word' id='word_1_748' title='bbox 2852 3671 2868 3698; x_wconf 89' lang='lat'><strong>,</strong></span> <span class='ocrx_word' id='word_1_749' title='bbox 2900 3631 2980 3704; x_wconf 72' lang='lat'><strong>2).</strong></span> <span class='ocrx_word' id='word_1_750' title='bbox 3001 3633 3182 3703; x_wconf 80' lang='lat' dir='ltr'><strong>Aquas</strong></span> <span class='ocrx_word' id='word_1_751' title='bbox 3217 3643 3394 3690; x_wconf 87' lang='lat' dir='ltr'><strong>autem</strong></span> <span class='ocrx_word' id='word_1_752' title='bbox 3424 3635 3511 3690; x_wconf 85' lang='lat' dir='ltr'><strong>in—</strong></span> 
     </span>
    </p>
   </div>
   <div class='ocr_carea' id='block_1_99' title="bbox 1926 3721 3512 3794">
    <p class='ocr_par' dir='ltr' id='par_1_99' title="bbox 1926 3721 3512 3794">
     <span class='ocr_line' id='line_1_99' title="bbox 1926 3721 3512 3794; baseline 0.003 -18"><span class='ocrx_word' id='word_1_753' title='bbox 1926 3731 2096 3777; x_wconf 86' lang='lat' dir='ltr'><strong>trasse</strong></span> <span class='ocrx_word' id='word_1_754' title='bbox 2121 3733 2288 3792; x_wconf 85' lang='lat' dir='ltr'><strong>usque</strong></span> <span class='ocrx_word' id='word_1_755' title='bbox 2313 3721 2381 3777; x_wconf 84' lang='lat' dir='ltr'><strong>ad</strong></span> <span class='ocrx_word' id='word_1_756' title='bbox 2424 3722 2658 3780; x_wconf 89' lang='lat' dir='ltr'><strong>animam</strong></span> <span class='ocrx_word' id='word_1_757' title='bbox 2695 3737 2847 3778; x_wconf 90' lang='lat' dir='ltr'><strong>suam</strong></span> <span class='ocrx_word' id='word_1_758' title='bbox 2877 3723 3034 3789; x_wconf 88' lang='lat' dir='ltr'><strong>dicit;</strong></span> <span class='ocrx_word' id='word_1_759' title='bbox 3061 3724 3185 3794; x_wconf 87' lang='lat' dir='ltr'><strong>quia</strong></span> <span class='ocrx_word' id='word_1_760' title='bbox 3223 3733 3512 3793; x_wconf 88' lang='lat' dir='ltr'><strong>potuerunt</strong></span> 
     </span>
    </p>
   </div>
   <div class='ocr_carea' id='block_1_100' title="bbox 1925 3812 3510 3885">
    <p class='ocr_par' dir='ltr' id='par_1_100' title="bbox 1925 3812 3510 3885">
     <span class='ocr_line' id='line_1_100' title="bbox 1925 3812 3510 3885; baseline 0.002 -16"><span class='ocrx_word' id='word_1_761' title='bbox 1925 3812 2031 3869; x_wconf 74' lang='lat' dir='ltr'><strong>illa:</strong></span> <span class='ocrx_word' id='word_1_762' title='bbox 2057 3812 2226 3867; x_wconf 64' lang='lat' dir='ltr'><strong>turbae</strong></span> <span class='ocrx_word' id='word_1_763' title='bbox 2249 3855 2265 3879; x_wconf 91' lang='lat'><strong>,</strong></span> <span class='ocrx_word' id='word_1_764' title='bbox 2292 3827 2425 3883; x_wconf 89' lang='lat' dir='ltr'><strong>quas</strong></span> <span class='ocrx_word' id='word_1_765' title='bbox 2462 3825 2718 3884; x_wconf 83' lang='lat' dir='ltr'><strong>aquarum</strong></span> <span class='ocrx_word' id='word_1_766' title='bbox 2769 3813 2983 3869; x_wconf 90' lang='lat' dir='ltr'><strong>nomine</strong></span> <span class='ocrx_word' id='word_1_767' title='bbox 3027 3813 3370 3885; x_wconf 75' lang='lat' dir='ltr'><strong>signiﬁcavit,</strong></span> <span class='ocrx_word' id='word_1_768' title='bbox 3403 3815 3510 3872; x_wconf 87' lang='lat' dir='ltr'><strong>huc</strong></span> 
     </span>
    </p>
   </div>
   <div class='ocr_carea' id='block_1_101' title="bbox 1928 3904 3509 3975">
    <p class='ocr_par' dir='ltr' id='par_1_101' title="bbox 1928 3904 3509 3975">
     <span class='ocr_line' id='line_1_101' title="bbox 1928 3904 3509 3975; baseline 0.001 -15"><span class='ocrx_word' id='word_1_769' title='bbox 1928 3920 2094 3975; x_wconf 86' lang='lat' dir='ltr'><strong>usque</strong></span> <span class='ocrx_word' id='word_1_770' title='bbox 2121 3906 2408 3974; x_wconf 72' lang='lat' dir='ltr'><strong>przevalere</strong></span> <span class='ocrx_word' id='word_1_771' title='bbox 2425 3946 2441 3972; x_wconf 90' lang='lat'><strong>,</strong></span> <span class='ocrx_word' id='word_1_772' title='bbox 2469 3913 2528 3960; x_wconf 91' lang='lat' dir='ltr'><strong>ut</strong></span> <span class='ocrx_word' id='word_1_773' title='bbox 2553 3904 2860 3962; x_wconf 86' lang='lat' dir='ltr'><strong>occiderent</strong></span> <span class='ocrx_word' id='word_1_774' title='bbox 2881 3905 3170 3962; x_wconf 86' lang='lat' dir='ltr'><strong>Christum.</strong></span> <span class='ocrx_word' id='word_1_775' title='bbox 3201 3905 3509 3972; x_wconf 67' lang='lat' dir='ltr'><strong>Praevalue-</strong></span> 
     </span>
    </p>
   </div>
   <div class='ocr_carea' id='block_1_102' title="bbox 1927 3995 3504 4068">
    <p class='ocr_par' dir='ltr' id='par_1_102' title="bbox 1927 3995 3504 4068">
     <span class='ocr_line' id='line_1_102' title="bbox 1927 3995 3504 4068; baseline 0.004 -19"><span class='ocrx_word' id='word_1_776' title='bbox 1927 4005 2054 4050; x_wconf 88' lang='lat' dir='ltr'><strong>runt</strong></span> <span class='ocrx_word' id='word_1_777' title='bbox 2083 3995 2149 4050; x_wconf 92' lang='lat' dir='ltr'><strong>ad</strong></span> <span class='ocrx_word' id='word_1_778' title='bbox 2179 3996 2649 4059; x_wconf 84' lang='lat' dir='ltr'><strong>contemnendum.</strong></span> <span class='ocrx_word' id='word_1_779' title='bbox 2673 3997 2742 4052; x_wconf 91' lang='lat' dir='ltr'><strong>ad</strong></span> <span class='ocrx_word' id='word_1_780' title='bbox 2770 3997 3077 4064; x_wconf 73' lang='lat' dir='ltr'><strong>tenendum,</strong></span> <span class='ocrx_word' id='word_1_781' title='bbox 3105 3997 3172 4052; x_wconf 89' lang='lat' dir='ltr'><strong>ad</strong></span> <span class='ocrx_word' id='word_1_782' title='bbox 3215 3998 3504 4068; x_wconf 85' lang='lat' dir='ltr'><strong>ligandum,</strong></span> 
     </span>
    </p>
   </div>
   <div class='ocr_carea' id='block_1_103' title="bbox 1927 4087 3507 4160">
    <p class='ocr_par' dir='ltr' id='par_1_103' title="bbox 1927 4087 3507 4160">
     <span class='ocr_line' id='line_1_103' title="bbox 1927 4087 3507 4160; baseline 0.003 -18"><span class='ocrx_word' id='word_1_783' title='bbox 1927 4087 1995 4144; x_wconf 84' lang='lat' dir='ltr'><strong>ad</strong></span> <span class='ocrx_word' id='word_1_784' title='bbox 2016 4088 2395 4153; x_wconf 77' lang='lat' dir='ltr'><strong>insultantium,</strong></span> <span class='ocrx_word' id='word_1_785' title='bbox 2419 4088 2486 4142; x_wconf 91' lang='lat' dir='ltr'><strong>ad</strong></span> <span class='ocrx_word' id='word_1_786' title='bbox 2513 4088 2972 4157; x_wconf 78' lang='lat' dir='ltr'><strong>colaphisandum,</strong></span> <span class='ocrx_word' id='word_1_787' title='bbox 2994 4089 3061 4144; x_wconf 85' lang='lat' dir='ltr'><strong>ad</strong></span> <span class='ocrx_word' id='word_1_788' title='bbox 3087 4092 3507 4160; x_wconf 87' lang='lat' dir='ltr'><strong>conspuendum.</strong></span> 
     </span>
    </p>
   </div>
   <div class='ocr_carea' id='block_1_104' title="bbox 1928 4179 3514 4251">
    <p class='ocr_par' dir='ltr' id='par_1_104' title="bbox 1928 4179 3514 4251">
     <span class='ocr_line' id='line_1_104' title="bbox 1928 4179 3514 4251; baseline 0.002 -17"><span class='ocrx_word' id='word_1_789' title='bbox 1928 4179 2119 4234; x_wconf 80' lang='lat' dir='ltr'><strong>Adhuc</strong></span> <span class='ocrx_word' id='word_1_790' title='bbox 2163 4180 2479 4249; x_wconf 80' lang='lat' dir='ltr'><strong>quousque?</strong></span> <span class='ocrx_word' id='word_1_791' title='bbox 2527 4179 2708 4248; x_wconf 88' lang='lat' dir='ltr'><strong>Usque</strong></span> <span class='ocrx_word' id='word_1_792' title='bbox 2741 4179 2808 4234; x_wconf 84' lang='lat' dir='ltr'><strong>ad</strong></span> <span class='ocrx_word' id='word_1_793' title='bbox 2856 4190 3100 4235; x_wconf 85' lang='lat' dir='ltr'><strong>mortem.</strong></span> <span class='ocrx_word' id='word_1_794' title='bbox 3153 4182 3292 4251; x_wconf 85' lang='lat' dir='ltr'><strong>Ergo</strong></span> <span class='ocrx_word' id='word_1_795' title='bbox 3352 4183 3514 4237; x_wconf 88' lang='lat' dir='ltr'><strong>intro-</strong></span> 
     </span>
    </p>
   </div>
   <div class='ocr_carea' id='block_1_105' title="bbox 1927 4271 3515 4343">
    <p class='ocr_par' dir='ltr' id='par_1_105' title="bbox 1927 4271 3515 4343">
     <span class='ocr_line' id='line_1_105' title="bbox 1927 4271 3515 4343; baseline -0.004 -17"><span class='ocrx_word' id='word_1_796' title='bbox 1927 4272 2090 4326; x_wconf 83' lang='lat' dir='ltr'><strong>ierunt</strong></span> <span class='ocrx_word' id='word_1_797' title='bbox 2112 4287 2259 4339; x_wconf 66' lang='lat' dir='ltr'><strong>aqua!</strong></span> <span class='ocrx_word' id='word_1_798' title='bbox 2298 4286 2455 4341; x_wconf 81' lang='lat' dir='ltr'><strong>usque</strong></span> <span class='ocrx_word' id='word_1_799' title='bbox 2479 4271 2548 4324; x_wconf 77' lang='lat' dir='ltr'><strong>ad</strong></span> <span class='ocrx_word' id='word_1_800' title='bbox 2593 4273 2813 4325; x_wconf 86' lang='lat' dir='ltr'><strong>animam</strong></span> <span class='ocrx_word' id='word_1_801' title='bbox 2834 4287 3014 4324; x_wconf 81' lang='lat' dir='ltr'><strong>meum.</strong></span> <span class='ocrx_word' id='word_1_802' title='bbox 3043 4272 3188 4328; x_wconf 86' lang='lat' dir='ltr'><strong>Hanc</strong></span> <span class='ocrx_word' id='word_1_803' title='bbox 3213 4275 3409 4343; x_wconf 89' lang='lat' dir='ltr'><strong>quippe</strong></span> <span class='ocrx_word' id='word_1_804' title='bbox 3435 4276 3515 4330; x_wconf 84' lang='lat' dir='ltr'><strong>vi-</strong></span> 
     </span>
    </p>
   </div>
   <div class='ocr_carea' id='block_1_106' title="bbox 1929 4361 3509 4433">
    <p class='ocr_par' dir='ltr' id='par_1_106' title="bbox 1929 4361 3509 4433">
     <span class='ocr_line' id='line_1_106' title="bbox 1929 4361 3509 4433; baseline 0.002 -16"><span class='ocrx_word' id='word_1_805' title='bbox 1929 4367 2037 4417; x_wconf 85' lang='lat' dir='ltr'><strong>tam</strong></span> <span class='ocrx_word' id='word_1_806' title='bbox 2057 4361 2191 4417; x_wconf 80' lang='lat' dir='ltr'><strong>dixit</strong></span> <span class='ocrx_word' id='word_1_807' title='bbox 2225 4362 2456 4416; x_wconf 85' lang='lat' dir='ltr'><strong>animam</strong></span> <span class='ocrx_word' id='word_1_808' title='bbox 2487 4376 2637 4415; x_wconf 77' lang='lat' dir='ltr'><strong>suam</strong></span> <span class='ocrx_word' id='word_1_809' title='bbox 2656 4402 2672 4427; x_wconf 91' lang='lat'><strong>,</strong></span> <span class='ocrx_word' id='word_1_810' title='bbox 2703 4373 2982 4433; x_wconf 87' lang='lat' dir='ltr'><strong>quousque</strong></span> <span class='ocrx_word' id='word_1_811' title='bbox 3011 4363 3082 4417; x_wconf 89' lang='lat' dir='ltr'><strong>illi</strong></span> <span class='ocrx_word' id='word_1_812' title='bbox 3127 4364 3386 4420; x_wconf 89' lang='lat' dir='ltr'><strong>accedere</strong></span> <span class='ocrx_word' id='word_1_813' title='bbox 3406 4380 3509 4420; x_wconf 63' lang='lat' dir='ltr'><strong>saa-</strong></span> 
     </span>
    </p>
   </div>
   <div class='ocr_carea' id='block_1_107' title="bbox 1927 4451 3512 4523">
    <p class='ocr_par' dir='ltr' id='par_1_107' title="bbox 1927 4451 3512 4523">
     <span class='ocr_line' id='line_1_107' title="bbox 1927 4451 3512 4523; baseline 0.002 -15"><span class='ocrx_word' id='word_1_814' title='bbox 1927 4453 2122 4509; x_wconf 83' lang='lat' dir='ltr'><strong>viendo</strong></span> <span class='ocrx_word' id='word_1_815' title='bbox 2147 4451 2588 4523; x_wconf 88' lang='lat' dir='ltr'><strong>potuerunt..Sed</strong></span> <span class='ocrx_word' id='word_1_816' title='bbox 2616 4453 2870 4521; x_wconf 90' lang='lat' dir='ltr'><strong>numquid</strong></span> <span class='ocrx_word' id='word_1_817' title='bbox 2899 4453 3001 4509; x_wconf 91' lang='lat' dir='ltr'><strong>hoc</strong></span> <span class='ocrx_word' id='word_1_818' title='bbox 3042 4462 3280 4523; x_wconf 87' lang='lat' dir='ltr'><strong>possent,</strong></span> <span class='ocrx_word' id='word_1_819' title='bbox 3309 4455 3410 4511; x_wconf 88' lang='lat' dir='ltr'><strong>nisi</strong></span> <span class='ocrx_word' id='word_1_820' title='bbox 3439 4457 3512 4512; x_wconf 87' lang='lat' dir='ltr'><strong>ab</strong></span> 
     </span>
    </p>
   </div>
   <div class='ocr_carea' id='block_1_108' title="bbox 1931 4543 3507 4618">
    <p class='ocr_par' dir='ltr' id='par_1_108' title="bbox 1931 4543 3507 4618">
     <span class='ocr_line' id='line_1_108' title="bbox 1931 4543 3507 4618; baseline 0.003 -19"><span class='ocrx_word' id='word_1_821' title='bbox 1931 4543 2048 4615; x_wconf 86' lang='lat' dir='ltr'><strong>ipso</strong></span> <span class='ocrx_word' id='word_1_822' title='bbox 2079 4543 2532 4615; x_wconf 77' lang='lat' dir='ltr'><strong>permitterentur?</strong></span> <span class='ocrx_word' id='word_1_823' title='bbox 2558 4543 2715 4600; x_wconf 88' lang='lat' dir='ltr'><strong>Unde</strong></span> <span class='ocrx_word' id='word_1_824' title='bbox 2760 4559 2889 4614; x_wconf 85' lang='lat' dir='ltr'><strong>ergo</strong></span> <span class='ocrx_word' id='word_1_825' title='bbox 2918 4554 3165 4615; x_wconf 89' lang='lat' dir='ltr'><strong>tanquam</strong></span> <span class='ocrx_word' id='word_1_826' title='bbox 3189 4546 3388 4618; x_wconf 87' lang='lat' dir='ltr'><strong>aliquid</strong></span> <span class='ocrx_word' id='word_1_827' title='bbox 3418 4547 3507 4604; x_wconf 90' lang='lat' dir='ltr'><strong>in-</strong></span> 
     </span>
    </p>
   </div>
   <div class='ocr_carea' id='block_1_109' title="bbox 1930 4635 3513 4707">
    <p class='ocr_par' dir='ltr' id='par_1_109' title="bbox 1930 4635 3513 4707">
     <span class='ocr_line' id='line_1_109' title="bbox 1930 4635 3513 4707; baseline 0.004 -17"><span class='ocrx_word' id='word_1_828' title='bbox 1930 4636 2072 4690; x_wconf 87' lang='lat' dir='ltr'><strong>vitus</strong></span> <span class='ocrx_word' id='word_1_829' title='bbox 2100 4635 2328 4705; x_wconf 83' lang='lat' dir='ltr'><strong>patiatur</strong></span> <span class='ocrx_word' id='word_1_830' title='bbox 2371 4635 2451 4691; x_wconf 87' lang='lat' dir='ltr'><strong>sic</strong></span> <span class='ocrx_word' id='word_1_831' title='bbox 2499 4635 2728 4700; x_wconf 84' lang='lat' dir='ltr'><strong>clamat,</strong></span> <span class='ocrx_word' id='word_1_832' title='bbox 2762 4636 2862 4690; x_wconf 88' lang='lat' dir='ltr'><strong>nisi</strong></span> <span class='ocrx_word' id='word_1_833' title='bbox 2906 4636 3029 4706; x_wconf 89' lang='lat' dir='ltr'><strong>quia</strong></span> <span class='ocrx_word' id='word_1_834' title='bbox 3073 4646 3232 4707; x_wconf 88' lang='lat' dir='ltr'><strong>caput</strong></span> <span class='ocrx_word' id='word_1_835' title='bbox 3273 4639 3513 4696; x_wconf 80' lang='lat' dir='ltr'><strong>membra</strong></span> 
     </span>
    </p>
   </div>
   <div class='ocr_carea' id='block_1_110' title="bbox 1931 4725 3512 4798">
    <p class='ocr_par' dir='ltr' id='par_1_110' title="bbox 1931 4725 3512 4798">
     <span class='ocr_line' id='line_1_110' title="bbox 1931 4725 3512 4798; baseline 0.004 -18"><span class='ocrx_word' id='word_1_836' title='bbox 1931 4740 2026 4780; x_wconf 89' lang='lat' dir='ltr'><strong>sua</strong></span> <span class='ocrx_word' id='word_1_837' title='bbox 2069 4725 2414 4796; x_wconf 73' lang='lat' dir='ltr'><strong>przeilgurat‘!</strong></span> <span class='ocrx_word' id='word_1_838' title='bbox 2455 4725 2651 4781; x_wconf 84' lang='lat' dir='ltr'><strong>Passus</strong></span> <span class='ocrx_word' id='word_1_839' title='bbox 2684 4735 2768 4782; x_wconf 87' lang='lat' dir='ltr'><strong>est</strong></span> <span class='ocrx_word' id='word_1_840' title='bbox 2794 4726 2990 4796; x_wconf 85' lang='lat' dir='ltr'><strong>quippe</strong></span> <span class='ocrx_word' id='word_1_841' title='bbox 3013 4727 3124 4793; x_wconf 91' lang='lat' dir='ltr'><strong>ille,</strong></span> <span class='ocrx_word' id='word_1_842' title='bbox 3157 4728 3279 4798; x_wconf 87' lang='lat' dir='ltr'><strong>quia</strong></span> <span class='ocrx_word' id='word_1_843' title='bbox 3307 4730 3512 4797; x_wconf 85' lang='lat' dir='ltr'><strong>voluit;</strong></span> 
     </span>
    </p>
   </div>
   <div class='ocr_carea' id='block_1_111' title="bbox 1932 4815 3516 4890">
    <p class='ocr_par' dir='ltr' id='par_1_111' title="bbox 1932 4815 3516 4890">
     <span class='ocr_line' id='line_1_111' title="bbox 1932 4815 3516 4890; baseline 0.003 -18"><span class='ocrx_word' id='word_1_844' title='bbox 1932 4823 2199 4887; x_wconf 82' lang='lat' dir='ltr'><strong>martyres</strong></span> <span class='ocrx_word' id='word_1_845' title='bbox 2219 4830 2347 4870; x_wconf 87' lang='lat' dir='ltr'><strong>vero</strong></span> <span class='ocrx_word' id='word_1_846' title='bbox 2365 4855 2381 4880; x_wconf 90' lang='lat'><strong>,</strong></span> <span class='ocrx_word' id='word_1_847' title='bbox 2409 4816 2619 4870; x_wconf 90' lang='lat' dir='ltr'><strong>etiamsi</strong></span> <span class='ocrx_word' id='word_1_848' title='bbox 2664 4817 2966 4871; x_wconf 88' lang='lat' dir='ltr'><strong>noluerunt.</strong></span> <span class='ocrx_word' id='word_1_849' title='bbox 2994 4815 3156 4873; x_wconf 87' lang='lat' dir='ltr'><strong>Petro</strong></span> <span class='ocrx_word' id='word_1_850' title='bbox 3182 4833 3412 4890; x_wconf 86' lang='lat' dir='ltr'><strong>namque</strong></span> <span class='ocrx_word' id='word_1_851' title='bbox 3443 4821 3516 4875; x_wconf 88' lang='lat' dir='ltr'><strong>ita</strong></span> 
     </span>
    </p>
   </div>
   <div class='ocr_carea' id='block_1_112' title="bbox 1933 4903 3513 4980">
    <p class='ocr_par' dir='ltr' id='par_1_112' title="bbox 1933 4903 3513 4980">
     <span class='ocr_line' id='line_1_112' title="bbox 1933 4903 3513 4980; baseline 0.003 -20"><span class='ocrx_word' id='word_1_852' title='bbox 1933 4905 2180 4975; x_wconf 68' lang='lat' dir='ltr'><strong>praedixit</strong></span> <span class='ocrx_word' id='word_1_853' title='bbox 2233 4906 2534 4974; x_wconf 90' lang='lat' dir='ltr'><strong>passionem</strong></span> <span class='ocrx_word' id='word_1_854' title='bbox 2582 4915 2734 4960; x_wconf 88' lang='lat' dir='ltr'><strong>suam</strong></span> <span class='ocrx_word' id='word_1_855' title='bbox 2781 4921 2794 4957; x_wconf 91' lang='lat'><strong>:</strong></span> <span class='ocrx_word' id='word_1_856' title='bbox 2837 4903 2968 4960; x_wconf 84' lang='lat' dir='ltr'><strong>Cum</strong></span> <span class='ocrx_word' id='word_1_857' title='bbox 3015 4908 3278 4974; x_wconf 80' lang='lat' dir='ltr'><strong>senueris,</strong></span> <span class='ocrx_word' id='word_1_858' title='bbox 3307 4908 3513 4980; x_wconf 80' lang='lat' dir='ltr'><strong>inquit,</strong></span> 
     </span>
    </p>
   </div>
   <div class='ocr_carea' id='block_1_113' title="bbox 1933 4995 3510 5068">
    <p class='ocr_par' dir='ltr' id='par_1_113' title="bbox 1933 4995 3510 5068">
     <span class='ocr_line' id='line_1_113' title="bbox 1933 4995 3510 5068; baseline 0.004 -20"><span class='ocrx_word' id='word_1_859' title='bbox 1933 4997 2066 5050; x_wconf 85' lang='lat' dir='ltr'><strong>alius</strong></span> <span class='ocrx_word' id='word_1_860' title='bbox 2093 5005 2140 5050; x_wconf 85' lang='lat' dir='ltr'><strong>te</strong></span> <span class='ocrx_word' id='word_1_861' title='bbox 2167 4995 2456 5066; x_wconf 67' lang='lat' dir='ltr'><strong>pratcinget,</strong></span> <span class='ocrx_word' id='word_1_862' title='bbox 2485 5003 2533 5050; x_wconf 80' lang='lat' dir='ltr'><strong>et</strong></span> <span class='ocrx_word' id='word_1_863' title='bbox 2575 4997 2700 5066; x_wconf 79' lang='lat' dir='ltr'><strong>feret</strong></span> <span class='ocrx_word' id='word_1_864' title='bbox 2735 5010 2833 5064; x_wconf 86' lang='lat' dir='ltr'><strong>quo</strong></span> <span class='ocrx_word' id='word_1_865' title='bbox 2854 5003 2910 5049; x_wconf 83' lang='lat' dir='ltr'><strong>tu</strong></span> <span class='ocrx_word' id='word_1_866' title='bbox 2933 5012 3035 5050; x_wconf 83' lang='lat' dir='ltr'><strong>non</strong></span> <span class='ocrx_word' id='word_1_867' title='bbox 3067 4998 3141 5052; x_wconf 75' lang='lat' dir='ltr'><strong>vis</strong></span> <span class='ocrx_word' id='word_1_868' title='bbox 3166 4997 3346 5068; x_wconf 79' lang='lat' dir='ltr'><strong>(Joan.</strong></span> <span class='ocrx_word' id='word_1_869' title='bbox 3377 5015 3470 5055; x_wconf 74' lang='lat' dir='ltr'><strong>ut</strong></span> <span class='ocrx_word' id='word_1_870' title='bbox 3494 5043 3510 5066; x_wconf 92' lang='lat'><strong>,</strong></span> 
     </span>
    </p>
   </div>
   <div class='ocr_carea' id='block_1_114' title="bbox 1934 5081 3513 5158">
    <p class='ocr_par' dir='ltr' id='par_1_114' title="bbox 1934 5081 3513 5158">
     <span class='ocr_line' id='line_1_114' title="bbox 1934 5081 3513 5158; baseline 0 -16"><span class='ocrx_word' id='word_1_871' title='bbox 1934 5085 2050 5155; x_wconf 83' lang='grc'><strong>18).</strong></span> <span class='ocrx_word' id='word_1_872' title='bbox 2094 5085 2405 5155; x_wconf 84' lang='lat' dir='ltr'><strong>Quanquam</strong></span> <span class='ocrx_word' id='word_1_873' title='bbox 2452 5081 2594 5140; x_wconf 82' lang='lat' dir='ltr'><strong>enim</strong></span> <span class='ocrx_word' id='word_1_874' title='bbox 2622 5083 2836 5140; x_wconf 88' lang='lat' dir='ltr'><strong>Christo</strong></span> <span class='ocrx_word' id='word_1_875' title='bbox 2885 5085 3149 5144; x_wconf 71' lang='lat' dir='ltr'><strong>inhmrere</strong></span> <span class='ocrx_word' id='word_1_876' title='bbox 3191 5089 3469 5158; x_wconf 82' lang='lat' dir='ltr'><strong>cupiatmts</strong></span> <span class='ocrx_word' id='word_1_877' title='bbox 3494 5131 3513 5155; x_wconf 86' lang='lat'><strong>,</strong></span> 
     </span>
    </p>
   </div>
   <div class='ocr_carea' id='block_1_115' title="bbox 1934 5174 3563 5252">
    <p class='ocr_par' dir='ltr' id='par_1_115' title="bbox 1934 5174 3563 5252">
     <span class='ocr_line' id='line_1_115' title="bbox 1934 5174 3563 5252; baseline 0.001 -21"><span class='ocrx_word' id='word_1_878' title='bbox 1934 5176 2072 5232; x_wconf 90' lang='lat' dir='ltr'><strong>mori</strong></span> <span class='ocrx_word' id='word_1_879' title='bbox 2100 5185 2274 5231; x_wconf 87' lang='lat' dir='ltr'><strong>tamen</strong></span> <span class='ocrx_word' id='word_1_880' title='bbox 2303 5175 2586 5241; x_wconf 85' lang='lat' dir='ltr'><strong>nolumus;</strong></span> <span class='ocrx_word' id='word_1_881' title='bbox 2613 5184 2669 5230; x_wconf 87' lang='lat' dir='ltr'><strong>et</strong></span> <span class='ocrx_word' id='word_1_882' title='bbox 2694 5174 2815 5231; x_wconf 89' lang='lat' dir='ltr'><strong>ideo</strong></span> <span class='ocrx_word' id='word_1_883' title='bbox 2837 5176 3084 5245; x_wconf 86' lang='lat' dir='ltr'><strong>libenter,</strong></span> <span class='ocrx_word' id='word_1_884' title='bbox 3114 5177 3198 5232; x_wconf 87' lang='lat' dir='ltr'><strong>vel</strong></span> <span class='ocrx_word' id='word_1_885' title='bbox 3225 5178 3397 5246; x_wconf 84' lang='lat' dir='ltr'><strong>potius</strong></span> <span class='ocrx_word' id='word_1_886' title='bbox 3418 5194 3513 5248; x_wconf 85' lang='lat' dir='ltr'><strong>pa-</strong></span> <span class='ocrx_word' id='word_1_887' title='bbox 3554 5240 3563 5252; x_wconf 45' lang='grc'><em>,</em></span> 
     </span>
    </p>
   </div>
   <div class='ocr_carea' id='block_1_116' title="bbox 1934 5267 3513 5339">
    <p class='ocr_par' dir='ltr' id='par_1_116' title="bbox 1934 5267 3513 5339">
     <span class='ocr_line' id='line_1_116' title="bbox 1934 5267 3513 5339; baseline 0.003 -17"><span class='ocrx_word' id='word_1_888' title='bbox 1934 5267 2126 5322; x_wconf 90' lang='lat' dir='ltr'><strong>tienter</strong></span> <span class='ocrx_word' id='word_1_889' title='bbox 2166 5268 2415 5336; x_wconf 87' lang='lat' dir='ltr'><strong>patimur,</strong></span> <span class='ocrx_word' id='word_1_890' title='bbox 2443 5267 2566 5335; x_wconf 90' lang='lat' dir='ltr'><strong>quia</strong></span> <span class='ocrx_word' id='word_1_891' title='bbox 2591 5267 2726 5322; x_wconf 89' lang='lat' dir='ltr'><strong>alius</strong></span> <span class='ocrx_word' id='word_1_892' title='bbox 2770 5267 3026 5323; x_wconf 86' lang='lat' dir='ltr'><strong>transitus</strong></span> <span class='ocrx_word' id='word_1_893' title='bbox 3063 5283 3168 5323; x_wconf 90' lang='lat' dir='ltr'><strong>non</strong></span> <span class='ocrx_word' id='word_1_894' title='bbox 3206 5267 3382 5334; x_wconf 88' lang='lat' dir='ltr'><strong>datur,</strong></span> <span class='ocrx_word' id='word_1_895' title='bbox 3414 5280 3513 5339; x_wconf 87' lang='lat' dir='ltr'><strong>per</strong></span> 
     </span>
    </p>
   </div>
   <div class='ocr_carea' id='block_1_117' title="bbox 1933 5356 3514 5428">
    <p class='ocr_par' dir='ltr' id='par_1_117' title="bbox 1933 5356 3514 5428">
     <span class='ocr_line' id='line_1_117' title="bbox 1933 5356 3514 5428; baseline 0.004 -16"><span class='ocrx_word' id='word_1_896' title='bbox 1933 5369 2092 5428; x_wconf 90' lang='lat' dir='ltr'><strong>quem</strong></span> <span class='ocrx_word' id='word_1_897' title='bbox 2120 5357 2334 5414; x_wconf 89' lang='lat' dir='ltr'><strong>Christo</strong></span> <span class='ocrx_word' id='word_1_898' title='bbox 2372 5356 2756 5414; x_wconf 66' lang='lat' dir='ltr'><strong>cohmreamus.</strong></span> <span class='ocrx_word' id='word_1_899' title='bbox 2797 5356 2932 5412; x_wconf 86' lang='lat' dir='ltr'><strong>Nam</strong></span> <span class='ocrx_word' id='word_1_900' title='bbox 2974 5357 3020 5412; x_wconf 90' lang='lat' dir='ltr'><strong>si</strong></span> <span class='ocrx_word' id='word_1_901' title='bbox 3056 5371 3336 5427; x_wconf 87' lang='lat' dir='ltr'><strong>possemus</strong></span> <span class='ocrx_word' id='word_1_902' title='bbox 3358 5361 3514 5418; x_wconf 83' lang='lat' dir='ltr'><strong>aliter</strong></span> 
     </span>
    </p>
   </div>
   <div class='ocr_carea' id='block_1_118' title="bbox 2001 5552 3386 5617">
    <p class='ocr_par' dir='ltr' id='par_1_118' title="bbox 2001 5552 3386 5617">
     <span class='ocr_line' id='line_1_118' title="bbox 2001 5552 3386 5617; baseline 0.002 -15"><span class='ocrx_word' id='word_1_903' title='bbox 2001 5554 2021 5586; x_wconf 81' lang='grc' dir='ltr'><strong>ι</strong></span> <span class='ocrx_word' id='word_1_904' title='bbox 2055 5559 2131 5617; x_wconf 64' lang='lat' dir='ltr'><strong>er.</strong></span> <span class='ocrx_word' id='word_1_905' title='bbox 2159 5559 2211 5602; x_wconf 88' lang='lat' dir='ltr'><strong>et</strong></span> <span class='ocrx_word' id='word_1_906' title='bbox 2231 5553 2329 5617; x_wconf 88' lang='lat' dir='ltr'><strong>duo</strong></span> <span class='ocrx_word' id='word_1_907' title='bbox 2348 5559 2477 5615; x_wconf 68' lang='lat' dir='ltr'><strong>Mss,</strong></span> <span class='ocrx_word' id='word_1_908' title='bbox 2513 5559 2834 5617; x_wconf 72' lang='lat' dir='ltr'><strong>contemptura</strong></span> <span class='ocrx_word' id='word_1_909' title='bbox 2867 5552 3066 5617; x_wconf 77' lang='lat' dir='ltr'><strong>mundo.</strong></span> <span class='ocrx_word' id='word_1_910' title='bbox 3101 5552 3247 5617; x_wconf 71' lang='lat' dir='ltr'><strong>raqu</strong></span> <span class='ocrx_word' id='word_1_911' title='bbox 3273 5563 3386 5615; x_wconf 86' lang='lat' dir='ltr'><strong>post</strong></span> 
     </span>
    </p>
   </div>
   <div class='ocr_carea' id='block_1_119' title="bbox 1933 5614 3516 5678">
    <p class='ocr_par' dir='ltr' id='par_1_119' title="bbox 1933 5614 3516 5678">
     <span class='ocr_line' id='line_1_119' title="bbox 1933 5614 3516 5678; baseline 0.003 -14"><span class='ocrx_word' id='word_1_912' title='bbox 1933 5614 2168 5674; x_wconf 82' lang='lat' dir='ltr'><strong>obruitur,</strong></span> <span class='ocrx_word' id='word_1_913' title='bbox 2202 5616 2331 5678; x_wconf 89' lang='lat' dir='ltr'><strong>quod</strong></span> <span class='ocrx_word' id='word_1_914' title='bbox 2377 5623 2482 5678; x_wconf 77' lang='lat' dir='ltr'><strong>Mss.</strong></span> <span class='ocrx_word' id='word_1_915' title='bbox 2518 5614 2736 5678; x_wconf 72' lang='lat' dir='ltr'><strong>verbum</strong></span> <span class='ocrx_word' id='word_1_916' title='bbox 2760 5622 2856 5675; x_wconf 89' lang='lat' dir='ltr'><strong>est,</strong></span> <span class='ocrx_word' id='word_1_917' title='bbox 2895 5614 3006 5678; x_wconf 71' lang='lat' dir='ltr'><strong>sed.</strong></span> <span class='ocrx_word' id='word_1_918' title='bbox 3044 5614 3323 5678; x_wconf 63' lang='lat' dir='ltr'><strong>l&#39;trafferunt,</strong></span> <span class='ocrx_word' id='word_1_919' title='bbox 3345 5614 3516 5668; x_wconf 82' lang='lat' dir='ltr'><strong>.on&#39;tur</strong></span> 
     </span>
    </p>
   </div>
   <div class='ocr_carea' id='block_1_120' title="bbox 1933 5675 3515 5739">
    <p class='ocr_par' dir='ltr' id='par_1_120' title="bbox 1933 5675 3515 5739">
     <span class='ocr_line' id='line_1_120' title="bbox 1933 5675 3515 5739; baseline 0.001 -14"><span class='ocrx_word' id='word_1_920' title='bbox 1933 5679 2153 5739; x_wconf 80' lang='lat' dir='ltr'><strong>Denique</strong></span> <span class='ocrx_word' id='word_1_921' title='bbox 2176 5675 2352 5738; x_wconf 77' lang='lat' dir='ltr'><strong>Regius</strong></span> <span class='ocrx_word' id='word_1_922' title='bbox 2372 5677 2527 5726; x_wconf 81' lang='lat' dir='ltr'><strong>codex</strong></span> <span class='ocrx_word' id='word_1_923' title='bbox 2549 5677 2689 5726; x_wconf 74' lang='lat' dir='ltr'><strong>‘bunc</strong></span> <span class='ocrx_word' id='word_1_924' title='bbox 2723 5675 2887 5739; x_wconf 79' lang='lat' dir='ltr'><strong>locum</strong></span> <span class='ocrx_word' id='word_1_925' title='bbox 2917 5676 2988 5724; x_wconf 92' lang='lat' dir='ltr'><strong>sic</strong></span> <span class='ocrx_word' id='word_1_926' title='bbox 3011 5675 3214 5739; x_wconf 79' lang='lat' dir='ltr'><strong>exhibet</strong></span> <span class='ocrx_word' id='word_1_927' title='bbox 3243 5689 3273 5739; x_wconf 14' lang='lat'><strong>:7</strong></span> <span class='ocrx_word' id='word_1_928' title='bbox 3303 5686 3515 5732; x_wconf 78' lang='lat' dir='ltr'><strong>Granum</strong></span> 
     </span>
    </p>
   </div>
   <div class='ocr_carea' id='block_1_121' title="bbox 1930 5735 3518 5803">
    <p class='ocr_par' dir='ltr' id='par_1_121' title="bbox 1930 5735 3518 5803">
     <span class='ocr_line' id='line_1_121' title="bbox 1930 5735 3518 5803; baseline 0.004 -15"><span class='ocrx_word' id='word_1_929' title='bbox 1930 5737 2052 5803; x_wconf 75' lang='lat' dir='ltr'><strong>illud</strong></span> <span class='ocrx_word' id='word_1_930' title='bbox 2073 5735 2144 5788; x_wconf 67' lang='lat' dir='ltr'><strong>est</strong></span> <span class='ocrx_word' id='word_1_931' title='bbox 2159 5735 2491 5803; x_wconf 72' lang='lat' dir='ltr'><strong>contemptwn.</strong></span> <span class='ocrx_word' id='word_1_932' title='bbox 2507 5742 2645 5803; x_wconf 65' lang='lat' dir='ltr'><strong>nodo</strong></span> <span class='ocrx_word' id='word_1_933' title='bbox 2660 5736 2788 5802; x_wconf 75' lang='lat' dir='ltr'><strong>quod</strong></span> <span class='ocrx_word' id='word_1_934' title='bbox 3017 5735 3219 5803; x_wconf 78' lang='lat' dir='ltr'><strong>humiles</strong></span> <span class='ocrx_word' id='word_1_935' title='bbox 3241 5738 3361 5790; x_wconf 86' lang='lat' dir='ltr'><strong>dare</strong></span> <span class='ocrx_word' id='word_1_936' title='bbox 3381 5753 3518 5803; x_wconf 63' lang='lat' dir='ltr'><strong>uoces</strong></span> 
     </span>
    </p>
   </div>
   <div class='ocr_carea' id='block_1_122' title="bbox 1930 5797 3518 5865">
    <p class='ocr_par' dir='ltr' id='par_1_122' title="bbox 1930 5797 3518 5865">
     <span class='ocr_line' id='line_1_122' title="bbox 1930 5797 3518 5865; baseline 0.004 -15"><span class='ocrx_word' id='word_1_937' title='bbox 1930 5813 1982 5850; x_wconf 84' lang='lat' dir='ltr'><strong>tn</strong></span> <span class='ocrx_word' id='word_1_938' title='bbox 2003 5799 2139 5848; x_wconf 82' lang='lat' dir='ltr'><strong>horto</strong></span> <span class='ocrx_word' id='word_1_939' title='bbox 2174 5797 2410 5851; x_wconf 81' lang='lat' dir='ltr'><strong>obruitur.</strong></span> <span class='ocrx_word' id='word_1_940' title='bbox 2452 5798 2659 5852; x_wconf 72' lang='lat' dir='ltr'><strong>Miratur</strong></span> <span class='ocrx_word' id='word_1_941' title='bbox 2674 5797 2807 5849; x_wconf 66' lang='lat' dir='ltr'><strong>nunc</strong></span> <span class='ocrx_word' id='word_1_942' title='bbox 2823 5797 3032 5849; x_wconf 70' lang='lat' dir='ltr'><strong>nudatus</strong></span> <span class='ocrx_word' id='word_1_943' title='bbox 3061 5797 3207 5850; x_wconf 73' lang='lat' dir='ltr'><strong>oleris</strong></span> <span class='ocrx_word' id='word_1_944' title='bbox 3227 5800 3518 5865; x_wconf 52' lang='lat' dir='ltr'><strong>magnitudts</strong></span> 
     </span>
    </p>
   </div>
   <div class='ocr_carea' id='block_1_123' title="bbox 1930 5869 2179 5926">
    <p class='ocr_par' dir='ltr' id='par_1_123' title="bbox 1930 5869 2179 5926">
     <span class='ocr_line' id='line_1_123' title="bbox 1930 5869 2179 5926; baseline -0.012 -11"><span class='ocrx_word' id='word_1_945' title='bbox 1930 5875 2058 5926; x_wconf 76' lang='lat' dir='ltr'><strong>nem,</strong></span> <span class='ocrx_word' id='word_1_946' title='bbox 2085 5869 2179 5913; x_wconf 89' lang='lat' dir='ltr'><strong>etc.</strong></span> 
     </span>
    </p>
   </div>
   <div class='ocr_carea' id='block_1_124' title="bbox 2844 5906 3327 6028">
    <p class='ocr_par' dir='ltr' id='par_1_124' title="bbox 2844 5906 3327 6028">
     <span class='ocr_line' id='line_1_124' title="bbox 2844 5906 3327 6028; baseline 0.004 -20"><span class='ocrx_word' id='word_1_947' title='bbox 2844 5944 2884 6024; x_wconf 68' lang='grc' dir='ltr'><em>ί</em></span> <span class='ocrx_word' id='word_1_948' title='bbox 2899 5906 3327 6028; x_wconf 34' lang='lat' dir='ltr'><strong>“nats-septi)</strong></span> 
     </span>
    </p>
   </div>
  </div>
