  <div class='ocr_page' id='page_1' title='image "/cluster/home/n/w/nwhite01/storage/ocr_20150623/36/hvd.32044015471469/427.png"; bbox 0 0 4038 6492; ppageno 0'>
   <div class='ocr_carea' id='block_1_1' title="bbox 483 457 588 511">
    <p class='ocr_par' dir='ltr' id='par_1_1' title="bbox 483 457 588 511">
     <span class='ocr_line' id='line_1_1' title="bbox 483 457 588 511; baseline 0.01 -1"><span class='ocrx_word' id='word_1_1' title='bbox 483 457 588 511; x_wconf 66' lang='grc'>843</span> 
     </span>
    </p>
   </div>
   <div class='ocr_carea' id='block_1_2' title="bbox 483 568 2050 636">
    <p class='ocr_par' dir='ltr' id='par_1_2' title="bbox 483 568 2050 636">
     <span class='ocr_line' id='line_1_2' title="bbox 483 568 2050 636; baseline 0.002 -17"><span class='ocrx_word' id='word_1_2' title='bbox 483 568 758 636; x_wconf 80' lang='lat' dir='ltr'><strong>pervenire</strong></span> <span class='ocrx_word' id='word_1_3' title='bbox 799 569 865 623; x_wconf 90' lang='lat' dir='ltr'><strong>ad</strong></span> <span class='ocrx_word' id='word_1_4' title='bbox 912 568 1182 624; x_wconf 76' lang='lat' dir='ltr'><strong>Christum</strong></span> <span class='ocrx_word' id='word_1_5' title='bbox 1206 611 1221 636; x_wconf 94' lang='lat'><strong>,</strong></span> <span class='ocrx_word' id='word_1_6' title='bbox 1267 569 1318 624; x_wconf 87' lang='lat' dir='ltr'><strong>id</strong></span> <span class='ocrx_word' id='word_1_7' title='bbox 1351 579 1431 624; x_wconf 91' lang='lat' dir='ltr'><strong>est</strong></span> <span class='ocrx_word' id='word_1_8' title='bbox 1475 569 1539 623; x_wconf 87' lang='lat' dir='ltr'><strong>ad</strong></span> <span class='ocrx_word' id='word_1_9' title='bbox 1566 570 1724 622; x_wconf 88' lang='lat' dir='ltr'><strong>vitam</strong></span> <span class='ocrx_word' id='word_1_10' title='bbox 1761 577 2050 636; x_wconf 56' lang='lat' dir='ltr'><strong>aeternam,</strong></span> 
     </span>
    </p>
   </div>
   <div class='ocr_carea' id='block_1_3' title="bbox 481 658 2054 731">
    <p class='ocr_par' dir='ltr' id='par_1_3' title="bbox 481 658 2054 731">
     <span class='ocr_line' id='line_1_3' title="bbox 481 658 2054 731; baseline 0.002 -20"><span class='ocrx_word' id='word_1_11' title='bbox 481 658 599 726; x_wconf 86' lang='lat' dir='ltr'><strong>quis</strong></span> <span class='ocrx_word' id='word_1_12' title='bbox 626 658 786 712; x_wconf 91' lang='lat' dir='ltr'><strong>vellet</strong></span> <span class='ocrx_word' id='word_1_13' title='bbox 825 660 999 714; x_wconf 86' lang='lat' dir='ltr'><strong>mori?</strong></span> <span class='ocrx_word' id='word_1_14' title='bbox 1027 659 1280 714; x_wconf 75' lang='lat' dir='ltr'><strong>Naturam</strong></span> <span class='ocrx_word' id='word_1_15' title='bbox 1329 660 1523 731; x_wconf 82' lang='lat' dir='ltr'><strong>quippe</strong></span> <span class='ocrx_word' id='word_1_16' title='bbox 1574 670 1840 726; x_wconf 90' lang='lat' dir='ltr'><strong>nostram,</strong></span> <span class='ocrx_word' id='word_1_17' title='bbox 1885 660 1938 714; x_wconf 90' lang='lat' dir='ltr'><strong>id</strong></span> <span class='ocrx_word' id='word_1_18' title='bbox 1970 667 2054 714; x_wconf 88' lang='lat' dir='ltr'><strong>est</strong></span> 
     </span>
    </p>
   </div>
   <div class='ocr_carea' id='block_1_4' title="bbox 480 749 2051 819">
    <p class='ocr_par' dir='ltr' id='par_1_4' title="bbox 480 749 2051 819">
     <span class='ocr_line' id='line_1_4' title="bbox 480 749 2051 819; baseline 0 -17"><span class='ocrx_word' id='word_1_19' title='bbox 480 749 805 803; x_wconf 85' lang='lat' dir='ltr'><strong>consortium</strong></span> <span class='ocrx_word' id='word_1_20' title='bbox 829 750 1092 819; x_wconf 87' lang='lat' dir='ltr'><strong>quoddam</strong></span> <span class='ocrx_word' id='word_1_21' title='bbox 1120 751 1310 805; x_wconf 73' lang='lat' dir='ltr'><strong>anima:</strong></span> <span class='ocrx_word' id='word_1_22' title='bbox 1335 763 1389 805; x_wconf 91' lang='lat' dir='ltr'><strong>et</strong></span> <span class='ocrx_word' id='word_1_23' title='bbox 1409 751 1667 819; x_wconf 87' lang='lat' dir='ltr'><strong>corporis,</strong></span> <span class='ocrx_word' id='word_1_24' title='bbox 1695 758 1748 804; x_wconf 96' lang='lat' dir='ltr'><strong>et</strong></span> <span class='ocrx_word' id='word_1_25' title='bbox 1770 749 2051 819; x_wconf 84' lang='lat' dir='ltr'><strong>quamdam</strong></span> 
     </span>
    </p>
   </div>
   <div class='ocr_carea' id='block_1_5' title="bbox 480 838 2054 910">
    <p class='ocr_par' dir='ltr' id='par_1_5' title="bbox 480 838 2054 910">
     <span class='ocr_line' id='line_1_5' title="bbox 480 838 2054 910; baseline 0 -17"><span class='ocrx_word' id='word_1_26' title='bbox 480 841 533 894; x_wconf 89' lang='lat' dir='ltr'><strong>in</strong></span> <span class='ocrx_word' id='word_1_27' title='bbox 580 838 663 895; x_wconf 88' lang='lat' dir='ltr'><strong>bis</strong></span> <span class='ocrx_word' id='word_1_28' title='bbox 689 839 894 897; x_wconf 89' lang='lat' dir='ltr'><strong>duobus</strong></span> <span class='ocrx_word' id='word_1_29' title='bbox 929 842 1342 897; x_wconf 70' lang='lat' dir='ltr'><strong>familiaritatem</strong></span> <span class='ocrx_word' id='word_1_30' title='bbox 1387 841 1855 910; x_wconf 80' lang='lat' dir='ltr'><strong>conglutinationis</strong></span> <span class='ocrx_word' id='word_1_31' title='bbox 1893 849 2054 910; x_wconf 87' lang='lat' dir='ltr'><strong>atque</strong></span> 
     </span>
    </p>
   </div>
   <div class='ocr_carea' id='block_1_6' title="bbox 479 930 2054 1003">
    <p class='ocr_par' dir='ltr' id='par_1_6' title="bbox 479 930 2054 1003">
     <span class='ocr_line' id='line_1_6' title="bbox 479 930 2054 1003; baseline 0 -17"><span class='ocrx_word' id='word_1_32' title='bbox 479 931 807 1002; x_wconf 76' lang='lat' dir='ltr'><strong>compaginis</strong></span> <span class='ocrx_word' id='word_1_33' title='bbox 847 947 1122 1002; x_wconf 78' lang='lat' dir='ltr'><strong>exponens</strong></span> <span class='ocrx_word' id='word_1_34' title='bbox 1169 932 1396 1003; x_wconf 89' lang='lat' dir='ltr'><strong>quodam</strong></span> <span class='ocrx_word' id='word_1_35' title='bbox 1445 932 1563 987; x_wconf 89' lang='lat' dir='ltr'><strong>loco</strong></span> <span class='ocrx_word' id='word_1_36' title='bbox 1608 930 1923 1002; x_wconf 83' lang='lat' dir='ltr'><strong>Apostolus,</strong></span> <span class='ocrx_word' id='word_1_37' title='bbox 1978 931 2054 986; x_wconf 87' lang='lat' dir='ltr'><strong>ait</strong></span> 
     </span>
    </p>
   </div>
   <div class='ocr_carea' id='block_1_7' title="bbox 480 1023 2054 1088">
    <p class='ocr_par' dir='ltr' id='par_1_7' title="bbox 480 1023 2054 1088">
     <span class='ocr_line' id='line_1_7' title="bbox 480 1023 2054 1088; baseline 0.003 -12"><span class='ocrx_word' id='word_1_38' title='bbox 480 1023 677 1079; x_wconf 85' lang='lat' dir='ltr'><strong>habere</strong></span> <span class='ocrx_word' id='word_1_39' title='bbox 702 1040 801 1081; x_wconf 77' lang='lat' dir='ltr'><strong>nes</strong></span> <span class='ocrx_word' id='word_1_40' title='bbox 827 1025 1042 1080; x_wconf 84' lang='lat' dir='ltr'><strong>demum</strong></span> <span class='ocrx_word' id='word_1_41' title='bbox 1071 1041 1172 1080; x_wconf 93' lang='lat' dir='ltr'><strong>non</strong></span> <span class='ocrx_word' id='word_1_42' title='bbox 1197 1025 1570 1088; x_wconf 87' lang='lat' dir='ltr'><strong>manufactam,</strong></span> <span class='ocrx_word' id='word_1_43' title='bbox 1590 1032 1843 1079; x_wconf 69' lang='lat' dir='ltr'><strong>aeternam</strong></span> <span class='ocrx_word' id='word_1_44' title='bbox 1875 1023 1926 1078; x_wconf 94' lang='lat' dir='ltr'><strong>in</strong></span> <span class='ocrx_word' id='word_1_45' title='bbox 1951 1033 2054 1080; x_wconf 70' lang='lat' dir='ltr'><strong>cte-</strong></span> 
     </span>
    </p>
   </div>
   <div class='ocr_carea' id='block_1_8' title="bbox 479 1113 2051 1184">
    <p class='ocr_par' dir='ltr' id='par_1_8' title="bbox 479 1113 2051 1184">
     <span class='ocr_line' id='line_1_8' title="bbox 479 1113 2051 1184; baseline 0 -17"><span class='ocrx_word' id='word_1_46' title='bbox 479 1115 576 1177; x_wconf 89' lang='lat' dir='ltr'><strong>lis;</strong></span> <span class='ocrx_word' id='word_1_47' title='bbox 605 1114 654 1168; x_wconf 89' lang='lat' dir='ltr'><strong>id</strong></span> <span class='ocrx_word' id='word_1_48' title='bbox 680 1124 762 1170; x_wconf 89' lang='lat' dir='ltr'><strong>est</strong></span> <span class='ocrx_word' id='word_1_49' title='bbox 789 1115 1234 1170; x_wconf 82' lang='lat' dir='ltr'><strong>immortalitatem</strong></span> <span class='ocrx_word' id='word_1_50' title='bbox 1265 1114 1811 1184; x_wconf 68' lang='lat' dir='ltr'><strong>prteparatamnobis,</strong></span> <span class='ocrx_word' id='word_1_51' title='bbox 1841 1128 1943 1183; x_wconf 88' lang='lat' dir='ltr'><strong>qua</strong></span> <span class='ocrx_word' id='word_1_52' title='bbox 1967 1113 2051 1167; x_wconf 82' lang='lat' dir='ltr'><strong>in-</strong></span> 
     </span>
    </p>
   </div>
   <div class='ocr_carea' id='block_1_9' title="bbox 479 1203 2047 1269">
    <p class='ocr_par' dir='ltr' id='par_1_9' title="bbox 479 1203 2047 1269">
     <span class='ocr_line' id='line_1_9' title="bbox 479 1203 2047 1269; baseline 0 -12"><span class='ocrx_word' id='word_1_53' title='bbox 479 1203 672 1259; x_wconf 88' lang='lat' dir='ltr'><strong>duendi</strong></span> <span class='ocrx_word' id='word_1_54' title='bbox 694 1218 875 1259; x_wconf 90' lang='lat' dir='ltr'><strong>sumus</strong></span> <span class='ocrx_word' id='word_1_55' title='bbox 904 1205 952 1258; x_wconf 90' lang='lat' dir='ltr'><strong>in</strong></span> <span class='ocrx_word' id='word_1_56' title='bbox 976 1205 1098 1269; x_wconf 94' lang='lat' dir='ltr'><strong>ﬁne,</strong></span> <span class='ocrx_word' id='word_1_57' title='bbox 1129 1221 1249 1260; x_wconf 88' lang='lat' dir='ltr'><strong>cum</strong></span> <span class='ocrx_word' id='word_1_58' title='bbox 1273 1205 1722 1260; x_wconf 78' lang='lat' dir='ltr'><strong>resurrexerimus</strong></span> <span class='ocrx_word' id='word_1_59' title='bbox 1741 1219 1770 1258; x_wconf 93' lang='lat' dir='ltr'><strong>a</strong></span> <span class='ocrx_word' id='word_1_60' title='bbox 1797 1203 2047 1268; x_wconf 88' lang='lat' dir='ltr'><strong>mortuis;</strong></span> 
     </span>
    </p>
   </div>
   <div class='ocr_carea' id='block_1_10' title="bbox 479 1295 2052 1366">
    <p class='ocr_par' dir='ltr' id='par_1_10' title="bbox 479 1295 2052 1366">
     <span class='ocr_line' id='line_1_10' title="bbox 479 1295 2052 1366; baseline -0.003 -14"><span class='ocrx_word' id='word_1_61' title='bbox 479 1303 535 1352; x_wconf 91' lang='lat' dir='ltr'><strong>et</strong></span> <span class='ocrx_word' id='word_1_62' title='bbox 565 1297 638 1351; x_wconf 91' lang='lat' dir='ltr'><strong>ait</strong></span> <span class='ocrx_word' id='word_1_63' title='bbox 669 1314 682 1349; x_wconf 92' lang='lat'>:</span> <span class='ocrx_word' id='word_1_64' title='bbox 709 1295 772 1350; x_wconf 83' lang='lat' dir='ltr'><strong>In</strong></span> <span class='ocrx_word' id='word_1_65' title='bbox 813 1311 912 1366; x_wconf 82' lang='lat' dir='ltr'><strong>quo</strong></span> <span class='ocrx_word' id='word_1_66' title='bbox 945 1297 1180 1349; x_wconf 84' lang='lat' dir='ltr'><strong>nolumus</strong></span> <span class='ocrx_word' id='word_1_67' title='bbox 1217 1295 1462 1364; x_wconf 86' lang='lat' dir='ltr'><strong>spoliari,</strong></span> <span class='ocrx_word' id='word_1_68' title='bbox 1493 1296 1582 1350; x_wconf 90' lang='lat' dir='ltr'><strong>sed</strong></span> <span class='ocrx_word' id='word_1_69' title='bbox 1615 1295 1932 1364; x_wconf 83' lang='lat' dir='ltr'><strong>supervestiri</strong></span> <span class='ocrx_word' id='word_1_70' title='bbox 1953 1336 1969 1361; x_wconf 94' lang='lat'><strong>,</strong></span> <span class='ocrx_word' id='word_1_71' title='bbox 1997 1304 2052 1348; x_wconf 86' lang='lat' dir='ltr'><strong>ut</strong></span> 
     </span>
    </p>
   </div>
   <div class='ocr_carea' id='block_1_11' title="bbox 478 1383 2050 1456">
    <p class='ocr_par' dir='ltr' id='par_1_11' title="bbox 478 1383 2050 1456">
     <span class='ocr_line' id='line_1_11' title="bbox 478 1383 2050 1456; baseline -0.001 -17"><span class='ocrx_word' id='word_1_72' title='bbox 478 1385 798 1442; x_wconf 68' lang='lat' dir='ltr'><strong>absorbeatur</strong></span> <span class='ocrx_word' id='word_1_73' title='bbox 821 1387 1032 1439; x_wconf 87' lang='lat' dir='ltr'><strong>mortale</strong></span> <span class='ocrx_word' id='word_1_74' title='bbox 1055 1401 1086 1438; x_wconf 89' lang='lat' dir='ltr'><strong>a</strong></span> <span class='ocrx_word' id='word_1_75' title='bbox 1106 1387 1205 1439; x_wconf 81' lang='lat' dir='ltr'><strong>vita</strong></span> <span class='ocrx_word' id='word_1_76' title='bbox 1234 1385 1298 1456; x_wconf 93' lang='lat' dir='ltr'><strong>(ll</strong></span> <span class='ocrx_word' id='word_1_77' title='bbox 1316 1385 1432 1439; x_wconf 85' lang='lat' dir='ltr'><strong>Cor.</strong></span> <span class='ocrx_word' id='word_1_78' title='bbox 1450 1402 1503 1450; x_wconf 91' lang='lat' dir='ltr'><strong>v,</strong></span> <span class='ocrx_word' id='word_1_79' title='bbox 1533 1386 1582 1449; x_wconf 75' lang='lat' dir='ltr'><strong>i,</strong></span> <span class='ocrx_word' id='word_1_80' title='bbox 1605 1386 1685 1455; x_wconf 73' lang='grc'><strong>4),</strong></span> <span class='ocrx_word' id='word_1_81' title='bbox 1703 1385 1761 1440; x_wconf 89' lang='lat' dir='ltr'><strong>Si</strong></span> <span class='ocrx_word' id='word_1_82' title='bbox 1792 1383 1902 1438; x_wconf 90' lang='lat' dir='ltr'><strong>ﬁeri</strong></span> <span class='ocrx_word' id='word_1_83' title='bbox 1922 1396 2050 1454; x_wconf 85' lang='lat' dir='ltr'><strong>pos-</strong></span> 
     </span>
    </p>
   </div>
   <div class='ocr_carea' id='block_1_12' title="bbox 478 1467 2051 1543">
    <p class='ocr_par' dir='ltr' id='par_1_12' title="bbox 478 1467 2051 1543">
     <span class='ocr_line' id='line_1_12' title="bbox 478 1467 2051 1543; baseline -0.001 -14"><span class='ocrx_word' id='word_1_84' title='bbox 478 1484 580 1539; x_wconf 87' lang='lat' dir='ltr'><strong>set,</strong></span> <span class='ocrx_word' id='word_1_85' title='bbox 621 1475 699 1530; x_wconf 92' lang='lat' dir='ltr'><strong>sic</strong></span> <span class='ocrx_word' id='word_1_86' title='bbox 720 1467 978 1530; x_wconf 81' lang='lat' dir='ltr'><strong>vellemus</strong></span> <span class='ocrx_word' id='word_1_87' title='bbox 997 1515 1010 1538; x_wconf 95' lang='lat'><strong>,</strong></span> <span class='ocrx_word' id='word_1_88' title='bbox 1041 1476 1112 1529; x_wconf 88' lang='lat' dir='ltr'><strong>ait</strong></span> <span class='ocrx_word' id='word_1_89' title='bbox 1131 1517 1146 1540; x_wconf 96' lang='lat'><strong>,</strong></span> <span class='ocrx_word' id='word_1_90' title='bbox 1181 1474 1292 1529; x_wconf 89' lang='lat' dir='ltr'><strong>ﬁeri</strong></span> <span class='ocrx_word' id='word_1_91' title='bbox 1322 1476 1664 1541; x_wconf 88' lang='lat' dir='ltr'><strong>immortales,</strong></span> <span class='ocrx_word' id='word_1_92' title='bbox 1689 1486 1743 1530; x_wconf 93' lang='lat' dir='ltr'><strong>ut</strong></span> <span class='ocrx_word' id='word_1_93' title='bbox 1764 1475 1872 1543; x_wconf 75' lang='lat' dir='ltr'><strong>jam</strong></span> <span class='ocrx_word' id='word_1_94' title='bbox 1903 1475 2051 1529; x_wconf 87' lang='lat' dir='ltr'><strong>veni-</strong></span> 
     </span>
    </p>
   </div>
   <div class='ocr_carea' id='block_1_13' title="bbox 478 1565 2052 1636">
    <p class='ocr_par' dir='ltr' id='par_1_13' title="bbox 478 1565 2052 1636">
     <span class='ocr_line' id='line_1_13' title="bbox 478 1565 2052 1636; baseline -0.001 -15"><span class='ocrx_word' id='word_1_95' title='bbox 478 1575 561 1622; x_wconf 86' lang='lat' dir='ltr'><strong>ret</strong></span> <span class='ocrx_word' id='word_1_96' title='bbox 585 1567 697 1636; x_wconf 86' lang='lat' dir='ltr'><strong>ipsa</strong></span> <span class='ocrx_word' id='word_1_97' title='bbox 740 1566 1108 1621; x_wconf 84' lang='lat' dir='ltr'><strong>immortalitas</strong></span> <span class='ocrx_word' id='word_1_98' title='bbox 1132 1607 1146 1632; x_wconf 93' lang='lat'><strong>,</strong></span> <span class='ocrx_word' id='word_1_99' title='bbox 1179 1575 1232 1619; x_wconf 85' lang='lat' dir='ltr'><strong>et</strong></span> <span class='ocrx_word' id='word_1_100' title='bbox 1257 1565 1415 1620; x_wconf 91' lang='lat' dir='ltr'><strong>modo</strong></span> <span class='ocrx_word' id='word_1_101' title='bbox 1442 1566 1577 1621; x_wconf 88' lang='lat' dir='ltr'><strong>sicut</strong></span> <span class='ocrx_word' id='word_1_102' title='bbox 1601 1580 1784 1620; x_wconf 91' lang='lat' dir='ltr'><strong>sumus</strong></span> <span class='ocrx_word' id='word_1_103' title='bbox 1819 1572 2052 1619; x_wconf 87' lang='lat' dir='ltr'><strong>mutaret</strong></span> 
     </span>
    </p>
   </div>
   <div class='ocr_carea' id='block_1_14' title="bbox 475 1656 2046 1724">
    <p class='ocr_par' dir='ltr' id='par_1_14' title="bbox 475 1656 2046 1724">
     <span class='ocr_line' id='line_1_14' title="bbox 475 1656 2046 1724; baseline -0.001 -12"><span class='ocrx_word' id='word_1_104' title='bbox 475 1671 596 1724; x_wconf 89' lang='lat' dir='ltr'><strong>nos,</strong></span> <span class='ocrx_word' id='word_1_105' title='bbox 623 1667 682 1712; x_wconf 92' lang='lat' dir='ltr'><strong>ut</strong></span> <span class='ocrx_word' id='word_1_106' title='bbox 701 1658 924 1713; x_wconf 89' lang='lat' dir='ltr'><strong>mortale</strong></span> <span class='ocrx_word' id='word_1_107' title='bbox 941 1657 1048 1712; x_wconf 82' lang='lat' dir='ltr'><strong>hoc</strong></span> <span class='ocrx_word' id='word_1_108' title='bbox 1073 1667 1310 1712; x_wconf 91' lang='lat' dir='ltr'><strong>nostrum</strong></span> <span class='ocrx_word' id='word_1_109' title='bbox 1335 1672 1363 1710; x_wconf 91' lang='lat' dir='ltr'><strong>a</strong></span> <span class='ocrx_word' id='word_1_110' title='bbox 1391 1657 1496 1711; x_wconf 92' lang='lat' dir='ltr'><strong>vita</strong></span> <span class='ocrx_word' id='word_1_111' title='bbox 1523 1656 1918 1722; x_wconf 85' lang='lat' dir='ltr'><strong>absorberetur,</strong></span> <span class='ocrx_word' id='word_1_112' title='bbox 1942 1668 2046 1711; x_wconf 91' lang='lat' dir='ltr'><strong>non</strong></span> 
     </span>
    </p>
   </div>
   <div class='ocr_carea' id='block_1_15' title="bbox 476 1748 2051 1820">
    <p class='ocr_par' dir='ltr' id='par_1_15' title="bbox 476 1748 2051 1820">
     <span class='ocr_line' id='line_1_15' title="bbox 476 1748 2051 1820; baseline -0.001 -15"><span class='ocrx_word' id='word_1_113' title='bbox 476 1763 572 1820; x_wconf 85' lang='lat' dir='ltr'><strong>per</strong></span> <span class='ocrx_word' id='word_1_114' title='bbox 600 1758 824 1805; x_wconf 88' lang='lat' dir='ltr'><strong>mortem</strong></span> <span class='ocrx_word' id='word_1_115' title='bbox 853 1765 1046 1820; x_wconf 91' lang='lat' dir='ltr'><strong>corpus</strong></span> <span class='ocrx_word' id='word_1_116' title='bbox 1071 1758 1359 1819; x_wconf 89' lang='lat' dir='ltr'><strong>poneretur</strong></span> <span class='ocrx_word' id='word_1_117' title='bbox 1380 1750 1420 1814; x_wconf 83' lang='grc'><strong>¹,</strong></span> <span class='ocrx_word' id='word_1_118' title='bbox 1444 1757 1500 1803; x_wconf 90' lang='lat' dir='ltr'><strong>ut</strong></span> <span class='ocrx_word' id='word_1_119' title='bbox 1529 1749 1582 1803; x_wconf 90' lang='lat' dir='ltr'><strong>in</strong></span> <span class='ocrx_word' id='word_1_120' title='bbox 1620 1748 1725 1804; x_wconf 81' lang='lat' dir='ltr'><strong>ﬁne</strong></span> <span class='ocrx_word' id='word_1_121' title='bbox 1746 1749 1934 1804; x_wconf 89' lang='lat' dir='ltr'><strong>iterum</strong></span> <span class='ocrx_word' id='word_1_122' title='bbox 1964 1759 2051 1804; x_wconf 86' lang='lat' dir='ltr'><strong>re-</strong></span> 
     </span>
    </p>
   </div>
   <div class='ocr_carea' id='block_1_16' title="bbox 474 1839 2044 1911">
    <p class='ocr_par' dir='ltr' id='par_1_16' title="bbox 474 1839 2044 1911">
     <span class='ocr_line' id='line_1_16' title="bbox 474 1839 2044 1911; baseline -0.001 -17"><span class='ocrx_word' id='word_1_123' title='bbox 474 1842 761 1911; x_wconf 89' lang='lat' dir='ltr'><strong>ciperetur.</strong></span> <span class='ocrx_word' id='word_1_124' title='bbox 784 1841 1033 1909; x_wconf 84' lang='lat' dir='ltr'><strong>Quamvis</strong></span> <span class='ocrx_word' id='word_1_125' title='bbox 1050 1855 1177 1911; x_wconf 78' lang='lat' dir='ltr'><strong>ergo</strong></span> <span class='ocrx_word' id='word_1_126' title='bbox 1205 1855 1235 1894; x_wconf 90' lang='lat' dir='ltr'><strong>a</strong></span> <span class='ocrx_word' id='word_1_127' title='bbox 1258 1840 1410 1896; x_wconf 91' lang='lat' dir='ltr'><strong>malis</strong></span> <span class='ocrx_word' id='word_1_128' title='bbox 1434 1839 1500 1895; x_wconf 87' lang='lat' dir='ltr'><strong>ad</strong></span> <span class='ocrx_word' id='word_1_129' title='bbox 1529 1839 1667 1895; x_wconf 79' lang='lat' dir='ltr'><strong>bena</strong></span> <span class='ocrx_word' id='word_1_130' title='bbox 1696 1850 2044 1905; x_wconf 84' lang='lat' dir='ltr'><strong>transeamus;</strong></span> 
     </span>
    </p>
   </div>
   <div class='ocr_carea' id='block_1_17' title="bbox 475 1929 2050 2003">
    <p class='ocr_par' dir='ltr' id='par_1_17' title="bbox 475 1929 2050 2003">
     <span class='ocr_line' id='line_1_17' title="bbox 475 1929 2050 2003; baseline -0.003 -16"><span class='ocrx_word' id='word_1_131' title='bbox 475 1944 652 1988; x_wconf 89' lang='lat' dir='ltr'><strong>tamen</strong></span> <span class='ocrx_word' id='word_1_132' title='bbox 681 1933 797 2003; x_wconf 86' lang='lat' dir='ltr'><strong>ipse</strong></span> <span class='ocrx_word' id='word_1_133' title='bbox 834 1934 1087 1987; x_wconf 88' lang='lat' dir='ltr'><strong>transitus</strong></span> <span class='ocrx_word' id='word_1_134' title='bbox 1125 1931 1453 2000; x_wconf 86' lang='lat' dir='ltr'><strong>aliquantum</strong></span> <span class='ocrx_word' id='word_1_135' title='bbox 1493 1942 1705 1986; x_wconf 87' lang='lat' dir='ltr'><strong>amarus</strong></span> <span class='ocrx_word' id='word_1_136' title='bbox 1731 1940 1850 1994; x_wconf 93' lang='lat' dir='ltr'><strong>est,</strong></span> <span class='ocrx_word' id='word_1_137' title='bbox 1874 1941 1925 1984; x_wconf 93' lang='lat' dir='ltr'><strong>et</strong></span> <span class='ocrx_word' id='word_1_138' title='bbox 1947 1929 2050 1984; x_wconf 78' lang='lat' dir='ltr'><strong>ba-</strong></span> 
     </span>
    </p>
   </div>
   <div class='ocr_carea' id='block_1_18' title="bbox 478 2020 2046 2092">
    <p class='ocr_par' dir='ltr' id='par_1_18' title="bbox 478 2020 2046 2092">
     <span class='ocr_line' id='line_1_18' title="bbox 478 2020 2046 2092; baseline -0.001 -17"><span class='ocrx_word' id='word_1_139' title='bbox 478 2023 567 2078; x_wconf 87' lang='lat' dir='ltr'><strong>bet</strong></span> <span class='ocrx_word' id='word_1_140' title='bbox 596 2023 698 2088; x_wconf 91' lang='lat' dir='ltr'><strong>fel,</strong></span> <span class='ocrx_word' id='word_1_141' title='bbox 727 2022 867 2092; x_wconf 91' lang='lat' dir='ltr'><strong>quod</strong></span> <span class='ocrx_word' id='word_1_142' title='bbox 909 2021 1171 2078; x_wconf 88' lang='lat' dir='ltr'><strong>dederunt</strong></span> <span class='ocrx_word' id='word_1_143' title='bbox 1215 2022 1438 2076; x_wconf 89' lang='lat' dir='ltr'><strong>Domino</strong></span> <span class='ocrx_word' id='word_1_144' title='bbox 1461 2021 1512 2075; x_wconf 90' lang='lat' dir='ltr'><strong>in</strong></span> <span class='ocrx_word' id='word_1_145' title='bbox 1545 2025 1789 2090; x_wconf 88' lang='lat' dir='ltr'><strong>passione</strong></span> <span class='ocrx_word' id='word_1_146' title='bbox 1831 2020 2000 2077; x_wconf 69' lang='grc' dir='ltr'><strong>ιιιόωί</strong></span> <span class='ocrx_word' id='word_1_147' title='bbox 2031 2061 2046 2088; x_wconf 89' lang='grc'><strong><em>,</em></strong></span> 
     </span>
    </p>
   </div>
   <div class='ocr_carea' id='block_1_19' title="bbox 473 2112 2048 2184">
    <p class='ocr_par' dir='ltr' id='par_1_19' title="bbox 473 2112 2048 2184">
     <span class='ocr_line' id='line_1_19' title="bbox 473 2112 2048 2184; baseline -0.001 -17"><span class='ocrx_word' id='word_1_148' title='bbox 473 2114 631 2169; x_wconf 88' lang='lat' dir='ltr'><strong>habet</strong></span> <span class='ocrx_word' id='word_1_149' title='bbox 652 2129 773 2169; x_wconf 88' lang='lat' dir='ltr'><strong>acre</strong></span> <span class='ocrx_word' id='word_1_150' title='bbox 800 2113 1045 2184; x_wconf 84' lang='lat' dir='ltr'><strong>quiddam</strong></span> <span class='ocrx_word' id='word_1_151' title='bbox 1079 2112 1432 2178; x_wconf 91' lang='lat' dir='ltr'><strong>tolerandum,</strong></span> <span class='ocrx_word' id='word_1_152' title='bbox 1461 2128 1565 2183; x_wconf 91' lang='lat' dir='ltr'><strong>quo</strong></span> <span class='ocrx_word' id='word_1_153' title='bbox 1587 2112 1938 2166; x_wconf 91' lang='lat' dir='ltr'><strong>ostenduntur</strong></span> <span class='ocrx_word' id='word_1_154' title='bbox 1958 2113 2048 2182; x_wconf 88' lang='lat' dir='ltr'><strong>qui</strong></span> 
     </span>
    </p>
   </div>
   <div class='ocr_carea' id='block_1_20' title="bbox 472 2199 2049 2276">
    <p class='ocr_par' dir='ltr' id='par_1_20' title="bbox 472 2199 2049 2276">
     <span class='ocr_line' id='line_1_20' title="bbox 472 2199 2049 2276; baseline -0.004 -15"><span class='ocrx_word' id='word_1_155' title='bbox 472 2223 591 2261; x_wconf 86' lang='lat' dir='ltr'><strong>eum</strong></span> <span class='ocrx_word' id='word_1_156' title='bbox 621 2217 774 2262; x_wconf 89' lang='lat' dir='ltr'><strong>aceto</strong></span> <span class='ocrx_word' id='word_1_157' title='bbox 819 2213 1132 2276; x_wconf 87' lang='lat' dir='ltr'><strong>potaverunt</strong></span> <span class='ocrx_word' id='word_1_158' title='bbox 1157 2204 1368 2273; x_wconf 81' lang='lat' dir='ltr'><strong>(Matth.</strong></span> <span class='ocrx_word' id='word_1_159' title='bbox 1421 2217 1597 2276; x_wconf 80' lang='lat' dir='ltr'><strong>xxvu,</strong></span> <span class='ocrx_word' id='word_1_160' title='bbox 1643 2199 1753 2274; x_wconf 71' lang='grc'><strong>56).</strong></span> <span class='ocrx_word' id='word_1_161' title='bbox 1799 2201 2049 2271; x_wconf 68' lang='grc' dir='ltr'><strong>Ρτωῐίςυ-</strong></span> 
     </span>
    </p>
   </div>
   <div class='ocr_carea' id='block_1_21' title="bbox 472 2292 2042 2368">
    <p class='ocr_par' dir='ltr' id='par_1_21' title="bbox 472 2292 2042 2368">
     <span class='ocr_line' id='line_1_21' title="bbox 472 2292 2042 2368; baseline -0.004 -16"><span class='ocrx_word' id='word_1_162' title='bbox 472 2313 597 2352; x_wconf 89' lang='lat' dir='ltr'><strong>rans</strong></span> <span class='ocrx_word' id='word_1_163' title='bbox 621 2311 748 2368; x_wconf 76' lang='lat' dir='ltr'><strong>ergo</strong></span> <span class='ocrx_word' id='word_1_164' title='bbox 768 2339 783 2362; x_wconf 93' lang='lat'><strong>,</strong></span> <span class='ocrx_word' id='word_1_165' title='bbox 805 2305 860 2352; x_wconf 91' lang='lat' dir='ltr'><strong>et</strong></span> <span class='ocrx_word' id='word_1_166' title='bbox 903 2296 1292 2352; x_wconf 89' lang='lat' dir='ltr'><strong>transformans</strong></span> <span class='ocrx_word' id='word_1_167' title='bbox 1317 2296 1367 2349; x_wconf 90' lang='lat' dir='ltr'><strong>in</strong></span> <span class='ocrx_word' id='word_1_168' title='bbox 1392 2310 1450 2350; x_wconf 89' lang='lat' dir='ltr'><strong>se</strong></span> <span class='ocrx_word' id='word_1_169' title='bbox 1471 2309 1570 2348; x_wconf 87' lang='lat' dir='ltr'><strong>nos</strong></span> <span class='ocrx_word' id='word_1_170' title='bbox 1600 2295 1764 2363; x_wconf 84' lang='lat' dir='ltr'><strong>ipsos,</strong></span> <span class='ocrx_word' id='word_1_171' title='bbox 1796 2292 1899 2347; x_wconf 91' lang='lat' dir='ltr'><strong>hoc</strong></span> <span class='ocrx_word' id='word_1_172' title='bbox 1925 2294 1995 2346; x_wconf 86' lang='lat' dir='ltr'><strong>ait</strong></span> <span class='ocrx_word' id='word_1_173' title='bbox 2028 2309 2042 2347; x_wconf 92' lang='lat'><strong>:</strong></span> 
     </span>
    </p>
   </div>
   <div class='ocr_carea' id='block_1_22' title="bbox 471 2385 2049 2460">
    <p class='ocr_par' dir='ltr' id='par_1_22' title="bbox 471 2385 2049 2460">
     <span class='ocr_line' id='line_1_22' title="bbox 471 2385 2049 2460; baseline -0.005 -15"><span class='ocrx_word' id='word_1_174' title='bbox 471 2389 684 2445; x_wconf 82' lang='lat' dir='ltr'><strong>Salvum</strong></span> <span class='ocrx_word' id='word_1_175' title='bbox 715 2406 794 2444; x_wconf 88' lang='lat' dir='ltr'><strong>me</strong></span> <span class='ocrx_word' id='word_1_176' title='bbox 819 2393 922 2460; x_wconf 89' lang='lat' dir='ltr'><strong>fac,</strong></span> <span class='ocrx_word' id='word_1_177' title='bbox 952 2387 1089 2442; x_wconf 88' lang='lat' dir='ltr'><strong>Deus</strong></span> <span class='ocrx_word' id='word_1_178' title='bbox 1111 2430 1126 2454; x_wconf 95' lang='lat'><strong>,</strong></span> <span class='ocrx_word' id='word_1_179' title='bbox 1150 2387 1387 2458; x_wconf 84' lang='lat' dir='ltr'><strong>quoniam</strong></span> <span class='ocrx_word' id='word_1_180' title='bbox 1407 2385 1706 2440; x_wconf 84' lang='lat' dir='ltr'><strong>introierunt</strong></span> <span class='ocrx_word' id='word_1_181' title='bbox 1726 2398 1870 2454; x_wconf 70' lang='lat' dir='ltr'><strong>aqua</strong></span> <span class='ocrx_word' id='word_1_182' title='bbox 1896 2399 2049 2453; x_wconf 81' lang='lat' dir='ltr'><strong>usque</strong></span> 
     </span>
    </p>
   </div>
   <div class='ocr_carea' id='block_1_23' title="bbox 475 2473 2044 2546">
    <p class='ocr_par' dir='ltr' id='par_1_23' title="bbox 475 2473 2044 2546">
     <span class='ocr_line' id='line_1_23' title="bbox 475 2473 2044 2546; baseline -0.004 -13"><span class='ocrx_word' id='word_1_183' title='bbox 475 2479 543 2533; x_wconf 86' lang='lat' dir='ltr'><strong>ad</strong></span> <span class='ocrx_word' id='word_1_184' title='bbox 569 2480 791 2533; x_wconf 87' lang='lat' dir='ltr'><strong>animam</strong></span> <span class='ocrx_word' id='word_1_185' title='bbox 816 2494 996 2532; x_wconf 84' lang='lat' dir='ltr'><strong>meam.</strong></span> <span class='ocrx_word' id='word_1_186' title='bbox 1030 2477 1323 2532; x_wconf 88' lang='lat' dir='ltr'><strong>Potuerunt</strong></span> <span class='ocrx_word' id='word_1_187' title='bbox 1345 2475 1432 2546; x_wconf 89' lang='lat' dir='ltr'><strong>qui</strong></span> <span class='ocrx_word' id='word_1_188' title='bbox 1461 2473 1719 2544; x_wconf 88' lang='lat' dir='ltr'><strong>persecuti</strong></span> <span class='ocrx_word' id='word_1_189' title='bbox 1746 2473 2044 2528; x_wconf 90' lang='lat' dir='ltr'><strong>suntetiam</strong></span> 
     </span>
    </p>
   </div>
   <div class='ocr_carea' id='block_1_24' title="bbox 470 2562 2042 2638">
    <p class='ocr_par' dir='ltr' id='par_1_24' title="bbox 470 2562 2042 2638">
     <span class='ocr_line' id='line_1_24' title="bbox 470 2562 2042 2638; baseline -0.006 -13"><span class='ocrx_word' id='word_1_190' title='bbox 470 2569 738 2634; x_wconf 87' lang='lat' dir='ltr'><strong>occidere;</strong></span> <span class='ocrx_word' id='word_1_191' title='bbox 785 2570 879 2625; x_wconf 91' lang='lat' dir='ltr'><strong>sed</strong></span> <span class='ocrx_word' id='word_1_192' title='bbox 921 2567 1148 2638; x_wconf 91' lang='lat' dir='ltr'><strong>amplius</strong></span> <span class='ocrx_word' id='word_1_193' title='bbox 1185 2566 1309 2637; x_wconf 91' lang='lat' dir='ltr'><strong>quid</strong></span> <span class='ocrx_word' id='word_1_194' title='bbox 1359 2566 1551 2620; x_wconf 79' lang='lat' dir='ltr'><strong>faciant</strong></span> <span class='ocrx_word' id='word_1_195' title='bbox 1600 2577 1704 2618; x_wconf 93' lang='lat' dir='ltr'><strong>non</strong></span> <span class='ocrx_word' id='word_1_196' title='bbox 1754 2562 2042 2617; x_wconf 85' lang='lat' dir='ltr'><strong>habebunt.</strong></span> 
     </span>
    </p>
   </div>
   <div class='ocr_carea' id='block_1_25' title="bbox 469 2648 2036 2727">
    <p class='ocr_par' dir='ltr' id='par_1_25' title="bbox 469 2648 2036 2727">
     <span class='ocr_line' id='line_1_25' title="bbox 469 2648 2036 2727; baseline -0.004 -11"><span class='ocrx_word' id='word_1_197' title='bbox 469 2660 730 2716; x_wconf 70' lang='lat' dir='ltr'><strong>Przmnisit</strong></span> <span class='ocrx_word' id='word_1_198' title='bbox 756 2661 896 2716; x_wconf 90' lang='lat' dir='ltr'><strong>enim</strong></span> <span class='ocrx_word' id='word_1_199' title='bbox 922 2648 1342 2716; x_wconf 80' lang='lat' dir='ltr'><strong>eshOrtationem</strong></span> <span class='ocrx_word' id='word_1_200' title='bbox 1383 2657 1497 2727; x_wconf 89' lang='lat' dir='ltr'><strong>ipse</strong></span> <span class='ocrx_word' id='word_1_201' title='bbox 1523 2655 1778 2710; x_wconf 88' lang='lat' dir='ltr'><strong>Dominus</strong></span> <span class='ocrx_word' id='word_1_202' title='bbox 1804 2653 1988 2709; x_wconf 84' lang='lat' dir='ltr'><strong>dicens</strong></span> <span class='ocrx_word' id='word_1_203' title='bbox 2020 2670 2036 2709; x_wconf 87' lang='lat'><strong>:</strong></span> 
     </span>
    </p>
   </div>
   <div class='ocr_carea' id='block_1_26' title="bbox 472 2744 2044 2821">
    <p class='ocr_par' dir='ltr' id='par_1_26' title="bbox 472 2744 2044 2821">
     <span class='ocr_line' id='line_1_26' title="bbox 472 2744 2044 2821; baseline -0.004 -17"><span class='ocrx_word' id='word_1_204' title='bbox 472 2748 647 2804; x_wconf 79' lang='lat' dir='ltr'><strong>Nolite</strong></span> <span class='ocrx_word' id='word_1_205' title='bbox 671 2751 843 2806; x_wconf 85' lang='lat' dir='ltr'><strong>timere</strong></span> <span class='ocrx_word' id='word_1_206' title='bbox 887 2766 970 2804; x_wconf 86' lang='lat' dir='ltr'><strong>eos</strong></span> <span class='ocrx_word' id='word_1_207' title='bbox 997 2750 1082 2818; x_wconf 85' lang='lat' dir='ltr'><strong>qui</strong></span> <span class='ocrx_word' id='word_1_208' title='bbox 1107 2765 1289 2821; x_wconf 83' lang='lat' dir='ltr'><strong>corpus</strong></span> <span class='ocrx_word' id='word_1_209' title='bbox 1315 2747 1552 2801; x_wconf 87' lang='lat' dir='ltr'><strong>occidunt</strong></span> <span class='ocrx_word' id='word_1_210' title='bbox 1572 2787 1586 2808; x_wconf 93' lang='lat'><strong>,</strong></span> <span class='ocrx_word' id='word_1_211' title='bbox 1618 2753 1663 2798; x_wconf 88' lang='lat' dir='ltr'><strong>et</strong></span> <span class='ocrx_word' id='word_1_212' title='bbox 1699 2744 1915 2816; x_wconf 77' lang='lat' dir='ltr'><strong>amplius</strong></span> <span class='ocrx_word' id='word_1_213' title='bbox 1944 2760 2044 2797; x_wconf 88' lang='lat' dir='ltr'><strong>non</strong></span> 
     </span>
    </p>
   </div>
   <div class='ocr_carea' id='block_1_27' title="bbox 470 2835 2043 2910">
    <p class='ocr_par' dir='ltr' id='par_1_27' title="bbox 470 2835 2043 2910">
     <span class='ocr_line' id='line_1_27' title="bbox 470 2835 2043 2910; baseline -0.005 -16"><span class='ocrx_word' id='word_1_214' title='bbox 470 2841 647 2895; x_wconf 80' lang='lat' dir='ltr'><strong>habent</strong></span> <span class='ocrx_word' id='word_1_215' title='bbox 673 2841 792 2910; x_wconf 91' lang='lat' dir='ltr'><strong>quid</strong></span> <span class='ocrx_word' id='word_1_216' title='bbox 821 2841 1046 2910; x_wconf 76' lang='lat' dir='ltr'><strong>faciant;</strong></span> <span class='ocrx_word' id='word_1_217' title='bbox 1071 2838 1160 2893; x_wconf 86' lang='lat' dir='ltr'><strong>sed</strong></span> <span class='ocrx_word' id='word_1_218' title='bbox 1191 2853 1304 2892; x_wconf 86' lang='lat' dir='ltr'><strong>eum</strong></span> <span class='ocrx_word' id='word_1_219' title='bbox 1331 2837 1496 2890; x_wconf 78' lang='lat' dir='ltr'><strong>timete</strong></span> <span class='ocrx_word' id='word_1_220' title='bbox 1539 2839 1624 2904; x_wconf 82' lang='lat' dir='ltr'><strong>qui</strong></span> <span class='ocrx_word' id='word_1_221' title='bbox 1649 2835 1794 2888; x_wconf 77' lang='lat' dir='ltr'><strong>habet</strong></span> <span class='ocrx_word' id='word_1_222' title='bbox 1823 2844 2043 2902; x_wconf 83' lang='lat' dir='ltr'><strong>potesta-</strong></span> 
     </span>
    </p>
   </div>
   <div class='ocr_carea' id='block_1_28' title="bbox 469 2923 2053 3007">
    <p class='ocr_par' dir='ltr' id='par_1_28' title="bbox 469 2923 2053 3007">
     <span class='ocr_line' id='line_1_28' title="bbox 469 2923 2053 3007; baseline -0.005 -21"><span class='ocrx_word' id='word_1_223' title='bbox 469 2942 587 2995; x_wconf 82' lang='lat' dir='ltr'><strong>tem,</strong></span> <span class='ocrx_word' id='word_1_224' title='bbox 615 2941 661 2986; x_wconf 83' lang='lat' dir='ltr'><strong>et</strong></span> <span class='ocrx_word' id='word_1_225' title='bbox 683 2947 864 3002; x_wconf 82' lang='lat' dir='ltr'><strong>corpus</strong></span> <span class='ocrx_word' id='word_1_226' title='bbox 891 2941 936 2986; x_wconf 86' lang='lat' dir='ltr'><strong>et</strong></span> <span class='ocrx_word' id='word_1_227' title='bbox 956 2933 1180 2985; x_wconf 86' lang='lat' dir='ltr'><strong>animam</strong></span> <span class='ocrx_word' id='word_1_228' title='bbox 1204 2929 1430 2984; x_wconf 86' lang='lat' dir='ltr'><strong>occidere</strong></span> <span class='ocrx_word' id='word_1_229' title='bbox 1454 2928 1506 2983; x_wconf 86' lang='lat' dir='ltr'><strong>in</strong></span> <span class='ocrx_word' id='word_1_230' title='bbox 1523 2928 1750 2999; x_wconf 81' lang='lat' dir='ltr'><strong>gehenna</strong></span> <span class='ocrx_word' id='word_1_231' title='bbox 1775 2927 1908 2996; x_wconf 88' lang='lat' dir='ltr'><strong>ignis</strong></span> <span class='ocrx_word' id='word_1_232' title='bbox 1929 2923 2053 3007; x_wconf 84' lang='lat' dir='ltr'><strong>(Id.</strong></span> 
     </span>
    </p>
   </div>
   <div class='ocr_carea' id='block_1_29' title="bbox 468 3018 2044 3091">
    <p class='ocr_par' dir='ltr' id='par_1_29' title="bbox 468 3018 2044 3091">
     <span class='ocr_line' id='line_1_29' title="bbox 468 3018 2044 3091; baseline -0.006 -15"><span class='ocrx_word' id='word_1_233' title='bbox 468 3035 524 3086; x_wconf 75' lang='grc' dir='ltr'><strong>ι,</strong></span> <span class='ocrx_word' id='word_1_234' title='bbox 553 3019 666 3091; x_wconf 73' lang='lat'><strong>28).</strong></span> <span class='ocrx_word' id='word_1_235' title='bbox 697 3020 892 3089; x_wconf 80' lang='lat' dir='ltr'><strong>Majore</strong></span> <span class='ocrx_word' id='word_1_236' title='bbox 933 3021 1125 3074; x_wconf 90' lang='lat' dir='ltr'><strong>timore</strong></span> <span class='ocrx_word' id='word_1_237' title='bbox 1153 3019 1358 3074; x_wconf 86' lang='lat' dir='ltr'><strong>minora</strong></span> <span class='ocrx_word' id='word_1_238' title='bbox 1404 3018 1826 3081; x_wconf 83' lang='lat' dir='ltr'><strong>contemnimus,</strong></span> <span class='ocrx_word' id='word_1_239' title='bbox 1849 3024 1904 3068; x_wconf 93' lang='lat' dir='ltr'><strong>et</strong></span> <span class='ocrx_word' id='word_1_240' title='bbox 1931 3029 2044 3067; x_wconf 80' lang='lat' dir='ltr'><strong>ma-</strong></span> 
     </span>
    </p>
   </div>
   <div class='ocr_carea' id='block_1_30' title="bbox 467 3099 2034 3180">
    <p class='ocr_par' dir='ltr' id='par_1_30' title="bbox 467 3099 2034 3180">
     <span class='ocr_line' id='line_1_30' title="bbox 467 3099 2034 3180; baseline -0.004 -15"><span class='ocrx_word' id='word_1_241' title='bbox 467 3111 583 3180; x_wconf 83' lang='lat' dir='ltr'><strong>jore</strong></span> <span class='ocrx_word' id='word_1_242' title='bbox 608 3111 919 3167; x_wconf 69' lang='lat' dir='ltr'><strong>mternitatis</strong></span> <span class='ocrx_word' id='word_1_243' title='bbox 956 3111 1246 3179; x_wconf 89' lang='lat' dir='ltr'><strong>cupiditate</strong></span> <span class='ocrx_word' id='word_1_244' title='bbox 1287 3109 1464 3164; x_wconf 89' lang='lat' dir='ltr'><strong>omnia</strong></span> <span class='ocrx_word' id='word_1_245' title='bbox 1496 3108 1808 3176; x_wconf 82' lang='lat' dir='ltr'><strong>temporalia</strong></span> <span class='ocrx_word' id='word_1_246' title='bbox 1833 3099 2034 3160; x_wconf 82' lang='lat' dir='ltr'><strong>fastidi-</strong></span> 
     </span>
    </p>
   </div>
   <div class='ocr_carea' id='block_1_31' title="bbox 469 3196 2044 3268">
    <p class='ocr_par' dir='ltr' id='par_1_31' title="bbox 469 3196 2044 3268">
     <span class='ocr_line' id='line_1_31' title="bbox 469 3196 2044 3268; baseline -0.003 -13"><span class='ocrx_word' id='word_1_247' title='bbox 469 3216 608 3255; x_wconf 88' lang='lat' dir='ltr'><strong>mus.</strong></span> <span class='ocrx_word' id='word_1_248' title='bbox 641 3201 771 3255; x_wconf 83' lang='lat' dir='ltr'><strong>Nam</strong></span> <span class='ocrx_word' id='word_1_249' title='bbox 809 3201 895 3254; x_wconf 91' lang='lat' dir='ltr'><strong>hic</strong></span> <span class='ocrx_word' id='word_1_250' title='bbox 923 3209 976 3255; x_wconf 92' lang='lat' dir='ltr'><strong>et</strong></span> <span class='ocrx_word' id='word_1_251' title='bbox 999 3199 1202 3255; x_wconf 65' lang='lat' dir='ltr'><strong>deliciae</strong></span> <span class='ocrx_word' id='word_1_252' title='bbox 1229 3198 1548 3268; x_wconf 88' lang='lat' dir='ltr'><strong>temporales</strong></span> <span class='ocrx_word' id='word_1_253' title='bbox 1573 3196 1756 3252; x_wconf 85' lang='lat' dir='ltr'><strong>dulces</strong></span> <span class='ocrx_word' id='word_1_254' title='bbox 1801 3205 1956 3260; x_wconf 90' lang='lat' dir='ltr'><strong>sunt,</strong></span> <span class='ocrx_word' id='word_1_255' title='bbox 1988 3203 2044 3251; x_wconf 90' lang='lat' dir='ltr'><strong>et</strong></span> 
     </span>
    </p>
   </div>
   <div class='ocr_carea' id='block_1_32' title="bbox 472 3285 2041 3359">
    <p class='ocr_par' dir='ltr' id='par_1_32' title="bbox 472 3285 2041 3359">
     <span class='ocr_line' id='line_1_32' title="bbox 472 3285 2041 3359; baseline -0.002 -15"><span class='ocrx_word' id='word_1_256' title='bbox 472 3291 840 3345; x_wconf 86' lang='lat' dir='ltr'><strong>tribulationes</strong></span> <span class='ocrx_word' id='word_1_257' title='bbox 881 3289 1198 3359; x_wconf 83' lang='lat' dir='ltr'><strong>temporales</strong></span> <span class='ocrx_word' id='word_1_258' title='bbox 1244 3302 1439 3342; x_wconf 72' lang='lat' dir='ltr'><strong>amarae</strong></span> <span class='ocrx_word' id='word_1_259' title='bbox 1462 3294 1628 3342; x_wconf 88' lang='lat' dir='ltr'><strong>sunt:</strong></span> <span class='ocrx_word' id='word_1_260' title='bbox 1659 3285 1752 3341; x_wconf 89' lang='lat' dir='ltr'><strong>sed</strong></span> <span class='ocrx_word' id='word_1_261' title='bbox 1791 3286 1910 3356; x_wconf 87' lang='lat' dir='ltr'><strong>quis</strong></span> <span class='ocrx_word' id='word_1_262' title='bbox 1933 3298 2041 3341; x_wconf 81' lang='lat' dir='ltr'><strong>non</strong></span> 
     </span>
    </p>
   </div>
   <div class='ocr_carea' id='block_1_33' title="bbox 466 3376 2042 3447">
    <p class='ocr_par' dir='ltr' id='par_1_33' title="bbox 466 3376 2042 3447">
     <span class='ocr_line' id='line_1_33' title="bbox 466 3376 2042 3447; baseline -0.004 -11"><span class='ocrx_word' id='word_1_263' title='bbox 466 3381 616 3436; x_wconf 82' lang='lat' dir='ltr'><strong>bibat</strong></span> <span class='ocrx_word' id='word_1_264' title='bbox 666 3379 1019 3436; x_wconf 87' lang='lat' dir='ltr'><strong>tribulationis</strong></span> <span class='ocrx_word' id='word_1_265' title='bbox 1085 3377 1392 3447; x_wconf 89' lang='lat' dir='ltr'><strong>temporalis</strong></span> <span class='ocrx_word' id='word_1_266' title='bbox 1453 3376 1700 3446; x_wconf 89' lang='lat' dir='ltr'><strong>poculum</strong></span> <span class='ocrx_word' id='word_1_267' title='bbox 1726 3415 1742 3441; x_wconf 95' lang='lat'><strong>,</strong></span> <span class='ocrx_word' id='word_1_268' title='bbox 1797 3386 2042 3430; x_wconf 80' lang='lat' dir='ltr'><strong>metuens</strong></span> 
     </span>
    </p>
   </div>
   <div class='ocr_carea' id='block_1_34' title="bbox 465 3464 2040 3542">
    <p class='ocr_par' dir='ltr' id='par_1_34' title="bbox 465 3464 2040 3542">
     <span class='ocr_line' id='line_1_34' title="bbox 465 3464 2040 3542; baseline -0.004 -18"><span class='ocrx_word' id='word_1_269' title='bbox 465 3471 640 3542; x_wconf 75' lang='lat' dir='ltr'><strong>ignem</strong></span> <span class='ocrx_word' id='word_1_270' title='bbox 667 3469 1024 3540; x_wconf 77' lang='lat' dir='ltr'><strong>gehennarum</strong></span> <span class='ocrx_word' id='word_1_271' title='bbox 1047 3485 1062 3535; x_wconf 90' lang='lat'><strong>;</strong></span> <span class='ocrx_word' id='word_1_272' title='bbox 1087 3479 1138 3523; x_wconf 93' lang='lat' dir='ltr'><strong>et</strong></span> <span class='ocrx_word' id='word_1_273' title='bbox 1168 3467 1289 3537; x_wconf 87' lang='lat' dir='ltr'><strong>quis</strong></span> <span class='ocrx_word' id='word_1_274' title='bbox 1327 3481 1430 3520; x_wconf 91' lang='lat' dir='ltr'><strong>non</strong></span> <span class='ocrx_word' id='word_1_275' title='bbox 1458 3472 1764 3521; x_wconf 85' lang='lat' dir='ltr'><strong>contemnat</strong></span> <span class='ocrx_word' id='word_1_276' title='bbox 1795 3464 2040 3520; x_wconf 87' lang='lat' dir='ltr'><strong>dulcedi-</strong></span> 
     </span>
    </p>
   </div>
   <div class='ocr_carea' id='block_1_35' title="bbox 465 3555 2041 3626">
    <p class='ocr_par' dir='ltr' id='par_1_35' title="bbox 465 3555 2041 3626">
     <span class='ocr_line' id='line_1_35' title="bbox 465 3555 2041 3626; baseline -0.001 -13"><span class='ocrx_word' id='word_1_277' title='bbox 465 3576 586 3614; x_wconf 84' lang='lat' dir='ltr'><strong>nem</strong></span> <span class='ocrx_word' id='word_1_278' title='bbox 648 3561 864 3626; x_wconf 57' lang='lat' dir='ltr'><strong>sarculi,</strong></span> <span class='ocrx_word' id='word_1_279' title='bbox 911 3559 1119 3613; x_wconf 86' lang='lat' dir='ltr'><strong>inhians</strong></span> <span class='ocrx_word' id='word_1_280' title='bbox 1165 3556 1434 3613; x_wconf 86' lang='lat' dir='ltr'><strong>dulcedini</strong></span> <span class='ocrx_word' id='word_1_281' title='bbox 1472 3557 1591 3610; x_wconf 81' lang='lat' dir='ltr'><strong>vitae</strong></span> <span class='ocrx_word' id='word_1_282' title='bbox 1627 3555 1878 3610; x_wconf 59' lang='lat' dir='ltr'><strong>aeterna?</strong></span> <span class='ocrx_word' id='word_1_283' title='bbox 1909 3555 2041 3611; x_wconf 87' lang='lat' dir='ltr'><strong>Hinc</strong></span> 
     </span>
    </p>
   </div>
   <div class='ocr_carea' id='block_1_36' title="bbox 461 3646 2040 3722">
    <p class='ocr_par' dir='ltr' id='par_1_36' title="bbox 461 3646 2040 3722">
     <span class='ocr_line' id='line_1_36' title="bbox 461 3646 2040 3722; baseline -0.004 -15"><span class='ocrx_word' id='word_1_284' title='bbox 461 3666 590 3722; x_wconf 76' lang='lat' dir='ltr'><strong>ergo</strong></span> <span class='ocrx_word' id='word_1_285' title='bbox 632 3661 691 3707; x_wconf 92' lang='lat' dir='ltr'><strong>ut</strong></span> <span class='ocrx_word' id='word_1_286' title='bbox 736 3653 1025 3707; x_wconf 88' lang='lat' dir='ltr'><strong>liberemur</strong></span> <span class='ocrx_word' id='word_1_287' title='bbox 1069 3652 1395 3714; x_wconf 87' lang='lat' dir='ltr'><strong>clamemus,</strong></span> <span class='ocrx_word' id='word_1_288' title='bbox 1433 3663 1504 3704; x_wconf 89' lang='lat' dir='ltr'><strong>ne</strong></span> <span class='ocrx_word' id='word_1_289' title='bbox 1533 3647 1672 3703; x_wconf 86' lang='lat' dir='ltr'><strong>forte</strong></span> <span class='ocrx_word' id='word_1_290' title='bbox 1692 3647 1744 3701; x_wconf 91' lang='lat' dir='ltr'><strong>in</strong></span> <span class='ocrx_word' id='word_1_291' title='bbox 1773 3646 2040 3717; x_wconf 81' lang='lat' dir='ltr'><strong>pressaris</strong></span> 
     </span>
    </p>
   </div>
   <div class='ocr_carea' id='block_1_37' title="bbox 462 3735 2040 3811">
    <p class='ocr_par' dir='ltr' id='par_1_37' title="bbox 462 3735 2040 3811">
     <span class='ocr_line' id='line_1_37' title="bbox 462 3735 2040 3811; baseline -0.004 -15"><span class='ocrx_word' id='word_1_292' title='bbox 462 3743 856 3796; x_wconf 82' lang='lat' dir='ltr'><strong>consentiamus</strong></span> <span class='ocrx_word' id='word_1_293' title='bbox 903 3742 1198 3811; x_wconf 83' lang='lat' dir='ltr'><strong>iniquitati,</strong></span> <span class='ocrx_word' id='word_1_294' title='bbox 1239 3748 1293 3795; x_wconf 90' lang='lat' dir='ltr'><strong>et</strong></span> <span class='ocrx_word' id='word_1_295' title='bbox 1321 3751 1446 3795; x_wconf 84' lang='lat' dir='ltr'><strong>vere</strong></span> <span class='ocrx_word' id='word_1_296' title='bbox 1482 3735 1896 3806; x_wconf 76' lang='lat' dir='ltr'><strong>irreparabiliter</strong></span> <span class='ocrx_word' id='word_1_297' title='bbox 1921 3751 2040 3790; x_wconf 89' lang='lat' dir='ltr'><strong>sor-</strong></span> 
     </span>
    </p>
   </div>
   <div class='ocr_carea' id='block_1_38' title="bbox 460 3827 2037 3900">
    <p class='ocr_par' dir='ltr' id='par_1_38' title="bbox 460 3827 2037 3900">
     <span class='ocr_line' id='line_1_38' title="bbox 460 3827 2037 3900; baseline -0.004 -14"><span class='ocrx_word' id='word_1_298' title='bbox 460 3830 682 3886; x_wconf 84' lang='lat' dir='ltr'><strong>beamur</strong></span> <span class='ocrx_word' id='word_1_299' title='bbox 710 3849 722 3884; x_wconf 87' lang='grc'><strong>;</strong></span> <span class='ocrx_word' id='word_1_300' title='bbox 757 3831 965 3885; x_wconf 82' lang='lat' dir='ltr'><strong>Salvum</strong></span> <span class='ocrx_word' id='word_1_301' title='bbox 1003 3846 1082 3883; x_wconf 89' lang='lat' dir='ltr'><strong>me</strong></span> <span class='ocrx_word' id='word_1_302' title='bbox 1110 3833 1191 3900; x_wconf 84' lang='lat' dir='ltr'><strong>fac</strong></span> <span class='ocrx_word' id='word_1_303' title='bbox 1213 3870 1230 3896; x_wconf 90' lang='lat'><strong>,</strong></span> <span class='ocrx_word' id='word_1_304' title='bbox 1259 3827 1432 3894; x_wconf 82' lang='lat' dir='ltr'><strong>Deus,</strong></span> <span class='ocrx_word' id='word_1_305' title='bbox 1459 3827 1696 3897; x_wconf 72' lang='lat' dir='ltr'><strong>quoniam</strong></span> <span class='ocrx_word' id='word_1_306' title='bbox 1741 3827 2037 3881; x_wconf 78' lang='lat' dir='ltr'><strong>introierunt</strong></span> 
     </span>
    </p>
   </div>
   <div class='ocr_carea' id='block_1_39' title="bbox 461 3918 1330 3988">
    <p class='ocr_par' dir='ltr' id='par_1_39' title="bbox 461 3918 1330 3988">
     <span class='ocr_line' id='line_1_39' title="bbox 461 3918 1330 3988; baseline -0.002 -16"><span class='ocrx_word' id='word_1_307' title='bbox 461 3936 606 3988; x_wconf 65' lang='lat' dir='ltr'><strong>aqua</strong></span> <span class='ocrx_word' id='word_1_308' title='bbox 633 3935 786 3988; x_wconf 78' lang='lat' dir='ltr'><strong>usque</strong></span> <span class='ocrx_word' id='word_1_309' title='bbox 810 3918 876 3970; x_wconf 87' lang='lat' dir='ltr'><strong>ad</strong></span> <span class='ocrx_word' id='word_1_310' title='bbox 905 3919 1128 3971; x_wconf 87' lang='lat' dir='ltr'><strong>animam</strong></span> <span class='ocrx_word' id='word_1_311' title='bbox 1148 3933 1330 3971; x_wconf 88' lang='lat' dir='ltr'><strong>meam.</strong></span> 
     </span>
    </p>
   </div>
   <div class='ocr_carea' id='block_1_40' title="bbox 531 4004 2037 4081">
    <p class='ocr_par' dir='ltr' id='par_1_40' title="bbox 531 4004 2037 4081">
     <span class='ocr_line' id='line_1_40' title="bbox 531 4004 2037 4081; baseline -0.003 -17"><span class='ocrx_word' id='word_1_312' title='bbox 531 4011 586 4064; x_wconf 79' lang='grc'><strong>4.</strong></span> <span class='ocrx_word' id='word_1_313' title='bbox 609 4009 756 4081; x_wconf 73' lang='lat' dir='ltr'><strong>(vers.</strong></span> <span class='ocrx_word' id='word_1_314' title='bbox 779 4009 857 4081; x_wconf 79' lang='grc'><strong>5.]</strong></span> <span class='ocrx_word' id='word_1_315' title='bbox 889 4007 1086 4078; x_wconf 70' lang='lat' dir='ltr'><strong>lnﬁxus</strong></span> <span class='ocrx_word' id='word_1_316' title='bbox 1107 4023 1217 4062; x_wconf 88' lang='lat' dir='ltr'><strong>sum</strong></span> <span class='ocrx_word' id='word_1_317' title='bbox 1240 4007 1293 4060; x_wconf 89' lang='lat' dir='ltr'><strong>in</strong></span> <span class='ocrx_word' id='word_1_318' title='bbox 1315 4007 1434 4059; x_wconf 86' lang='lat' dir='ltr'><strong>limo</strong></span> <span class='ocrx_word' id='word_1_319' title='bbox 1455 4004 1696 4076; x_wconf 75' lang='lat' dir='ltr'><strong>profundi</strong></span> <span class='ocrx_word' id='word_1_320' title='bbox 1719 4047 1733 4069; x_wconf 97' lang='lat'><strong>,</strong></span> <span class='ocrx_word' id='word_1_321' title='bbox 1764 4015 1808 4060; x_wconf 88' lang='lat' dir='ltr'><strong>et</strong></span> <span class='ocrx_word' id='word_1_322' title='bbox 1835 4021 1935 4059; x_wconf 88' lang='lat' dir='ltr'><strong>non</strong></span> <span class='ocrx_word' id='word_1_323' title='bbox 1958 4014 2037 4060; x_wconf 71' lang='lat' dir='ltr'><strong>est</strong></span> 
     </span>
    </p>
   </div>
   <div class='ocr_carea' id='block_1_41' title="bbox 460 4095 2037 4166">
    <p class='ocr_par' dir='ltr' id='par_1_41' title="bbox 460 4095 2037 4166">
     <span class='ocr_line' id='line_1_41' title="bbox 460 4095 2037 4166; baseline -0.003 -13"><span class='ocrx_word' id='word_1_324' title='bbox 460 4101 755 4154; x_wconf 75' lang='lat' dir='ltr'><strong>substantia.</strong></span> <span class='ocrx_word' id='word_1_325' title='bbox 785 4099 919 4166; x_wconf 90' lang='lat' dir='ltr'><strong>Quid</strong></span> <span class='ocrx_word' id='word_1_326' title='bbox 947 4099 1076 4152; x_wconf 87' lang='lat' dir='ltr'><strong>dicit</strong></span> <span class='ocrx_word' id='word_1_327' title='bbox 1115 4096 1340 4152; x_wconf 87' lang='lat' dir='ltr'><strong>limum?</strong></span> <span class='ocrx_word' id='word_1_328' title='bbox 1363 4111 1431 4150; x_wconf 92' lang='lat' dir='ltr'><strong>an</strong></span> <span class='ocrx_word' id='word_1_329' title='bbox 1476 4096 1620 4166; x_wconf 85' lang='lat' dir='ltr'><strong>ipsos</strong></span> <span class='ocrx_word' id='word_1_330' title='bbox 1649 4095 1740 4166; x_wconf 90' lang='lat' dir='ltr'><strong>qui</strong></span> <span class='ocrx_word' id='word_1_331' title='bbox 1769 4096 2037 4166; x_wconf 78' lang='lat' dir='ltr'><strong>persecuti</strong></span> 
     </span>
    </p>
   </div>
   <div class='ocr_carea' id='block_1_42' title="bbox 458 4186 2035 4257">
    <p class='ocr_par' dir='ltr' id='par_1_42' title="bbox 458 4186 2035 4257">
     <span class='ocr_line' id='line_1_42' title="bbox 458 4186 2035 4257; baseline -0.003 -10"><span class='ocrx_word' id='word_1_332' title='bbox 458 4192 624 4247; x_wconf 84' lang='lat' dir='ltr'><strong>sunt?</strong></span> <span class='ocrx_word' id='word_1_333' title='bbox 654 4192 728 4247; x_wconf 90' lang='lat' dir='ltr'><strong>De</strong></span> <span class='ocrx_word' id='word_1_334' title='bbox 750 4191 878 4246; x_wconf 87' lang='lat' dir='ltr'><strong>limo</strong></span> <span class='ocrx_word' id='word_1_335' title='bbox 898 4190 1038 4244; x_wconf 90' lang='lat' dir='ltr'><strong>enim</strong></span> <span class='ocrx_word' id='word_1_336' title='bbox 1078 4187 1246 4243; x_wconf 87' lang='lat' dir='ltr'><strong>factus</strong></span> <span class='ocrx_word' id='word_1_337' title='bbox 1268 4197 1352 4244; x_wconf 90' lang='lat' dir='ltr'><strong>est</strong></span> <span class='ocrx_word' id='word_1_338' title='bbox 1379 4188 1539 4242; x_wconf 87' lang='lat' dir='ltr'><strong>homo</strong></span> <span class='ocrx_word' id='word_1_339' title='bbox 1558 4186 1710 4257; x_wconf 87' lang='lat' dir='ltr'><strong>(Gen.</strong></span> <span class='ocrx_word' id='word_1_340' title='bbox 1732 4203 1802 4255; x_wconf 88' lang='grc' dir='ltr'><strong>ιι,</strong></span> <span class='ocrx_word' id='word_1_341' title='bbox 1825 4189 1899 4257; x_wconf 88' lang='grc'><strong>7).</strong></span> <span class='ocrx_word' id='word_1_342' title='bbox 1929 4186 2035 4242; x_wconf 85' lang='lat' dir='ltr'><strong>Sed</strong></span> 
     </span>
    </p>
   </div>
   <div class='ocr_carea' id='block_1_43' title="bbox 456 4281 2030 4352">
    <p class='ocr_par' dir='ltr' id='par_1_43' title="bbox 456 4281 2030 4352">
     <span class='ocr_line' id='line_1_43' title="bbox 456 4281 2030 4352; baseline -0.004 -12"><span class='ocrx_word' id='word_1_343' title='bbox 456 4286 574 4349; x_wconf 91' lang='lat' dir='ltr'><strong>isti,</strong></span> <span class='ocrx_word' id='word_1_344' title='bbox 601 4282 840 4340; x_wconf 89' lang='lat' dir='ltr'><strong>cadendo</strong></span> <span class='ocrx_word' id='word_1_345' title='bbox 868 4299 897 4337; x_wconf 90' lang='lat' dir='ltr'><strong>a</strong></span> <span class='ocrx_word' id='word_1_346' title='bbox 937 4282 1139 4352; x_wconf 87' lang='lat' dir='ltr'><strong>justitia</strong></span> <span class='ocrx_word' id='word_1_347' title='bbox 1163 4323 1178 4347; x_wconf 94' lang='lat'><strong>,</strong></span> <span class='ocrx_word' id='word_1_348' title='bbox 1219 4282 1377 4335; x_wconf 90' lang='lat' dir='ltr'><strong>limus</strong></span> <span class='ocrx_word' id='word_1_349' title='bbox 1416 4281 1664 4350; x_wconf 78' lang='lat' dir='ltr'><strong>profundi</strong></span> <span class='ocrx_word' id='word_1_350' title='bbox 1710 4281 1830 4335; x_wconf 88' lang='lat' dir='ltr'><strong>facti</strong></span> <span class='ocrx_word' id='word_1_351' title='bbox 1867 4288 2030 4346; x_wconf 90' lang='lat' dir='ltr'><strong>sunt;</strong></span> 
     </span>
    </p>
   </div>
   <div class='ocr_carea' id='block_1_44' title="bbox 455 4371 2034 4448">
    <p class='ocr_par' dir='ltr' id='par_1_44' title="bbox 455 4371 2034 4448">
     <span class='ocr_line' id='line_1_44' title="bbox 455 4371 2034 4448; baseline -0.004 -16"><span class='ocrx_word' id='word_1_352' title='bbox 455 4378 650 4448; x_wconf 86' lang='lat' dir='ltr'><strong>quibus</strong></span> <span class='ocrx_word' id='word_1_353' title='bbox 675 4375 1112 4447; x_wconf 85' lang='lat' dir='ltr'><strong>persequentibus</strong></span> <span class='ocrx_word' id='word_1_354' title='bbox 1147 4381 1202 4428; x_wconf 91' lang='lat' dir='ltr'><strong>et</strong></span> <span class='ocrx_word' id='word_1_355' title='bbox 1227 4373 1295 4427; x_wconf 86' lang='lat' dir='ltr'><strong>ad</strong></span> <span class='ocrx_word' id='word_1_356' title='bbox 1323 4373 1658 4443; x_wconf 89' lang='lat' dir='ltr'><strong>iniquitatem</strong></span> <span class='ocrx_word' id='word_1_357' title='bbox 1701 4371 1913 4427; x_wconf 87' lang='lat' dir='ltr'><strong>trahere</strong></span> <span class='ocrx_word' id='word_1_358' title='bbox 1943 4387 2034 4426; x_wconf 87' lang='lat' dir='ltr'><strong>cu-</strong></span> 
     </span>
    </p>
   </div>
   <div class='ocr_carea' id='block_1_45' title="bbox 456 4463 2031 4539">
    <p class='ocr_par' dir='ltr' id='par_1_45' title="bbox 456 4463 2031 4539">
     <span class='ocr_line' id='line_1_45' title="bbox 456 4463 2031 4539; baseline -0.004 -16"><span class='ocrx_word' id='word_1_359' title='bbox 456 4468 724 4539; x_wconf 88' lang='lat' dir='ltr'><strong>pientibus</strong></span> <span class='ocrx_word' id='word_1_360' title='bbox 751 4467 989 4536; x_wconf 84' lang='lat' dir='ltr'><strong>quisquis</strong></span> <span class='ocrx_word' id='word_1_361' title='bbox 1015 4479 1119 4520; x_wconf 91' lang='lat' dir='ltr'><strong>non</strong></span> <span class='ocrx_word' id='word_1_362' title='bbox 1158 4465 1530 4529; x_wconf 89' lang='lat' dir='ltr'><strong>consenserit,</strong></span> <span class='ocrx_word' id='word_1_363' title='bbox 1555 4463 1624 4518; x_wconf 86' lang='lat' dir='ltr'><strong>de</strong></span> <span class='ocrx_word' id='word_1_364' title='bbox 1659 4463 1784 4518; x_wconf 89' lang='lat' dir='ltr'><strong>limo</strong></span> <span class='ocrx_word' id='word_1_365' title='bbox 1809 4477 1906 4517; x_wconf 90' lang='lat' dir='ltr'><strong>suo</strong></span> <span class='ocrx_word' id='word_1_366' title='bbox 1933 4477 2031 4517; x_wconf 89' lang='lat' dir='ltr'><strong>au-</strong></span> 
     </span>
    </p>
   </div>
   <div class='ocr_carea' id='block_1_46' title="bbox 460 4554 2032 4624">
    <p class='ocr_par' dir='ltr' id='par_1_46' title="bbox 460 4554 2032 4624">
     <span class='ocr_line' id='line_1_46' title="bbox 460 4554 2032 4624; baseline -0.003 -9"><span class='ocrx_word' id='word_1_367' title='bbox 460 4577 576 4615; x_wconf 87' lang='lat' dir='ltr'><strong>rum</strong></span> <span class='ocrx_word' id='word_1_368' title='bbox 599 4561 744 4614; x_wconf 84' lang='lat' dir='ltr'><strong>facit.</strong></span> <span class='ocrx_word' id='word_1_369' title='bbox 771 4558 1063 4614; x_wconf 85' lang='lat' dir='ltr'><strong>Merebitur</strong></span> <span class='ocrx_word' id='word_1_370' title='bbox 1089 4557 1230 4612; x_wconf 87' lang='lat' dir='ltr'><strong>enim</strong></span> <span class='ocrx_word' id='word_1_371' title='bbox 1284 4556 1440 4610; x_wconf 89' lang='lat' dir='ltr'><strong>limus</strong></span> <span class='ocrx_word' id='word_1_372' title='bbox 1489 4556 1654 4624; x_wconf 88' lang='lat' dir='ltr'><strong>ipsius</strong></span> <span class='ocrx_word' id='word_1_373' title='bbox 1698 4554 1935 4609; x_wconf 87' lang='lat' dir='ltr'><strong>converti</strong></span> <span class='ocrx_word' id='word_1_374' title='bbox 1979 4555 2032 4610; x_wconf 91' lang='lat' dir='ltr'><strong>in</strong></span> 
     </span>
    </p>
   </div>
   <div class='ocr_carea' id='block_1_47' title="bbox 457 4645 2034 4715">
    <p class='ocr_par' dir='ltr' id='par_1_47' title="bbox 457 4645 2034 4715">
     <span class='ocr_line' id='line_1_47' title="bbox 457 4645 2034 4715; baseline -0.003 -11"><span class='ocrx_word' id='word_1_375' title='bbox 457 4651 816 4706; x_wconf 85' lang='lat' dir='ltr'><strong>habitudinem</strong></span> <span class='ocrx_word' id='word_1_376' title='bbox 839 4651 1110 4706; x_wconf 60' lang='lat' dir='ltr'><strong>caelestem</strong></span> <span class='ocrx_word' id='word_1_377' title='bbox 1137 4689 1151 4712; x_wconf 94' lang='lat'><strong>,</strong></span> <span class='ocrx_word' id='word_1_378' title='bbox 1177 4659 1230 4702; x_wconf 90' lang='lat' dir='ltr'><strong>et</strong></span> <span class='ocrx_word' id='word_1_379' title='bbox 1263 4648 1440 4702; x_wconf 89' lang='lat' dir='ltr'><strong>socius</strong></span> <span class='ocrx_word' id='word_1_380' title='bbox 1470 4646 1585 4701; x_wconf 89' lang='lat' dir='ltr'><strong>ﬁeri</strong></span> <span class='ocrx_word' id='word_1_381' title='bbox 1611 4661 1795 4700; x_wconf 90' lang='lat' dir='ltr'><strong>eorum</strong></span> <span class='ocrx_word' id='word_1_382' title='bbox 1821 4645 1889 4700; x_wconf 90' lang='lat' dir='ltr'><strong>de</strong></span> <span class='ocrx_word' id='word_1_383' title='bbox 1916 4645 2034 4715; x_wconf 87' lang='lat' dir='ltr'><strong>qui-</strong></span> 
     </span>
    </p>
   </div>
   <div class='ocr_carea' id='block_1_48' title="bbox 439 4734 2030 4806">
    <p class='ocr_par' dir='ltr' id='par_1_48' title="bbox 439 4734 2030 4806">
     <span class='ocr_line' id='line_1_48' title="bbox 439 4734 2030 4806; baseline -0.004 -12"><span class='ocrx_word' id='word_1_384' title='bbox 439 4743 554 4796; x_wconf 80' lang='lat' dir='ltr'><strong>‘hus</strong></span> <span class='ocrx_word' id='word_1_385' title='bbox 578 4740 706 4795; x_wconf 90' lang='lat' dir='ltr'><strong>dicit</strong></span> <span class='ocrx_word' id='word_1_386' title='bbox 723 4734 903 4795; x_wconf 81' lang='lat' dir='ltr'><strong>titulus</strong></span> <span class='ocrx_word' id='word_1_387' title='bbox 935 4741 1127 4796; x_wconf 87' lang='lat' dir='ltr'><strong>Psalmi</strong></span> <span class='ocrx_word' id='word_1_388' title='bbox 1147 4741 1168 4770; x_wconf 82' lang='lat'>&#39;</span> <span class='ocrx_word' id='word_1_389' title='bbox 1192 4755 1206 4793; x_wconf 89' lang='lat'><strong>:</strong></span> <span class='ocrx_word' id='word_1_390' title='bbox 1241 4737 1441 4791; x_wconf 87' lang='lat' dir='ltr'><strong>Prohis</strong></span> <span class='ocrx_word' id='word_1_391' title='bbox 1464 4737 1549 4806; x_wconf 86' lang='lat' dir='ltr'><strong>qui</strong></span> <span class='ocrx_word' id='word_1_392' title='bbox 1578 4736 2030 4790; x_wconf 80' lang='lat' dir='ltr'><strong>commutabantur.</strong></span> 
     </span>
    </p>
   </div>
   <div class='ocr_carea' id='block_1_49' title="bbox 456 4824 2029 4898">
    <p class='ocr_par' dir='ltr' id='par_1_49' title="bbox 456 4824 2029 4898">
     <span class='ocr_line' id='line_1_49' title="bbox 456 4824 2029 4898; baseline -0.004 -14"><span class='ocrx_word' id='word_1_393' title='bbox 456 4831 544 4884; x_wconf 88' lang='lat' dir='ltr'><strong>Isti</strong></span> <span class='ocrx_word' id='word_1_394' title='bbox 585 4839 759 4884; x_wconf 87' lang='lat' dir='ltr'><strong>autem</strong></span> <span class='ocrx_word' id='word_1_395' title='bbox 804 4846 922 4884; x_wconf 90' lang='lat' dir='ltr'><strong>cum</strong></span> <span class='ocrx_word' id='word_1_396' title='bbox 950 4831 1104 4884; x_wconf 90' lang='lat' dir='ltr'><strong>limus</strong></span> <span class='ocrx_word' id='word_1_397' title='bbox 1135 4827 1380 4898; x_wconf 83' lang='lat' dir='ltr'><strong>profundi</strong></span> <span class='ocrx_word' id='word_1_398' title='bbox 1415 4832 1595 4880; x_wconf 80' lang='lat' dir='ltr'><strong>essent</strong></span> <span class='ocrx_word' id='word_1_399' title='bbox 1616 4867 1632 4890; x_wconf 95' lang='lat'><strong>,</strong></span> <span class='ocrx_word' id='word_1_400' title='bbox 1663 4825 1790 4879; x_wconf 61' lang='lat' dir='ltr'><strong>haesi</strong></span> <span class='ocrx_word' id='word_1_401' title='bbox 1817 4825 1869 4878; x_wconf 90' lang='lat' dir='ltr'><strong>in</strong></span> <span class='ocrx_word' id='word_1_402' title='bbox 1897 4824 2029 4889; x_wconf 90' lang='lat' dir='ltr'><strong>illis;</strong></span> 
     </span>
    </p>
   </div>
   <div class='ocr_carea' id='block_1_50' title="bbox 458 4914 2032 4987">
    <p class='ocr_par' dir='ltr' id='par_1_50' title="bbox 458 4914 2032 4987">
     <span class='ocr_line' id='line_1_50' title="bbox 458 4914 2032 4987; baseline -0.005 -12"><span class='ocrx_word' id='word_1_403' title='bbox 458 4921 510 4976; x_wconf 88' lang='lat' dir='ltr'><strong>id</strong></span> <span class='ocrx_word' id='word_1_404' title='bbox 562 4929 646 4976; x_wconf 87' lang='lat' dir='ltr'><strong>est</strong></span> <span class='ocrx_word' id='word_1_405' title='bbox 698 4929 980 4976; x_wconf 88' lang='lat' dir='ltr'><strong>tenuerunt</strong></span> <span class='ocrx_word' id='word_1_406' title='bbox 1033 4935 1160 4984; x_wconf 90' lang='lat' dir='ltr'><strong>me,</strong></span> <span class='ocrx_word' id='word_1_407' title='bbox 1214 4917 1606 4987; x_wconf 71' lang='lat' dir='ltr'><strong>prazvalueruut</strong></span> <span class='ocrx_word' id='word_1_408' title='bbox 1663 4914 1834 4980; x_wconf 76' lang='lat' dir='ltr'><strong>mihi,</strong></span> <span class='ocrx_word' id='word_1_409' title='bbox 1890 4916 2032 4969; x_wconf 90' lang='lat' dir='ltr'><strong>occi-</strong></span> 
     </span>
    </p>
   </div>
   <div class='ocr_carea' id='block_1_51' title="bbox 455 5006 2031 5080">
    <p class='ocr_par' dir='ltr' id='par_1_51' title="bbox 455 5006 2031 5080">
     <span class='ocr_line' id='line_1_51' title="bbox 455 5006 2031 5080; baseline -0.003 -15"><span class='ocrx_word' id='word_1_410' title='bbox 455 5012 647 5072; x_wconf 84' lang='lat' dir='ltr'><strong>derunt</strong></span> <span class='ocrx_word' id='word_1_411' title='bbox 674 5026 782 5065; x_wconf 88' lang='lat' dir='ltr'><strong>me.</strong></span> <span class='ocrx_word' id='word_1_412' title='bbox 812 5009 1013 5078; x_wconf 72' lang='lat' dir='ltr'><strong>Infixae</strong></span> <span class='ocrx_word' id='word_1_413' title='bbox 1041 5024 1170 5080; x_wconf 78' lang='lat' dir='ltr'><strong>ergo</strong></span> <span class='ocrx_word' id='word_1_414' title='bbox 1191 5025 1304 5063; x_wconf 86' lang='lat' dir='ltr'><strong>sum</strong></span> <span class='ocrx_word' id='word_1_415' title='bbox 1343 5009 1396 5062; x_wconf 86' lang='lat' dir='ltr'><strong>in</strong></span> <span class='ocrx_word' id='word_1_416' title='bbox 1422 5008 1541 5061; x_wconf 89' lang='lat' dir='ltr'><strong>limo</strong></span> <span class='ocrx_word' id='word_1_417' title='bbox 1569 5006 1834 5076; x_wconf 79' lang='lat' dir='ltr'><strong>profundi,</strong></span> <span class='ocrx_word' id='word_1_418' title='bbox 1861 5015 1906 5060; x_wconf 88' lang='lat' dir='ltr'><strong>et</strong></span> <span class='ocrx_word' id='word_1_419' title='bbox 1931 5023 2031 5060; x_wconf 89' lang='lat' dir='ltr'><strong>non</strong></span> 
     </span>
    </p>
   </div>
   <div class='ocr_carea' id='block_1_52' title="bbox 455 5092 2032 5167">
    <p class='ocr_par' dir='ltr' id='par_1_52' title="bbox 455 5092 2032 5167">
     <span class='ocr_line' id='line_1_52' title="bbox 455 5092 2032 5167; baseline -0.006 -7"><span class='ocrx_word' id='word_1_420' title='bbox 455 5116 527 5161; x_wconf 79' lang='lat' dir='ltr'><strong>est</strong></span> <span class='ocrx_word' id='word_1_421' title='bbox 553 5103 852 5158; x_wconf 79' lang='lat' dir='ltr'><strong>substantia.</strong></span> <span class='ocrx_word' id='word_1_422' title='bbox 878 5102 1014 5167; x_wconf 87' lang='lat' dir='ltr'><strong>Quid</strong></span> <span class='ocrx_word' id='word_1_423' title='bbox 1039 5112 1122 5156; x_wconf 88' lang='lat' dir='ltr'><strong>est</strong></span> <span class='ocrx_word' id='word_1_424' title='bbox 1147 5101 1266 5165; x_wconf 89' lang='lat' dir='ltr'><strong>hoc,</strong></span> <span class='ocrx_word' id='word_1_425' title='bbox 1295 5117 1396 5154; x_wconf 88' lang='lat' dir='ltr'><strong>non</strong></span> <span class='ocrx_word' id='word_1_426' title='bbox 1422 5092 1493 5153; x_wconf 80' lang='lat' dir='ltr'><strong>est</strong></span> <span class='ocrx_word' id='word_1_427' title='bbox 1517 5099 1796 5153; x_wconf 78' lang='lat' dir='ltr'><strong>substantia</strong></span> <span class='ocrx_word' id='word_1_428' title='bbox 1813 5098 1839 5151; x_wconf 62' lang='grc' dir='ltr'><em>θ</em></span> <span class='ocrx_word' id='word_1_429' title='bbox 1869 5097 2032 5152; x_wconf 83' lang='lat' dir='ltr'><strong>Num-</strong></span> 
     </span>
    </p>
   </div>
   <div class='ocr_carea' id='block_1_53' title="bbox 427 5191 2031 5268">
    <p class='ocr_par' dir='ltr' id='par_1_53' title="bbox 427 5191 2031 5268">
     <span class='ocr_line' id='line_1_53' title="bbox 427 5191 2031 5268; baseline -0.006 -15"><span class='ocrx_word' id='word_1_430' title='bbox 427 5260 435 5268; x_wconf 80' lang='grc' dir='ltr'><strong> </strong></span> <span class='ocrx_word' id='word_1_431' title='bbox 457 5198 712 5268; x_wconf 87' lang='lat' dir='ltr'><strong>quidnam</strong></span> <span class='ocrx_word' id='word_1_432' title='bbox 736 5195 850 5264; x_wconf 90' lang='lat' dir='ltr'><strong>ipse</strong></span> <span class='ocrx_word' id='word_1_433' title='bbox 871 5194 1063 5248; x_wconf 88' lang='lat' dir='ltr'><strong>liumus</strong></span> <span class='ocrx_word' id='word_1_434' title='bbox 1088 5207 1192 5247; x_wconf 92' lang='lat' dir='ltr'><strong>non</strong></span> <span class='ocrx_word' id='word_1_435' title='bbox 1218 5200 1300 5247; x_wconf 91' lang='lat' dir='ltr'><strong>est</strong></span> <span class='ocrx_word' id='word_1_436' title='bbox 1327 5191 1657 5247; x_wconf 79' lang='lat' dir='ltr'><strong>substantia?</strong></span> <span class='ocrx_word' id='word_1_437' title='bbox 1683 5191 1763 5244; x_wconf 89' lang='lat' dir='ltr'><strong>An</strong></span> <span class='ocrx_word' id='word_1_438' title='bbox 1783 5233 1797 5254; x_wconf 98' lang='lat'><strong>,</strong></span> <span class='ocrx_word' id='word_1_439' title='bbox 1827 5206 1924 5260; x_wconf 75' lang='lat' dir='ltr'><strong>ego</strong></span> <span class='ocrx_word' id='word_1_440' title='bbox 1947 5191 2031 5244; x_wconf 77' lang='lat' dir='ltr'><strong>in-</strong></span> 
     </span>
    </p>
   </div>
   <div class='ocr_carea' id='block_1_54' title="bbox 459 5281 2034 5348">
    <p class='ocr_par' dir='ltr' id='par_1_54' title="bbox 459 5281 2034 5348">
     <span class='ocr_line' id='line_1_54' title="bbox 459 5281 2034 5348; baseline -0.004 -6"><span class='ocrx_word' id='word_1_441' title='bbox 459 5287 711 5343; x_wconf 73' lang='lat' dir='ltr'><strong>htcrendo</strong></span> <span class='ocrx_word' id='word_1_442' title='bbox 739 5285 910 5340; x_wconf 85' lang='lat' dir='ltr'><strong>factus</strong></span> <span class='ocrx_word' id='word_1_443' title='bbox 955 5298 1072 5338; x_wconf 92' lang='lat' dir='ltr'><strong>sum</strong></span> <span class='ocrx_word' id='word_1_444' title='bbox 1121 5296 1225 5336; x_wconf 92' lang='lat' dir='ltr'><strong>non</strong></span> <span class='ocrx_word' id='word_1_445' title='bbox 1254 5296 1375 5336; x_wconf 88' lang='lat' dir='ltr'><strong>esse</strong></span> <span class='ocrx_word' id='word_1_446' title='bbox 1415 5281 1744 5337; x_wconf 79' lang='lat' dir='ltr'><strong>substantia?</strong></span> <span class='ocrx_word' id='word_1_447' title='bbox 1772 5281 1908 5348; x_wconf 85' lang='lat' dir='ltr'><strong>Quid</strong></span> <span class='ocrx_word' id='word_1_448' title='bbox 1951 5291 2034 5336; x_wconf 90' lang='lat' dir='ltr'><strong>est</strong></span> 
     </span>
    </p>
   </div>
   <div class='ocr_carea' id='block_1_55' title="bbox 457 5371 2032 5449">
    <p class='ocr_par' dir='ltr' id='par_1_55' title="bbox 457 5371 2032 5449">
     <span class='ocr_line' id='line_1_55' title="bbox 457 5371 2032 5449; baseline -0.004 -16"><span class='ocrx_word' id='word_1_449' title='bbox 457 5393 606 5449; x_wconf 71' lang='lat' dir='ltr'><strong>ergo,</strong></span> <span class='ocrx_word' id='word_1_450' title='bbox 633 5376 839 5447; x_wconf 75' lang='lat' dir='ltr'><strong>lnﬁxus</strong></span> <span class='ocrx_word' id='word_1_451' title='bbox 867 5375 1021 5431; x_wconf 75' lang='lat' dir='ltr'><strong>sum?</strong></span> <span class='ocrx_word' id='word_1_452' title='bbox 1056 5371 1442 5443; x_wconf 82' lang='lat' dir='ltr'><strong>Numquidnam</strong></span> <span class='ocrx_word' id='word_1_453' title='bbox 1469 5374 1546 5428; x_wconf 90' lang='lat' dir='ltr'><strong>sic</strong></span> <span class='ocrx_word' id='word_1_454' title='bbox 1572 5372 1727 5428; x_wconf 69' lang='lat' dir='ltr'><strong>haesit</strong></span> <span class='ocrx_word' id='word_1_455' title='bbox 1749 5371 2032 5428; x_wconf 85' lang='lat' dir='ltr'><strong>Christus?</strong></span> 
     </span>
    </p>
   </div>
   <div class='ocr_carea' id='block_1_56' title="bbox 459 5461 2030 5533">
    <p class='ocr_par' dir='ltr' id='par_1_56' title="bbox 459 5461 2030 5533">
     <span class='ocr_line' id='line_1_56' title="bbox 459 5461 2030 5533; baseline -0.003 -10"><span class='ocrx_word' id='word_1_456' title='bbox 459 5470 568 5523; x_wconf 82' lang='lat' dir='ltr'><strong>Aut</strong></span> <span class='ocrx_word' id='word_1_457' title='bbox 593 5480 722 5533; x_wconf 82' lang='lat' dir='ltr'><strong>vero</strong></span> <span class='ocrx_word' id='word_1_458' title='bbox 768 5467 962 5532; x_wconf 65' lang='lat' dir='ltr'><strong>laesit,</strong></span> <span class='ocrx_word' id='word_1_459' title='bbox 993 5480 1054 5520; x_wconf 88' lang='lat' dir='ltr'><strong>ac</strong></span> <span class='ocrx_word' id='word_1_460' title='bbox 1080 5477 1182 5518; x_wconf 92' lang='lat' dir='ltr'><strong>non</strong></span> <span class='ocrx_word' id='word_1_461' title='bbox 1208 5504 1222 5528; x_wconf 95' lang='lat'><strong>,</strong></span> <span class='ocrx_word' id='word_1_462' title='bbox 1253 5461 1390 5517; x_wconf 87' lang='lat' dir='ltr'><strong>sicut</strong></span> <span class='ocrx_word' id='word_1_463' title='bbox 1432 5463 1629 5517; x_wconf 89' lang='lat' dir='ltr'><strong>dictum</strong></span> <span class='ocrx_word' id='word_1_464' title='bbox 1677 5473 1759 5518; x_wconf 85' lang='lat' dir='ltr'><strong>est</strong></span> <span class='ocrx_word' id='word_1_465' title='bbox 1807 5463 1859 5518; x_wconf 93' lang='lat' dir='ltr'><strong>in</strong></span> <span class='ocrx_word' id='word_1_466' title='bbox 1896 5463 2030 5518; x_wconf 89' lang='lat' dir='ltr'><strong>libro</strong></span> 
     </span>
    </p>
   </div>
   <div class='ocr_carea' id='block_1_57' title="bbox 455 5547 2027 5625">
    <p class='ocr_par' dir='ltr' id='par_1_57' title="bbox 455 5547 2027 5625">
     <span class='ocr_line' id='line_1_57' title="bbox 455 5547 2027 5625; baseline -0.006 -9"><span class='ocrx_word' id='word_1_467' title='bbox 455 5559 589 5625; x_wconf 78' lang='lat' dir='ltr'><strong>Job,</strong></span> <span class='ocrx_word' id='word_1_468' title='bbox 614 5557 776 5614; x_wconf 82' lang='lat' dir='ltr'><strong>Terra</strong></span> <span class='ocrx_word' id='word_1_469' title='bbox 809 5547 1088 5612; x_wconf 54' lang='lat' dir='ltr'><strong>tradita‘est</strong></span> <span class='ocrx_word' id='word_1_470' title='bbox 1133 5555 1184 5607; x_wconf 89' lang='lat' dir='ltr'><strong>in</strong></span> <span class='ocrx_word' id='word_1_471' title='bbox 1213 5569 1391 5607; x_wconf 86' lang='lat' dir='ltr'><strong>manus</strong></span> <span class='ocrx_word' id='word_1_472' title='bbox 1429 5554 1573 5624; x_wconf 86' lang='lat' dir='ltr'><strong>impii</strong></span> <span class='ocrx_word' id='word_1_473' title='bbox 1610 5553 1752 5625; x_wconf 85' lang='lat' dir='ltr'><strong>(Job</strong></span> <span class='ocrx_word' id='word_1_474' title='bbox 1782 5569 1832 5608; x_wconf 76' lang='lat' dir='ltr'><strong>ts</strong></span> <span class='ocrx_word' id='word_1_475' title='bbox 1855 5594 1870 5620; x_wconf 97' lang='lat'><strong>,</strong></span> <span class='ocrx_word' id='word_1_476' title='bbox 1898 5553 2027 5623; x_wconf 69' lang='grc'><strong>24).</strong></span> 
     </span>
    </p>
   </div>
   <div class='ocr_carea' id='block_1_58' title="bbox 460 5644 2028 5718">
    <p class='ocr_par' dir='ltr' id='par_1_58' title="bbox 460 5644 2028 5718">
     <span class='ocr_line' id='line_1_58' title="bbox 460 5644 2028 5718; baseline -0.005 -10"><span class='ocrx_word' id='word_1_477' title='bbox 460 5651 540 5708; x_wconf 79' lang='lat' dir='ltr'><strong>An</strong></span> <span class='ocrx_word' id='word_1_478' title='bbox 562 5648 850 5706; x_wconf 89' lang='lat' dir='ltr'><strong>secundum</strong></span> <span class='ocrx_word' id='word_1_479' title='bbox 880 5661 1072 5718; x_wconf 88' lang='lat' dir='ltr'><strong>corpus</strong></span> <span class='ocrx_word' id='word_1_480' title='bbox 1108 5644 1305 5701; x_wconf 79' lang='lat' dir='ltr'><strong>inﬁxus</strong></span> <span class='ocrx_word' id='word_1_481' title='bbox 1331 5654 1412 5700; x_wconf 91' lang='lat' dir='ltr'><strong>est</strong></span> <span class='ocrx_word' id='word_1_482' title='bbox 1437 5686 1452 5713; x_wconf 92' lang='lat'><strong>,</strong></span> <span class='ocrx_word' id='word_1_483' title='bbox 1484 5646 1603 5716; x_wconf 90' lang='lat' dir='ltr'><strong>quia</strong></span> <span class='ocrx_word' id='word_1_484' title='bbox 1631 5647 1795 5702; x_wconf 87' lang='lat' dir='ltr'><strong>teneri</strong></span> <span class='ocrx_word' id='word_1_485' title='bbox 1821 5647 2028 5718; x_wconf 91' lang='lat' dir='ltr'><strong>potuit,</strong></span> 
     </span>
    </p>
   </div>
   <div class='ocr_carea' id='block_1_59' title="bbox 483 5801 1669 5867">
    <p class='ocr_par' dir='ltr' id='par_1_59' title="bbox 483 5801 1669 5867">
     <span class='ocr_line' id='line_1_59' title="bbox 483 5801 1669 5867; baseline -0.003 -12"><span class='ocrx_word' id='word_1_486' title='bbox 483 5847 492 5855; x_wconf 91' lang='lat'><strong>.</strong></span> <span class='ocrx_word' id='word_1_487' title='bbox 522 5806 539 5837; x_wconf 85' lang='grc'>¹</span> <span class='ocrx_word' id='word_1_488' title='bbox 575 5806 647 5854; x_wconf 83' lang='lat' dir='ltr'><strong>sic</strong></span> <span class='ocrx_word' id='word_1_489' title='bbox 669 5805 1026 5867; x_wconf 63' lang='lat' dir='ltr'><strong>praestantiores</strong></span> <span class='ocrx_word' id='word_1_490' title='bbox 1176 5809 1229 5852; x_wconf 82' lang='lat' dir='ltr'><strong>At</strong></span> <span class='ocrx_word' id='word_1_491' title='bbox 1250 5801 1386 5867; x_wconf 69' lang='lat' dir='ltr'><strong>Edd.,</strong></span> <span class='ocrx_word' id='word_1_492' title='bbox 1403 5801 1669 5867; x_wconf 78' lang='lat' dir='ltr'><strong>puniretur.</strong></span> 
     </span>
    </p>
   </div>
   <div class='ocr_carea' id='block_1_60' title="bbox 519 5863 1366 5928">
    <p class='ocr_par' dir='ltr' id='par_1_60' title="bbox 519 5863 1366 5928">
     <span class='ocr_line' id='line_1_60' title="bbox 519 5863 1366 5928; baseline 0.001 -15"><span class='ocrx_word' id='word_1_493' title='bbox 519 5867 540 5896; x_wconf 76' lang='grc'>¹</span> <span class='ocrx_word' id='word_1_494' title='bbox 572 5863 698 5924; x_wconf 56' lang='lat' dir='ltr'><strong>Mss.)</strong></span> <span class='ocrx_word' id='word_1_495' title='bbox 721 5864 872 5915; x_wconf 79' lang='lat' dir='ltr'><strong>socius</strong></span> <span class='ocrx_word' id='word_1_496' title='bbox 894 5863 1001 5928; x_wconf 78' lang='lat' dir='ltr'><strong>fieri</strong></span> <span class='ocrx_word' id='word_1_497' title='bbox 1020 5865 1150 5915; x_wconf 82' lang='lat' dir='ltr'><strong>titulo</strong></span> <span class='ocrx_word' id='word_1_498' title='bbox 1172 5863 1366 5915; x_wconf 82' lang='lat' dir='ltr'><strong>Psalmi.</strong></span> 
     </span>
    </p>
   </div>
   <div class='ocr_carea' id='block_1_61' title="bbox 1707 439 2507 519">
    <p class='ocr_par' dir='ltr' id='par_1_61' title="bbox 1707 439 2507 519">
     <span class='ocr_line' id='line_1_61' title="bbox 1707 439 2507 519; baseline 0.01 -7"><span class='ocrx_word' id='word_1_499' title='bbox 1707 458 1763 512; x_wconf 90' lang='lat' dir='ltr'><strong>s.</strong></span> <span class='ocrx_word' id='word_1_500' title='bbox 1805 439 2167 512; x_wconf 67' lang='lat' dir='ltr'><strong>accus&#39;rm</strong></span> <span class='ocrx_word' id='word_1_501' title='bbox 2211 461 2507 519; x_wconf 76' lang='lat' dir='ltr'><strong>EPISCOH</strong></span> 
     </span>
    </p>
   </div>
   <div class='ocr_carea' id='block_1_62' title="bbox 3633 493 3754 550">
    <p class='ocr_par' dir='ltr' id='par_1_62' title="bbox 3633 493 3754 550">
     <span class='ocr_line' id='line_1_62' title="bbox 3633 493 3754 550; baseline 0.025 -4"><span class='ocrx_word' id='word_1_502' title='bbox 3633 493 3754 550; x_wconf 62' lang='grc' dir='ltr'><strong>εΗ</strong></span> 
     </span>
    </p>
   </div>
   <div class='ocr_carea' id='block_1_63' title="bbox 2165 573 3750 658">
    <p class='ocr_par' dir='ltr' id='par_1_63' title="bbox 2165 573 3750 658">
     <span class='ocr_line' id='line_1_63' title="bbox 2165 573 3750 658; baseline 0.022 -35"><span class='ocrx_word' id='word_1_503' title='bbox 2165 579 2222 624; x_wconf 89' lang='lat' dir='ltr'><strong>et</strong></span> <span class='ocrx_word' id='word_1_504' title='bbox 2248 573 2412 642; x_wconf 84' lang='lat' dir='ltr'><strong>ipsam</strong></span> <span class='ocrx_word' id='word_1_505' title='bbox 2447 579 2463 608; x_wconf 74' lang='grc'>⁸</span> <span class='ocrx_word' id='word_1_506' title='bbox 2489 583 2884 641; x_wconf 77' lang='lat' dir='ltr'><strong>cruciﬁxionem</strong></span> <span class='ocrx_word' id='word_1_507' title='bbox 2931 588 3200 646; x_wconf 89' lang='lat' dir='ltr'><strong>habebat?</strong></span> <span class='ocrx_word' id='word_1_508' title='bbox 3245 596 3356 652; x_wconf 79' lang='lat' dir='ltr'><strong>Nisi</strong></span> <span class='ocrx_word' id='word_1_509' title='bbox 3401 600 3540 655; x_wconf 89' lang='lat' dir='ltr'><strong>enim</strong></span> <span class='ocrx_word' id='word_1_510' title='bbox 3569 602 3750 658; x_wconf 77' lang='lat' dir='ltr'><strong>clavis</strong></span> 
     </span>
    </p>
   </div>
   <div class='ocr_carea' id='block_1_64' title="bbox 2159 667 3748 761">
    <p class='ocr_par' dir='ltr' id='par_1_64' title="bbox 2159 667 3748 761">
     <span class='ocr_line' id='line_1_64' title="bbox 2159 667 3748 761; baseline 0.019 -41"><span class='ocrx_word' id='word_1_511' title='bbox 2159 667 2301 724; x_wconf 78' lang='lat' dir='ltr'><strong>ﬁxus</strong></span> <span class='ocrx_word' id='word_1_512' title='bbox 2336 681 2514 739; x_wconf 90' lang='lat' dir='ltr'><strong>esset,</strong></span> <span class='ocrx_word' id='word_1_513' title='bbox 2543 677 2821 733; x_wconf 83' lang='lat' dir='ltr'><strong>cruciﬁxus</strong></span> <span class='ocrx_word' id='word_1_514' title='bbox 2854 695 2956 736; x_wconf 91' lang='lat' dir='ltr'><strong>non</strong></span> <span class='ocrx_word' id='word_1_515' title='bbox 2984 695 3145 739; x_wconf 90' lang='lat' dir='ltr'><strong>esset.</strong></span> <span class='ocrx_word' id='word_1_516' title='bbox 3179 686 3325 744; x_wconf 89' lang='lat' dir='ltr'><strong>Unde</strong></span> <span class='ocrx_word' id='word_1_517' title='bbox 3355 706 3482 761; x_wconf 82' lang='lat' dir='ltr'><strong>ergo</strong></span> <span class='ocrx_word' id='word_1_518' title='bbox 3522 711 3622 748; x_wconf 88' lang='lat' dir='ltr'><strong>non</strong></span> <span class='ocrx_word' id='word_1_519' title='bbox 3669 708 3748 750; x_wconf 80' lang='lat' dir='ltr'><strong>est</strong></span> 
     </span>
    </p>
   </div>
   <div class='ocr_carea' id='block_1_65' title="bbox 2157 758 3748 840">
    <p class='ocr_par' dir='ltr' id='par_1_65' title="bbox 2157 758 3748 840">
     <span class='ocr_line' id='line_1_65' title="bbox 2157 758 3748 840; baseline 0.019 -29"><span class='ocrx_word' id='word_1_520' title='bbox 2157 758 2473 816; x_wconf 84' lang='lat' dir='ltr'><strong>substantia?</strong></span> <span class='ocrx_word' id='word_1_521' title='bbox 2497 764 2575 817; x_wconf 88' lang='lat' dir='ltr'><strong>An</strong></span> <span class='ocrx_word' id='word_1_522' title='bbox 2603 765 2758 822; x_wconf 91' lang='lat' dir='ltr'><strong>limus</strong></span> <span class='ocrx_word' id='word_1_523' title='bbox 2807 765 2893 823; x_wconf 90' lang='lat' dir='ltr'><strong>ille</strong></span> <span class='ocrx_word' id='word_1_524' title='bbox 2924 787 3027 826; x_wconf 89' lang='lat' dir='ltr'><strong>non</strong></span> <span class='ocrx_word' id='word_1_525' title='bbox 3055 783 3136 828; x_wconf 89' lang='lat' dir='ltr'><strong>est</strong></span> <span class='ocrx_word' id='word_1_526' title='bbox 3173 758 3504 837; x_wconf 73' lang='lat' dir='ltr'><strong>substantia?</strong></span> <span class='ocrx_word' id='word_1_527' title='bbox 3533 784 3748 840; x_wconf 84' lang='lat' dir='ltr'><strong>Intelli-</strong></span> 
     </span>
    </p>
   </div>
   <div class='ocr_carea' id='block_1_66' title="bbox 2156 858 3747 942">
    <p class='ocr_par' dir='ltr' id='par_1_66' title="bbox 2156 858 3747 942">
     <span class='ocr_line' id='line_1_66' title="bbox 2156 858 3747 942; baseline 0.018 -39"><span class='ocrx_word' id='word_1_528' title='bbox 2156 865 2342 918; x_wconf 73' lang='lat' dir='ltr'><strong>genius</strong></span> <span class='ocrx_word' id='word_1_529' title='bbox 2373 869 2501 942; x_wconf 78' lang='lat' dir='ltr'><strong>ergo</strong></span> <span class='ocrx_word' id='word_1_530' title='bbox 2520 896 2535 923; x_wconf 90' lang='lat'><strong>,</strong></span> <span class='ocrx_word' id='word_1_531' title='bbox 2563 858 2605 912; x_wconf 93' lang='lat' dir='ltr'><strong>si</strong></span> <span class='ocrx_word' id='word_1_532' title='bbox 2637 861 2960 928; x_wconf 77' lang='lat' dir='ltr'><strong>pdtuerimus</strong></span> <span class='ocrx_word' id='word_1_533' title='bbox 2984 906 2998 932; x_wconf 86' lang='lat'><strong>,</strong></span> <span class='ocrx_word' id='word_1_534' title='bbox 3029 867 3151 936; x_wconf 89' lang='lat' dir='ltr'><strong>quid</strong></span> <span class='ocrx_word' id='word_1_535' title='bbox 3176 859 3275 935; x_wconf 49' lang='lat' dir='ltr'><strong>&#39;sit,</strong></span> <span class='ocrx_word' id='word_1_536' title='bbox 3305 882 3354 926; x_wconf 90' lang='lat' dir='ltr'><strong>et</strong></span> <span class='ocrx_word' id='word_1_537' title='bbox 3382 889 3480 927; x_wconf 87' lang='lat' dir='ltr'><strong>non</strong></span> <span class='ocrx_word' id='word_1_538' title='bbox 3511 887 3582 930; x_wconf 90' lang='lat' dir='ltr'><strong>est</strong></span> <span class='ocrx_word' id='word_1_539' title='bbox 3615 881 3747 932; x_wconf 85' lang='lat' dir='ltr'><strong>sub-</strong></span> 
     </span>
    </p>
   </div>
   <div class='ocr_carea' id='block_1_67' title="bbox 2155 944 3746 1029">
    <p class='ocr_par' dir='ltr' id='par_1_67' title="bbox 2155 944 3746 1029">
     <span class='ocr_line' id='line_1_67' title="bbox 2155 944 3746 1029; baseline 0.018 -32"><span class='ocrx_word' id='word_1_540' title='bbox 2155 944 2356 1006; x_wconf 83' lang='lat' dir='ltr'><strong>stantia,</strong></span> <span class='ocrx_word' id='word_1_541' title='bbox 2377 946 2578 1017; x_wconf 88' lang='lat' dir='ltr'><strong>siprius</strong></span> <span class='ocrx_word' id='word_1_542' title='bbox 2603 951 3016 1011; x_wconf 83' lang='lat' dir='ltr'><strong>intellexerimus</strong></span> <span class='ocrx_word' id='word_1_543' title='bbox 3036 959 3159 1029; x_wconf 91' lang='lat' dir='ltr'><strong>quid</strong></span> <span class='ocrx_word' id='word_1_544' title='bbox 3182 961 3249 1016; x_wconf 89' lang='lat' dir='ltr'><strong>sit</strong></span> <span class='ocrx_word' id='word_1_545' title='bbox 3266 963 3574 1022; x_wconf 87' lang='lat' dir='ltr'><strong>substantia.</strong></span> <span class='ocrx_word' id='word_1_546' title='bbox 3590 969 3746 1025; x_wconf 88' lang='lat' dir='ltr'><strong>Sub-</strong></span> 
     </span>
    </p>
   </div>
   <div class='ocr_carea' id='block_1_68' title="bbox 2145 1035 3746 1130">
    <p class='ocr_par' dir='ltr' id='par_1_68' title="bbox 2145 1035 3746 1130">
     <span class='ocr_line' id='line_1_68' title="bbox 2145 1035 3746 1130; baseline 0.019 -45"><span class='ocrx_word' id='word_1_547' title='bbox 2145 1035 2345 1130; x_wconf 74' lang='lat' dir='ltr'><strong>stantia</strong></span> <span class='ocrx_word' id='word_1_548' title='bbox 2376 1039 2568 1109; x_wconf 88' lang='lat' dir='ltr'><strong>quippe</strong></span> <span class='ocrx_word' id='word_1_549' title='bbox 2592 1041 2783 1098; x_wconf 90' lang='lat' dir='ltr'><strong>dicitur</strong></span> <span class='ocrx_word' id='word_1_550' title='bbox 2805 1055 2858 1100; x_wconf 86' lang='lat' dir='ltr'><strong>et</strong></span> <span class='ocrx_word' id='word_1_551' title='bbox 2884 1047 3182 1104; x_wconf 81' lang='lat' dir='ltr'><strong>divitiarum</strong></span> <span class='ocrx_word' id='word_1_552' title='bbox 3213 1069 3226 1106; x_wconf 92' lang='lat'><strong>:</strong></span> <span class='ocrx_word' id='word_1_553' title='bbox 3256 1057 3548 1118; x_wconf 84' lang='lat' dir='ltr'><strong>secundum</strong></span> <span class='ocrx_word' id='word_1_554' title='bbox 3569 1075 3746 1130; x_wconf 83' lang='lat' dir='ltr'><strong>quam</strong></span> 
     </span>
    </p>
   </div>
   <div class='ocr_carea' id='block_1_69' title="bbox 2155 1125 3743 1209">
    <p class='ocr_par' dir='ltr' id='par_1_69' title="bbox 2155 1125 3743 1209">
     <span class='ocr_line' id='line_1_69' title="bbox 2155 1125 3743 1209; baseline 0.019 -30"><span class='ocrx_word' id='word_1_555' title='bbox 2155 1125 2399 1194; x_wconf 88' lang='lat' dir='ltr'><strong>dicimus,</strong></span> <span class='ocrx_word' id='word_1_556' title='bbox 2428 1130 2595 1188; x_wconf 80' lang='lat' dir='ltr'><strong>Habet</strong></span> <span class='ocrx_word' id='word_1_557' title='bbox 2645 1136 2992 1193; x_wconf 85' lang='lat' dir='ltr'><strong>substantiam</strong></span> <span class='ocrx_word' id='word_1_558' title='bbox 3017 1181 3033 1207; x_wconf 96' lang='lat'><strong>,</strong></span> <span class='ocrx_word' id='word_1_559' title='bbox 3063 1151 3115 1196; x_wconf 92' lang='lat' dir='ltr'><strong>et</strong></span> <span class='ocrx_word' id='word_1_560' title='bbox 3141 1185 3155 1209; x_wconf 92' lang='lat'><strong>,</strong></span> <span class='ocrx_word' id='word_1_561' title='bbox 3203 1144 3441 1202; x_wconf 84' lang='lat' dir='ltr'><strong>Perdidit</strong></span> <span class='ocrx_word' id='word_1_562' title='bbox 3478 1125 3743 1208; x_wconf 80' lang='lat' dir='ltr'><strong>substan-</strong></span> 
     </span>
    </p>
   </div>
   <div class='ocr_carea' id='block_1_70' title="bbox 2155 1217 3742 1311">
    <p class='ocr_par' dir='ltr' id='par_1_70' title="bbox 2155 1217 3742 1311">
     <span class='ocr_line' id='line_1_70' title="bbox 2155 1217 3742 1311; baseline 0.018 -41"><span class='ocrx_word' id='word_1_563' title='bbox 2155 1217 2301 1271; x_wconf 87' lang='lat' dir='ltr'><strong>tiam.</strong></span> <span class='ocrx_word' id='word_1_564' title='bbox 2334 1219 2437 1274; x_wconf 90' lang='lat' dir='ltr'><strong>Sed</strong></span> <span class='ocrx_word' id='word_1_565' title='bbox 2480 1225 2727 1293; x_wconf 89' lang='lat' dir='ltr'><strong>numquid</strong></span> <span class='ocrx_word' id='word_1_566' title='bbox 2759 1227 2860 1282; x_wconf 91' lang='lat' dir='ltr'><strong>hoc</strong></span> <span class='ocrx_word' id='word_1_567' title='bbox 2882 1231 3182 1298; x_wconf 88' lang='lat' dir='ltr'><strong>putabimus</strong></span> <span class='ocrx_word' id='word_1_568' title='bbox 3217 1235 3300 1290; x_wconf 86' lang='lat' dir='ltr'><strong>hic</strong></span> <span class='ocrx_word' id='word_1_569' title='bbox 3327 1237 3523 1293; x_wconf 90' lang='lat' dir='ltr'><strong>dictum</strong></span> <span class='ocrx_word' id='word_1_570' title='bbox 3572 1257 3695 1298; x_wconf 76' lang='lat' dir='ltr'><strong>esse</strong></span> <span class='ocrx_word' id='word_1_571' title='bbox 3718 1283 3742 1311; x_wconf 85' lang='lat'><strong>,</strong></span> 
     </span>
    </p>
   </div>
   <div class='ocr_carea' id='block_1_71' title="bbox 2153 1312 3740 1400">
    <p class='ocr_par' dir='ltr' id='par_1_71' title="bbox 2153 1312 3740 1400">
     <span class='ocr_line' id='line_1_71' title="bbox 2153 1312 3740 1400; baseline 0.018 -41"><span class='ocrx_word' id='word_1_572' title='bbox 2153 1315 2202 1359; x_wconf 85' lang='lat' dir='ltr'><strong>et</strong></span> <span class='ocrx_word' id='word_1_573' title='bbox 2250 1325 2349 1400; x_wconf 85' lang='lat' dir='ltr'><strong>non</strong></span> <span class='ocrx_word' id='word_1_574' title='bbox 2401 1320 2472 1364; x_wconf 85' lang='lat' dir='ltr'><strong>est</strong></span> <span class='ocrx_word' id='word_1_575' title='bbox 2518 1312 2832 1381; x_wconf 81' lang='lat' dir='ltr'><strong>substantia,</strong></span> <span class='ocrx_word' id='word_1_576' title='bbox 2891 1318 2943 1373; x_wconf 92' lang='lat' dir='ltr'><strong>id</strong></span> <span class='ocrx_word' id='word_1_577' title='bbox 2995 1330 3116 1388; x_wconf 88' lang='lat' dir='ltr'><strong>est,</strong></span> <span class='ocrx_word' id='word_1_578' title='bbox 3173 1341 3275 1380; x_wconf 88' lang='lat' dir='ltr'><strong>non</strong></span> <span class='ocrx_word' id='word_1_579' title='bbox 3321 1337 3444 1381; x_wconf 87' lang='lat' dir='ltr'><strong>sunt</strong></span> <span class='ocrx_word' id='word_1_580' title='bbox 3491 1330 3688 1386; x_wconf 77' lang='lat' dir='ltr'><strong>divitia:</strong></span> <span class='ocrx_word' id='word_1_581' title='bbox 3718 1373 3740 1400; x_wconf 88' lang='lat'><strong>,</strong></span> 
     </span>
    </p>
   </div>
   <div class='ocr_carea' id='block_1_72' title="bbox 2152 1397 3739 1490">
    <p class='ocr_par' dir='ltr' id='par_1_72' title="bbox 2152 1397 3739 1490">
     <span class='ocr_line' id='line_1_72' title="bbox 2152 1397 3739 1490; baseline 0.016 -42"><span class='ocrx_word' id='word_1_582' title='bbox 2152 1397 2300 1464; x_wconf 91' lang='lat' dir='ltr'><strong>quasi</strong></span> <span class='ocrx_word' id='word_1_583' title='bbox 2355 1400 2511 1454; x_wconf 89' lang='lat' dir='ltr'><strong>modo</strong></span> <span class='ocrx_word' id='word_1_584' title='bbox 2549 1401 2742 1472; x_wconf 89' lang='lat' dir='ltr'><strong>aliquid</strong></span> <span class='ocrx_word' id='word_1_585' title='bbox 2788 1405 2855 1461; x_wconf 90' lang='lat' dir='ltr'><strong>de</strong></span> <span class='ocrx_word' id='word_1_586' title='bbox 2883 1406 3076 1464; x_wconf 86' lang='lat' dir='ltr'><strong>divitiis</strong></span> <span class='ocrx_word' id='word_1_587' title='bbox 3120 1424 3394 1483; x_wconf 83' lang='lat' dir='ltr'><strong>ageretur,</strong></span> <span class='ocrx_word' id='word_1_588' title='bbox 3423 1428 3514 1472; x_wconf 89' lang='lat' dir='ltr'><strong>aut</strong></span> <span class='ocrx_word' id='word_1_589' title='bbox 3547 1397 3739 1490; x_wconf 67' lang='lat' dir='ltr'><strong>aliqua</strong></span> 
     </span>
    </p>
   </div>
   <div class='ocr_carea' id='block_1_73' title="bbox 2159 1490 3740 1578">
    <p class='ocr_par' dir='ltr' id='par_1_73' title="bbox 2159 1490 3740 1578">
     <span class='ocr_line' id='line_1_73' title="bbox 2159 1490 3740 1578; baseline 0.017 -38"><span class='ocrx_word' id='word_1_590' title='bbox 2159 1490 2383 1578; x_wconf 62' lang='lat' dir='ltr'><strong>quaastio</strong></span> <span class='ocrx_word' id='word_1_591' title='bbox 2427 1490 2495 1547; x_wconf 89' lang='lat' dir='ltr'><strong>de</strong></span> <span class='ocrx_word' id='word_1_592' title='bbox 2521 1493 2723 1549; x_wconf 86' lang='lat' dir='ltr'><strong>divitiis</strong></span> <span class='ocrx_word' id='word_1_593' title='bbox 2757 1496 3063 1554; x_wconf 84' lang='lat' dir='ltr'><strong>haberetur?</strong></span> <span class='ocrx_word' id='word_1_594' title='bbox 3088 1503 3167 1557; x_wconf 88' lang='lat' dir='ltr'><strong>An</strong></span> <span class='ocrx_word' id='word_1_595' title='bbox 3193 1504 3328 1560; x_wconf 91' lang='lat' dir='ltr'><strong>forte</strong></span> <span class='ocrx_word' id='word_1_596' title='bbox 3346 1509 3466 1576; x_wconf 84' lang='lat' dir='ltr'><strong>‘quia</strong></span> <span class='ocrx_word' id='word_1_597' title='bbox 3497 1510 3583 1564; x_wconf 89' lang='lat' dir='ltr'><strong>ille</strong></span> <span class='ocrx_word' id='word_1_598' title='bbox 3613 1511 3740 1578; x_wconf 78' lang='lat' dir='ltr'><strong>ipse</strong></span> 
     </span>
    </p>
   </div>
   <div class='ocr_carea' id='block_1_74' title="bbox 2153 1576 3738 1666">
    <p class='ocr_par' dir='ltr' id='par_1_74' title="bbox 2153 1576 3738 1666">
     <span class='ocr_line' id='line_1_74' title="bbox 2153 1576 3738 1666; baseline 0.016 -35"><span class='ocrx_word' id='word_1_599' title='bbox 2153 1576 2309 1633; x_wconf 88' lang='lat' dir='ltr'><strong>limus</strong></span> <span class='ocrx_word' id='word_1_600' title='bbox 2361 1593 2641 1650; x_wconf 88' lang='lat' dir='ltr'><strong>paupertas</strong></span> <span class='ocrx_word' id='word_1_601' title='bbox 2684 1595 2832 1653; x_wconf 87' lang='lat' dir='ltr'><strong>erat,</strong></span> <span class='ocrx_word' id='word_1_602' title='bbox 2875 1598 2927 1644; x_wconf 93' lang='lat' dir='ltr'><strong>et</strong></span> <span class='ocrx_word' id='word_1_603' title='bbox 2980 1590 3177 1647; x_wconf 62' lang='lat' dir='ltr'><strong>divitiae</strong></span> <span class='ocrx_word' id='word_1_604' title='bbox 3220 1609 3323 1650; x_wconf 91' lang='lat' dir='ltr'><strong>non</strong></span> <span class='ocrx_word' id='word_1_605' title='bbox 3375 1601 3566 1666; x_wconf 87' lang='lat' dir='ltr'><strong>erunt,</strong></span> <span class='ocrx_word' id='word_1_606' title='bbox 3624 1576 3738 1656; x_wconf 85' lang='lat' dir='ltr'><strong>nisi</strong></span> 
     </span>
    </p>
   </div>
   <div class='ocr_carea' id='block_1_75' title="bbox 2151 1669 3736 1750">
    <p class='ocr_par' dir='ltr' id='par_1_75' title="bbox 2151 1669 3736 1750">
     <span class='ocr_line' id='line_1_75' title="bbox 2151 1669 3736 1750; baseline 0.016 -31"><span class='ocrx_word' id='word_1_607' title='bbox 2151 1669 2363 1738; x_wconf 87' lang='lat' dir='ltr'><strong>quando</strong></span> <span class='ocrx_word' id='word_1_608' title='bbox 2405 1673 2713 1730; x_wconf 64' lang='lat' dir='ltr'><strong>mternitatis</strong></span> <span class='ocrx_word' id='word_1_609' title='bbox 2742 1677 3025 1750; x_wconf 83' lang='lat' dir='ltr'><strong>participes</strong></span> <span class='ocrx_word' id='word_1_610' title='bbox 3064 1683 3237 1738; x_wconf 83' lang='lat' dir='ltr'><strong>effecti</strong></span> <span class='ocrx_word' id='word_1_611' title='bbox 3263 1684 3736 1746; x_wconf 78' lang='lat' dir='ltr'><strong>fuerimus?’l‘unc</strong></span> 
     </span>
    </p>
   </div>
   <div class='ocr_carea' id='block_1_76' title="bbox 2151 1760 3729 1840">
    <p class='ocr_par' dir='ltr' id='par_1_76' title="bbox 2151 1760 3729 1840">
     <span class='ocr_line' id='line_1_76' title="bbox 2151 1760 3729 1840; baseline 0.016 -28"><span class='ocrx_word' id='word_1_612' title='bbox 2151 1767 2272 1814; x_wconf 89' lang='lat' dir='ltr'><strong>sunt</strong></span> <span class='ocrx_word' id='word_1_613' title='bbox 2301 1760 2441 1815; x_wconf 87' lang='lat' dir='ltr'><strong>enim</strong></span> <span class='ocrx_word' id='word_1_614' title='bbox 2484 1778 2624 1819; x_wconf 69' lang='lat' dir='ltr'><strong>vera:</strong></span> <span class='ocrx_word' id='word_1_615' title='bbox 2665 1765 2895 1833; x_wconf 74' lang='lat' dir='ltr'><strong>divitire,</strong></span> <span class='ocrx_word' id='word_1_616' title='bbox 2926 1772 3136 1840; x_wconf 92' lang='lat' dir='ltr'><strong>quando</strong></span> <span class='ocrx_word' id='word_1_617' title='bbox 3171 1776 3326 1830; x_wconf 88' lang='lat' dir='ltr'><strong>nobis</strong></span> <span class='ocrx_word' id='word_1_618' title='bbox 3352 1765 3482 1832; x_wconf 88' lang='lat' dir='ltr'><strong>nihil</strong></span> <span class='ocrx_word' id='word_1_619' title='bbox 3531 1781 3729 1838; x_wconf 84' lang='lat' dir='ltr'><strong>deerit.</strong></span> 
     </span>
    </p>
   </div>
   <div class='ocr_carea' id='block_1_77' title="bbox 2150 1849 3732 1932">
    <p class='ocr_par' dir='ltr' id='par_1_77' title="bbox 2150 1849 3732 1932">
     <span class='ocr_line' id='line_1_77' title="bbox 2150 1849 3732 1932; baseline 0.018 -29"><span class='ocrx_word' id='word_1_620' title='bbox 2150 1849 2330 1906; x_wconf 84' lang='lat' dir='ltr'><strong>Potest</strong></span> <span class='ocrx_word' id='word_1_621' title='bbox 2371 1853 2528 1908; x_wconf 90' lang='lat' dir='ltr'><strong>etiam</strong></span> <span class='ocrx_word' id='word_1_622' title='bbox 2571 1859 2859 1914; x_wconf 88' lang='lat' dir='ltr'><strong>secundum</strong></span> <span class='ocrx_word' id='word_1_623' title='bbox 2904 1861 3059 1932; x_wconf 85' lang='lat' dir='ltr'><strong>hujus</strong></span> <span class='ocrx_word' id='word_1_624' title='bbox 3087 1867 3232 1920; x_wconf 78' lang='lat' dir='ltr'><strong>verbi</strong></span> <span class='ocrx_word' id='word_1_625' title='bbox 3271 1869 3593 1928; x_wconf 89' lang='lat' dir='ltr'><strong>intellectum</strong></span> <span class='ocrx_word' id='word_1_626' title='bbox 3629 1881 3732 1930; x_wconf 85' lang='lat' dir='ltr'><strong>&#39;ac-</strong></span> 
     </span>
    </p>
   </div>
   <div class='ocr_carea' id='block_1_78' title="bbox 2150 1945 3731 2026">
    <p class='ocr_par' dir='ltr' id='par_1_78' title="bbox 2150 1945 3731 2026">
     <span class='ocr_line' id='line_1_78' title="bbox 2150 1945 3731 2026; baseline 0.015 -29"><span class='ocrx_word' id='word_1_627' title='bbox 2150 1945 2252 2012; x_wconf 89' lang='lat' dir='ltr'><strong>cipi</strong></span> <span class='ocrx_word' id='word_1_628' title='bbox 2298 1957 2488 2001; x_wconf 88' lang='lat' dir='ltr'><strong>sensus</strong></span> <span class='ocrx_word' id='word_1_629' title='bbox 2517 1948 2649 2013; x_wconf 89' lang='lat' dir='ltr'><strong>iste,</strong></span> <span class='ocrx_word' id='word_1_630' title='bbox 2699 1960 2756 2005; x_wconf 93' lang='lat' dir='ltr'><strong>ut</strong></span> <span class='ocrx_word' id='word_1_631' title='bbox 2800 1952 3084 2021; x_wconf 88' lang='lat' dir='ltr'><strong>diceretur,</strong></span> <span class='ocrx_word' id='word_1_632' title='bbox 3119 1957 3320 2026; x_wconf 76' lang='lat' dir='ltr'><strong>lnﬁxus</strong></span> <span class='ocrx_word' id='word_1_633' title='bbox 3368 1979 3476 2016; x_wconf 86' lang='lat' dir='ltr'><strong>sum</strong></span> <span class='ocrx_word' id='word_1_634' title='bbox 3521 1965 3572 2018; x_wconf 90' lang='lat' dir='ltr'><strong>in</strong></span> <span class='ocrx_word' id='word_1_635' title='bbox 3602 1967 3731 2020; x_wconf 88' lang='lat' dir='ltr'><strong>limo</strong></span> 
     </span>
    </p>
   </div>
   <div class='ocr_carea' id='block_1_79' title="bbox 2151 2036 3722 2126">
    <p class='ocr_par' dir='ltr' id='par_1_79' title="bbox 2151 2036 3722 2126">
     <span class='ocr_line' id='line_1_79' title="bbox 2151 2036 3722 2126; baseline 0.018 -42"><span class='ocrx_word' id='word_1_636' title='bbox 2151 2036 2390 2104; x_wconf 79' lang='lat' dir='ltr'><strong>profundi</strong></span> <span class='ocrx_word' id='word_1_637' title='bbox 2413 2079 2426 2103; x_wconf 90' lang='lat'><strong>,</strong></span> <span class='ocrx_word' id='word_1_638' title='bbox 2459 2045 2505 2092; x_wconf 83' lang='lat' dir='ltr'><strong>e‘t</strong></span> <span class='ocrx_word' id='word_1_639' title='bbox 2546 2056 2646 2093; x_wconf 89' lang='lat' dir='ltr'><strong>non</strong></span> <span class='ocrx_word' id='word_1_640' title='bbox 2675 2051 2746 2095; x_wconf 83' lang='lat' dir='ltr'><strong>est</strong></span> <span class='ocrx_word' id='word_1_641' title='bbox 2784 2045 3058 2099; x_wconf 85' lang='lat' dir='ltr'><strong>substantia</strong></span> <span class='ocrx_word' id='word_1_642' title='bbox 3083 2089 3095 2110; x_wconf 93' lang='lat'><strong>,</strong></span> <span class='ocrx_word' id='word_1_643' title='bbox 3128 2049 3175 2102; x_wconf 93' lang='lat' dir='ltr'><strong>id</strong></span> <span class='ocrx_word' id='word_1_644' title='bbox 3203 2060 3308 2117; x_wconf 84' lang='lat' dir='ltr'><strong>est,</strong></span> <span class='ocrx_word' id='word_1_645' title='bbox 3337 2052 3400 2108; x_wconf 90' lang='lat' dir='ltr'><strong>ad</strong></span> <span class='ocrx_word' id='word_1_646' title='bbox 3429 2068 3722 2126; x_wconf 57' lang='lat' dir='ltr'><strong>pauperta‘</strong></span> 
     </span>
    </p>
   </div>
   <div class='ocr_carea' id='block_1_80' title="bbox 2152 2129 3724 2218">
    <p class='ocr_par' dir='ltr' id='par_1_80' title="bbox 2152 2129 3724 2218">
     <span class='ocr_line' id='line_1_80' title="bbox 2152 2129 3724 2218; baseline 0.015 -41"><span class='ocrx_word' id='word_1_647' title='bbox 2152 2133 2254 2178; x_wconf 90' lang='lat' dir='ltr'><strong>tem</strong></span> <span class='ocrx_word' id='word_1_648' title='bbox 2298 2129 2534 2196; x_wconf 85' lang='lat' dir='ltr'><strong>perveni.</strong></span> <span class='ocrx_word' id='word_1_649' title='bbox 2569 2130 2697 2184; x_wconf 89' lang='lat' dir='ltr'><strong>Nam</strong></span> <span class='ocrx_word' id='word_1_650' title='bbox 2745 2131 2831 2186; x_wconf 90' lang='lat' dir='ltr'><strong>hic</strong></span> <span class='ocrx_word' id='word_1_651' title='bbox 2880 2134 3052 2189; x_wconf 86' lang='lat' dir='ltr'><strong>dicit:</strong></span> <span class='ocrx_word' id='word_1_652' title='bbox 3087 2135 3293 2209; x_wconf 88' lang='lat' dir='ltr'><strong>Pauper</strong></span> <span class='ocrx_word' id='word_1_653' title='bbox 3337 2151 3382 2195; x_wconf 91' lang='lat' dir='ltr'><strong>et</strong></span> <span class='ocrx_word' id='word_1_654' title='bbox 3407 2145 3580 2200; x_wconf 86' lang='lat' dir='ltr'><strong>dolens</strong></span> <span class='ocrx_word' id='word_1_655' title='bbox 3626 2164 3724 2218; x_wconf 85' lang='lat' dir='ltr'><strong>ego</strong></span> 
     </span>
    </p>
   </div>
   <div class='ocr_carea' id='block_1_81' title="bbox 2147 2218 3725 2306">
    <p class='ocr_par' dir='ltr' id='par_1_81' title="bbox 2147 2218 3725 2306">
     <span class='ocr_line' id='line_1_81' title="bbox 2147 2218 3725 2306; baseline 0.013 -36"><span class='ocrx_word' id='word_1_656' title='bbox 2147 2232 2298 2280; x_wconf 79' lang='lat' dir='ltr'><strong>sum;</strong></span> <span class='ocrx_word' id='word_1_657' title='bbox 2329 2218 2456 2272; x_wconf 83' lang='lat' dir='ltr'><strong>dicit</strong></span> <span class='ocrx_word' id='word_1_658' title='bbox 2496 2229 2551 2274; x_wconf 90' lang='lat' dir='ltr'><strong>et</strong></span> <span class='ocrx_word' id='word_1_659' title='bbox 2577 2222 2860 2290; x_wconf 83' lang='lat' dir='ltr'><strong>Apostolus</strong></span> <span class='ocrx_word' id='word_1_660' title='bbox 2889 2241 2903 2278; x_wconf 87' lang='lat'><strong>:</strong></span> <span class='ocrx_word' id='word_1_661' title='bbox 2937 2225 3185 2292; x_wconf 83' lang='lat' dir='ltr'><strong>Quoniam</strong></span> <span class='ocrx_word' id='word_1_662' title='bbox 3225 2242 3432 2299; x_wconf 87' lang='lat' dir='ltr'><strong>propter</strong></span> <span class='ocrx_word' id='word_1_663' title='bbox 3474 2250 3556 2290; x_wconf 78' lang='lat' dir='ltr'><strong>vos</strong></span> <span class='ocrx_word' id='word_1_664' title='bbox 3583 2254 3725 2306; x_wconf 87' lang='lat' dir='ltr'><strong>pau-</strong></span> 
     </span>
    </p>
   </div>
   <div class='ocr_carea' id='block_1_82' title="bbox 2149 2307 3724 2394">
    <p class='ocr_par' dir='ltr' id='par_1_82' title="bbox 2149 2307 3724 2394">
     <span class='ocr_line' id='line_1_82' title="bbox 2149 2307 3724 2394; baseline 0.015 -37"><span class='ocrx_word' id='word_1_665' title='bbox 2149 2321 2237 2374; x_wconf 88' lang='lat' dir='ltr'><strong>per</strong></span> <span class='ocrx_word' id='word_1_666' title='bbox 2261 2307 2427 2374; x_wconf 78' lang='lat' dir='ltr'><strong>factu‘s</strong></span> <span class='ocrx_word' id='word_1_667' title='bbox 2452 2319 2525 2362; x_wconf 88' lang='lat' dir='ltr'><strong>est</strong></span> <span class='ocrx_word' id='word_1_668' title='bbox 2548 2352 2562 2377; x_wconf 89' lang='lat'><strong>,</strong></span> <span class='ocrx_word' id='word_1_669' title='bbox 2586 2327 2700 2364; x_wconf 89' lang='lat' dir='ltr'><strong>cum</strong></span> <span class='ocrx_word' id='word_1_670' title='bbox 2731 2314 2865 2368; x_wconf 77' lang='lat' dir='ltr'><strong>dives</strong></span> <span class='ocrx_word' id='word_1_671' title='bbox 2886 2324 3008 2370; x_wconf 83' lang='lat' dir='ltr'><strong>esset</strong></span> <span class='ocrx_word' id='word_1_672' title='bbox 3032 2356 3046 2379; x_wconf 91' lang='lat'><strong>,</strong></span> <span class='ocrx_word' id='word_1_673' title='bbox 3075 2327 3128 2371; x_wconf 85' lang='lat' dir='ltr'><strong>ut</strong></span> <span class='ocrx_word' id='word_1_674' title='bbox 3151 2319 3291 2374; x_wconf 84' lang='lat' dir='ltr'><strong>illius</strong></span> <span class='ocrx_word' id='word_1_675' title='bbox 3317 2335 3603 2394; x_wconf 81' lang='lat' dir='ltr'><strong>paupertate</strong></span> <span class='ocrx_word' id='word_1_676' title='bbox 3630 2343 3724 2380; x_wconf 78' lang='lat' dir='ltr'><strong>vos</strong></span> 
     </span>
    </p>
   </div>
   <div class='ocr_carea' id='block_1_83' title="bbox 2147 2395 3717 2478">
    <p class='ocr_par' dir='ltr' id='par_1_83' title="bbox 2147 2395 3717 2478">
     <span class='ocr_line' id='line_1_83' title="bbox 2147 2395 3717 2478; baseline 0.015 -31"><span class='ocrx_word' id='word_1_677' title='bbox 2147 2395 2432 2449; x_wconf 85' lang='lat' dir='ltr'><strong>ditaremini</strong></span> <span class='ocrx_word' id='word_1_678' title='bbox 2477 2399 2539 2464; x_wconf 92' lang='lat' dir='ltr'><strong>(ll</strong></span> <span class='ocrx_word' id='word_1_679' title='bbox 2569 2399 2685 2454; x_wconf 84' lang='lat' dir='ltr'><strong>Cor.</strong></span> <span class='ocrx_word' id='word_1_680' title='bbox 2736 2409 2854 2468; x_wconf 86' lang='lat' dir='ltr'><strong>vm,</strong></span> <span class='ocrx_word' id='word_1_681' title='bbox 2883 2402 2966 2474; x_wconf 83' lang='lat'><strong>9).</strong></span> <span class='ocrx_word' id='word_1_682' title='bbox 2998 2405 3138 2477; x_wconf 80' lang='lat' dir='ltr'><strong>Ergo</strong></span> <span class='ocrx_word' id='word_1_683' title='bbox 3167 2420 3516 2478; x_wconf 89' lang='lat' dir='ltr'><strong>paupertatem</strong></span> <span class='ocrx_word' id='word_1_684' title='bbox 3560 2429 3717 2470; x_wconf 86' lang='lat' dir='ltr'><strong>suam</strong></span> 
     </span>
    </p>
   </div>
   <div class='ocr_carea' id='block_1_84' title="bbox 2146 2485 3712 2568">
    <p class='ocr_par' dir='ltr' id='par_1_84' title="bbox 2146 2485 3712 2568">
     <span class='ocr_line' id='line_1_84' title="bbox 2146 2485 3712 2568; baseline 0.014 -31"><span class='ocrx_word' id='word_1_685' title='bbox 2146 2485 2330 2540; x_wconf 86' lang='lat' dir='ltr'><strong>volens</strong></span> <span class='ocrx_word' id='word_1_686' title='bbox 2358 2487 2611 2543; x_wconf 91' lang='lat' dir='ltr'><strong>Dominus</strong></span> <span class='ocrx_word' id='word_1_687' title='bbox 2641 2490 2795 2546; x_wconf 86' lang='lat' dir='ltr'><strong>nobis</strong></span> <span class='ocrx_word' id='word_1_688' title='bbox 2819 2497 3214 2564; x_wconf 89' lang='lat' dir='ltr'><strong>commendare,</strong></span> <span class='ocrx_word' id='word_1_689' title='bbox 3251 2499 3469 2557; x_wconf 83' lang='lat' dir='ltr'><strong>fortasse</strong></span> <span class='ocrx_word' id='word_1_690' title='bbox 3490 2503 3712 2568; x_wconf 76' lang='lat' dir='ltr'><strong>dixerit,</strong></span> 
     </span>
    </p>
   </div>
   <div class='ocr_carea' id='block_1_85' title="bbox 2147 2579 3720 2662">
    <p class='ocr_par' dir='ltr' id='par_1_85' title="bbox 2147 2579 3720 2662">
     <span class='ocr_line' id='line_1_85' title="bbox 2147 2579 3720 2662; baseline 0.013 -33"><span class='ocrx_word' id='word_1_691' title='bbox 2147 2591 2248 2630; x_wconf 87' lang='lat' dir='ltr'><strong>non</strong></span> <span class='ocrx_word' id='word_1_692' title='bbox 2293 2587 2364 2631; x_wconf 80' lang='lat' dir='ltr'><strong>est</strong></span> <span class='ocrx_word' id='word_1_693' title='bbox 2407 2579 2702 2634; x_wconf 87' lang='lat' dir='ltr'><strong>substantia.</strong></span> <span class='ocrx_word' id='word_1_694' title='bbox 2737 2581 2819 2636; x_wconf 88' lang='lat' dir='ltr'><strong>Ad</strong></span> <span class='ocrx_word' id='word_1_695' title='bbox 2863 2601 3123 2640; x_wconf 86' lang='lat' dir='ltr'><strong>summam</strong></span> <span class='ocrx_word' id='word_1_696' title='bbox 3169 2589 3308 2643; x_wconf 90' lang='lat' dir='ltr'><strong>enim</strong></span> <span class='ocrx_word' id='word_1_697' title='bbox 3359 2604 3720 2662; x_wconf 86' lang='lat' dir='ltr'><strong>paupertatem</strong></span> 
     </span>
    </p>
   </div>
   <div class='ocr_carea' id='block_1_86' title="bbox 2147 2666 3724 2753">
    <p class='ocr_par' dir='ltr' id='par_1_86' title="bbox 2147 2666 3724 2753">
     <span class='ocr_line' id='line_1_86' title="bbox 2147 2666 3724 2753; baseline 0.013 -35"><span class='ocrx_word' id='word_1_698' title='bbox 2147 2666 2424 2733; x_wconf 86' lang='lat' dir='ltr'><strong>pervenit,</strong></span> <span class='ocrx_word' id='word_1_699' title='bbox 2455 2669 2665 2736; x_wconf 88' lang='lat' dir='ltr'><strong>quando</strong></span> <span class='ocrx_word' id='word_1_700' title='bbox 2701 2671 2921 2725; x_wconf 87' lang='lat' dir='ltr'><strong>formam</strong></span> <span class='ocrx_word' id='word_1_701' title='bbox 2969 2675 3106 2728; x_wconf 87' lang='lat' dir='ltr'><strong>servi</strong></span> <span class='ocrx_word' id='word_1_702' title='bbox 3149 2675 3336 2731; x_wconf 86' lang='lat' dir='ltr'><strong>induit.</strong></span> <span class='ocrx_word' id='word_1_703' title='bbox 3369 2674 3574 2736; x_wconf 71' lang='lat' dir='ltr'><strong>Divitis:</strong></span> <span class='ocrx_word' id='word_1_704' title='bbox 3603 2685 3724 2753; x_wconf 75' lang='lat' dir='ltr'><strong>ejus</strong></span> 
     </span>
    </p>
   </div>
   <div class='ocr_carea' id='block_1_87' title="bbox 2145 2757 3725 2842">
    <p class='ocr_par' dir='ltr' id='par_1_87' title="bbox 2145 2757 3725 2842">
     <span class='ocr_line' id='line_1_87' title="bbox 2145 2757 3725 2842; baseline 0.011 -34"><span class='ocrx_word' id='word_1_705' title='bbox 2145 2763 2264 2825; x_wconf 77' lang='lat' dir='ltr'><strong>qua:</strong></span> <span class='ocrx_word' id='word_1_706' title='bbox 2311 2757 2472 2811; x_wconf 73' lang='lat' dir='ltr'><strong>sunt?</strong></span> <span class='ocrx_word' id='word_1_707' title='bbox 2501 2758 2602 2825; x_wconf 84' lang='lat' dir='ltr'><strong>Qui</strong></span> <span class='ocrx_word' id='word_1_708' title='bbox 2632 2775 2745 2813; x_wconf 82' lang='lat' dir='ltr'><strong>cum</strong></span> <span class='ocrx_word' id='word_1_709' title='bbox 2788 2761 2838 2814; x_wconf 87' lang='lat' dir='ltr'><strong>in</strong></span> <span class='ocrx_word' id='word_1_710' title='bbox 2866 2764 3029 2834; x_wconf 86' lang='lat' dir='ltr'><strong>forma</strong></span> <span class='ocrx_word' id='word_1_711' title='bbox 3069 2763 3165 2819; x_wconf 85' lang='lat' dir='ltr'><strong>Dei</strong></span> <span class='ocrx_word' id='word_1_712' title='bbox 3189 2776 3334 2833; x_wconf 81' lang='lat' dir='ltr'><strong>esset,</strong></span> <span class='ocrx_word' id='word_1_713' title='bbox 3363 2785 3461 2822; x_wconf 88' lang='lat' dir='ltr'><strong>non</strong></span> <span class='ocrx_word' id='word_1_714' title='bbox 3488 2773 3725 2842; x_wconf 77' lang='lat' dir='ltr'><strong>rapinam</strong></span> 
     </span>
    </p>
   </div>
   <div class='ocr_carea' id='block_1_88' title="bbox 2144 2847 3724 2930">
    <p class='ocr_par' dir='ltr' id='par_1_88' title="bbox 2144 2847 3724 2930">
     <span class='ocr_line' id='line_1_88' title="bbox 2144 2847 3724 2930; baseline 0.011 -31"><span class='ocrx_word' id='word_1_715' title='bbox 2144 2847 2413 2902; x_wconf 85' lang='lat' dir='ltr'><strong>arbitratus</strong></span> <span class='ocrx_word' id='word_1_716' title='bbox 2437 2860 2511 2902; x_wconf 88' lang='lat' dir='ltr'><strong>est</strong></span> <span class='ocrx_word' id='word_1_717' title='bbox 2549 2867 2656 2904; x_wconf 84' lang='lat' dir='ltr'><strong>esse</strong></span> <span class='ocrx_word' id='word_1_718' title='bbox 2698 2853 2906 2922; x_wconf 78' lang='lat' dir='ltr'><strong>tequalis</strong></span> <span class='ocrx_word' id='word_1_719' title='bbox 2955 2852 3081 2907; x_wconf 86' lang='lat' dir='ltr'><strong>Deo.</strong></span> <span class='ocrx_word' id='word_1_720' title='bbox 3113 2855 3204 2910; x_wconf 75' lang='lat' dir='ltr'><strong>Ha:</strong></span> <span class='ocrx_word' id='word_1_721' title='bbox 3229 2872 3430 2927; x_wconf 69' lang='lat' dir='ltr'><strong>magna:</strong></span> <span class='ocrx_word' id='word_1_722' title='bbox 3452 2860 3724 2930; x_wconf 66' lang='lat' dir='ltr'><strong>incompa‘o</strong></span> 
     </span>
    </p>
   </div>
   <div class='ocr_carea' id='block_1_89' title="bbox 2145 2937 3722 3020">
    <p class='ocr_par' dir='ltr' id='par_1_89' title="bbox 2145 2937 3722 3020">
     <span class='ocr_line' id='line_1_89' title="bbox 2145 2937 3722 3020; baseline 0.01 -29"><span class='ocrx_word' id='word_1_723' title='bbox 2145 2937 2445 3007; x_wconf 79' lang='lat' dir='ltr'><strong>rabiles‘que</strong></span> <span class='ocrx_word' id='word_1_724' title='bbox 2493 2939 2708 2994; x_wconf 71' lang='lat' dir='ltr'><strong>divitiaz.</strong></span> <span class='ocrx_word' id='word_1_725' title='bbox 2755 2942 2904 2997; x_wconf 90' lang='lat' dir='ltr'><strong>Unde</strong></span> <span class='ocrx_word' id='word_1_726' title='bbox 2933 2959 3060 3015; x_wconf 80' lang='lat' dir='ltr'><strong>ergo</strong></span> <span class='ocrx_word' id='word_1_727' title='bbox 3099 2946 3198 3001; x_wconf 87' lang='lat' dir='ltr'><strong>ista</strong></span> <span class='ocrx_word' id='word_1_728' title='bbox 3239 2953 3558 3018; x_wconf 85' lang='lat' dir='ltr'><strong>paupertas?</strong></span> <span class='ocrx_word' id='word_1_729' title='bbox 3585 2951 3722 3020; x_wconf 86' lang='lat' dir='ltr'><strong>Quia</strong></span> 
     </span>
    </p>
   </div>
   <div class='ocr_carea' id='block_1_90' title="bbox 2144 3028 3726 3108">
    <p class='ocr_par' dir='ltr' id='par_1_90' title="bbox 2144 3028 3726 3108">
     <span class='ocr_line' id='line_1_90' title="bbox 2144 3028 3726 3108; baseline 0.011 -29"><span class='ocrx_word' id='word_1_730' title='bbox 2144 3028 2467 3098; x_wconf 75' lang='lat' dir='ltr'><strong>muetipsum</strong></span> <span class='ocrx_word' id='word_1_731' title='bbox 2508 3031 2780 3085; x_wconf 77' lang='lat' dir='ltr'><strong>exinanivit</strong></span> <span class='ocrx_word' id='word_1_732' title='bbox 2818 3034 3034 3102; x_wconf 85' lang='lat' dir='ltr'><strong>formam</strong></span> <span class='ocrx_word' id='word_1_733' title='bbox 3077 3038 3206 3090; x_wconf 62' lang='lat' dir='ltr'><strong>senii</strong></span> <span class='ocrx_word' id='word_1_734' title='bbox 3249 3039 3535 3108; x_wconf 82' lang='lat' dir='ltr'><strong>accipiens,</strong></span> <span class='ocrx_word' id='word_1_735' title='bbox 3571 3043 3624 3096; x_wconf 86' lang='lat' dir='ltr'><strong>in</strong></span> <span class='ocrx_word' id='word_1_736' title='bbox 3651 3045 3726 3096; x_wconf 59' lang='lat' dir='ltr'><strong>si-</strong></span> 
     </span>
    </p>
   </div>
   <div class='ocr_carea' id='block_1_91' title="bbox 2141 3117 3719 3195">
    <p class='ocr_par' dir='ltr' id='par_1_91' title="bbox 2141 3117 3719 3195">
     <span class='ocr_line' id='line_1_91' title="bbox 2141 3117 3719 3195; baseline 0.011 -27"><span class='ocrx_word' id='word_1_737' title='bbox 2141 3117 2477 3171; x_wconf 83' lang='lat' dir='ltr'><strong>militudinem</strong></span> <span class='ocrx_word' id='word_1_738' title='bbox 2527 3119 2784 3176; x_wconf 81' lang='lat' dir='ltr'><strong>hominum</strong></span> <span class='ocrx_word' id='word_1_739' title='bbox 2834 3126 3032 3195; x_wconf 86' lang='lat' dir='ltr'><strong>factus,</strong></span> <span class='ocrx_word' id='word_1_740' title='bbox 3083 3136 3130 3180; x_wconf 88' lang='lat' dir='ltr'><strong>et</strong></span> <span class='ocrx_word' id='word_1_741' title='bbox 3177 3127 3350 3182; x_wconf 82' lang='lat' dir='ltr'><strong>habitu</strong></span> <span class='ocrx_word' id='word_1_742' title='bbox 3381 3131 3615 3188; x_wconf 73' lang='lat' dir='ltr'><strong>inventus</strong></span> <span class='ocrx_word' id='word_1_743' title='bbox 3661 3137 3719 3186; x_wconf 69' lang='lat' dir='ltr'><strong>ul</strong></span> 
     </span>
    </p>
   </div>
   <div class='ocr_carea' id='block_1_92' title="bbox 2145 3209 3721 3288">
    <p class='ocr_par' dir='ltr' id='par_1_92' title="bbox 2145 3209 3721 3288">
     <span class='ocr_line' id='line_1_92' title="bbox 2145 3209 3721 3288; baseline 0.011 -27"><span class='ocrx_word' id='word_1_744' title='bbox 2145 3209 2316 3275; x_wconf 79' lang='lat' dir='ltr'><strong>homo;</strong></span> <span class='ocrx_word' id='word_1_745' title='bbox 2347 3211 2626 3265; x_wconf 86' lang='lat' dir='ltr'><strong>Immiliavit</strong></span> <span class='ocrx_word' id='word_1_746' title='bbox 2647 3229 2700 3266; x_wconf 89' lang='lat' dir='ltr'><strong>se</strong></span> <span class='ocrx_word' id='word_1_747' title='bbox 2719 3255 2733 3277; x_wconf 93' lang='lat'><strong>,</strong></span> <span class='ocrx_word' id='word_1_748' title='bbox 2767 3217 2930 3284; x_wconf 85' lang='lat' dir='ltr'><strong>factus</strong></span> <span class='ocrx_word' id='word_1_749' title='bbox 2951 3217 3183 3272; x_wconf 84' lang='lat' dir='ltr'><strong>obediens</strong></span> <span class='ocrx_word' id='word_1_750' title='bbox 3203 3236 3357 3288; x_wconf 85' lang='lat' dir='ltr'><strong>usque</strong></span> <span class='ocrx_word' id='word_1_751' title='bbox 3375 3221 3444 3274; x_wconf 90' lang='lat' dir='ltr'><strong>ad</strong></span> <span class='ocrx_word' id='word_1_752' title='bbox 3465 3233 3676 3277; x_wconf 86' lang='lat' dir='ltr'><strong>mortem</strong></span> <span class='ocrx_word' id='word_1_753' title='bbox 3698 3229 3721 3280; x_wconf 82' lang='lat'><strong>.&#39;</strong></span> 
     </span>
    </p>
   </div>
   <div class='ocr_carea' id='block_1_93' title="bbox 2138 3301 3717 3378">
    <p class='ocr_par' dir='ltr' id='par_1_93' title="bbox 2138 3301 3717 3378">
     <span class='ocr_line' id='line_1_93' title="bbox 2138 3301 3717 3378; baseline 0.009 -22"><span class='ocrx_word' id='word_1_754' title='bbox 2138 3307 2201 3356; x_wconf 66' lang='lat' dir='ltr'><strong>Bt</strong></span> <span class='ocrx_word' id='word_1_755' title='bbox 2224 3301 2454 3370; x_wconf 86' lang='lat' dir='ltr'><strong>diceret,</strong></span> <span class='ocrx_word' id='word_1_756' title='bbox 2485 3303 2794 3359; x_wconf 85' lang='lat' dir='ltr'><strong>Introierunt</strong></span> <span class='ocrx_word' id='word_1_757' title='bbox 2823 3321 2968 3377; x_wconf 68' lang='lat' dir='ltr'><strong>aqua:</strong></span> <span class='ocrx_word' id='word_1_758' title='bbox 2996 3323 3153 3378; x_wconf 80' lang='lat' dir='ltr'><strong>usque</strong></span> <span class='ocrx_word' id='word_1_759' title='bbox 3191 3311 3260 3365; x_wconf 90' lang='lat' dir='ltr'><strong>ad</strong></span> <span class='ocrx_word' id='word_1_760' title='bbox 3291 3314 3511 3368; x_wconf 74' lang='lat' dir='ltr'><strong>animant</strong></span> <span class='ocrx_word' id='word_1_761' title='bbox 3533 3332 3717 3370; x_wconf 87' lang='lat' dir='ltr'><strong>meam.</strong></span> 
     </span>
    </p>
   </div>
   <div class='ocr_carea' id='block_1_94' title="bbox 2144 3391 3721 3476">
    <p class='ocr_par' dir='ltr' id='par_1_94' title="bbox 2144 3391 3721 3476">
     <span class='ocr_line' id='line_1_94' title="bbox 2144 3391 3721 3476; baseline 0.01 -31"><span class='ocrx_word' id='word_1_762' title='bbox 2144 3391 2293 3447; x_wconf 88' lang='lat' dir='ltr'><strong>Adde</strong></span> <span class='ocrx_word' id='word_1_763' title='bbox 2315 3407 2474 3463; x_wconf 87' lang='lat' dir='ltr'><strong>super</strong></span> <span class='ocrx_word' id='word_1_764' title='bbox 2493 3404 2716 3449; x_wconf 91' lang='lat' dir='ltr'><strong>mortem</strong></span> <span class='ocrx_word' id='word_1_765' title='bbox 2742 3413 2756 3450; x_wconf 89' lang='lat'><strong>:</strong></span> <span class='ocrx_word' id='word_1_766' title='bbox 2781 3397 2904 3466; x_wconf 86' lang='lat' dir='ltr'><strong>quid</strong></span> <span class='ocrx_word' id='word_1_767' title='bbox 2927 3399 3151 3468; x_wconf 89' lang='lat' dir='ltr'><strong>amplius</strong></span> <span class='ocrx_word' id='word_1_768' title='bbox 3175 3401 3447 3457; x_wconf 87' lang='lat' dir='ltr'><strong>additurus</strong></span> <span class='ocrx_word' id='word_1_769' title='bbox 3466 3404 3550 3458; x_wconf 89' lang='lat' dir='ltr'><strong>es?</strong></span> <span class='ocrx_word' id='word_1_770' title='bbox 3573 3403 3721 3476; x_wconf 78' lang='lat' dir='ltr'><strong>Igno-</strong></span> 
     </span>
    </p>
   </div>
   <div class='ocr_carea' id='block_1_95' title="bbox 2142 3483 3717 3556">
    <p class='ocr_par' dir='ltr' id='par_1_95' title="bbox 2142 3483 3717 3556">
     <span class='ocr_line' id='line_1_95' title="bbox 2142 3483 3717 3556; baseline 0.009 -20"><span class='ocrx_word' id='word_1_771' title='bbox 2142 3483 2358 3537; x_wconf 84' lang='lat' dir='ltr'><strong>miniam</strong></span> <span class='ocrx_word' id='word_1_772' title='bbox 2385 3485 2592 3539; x_wconf 86' lang='lat' dir='ltr'><strong>mortis.</strong></span> <span class='ocrx_word' id='word_1_773' title='bbox 2623 3485 2744 3542; x_wconf 88' lang='lat' dir='ltr'><strong>Ideo</strong></span> <span class='ocrx_word' id='word_1_774' title='bbox 2765 3491 3002 3556; x_wconf 80' lang='lat' dir='ltr'><strong>sequitur</strong></span> <span class='ocrx_word' id='word_1_775' title='bbox 3028 3507 3041 3541; x_wconf 89' lang='lat'><strong>:</strong></span> <span class='ocrx_word' id='word_1_776' title='bbox 3072 3489 3287 3544; x_wconf 75' lang='lat' dir='ltr'><strong>Mortem</strong></span> <span class='ocrx_word' id='word_1_777' title='bbox 3322 3503 3486 3546; x_wconf 88' lang='lat' dir='ltr'><strong>autem</strong></span> <span class='ocrx_word' id='word_1_778' title='bbox 3507 3498 3669 3550; x_wconf 89' lang='lat' dir='ltr'><strong>crucis</strong></span> <span class='ocrx_word' id='word_1_779' title='bbox 3693 3491 3717 3529; x_wconf 69' lang='grc'>⁸</span> 
     </span>
    </p>
   </div>
   <div class='ocr_carea' id='block_1_96' title="bbox 2143 3572 3719 3650">
    <p class='ocr_par' dir='ltr' id='par_1_96' title="bbox 2143 3572 3719 3650">
     <span class='ocr_line' id='line_1_96' title="bbox 2143 3572 3719 3650; baseline 0.011 -24"><span class='ocrx_word' id='word_1_780' title='bbox 2143 3572 2166 3644; x_wconf 85' lang='grc'><strong>(</strong></span> <span class='ocrx_word' id='word_1_781' title='bbox 2191 3573 2418 3645; x_wconf 83' lang='lat' dir='ltr'><strong>Philipp.</strong></span> <span class='ocrx_word' id='word_1_782' title='bbox 2442 3592 2499 3642; x_wconf 86' lang='lat' dir='ltr'><strong>ll,</strong></span> <span class='ocrx_word' id='word_1_783' title='bbox 2529 3577 2560 3631; x_wconf 89' lang='lat'><strong>6</strong></span> <span class='ocrx_word' id='word_1_784' title='bbox 2594 3577 2672 3646; x_wconf 91' lang='lat'><strong>8).</strong></span> <span class='ocrx_word' id='word_1_785' title='bbox 2700 3577 2884 3648; x_wconf 81' lang='lat' dir='ltr'><strong>Magna</strong></span> <span class='ocrx_word' id='word_1_786' title='bbox 2931 3585 3245 3650; x_wconf 82' lang='lat' dir='ltr'><strong>paupertas!</strong></span> <span class='ocrx_word' id='word_1_787' title='bbox 3275 3584 3378 3640; x_wconf 86' lang='lat' dir='ltr'><strong>Sed</strong></span> <span class='ocrx_word' id='word_1_788' title='bbox 3410 3585 3533 3640; x_wconf 87' lang='lat' dir='ltr'><strong>hinc</strong></span> <span class='ocrx_word' id='word_1_789' title='bbox 3558 3597 3719 3643; x_wconf 85' lang='lat' dir='ltr'><strong>erunt</strong></span> 
     </span>
    </p>
   </div>
   <div class='ocr_carea' id='block_1_97' title="bbox 2139 3666 3717 3746">
    <p class='ocr_par' dir='ltr' id='par_1_97' title="bbox 2139 3666 3717 3746">
     <span class='ocr_line' id='line_1_97' title="bbox 2139 3666 3717 3746; baseline 0.009 -28"><span class='ocrx_word' id='word_1_790' title='bbox 2139 3680 2346 3736; x_wconf 79' lang='lat' dir='ltr'><strong>magna:</strong></span> <span class='ocrx_word' id='word_1_791' title='bbox 2400 3666 2632 3733; x_wconf 76' lang='lat' dir='ltr'><strong>divitizn;</strong></span> <span class='ocrx_word' id='word_1_792' title='bbox 2682 3669 2804 3739; x_wconf 89' lang='lat' dir='ltr'><strong>quia</strong></span> <span class='ocrx_word' id='word_1_793' title='bbox 2852 3671 2987 3725; x_wconf 90' lang='lat' dir='ltr'><strong>sicut</strong></span> <span class='ocrx_word' id='word_1_794' title='bbox 3039 3672 3250 3742; x_wconf 89' lang='lat' dir='ltr'><strong>impleta</strong></span> <span class='ocrx_word' id='word_1_795' title='bbox 3300 3682 3382 3729; x_wconf 83' lang='lat' dir='ltr'><strong>est</strong></span> <span class='ocrx_word' id='word_1_796' title='bbox 3429 3687 3717 3746; x_wconf 84' lang='lat' dir='ltr'><strong>paupertas</strong></span> 
     </span>
    </p>
   </div>
   <div class='ocr_carea' id='block_1_98' title="bbox 2140 3757 3716 3838">
    <p class='ocr_par' dir='ltr' id='par_1_98' title="bbox 2140 3757 3716 3838">
     <span class='ocr_line' id='line_1_98' title="bbox 2140 3757 3716 3838; baseline 0.009 -28"><span class='ocrx_word' id='word_1_797' title='bbox 2140 3757 2277 3826; x_wconf 83' lang='lat' dir='ltr'><strong>ejus,</strong></span> <span class='ocrx_word' id='word_1_798' title='bbox 2302 3758 2370 3812; x_wconf 89' lang='lat' dir='ltr'><strong>ita</strong></span> <span class='ocrx_word' id='word_1_799' title='bbox 2398 3759 2761 3828; x_wconf 82' lang='lat' dir='ltr'><strong>implebantur</strong></span> <span class='ocrx_word' id='word_1_800' title='bbox 2788 3771 2842 3816; x_wconf 92' lang='lat' dir='ltr'><strong>et</strong></span> <span class='ocrx_word' id='word_1_801' title='bbox 2863 3762 3058 3817; x_wconf 78' lang='lat' dir='ltr'><strong>divitizn</strong></span> <span class='ocrx_word' id='word_1_802' title='bbox 3089 3774 3284 3820; x_wconf 76' lang='lat' dir='ltr'><strong>nostra:</strong></span> <span class='ocrx_word' id='word_1_803' title='bbox 3313 3766 3380 3820; x_wconf 89' lang='lat' dir='ltr'><strong>de</strong></span> <span class='ocrx_word' id='word_1_804' title='bbox 3407 3778 3716 3838; x_wconf 87' lang='lat' dir='ltr'><strong>paupertate</strong></span> 
     </span>
    </p>
   </div>
   <div class='ocr_carea' id='block_1_99' title="bbox 2140 3847 3717 3927">
    <p class='ocr_par' dir='ltr' id='par_1_99' title="bbox 2140 3847 3717 3927">
     <span class='ocr_line' id='line_1_99' title="bbox 2140 3847 3717 3927; baseline 0.008 -25"><span class='ocrx_word' id='word_1_805' title='bbox 2140 3847 2326 3918; x_wconf 88' lang='lat' dir='ltr'><strong>ipsius.</strong></span> <span class='ocrx_word' id='word_1_806' title='bbox 2354 3849 2588 3916; x_wconf 89' lang='lat' dir='ltr'><strong>Quantas</strong></span> <span class='ocrx_word' id='word_1_807' title='bbox 2622 3850 2834 3906; x_wconf 86' lang='lat' dir='ltr'><strong>divitias</strong></span> <span class='ocrx_word' id='word_1_808' title='bbox 2880 3852 3069 3921; x_wconf 82' lang='lat' dir='ltr'><strong>habet,</strong></span> <span class='ocrx_word' id='word_1_809' title='bbox 3097 3864 3153 3908; x_wconf 91' lang='lat' dir='ltr'><strong>ut</strong></span> <span class='ocrx_word' id='word_1_810' title='bbox 3181 3855 3247 3909; x_wconf 88' lang='lat' dir='ltr'><strong>de</strong></span> <span class='ocrx_word' id='word_1_811' title='bbox 3271 3870 3362 3910; x_wconf 87' lang='lat' dir='ltr'><strong>sua</strong></span> <span class='ocrx_word' id='word_1_812' title='bbox 3403 3867 3717 3927; x_wconf 79' lang='lat' dir='ltr'><strong>paupertate</strong></span> 
     </span>
    </p>
   </div>
   <div class='ocr_carea' id='block_1_100' title="bbox 2135 3940 3715 4011">
    <p class='ocr_par' dir='ltr' id='par_1_100' title="bbox 2135 3940 3715 4011">
     <span class='ocr_line' id='line_1_100' title="bbox 2135 3940 3715 4011; baseline 0.008 -18"><span class='ocrx_word' id='word_1_813' title='bbox 2135 3954 2238 3994; x_wconf 87' lang='lat' dir='ltr'><strong>nos</strong></span> <span class='ocrx_word' id='word_1_814' title='bbox 2280 3942 2471 3996; x_wconf 82' lang='lat' dir='ltr'><strong>divites</strong></span> <span class='ocrx_word' id='word_1_815' title='bbox 2512 3940 2740 3998; x_wconf 87' lang='lat' dir='ltr'><strong>faceret!</strong></span> <span class='ocrx_word' id='word_1_816' title='bbox 2766 3945 2957 4011; x_wconf 87' lang='lat' dir='ltr'><strong>Quales</strong></span> <span class='ocrx_word' id='word_1_817' title='bbox 2985 3961 3081 3999; x_wconf 89' lang='lat' dir='ltr'><strong>nos</strong></span> <span class='ocrx_word' id='word_1_818' title='bbox 3117 3945 3352 4004; x_wconf 83' lang='lat' dir='ltr'><strong>facturus</strong></span> <span class='ocrx_word' id='word_1_819' title='bbox 3373 3959 3456 4004; x_wconf 90' lang='lat' dir='ltr'><strong>est</strong></span> <span class='ocrx_word' id='word_1_820' title='bbox 3482 3950 3551 4005; x_wconf 91' lang='lat' dir='ltr'><strong>de</strong></span> <span class='ocrx_word' id='word_1_821' title='bbox 3575 3950 3715 4006; x_wconf 80' lang='lat' dir='ltr'><strong>divi-</strong></span> 
     </span>
    </p>
   </div>
   <div class='ocr_carea' id='block_1_101' title="bbox 2141 4028 3508 4107">
    <p class='ocr_par' dir='ltr' id='par_1_101' title="bbox 2141 4028 3508 4107">
     <span class='ocr_line' id='line_1_101' title="bbox 2141 4028 3508 4107; baseline 0.008 -23"><span class='ocrx_word' id='word_1_822' title='bbox 2141 4028 2226 4084; x_wconf 88' lang='lat' dir='ltr'><strong>tiis</strong></span> <span class='ocrx_word' id='word_1_823' title='bbox 2255 4031 2386 4096; x_wconf 90' lang='lat' dir='ltr'><strong>suis,</strong></span> <span class='ocrx_word' id='word_1_824' title='bbox 2429 4047 2562 4101; x_wconf 87' lang='lat' dir='ltr'><strong>quos</strong></span> <span class='ocrx_word' id='word_1_825' title='bbox 2588 4033 2777 4089; x_wconf 90' lang='lat' dir='ltr'><strong>divites</strong></span> <span class='ocrx_word' id='word_1_826' title='bbox 2807 4034 2932 4090; x_wconf 88' lang='lat' dir='ltr'><strong>fecit</strong></span> <span class='ocrx_word' id='word_1_827' title='bbox 2958 4035 3025 4091; x_wconf 91' lang='lat' dir='ltr'><strong>de</strong></span> <span class='ocrx_word' id='word_1_828' title='bbox 3052 4048 3357 4107; x_wconf 82' lang='lat' dir='ltr'><strong>paupertate</strong></span> <span class='ocrx_word' id='word_1_829' title='bbox 3382 4041 3508 4095; x_wconf 86' lang='lat' dir='ltr'><strong>sua!</strong></span> 
     </span>
    </p>
   </div>
   <div class='ocr_carea' id='block_1_102' title="bbox 2209 4119 3714 4197">
    <p class='ocr_par' dir='ltr' id='par_1_102' title="bbox 2209 4119 3714 4197">
     <span class='ocr_line' id='line_1_102' title="bbox 2209 4119 3714 4197; baseline 0.007 -21"><span class='ocrx_word' id='word_1_830' title='bbox 2209 4121 2261 4176; x_wconf 85' lang='lat'><strong>5.</strong></span> <span class='ocrx_word' id='word_1_831' title='bbox 2291 4119 2495 4191; x_wconf 75' lang='lat' dir='ltr'><strong>Inﬁxae</strong></span> <span class='ocrx_word' id='word_1_832' title='bbox 2523 4138 2634 4177; x_wconf 86' lang='lat' dir='ltr'><strong>sum</strong></span> <span class='ocrx_word' id='word_1_833' title='bbox 2671 4124 2722 4177; x_wconf 84' lang='lat' dir='ltr'><strong>in</strong></span> <span class='ocrx_word' id='word_1_834' title='bbox 2749 4124 2868 4178; x_wconf 86' lang='lat' dir='ltr'><strong>limo</strong></span> <span class='ocrx_word' id='word_1_835' title='bbox 2893 4127 3154 4197; x_wconf 80' lang='lat' dir='ltr'><strong>profundi,</strong></span> <span class='ocrx_word' id='word_1_836' title='bbox 3183 4137 3228 4180; x_wconf 77' lang='lat' dir='ltr'><strong>et</strong></span> <span class='ocrx_word' id='word_1_837' title='bbox 3254 4145 3353 4182; x_wconf 88' lang='lat' dir='ltr'><strong>non</strong></span> <span class='ocrx_word' id='word_1_838' title='bbox 3382 4140 3453 4183; x_wconf 85' lang='lat' dir='ltr'><strong>est</strong></span> <span class='ocrx_word' id='word_1_839' title='bbox 3480 4131 3714 4186; x_wconf 81' lang='lat' dir='ltr'><strong>substan-</strong></span> 
     </span>
    </p>
   </div>
   <div class='ocr_carea' id='block_1_103' title="bbox 2138 4212 3715 4290">
    <p class='ocr_par' dir='ltr' id='par_1_103' title="bbox 2138 4212 3715 4290">
     <span class='ocr_line' id='line_1_103' title="bbox 2138 4212 3715 4290; baseline 0.008 -25"><span class='ocrx_word' id='word_1_840' title='bbox 2138 4212 2229 4266; x_wconf 87' lang='lat' dir='ltr'><strong>tia.</strong></span> <span class='ocrx_word' id='word_1_841' title='bbox 2260 4213 2573 4283; x_wconf 78' lang='lat' dir='ltr'><strong>lntelligitur</strong></span> <span class='ocrx_word' id='word_1_842' title='bbox 2598 4214 2705 4268; x_wconf 89' lang='lat' dir='ltr'><strong>alio</strong></span> <span class='ocrx_word' id='word_1_843' title='bbox 2749 4215 2906 4268; x_wconf 88' lang='lat' dir='ltr'><strong>modo</strong></span> <span class='ocrx_word' id='word_1_844' title='bbox 2944 4217 3233 4271; x_wconf 87' lang='lat' dir='ltr'><strong>substantia</strong></span> <span class='ocrx_word' id='word_1_845' title='bbox 3253 4260 3267 4282; x_wconf 92' lang='lat'><strong>,</strong></span> <span class='ocrx_word' id='word_1_846' title='bbox 3301 4220 3424 4273; x_wconf 90' lang='lat' dir='ltr'><strong>illud</strong></span> <span class='ocrx_word' id='word_1_847' title='bbox 3455 4223 3596 4290; x_wconf 89' lang='lat' dir='ltr'><strong>quod</strong></span> <span class='ocrx_word' id='word_1_848' title='bbox 3621 4234 3715 4277; x_wconf 66' lang='lat' dir='ltr'><strong>suo</strong></span> 
     </span>
    </p>
   </div>
   <div class='ocr_carea' id='block_1_104' title="bbox 2138 4303 3718 4381">
    <p class='ocr_par' dir='ltr' id='par_1_104' title="bbox 2138 4303 3718 4381">
     <span class='ocr_line' id='line_1_104' title="bbox 2138 4303 3718 4381; baseline 0.006 -22"><span class='ocrx_word' id='word_1_849' title='bbox 2138 4319 2257 4360; x_wconf 92' lang='lat' dir='ltr'><strong>mus</strong></span> <span class='ocrx_word' id='word_1_850' title='bbox 2281 4303 2535 4375; x_wconf 85' lang='lat' dir='ltr'><strong>quidquid</strong></span> <span class='ocrx_word' id='word_1_851' title='bbox 2573 4321 2774 4360; x_wconf 87' lang='lat' dir='ltr'><strong>sumus.</strong></span> <span class='ocrx_word' id='word_1_852' title='bbox 2805 4306 2909 4361; x_wconf 88' lang='lat' dir='ltr'><strong>Sed</strong></span> <span class='ocrx_word' id='word_1_853' title='bbox 2950 4309 3048 4362; x_wconf 93' lang='lat' dir='ltr'><strong>hoc</strong></span> <span class='ocrx_word' id='word_1_854' title='bbox 3077 4309 3142 4362; x_wconf 89' lang='lat' dir='ltr'><strong>ad</strong></span> <span class='ocrx_word' id='word_1_855' title='bbox 3187 4310 3582 4381; x_wconf 84' lang='lat' dir='ltr'><strong>intelligendqu</strong></span> <span class='ocrx_word' id='word_1_856' title='bbox 3617 4315 3718 4368; x_wconf 70' lang='lat' dir='ltr'><strong>ali:-</strong></span> 
     </span>
    </p>
   </div>
   <div class='ocr_carea' id='block_1_105' title="bbox 2137 4394 3714 4468">
    <p class='ocr_par' dir='ltr' id='par_1_105' title="bbox 2137 4394 3714 4468">
     <span class='ocr_line' id='line_1_105' title="bbox 2137 4394 3714 4468; baseline 0.008 -21"><span class='ocrx_word' id='word_1_857' title='bbox 2137 4403 2334 4464; x_wconf 87' lang='lat' dir='ltr'><strong>quanto</strong></span> <span class='ocrx_word' id='word_1_858' title='bbox 2363 4405 2446 4450; x_wconf 91' lang='lat' dir='ltr'><strong>est</strong></span> <span class='ocrx_word' id='word_1_859' title='bbox 2463 4394 2751 4462; x_wconf 88' lang='lat' dir='ltr'><strong>difﬁcilius,</strong></span> <span class='ocrx_word' id='word_1_860' title='bbox 2786 4404 3083 4468; x_wconf 84' lang='lat' dir='ltr'><strong>quanquam</strong></span> <span class='ocrx_word' id='word_1_861' title='bbox 3113 4415 3199 4454; x_wconf 90' lang='lat' dir='ltr'><strong>res</strong></span> <span class='ocrx_word' id='word_1_862' title='bbox 3226 4403 3430 4456; x_wconf 80' lang='lat' dir='ltr'><strong>usitata:</strong></span> <span class='ocrx_word' id='word_1_863' title='bbox 3458 4403 3567 4458; x_wconf 88' lang='lat' dir='ltr'><strong>sint</strong></span> <span class='ocrx_word' id='word_1_864' title='bbox 3586 4423 3598 4458; x_wconf 91' lang='lat'><strong>:</strong></span> <span class='ocrx_word' id='word_1_865' title='bbox 3618 4399 3714 4460; x_wconf 72' lang='lat' dir='ltr'><strong>sed</strong></span> 
     </span>
    </p>
   </div>
   <div class='ocr_carea' id='block_1_106' title="bbox 2137 4485 3716 4559">
    <p class='ocr_par' dir='ltr' id='par_1_106' title="bbox 2137 4485 3716 4559">
     <span class='ocr_line' id='line_1_106' title="bbox 2137 4485 3716 4559; baseline 0.008 -21"><span class='ocrx_word' id='word_1_866' title='bbox 2137 4487 2258 4555; x_wconf 87' lang='lat' dir='ltr'><strong>quia</strong></span> <span class='ocrx_word' id='word_1_867' title='bbox 2284 4485 2589 4540; x_wconf 91' lang='lat' dir='ltr'><strong>inusitatum</strong></span> <span class='ocrx_word' id='word_1_868' title='bbox 2621 4487 2840 4540; x_wconf 84' lang='lat' dir='ltr'><strong>verbum</strong></span> <span class='ocrx_word' id='word_1_869' title='bbox 2868 4497 2977 4553; x_wconf 82' lang='lat' dir='ltr'><strong>est,</strong></span> <span class='ocrx_word' id='word_1_870' title='bbox 3015 4488 3210 4559; x_wconf 70' lang='lat' dir='ltr'><strong>indiget</strong></span> <span class='ocrx_word' id='word_1_871' title='bbox 3237 4492 3716 4550; x_wconf 84' lang='lat' dir='ltr'><strong>commendationis</strong></span> 
     </span>
    </p>
   </div>
   <div class='ocr_carea' id='block_1_107' title="bbox 2137 4578 3714 4648">
    <p class='ocr_par' dir='ltr' id='par_1_107' title="bbox 2137 4578 3714 4648">
     <span class='ocr_line' id='line_1_107' title="bbox 2137 4578 3714 4648; baseline 0.005 -16"><span class='ocrx_word' id='word_1_872' title='bbox 2137 4587 2190 4632; x_wconf 90' lang='lat' dir='ltr'><strong>et</strong></span> <span class='ocrx_word' id='word_1_873' title='bbox 2219 4578 2565 4647; x_wconf 84' lang='lat' dir='ltr'><strong>expositionis</strong></span> <span class='ocrx_word' id='word_1_874' title='bbox 2602 4578 2977 4648; x_wconf 62' lang='lat' dir='ltr'><strong>aliquantulm;</strong></span> <span class='ocrx_word' id='word_1_875' title='bbox 3009 4581 3092 4633; x_wconf 91' lang='lat' dir='ltr'><strong>cui</strong></span> <span class='ocrx_word' id='word_1_876' title='bbox 3125 4590 3300 4636; x_wconf 88' lang='lat' dir='ltr'><strong>tamen</strong></span> <span class='ocrx_word' id='word_1_877' title='bbox 3331 4581 3375 4636; x_wconf 89' lang='lat' dir='ltr'><strong>si</strong></span> <span class='ocrx_word' id='word_1_878' title='bbox 3407 4583 3600 4638; x_wconf 88' lang='lat' dir='ltr'><strong>intenti</strong></span> <span class='ocrx_word' id='word_1_879' title='bbox 3632 4585 3714 4640; x_wconf 88' lang='lat' dir='ltr'><strong>fu-</strong></span> 
     </span>
    </p>
   </div>
   <div class='ocr_carea' id='block_1_108' title="bbox 2136 4667 3715 4740">
    <p class='ocr_par' dir='ltr' id='par_1_108' title="bbox 2136 4667 3715 4740">
     <span class='ocr_line' id='line_1_108' title="bbox 2136 4667 3715 4740; baseline 0.004 -16"><span class='ocrx_word' id='word_1_880' title='bbox 2136 4667 2302 4732; x_wconf 89' lang='lat' dir='ltr'><strong>eritis,</strong></span> <span class='ocrx_word' id='word_1_881' title='bbox 2329 4667 2567 4724; x_wconf 87' lang='lat' dir='ltr'><strong>fortassis</strong></span> <span class='ocrx_word' id='word_1_882' title='bbox 2596 4669 2648 4724; x_wconf 91' lang='lat' dir='ltr'><strong>in</strong></span> <span class='ocrx_word' id='word_1_883' title='bbox 2677 4682 2738 4724; x_wconf 86' lang='lat' dir='ltr'><strong>ea</strong></span> <span class='ocrx_word' id='word_1_884' title='bbox 2761 4685 2863 4723; x_wconf 91' lang='lat' dir='ltr'><strong>non</strong></span> <span class='ocrx_word' id='word_1_885' title='bbox 2896 4669 3272 4725; x_wconf 90' lang='lat' dir='ltr'><strong>laborabimus.</strong></span> <span class='ocrx_word' id='word_1_886' title='bbox 3297 4672 3498 4727; x_wconf 78' lang='lat' dir='ltr'><strong>Dicitur</strong></span> <span class='ocrx_word' id='word_1_887' title='bbox 3529 4673 3715 4740; x_wconf 90' lang='lat' dir='ltr'><strong>homo,</strong></span> 
     </span>
    </p>
   </div>
   <div class='ocr_carea' id='block_1_109' title="bbox 2137 4759 3719 4829">
    <p class='ocr_par' dir='ltr' id='par_1_109' title="bbox 2137 4759 3719 4829">
     <span class='ocr_line' id='line_1_109' title="bbox 2137 4759 3719 4829; baseline 0.004 -15"><span class='ocrx_word' id='word_1_888' title='bbox 2137 4759 2330 4815; x_wconf 89' lang='lat' dir='ltr'><strong>dicitur</strong></span> <span class='ocrx_word' id='word_1_889' title='bbox 2361 4774 2520 4829; x_wconf 87' lang='lat' dir='ltr'><strong>pecus</strong></span> <span class='ocrx_word' id='word_1_890' title='bbox 2542 4803 2557 4827; x_wconf 95' lang='lat'><strong>,</strong></span> <span class='ocrx_word' id='word_1_891' title='bbox 2602 4760 2795 4816; x_wconf 81' lang='lat' dir='ltr'><strong>dicitur</strong></span> <span class='ocrx_word' id='word_1_892' title='bbox 2821 4769 2956 4814; x_wconf 84' lang='lat' dir='ltr'><strong>terra</strong></span> <span class='ocrx_word' id='word_1_893' title='bbox 2987 4799 3002 4827; x_wconf 91' lang='lat'><strong>,</strong></span> <span class='ocrx_word' id='word_1_894' title='bbox 3033 4762 3227 4815; x_wconf 89' lang='lat' dir='ltr'><strong>dicitur</strong></span> <span class='ocrx_word' id='word_1_895' title='bbox 3255 4763 3451 4817; x_wconf 68' lang='lat' dir='ltr'><strong>cmlum</strong></span> <span class='ocrx_word' id='word_1_896' title='bbox 3478 4808 3491 4829; x_wconf 97' lang='lat'><strong>,</strong></span> <span class='ocrx_word' id='word_1_897' title='bbox 3519 4765 3719 4820; x_wconf 87' lang='lat' dir='ltr'><strong>dicitur</strong></span> 
     </span>
    </p>
   </div>
   <div class='ocr_carea' id='block_1_110' title="bbox 2137 4851 3720 4921">
    <p class='ocr_par' dir='ltr' id='par_1_110' title="bbox 2137 4851 3720 4921">
     <span class='ocr_line' id='line_1_110' title="bbox 2137 4851 3720 4921; baseline 0.004 -15"><span class='ocrx_word' id='word_1_898' title='bbox 2137 4851 2255 4918; x_wconf 84' lang='lat' dir='ltr'><strong>sol,</strong></span> <span class='ocrx_word' id='word_1_899' title='bbox 2283 4851 2402 4906; x_wconf 89' lang='lat' dir='ltr'><strong>luna</strong></span> <span class='ocrx_word' id='word_1_900' title='bbox 2425 4891 2440 4918; x_wconf 93' lang='lat'><strong>,</strong></span> <span class='ocrx_word' id='word_1_901' title='bbox 2484 4853 2618 4921; x_wconf 87' lang='lat' dir='ltr'><strong>lapis</strong></span> <span class='ocrx_word' id='word_1_902' title='bbox 2639 4891 2653 4916; x_wconf 93' lang='lat'><strong>,</strong></span> <span class='ocrx_word' id='word_1_903' title='bbox 2685 4868 2862 4919; x_wconf 88' lang='lat' dir='ltr'><strong>mare,</strong></span> <span class='ocrx_word' id='word_1_904' title='bbox 2889 4868 2982 4906; x_wconf 85' lang='lat' dir='ltr'><strong>acr</strong></span> <span class='ocrx_word' id='word_1_905' title='bbox 3010 4868 3024 4906; x_wconf 86' lang='lat'><strong>:</strong></span> <span class='ocrx_word' id='word_1_906' title='bbox 3052 4853 3227 4907; x_wconf 88' lang='lat' dir='ltr'><strong>omnia</strong></span> <span class='ocrx_word' id='word_1_907' title='bbox 3264 4856 3359 4908; x_wconf 92' lang='lat' dir='ltr'><strong>ista</strong></span> <span class='ocrx_word' id='word_1_908' title='bbox 3404 4856 3720 4912; x_wconf 68' lang='lat' dir='ltr'><strong>substantias</strong></span> 
     </span>
    </p>
   </div>
   <div class='ocr_carea' id='block_1_111' title="bbox 2137 4942 3718 5014">
    <p class='ocr_par' dir='ltr' id='par_1_111' title="bbox 2137 4942 3718 5014">
     <span class='ocr_line' id='line_1_111' title="bbox 2137 4942 3718 5014; baseline 0.005 -19"><span class='ocrx_word' id='word_1_909' title='bbox 2137 4951 2286 5007; x_wconf 88' lang='lat' dir='ltr'><strong>sunt,</strong></span> <span class='ocrx_word' id='word_1_910' title='bbox 2316 4955 2381 4996; x_wconf 91' lang='lat' dir='ltr'><strong>eo</strong></span> <span class='ocrx_word' id='word_1_911' title='bbox 2403 4942 2514 5011; x_wconf 86' lang='lat' dir='ltr'><strong>ipso</strong></span> <span class='ocrx_word' id='word_1_912' title='bbox 2557 4957 2664 5013; x_wconf 90' lang='lat' dir='ltr'><strong>quo</strong></span> <span class='ocrx_word' id='word_1_913' title='bbox 2692 4952 2834 4997; x_wconf 92' lang='lat' dir='ltr'><strong>sunt.</strong></span> <span class='ocrx_word' id='word_1_914' title='bbox 2867 4943 3076 4998; x_wconf 69' lang='lat' dir='ltr'><strong>Natum</strong></span> <span class='ocrx_word' id='word_1_915' title='bbox 3099 4945 3263 5014; x_wconf 74' lang='lat' dir='ltr'><strong>ipsae,</strong></span> <span class='ocrx_word' id='word_1_916' title='bbox 3295 4945 3607 5002; x_wconf 76' lang='lat' dir='ltr'><strong>subSIantia:</strong></span> <span class='ocrx_word' id='word_1_917' title='bbox 3632 4951 3718 5003; x_wconf 80' lang='lat' dir='ltr'><strong>di-</strong></span> 
     </span>
    </p>
   </div>
   <div class='ocr_carea' id='block_1_112' title="bbox 2136 5035 3716 5107">
    <p class='ocr_par' dir='ltr' id='par_1_112' title="bbox 2136 5035 3716 5107">
     <span class='ocr_line' id='line_1_112' title="bbox 2136 5035 3716 5107; baseline 0.003 -17"><span class='ocrx_word' id='word_1_918' title='bbox 2136 5044 2347 5090; x_wconf 90' lang='lat' dir='ltr'><strong>cuntur.</strong></span> <span class='ocrx_word' id='word_1_919' title='bbox 2373 5035 2512 5090; x_wconf 91' lang='lat' dir='ltr'><strong>Deus</strong></span> <span class='ocrx_word' id='word_1_920' title='bbox 2538 5044 2620 5090; x_wconf 89' lang='lat' dir='ltr'><strong>est</strong></span> <span class='ocrx_word' id='word_1_921' title='bbox 2648 5035 2886 5102; x_wconf 69' lang='lat' dir='ltr'><strong>qutedam</strong></span> <span class='ocrx_word' id='word_1_922' title='bbox 2914 5037 3225 5101; x_wconf 77' lang='lat' dir='ltr'><strong>substantia;</strong></span> <span class='ocrx_word' id='word_1_923' title='bbox 3261 5053 3380 5090; x_wconf 86' lang='lat' dir='ltr'><strong>nam</strong></span> <span class='ocrx_word' id='word_1_924' title='bbox 3402 5040 3544 5107; x_wconf 65' lang='lat' dir='ltr'><strong>quod</strong></span> <span class='ocrx_word' id='word_1_925' title='bbox 3572 5042 3716 5094; x_wconf 90' lang='lat' dir='ltr'><strong>nulla</strong></span> 
     </span>
    </p>
   </div>
   <div class='ocr_carea' id='block_1_113' title="bbox 2137 5125 3717 5200">
    <p class='ocr_par' dir='ltr' id='par_1_113' title="bbox 2137 5125 3717 5200">
     <span class='ocr_line' id='line_1_113' title="bbox 2137 5125 3717 5200; baseline 0.003 -20"><span class='ocrx_word' id='word_1_926' title='bbox 2137 5126 2431 5180; x_wconf 82' lang='lat' dir='ltr'><strong>substantia</strong></span> <span class='ocrx_word' id='word_1_927' title='bbox 2446 5135 2546 5190; x_wconf 87' lang='lat' dir='ltr'><strong>est,</strong></span> <span class='ocrx_word' id='word_1_928' title='bbox 2567 5125 2694 5179; x_wconf 90' lang='lat' dir='ltr'><strong>nihil</strong></span> <span class='ocrx_word' id='word_1_929' title='bbox 2713 5127 2928 5180; x_wconf 90' lang='lat' dir='ltr'><strong>omnino</strong></span> <span class='ocrx_word' id='word_1_930' title='bbox 2941 5136 3040 5181; x_wconf 92' lang='lat' dir='ltr'><strong>est.</strong></span> <span class='ocrx_word' id='word_1_931' title='bbox 3061 5127 3358 5181; x_wconf 84' lang='lat' dir='ltr'><strong>Substantia</strong></span> <span class='ocrx_word' id='word_1_932' title='bbox 3373 5143 3500 5197; x_wconf 77' lang='lat' dir='ltr'><strong>ergo</strong></span> <span class='ocrx_word' id='word_1_933' title='bbox 3516 5129 3717 5200; x_wconf 87' lang='lat' dir='ltr'><strong>aliquid</strong></span> 
     </span>
    </p>
   </div>
   <div class='ocr_carea' id='block_1_114' title="bbox 2137 5210 3721 5284">
    <p class='ocr_par' dir='ltr' id='par_1_114' title="bbox 2137 5210 3721 5284">
     <span class='ocr_line' id='line_1_114' title="bbox 2137 5210 3721 5284; baseline 0.003 -14"><span class='ocrx_word' id='word_1_934' title='bbox 2137 5232 2256 5271; x_wconf 88' lang='lat' dir='ltr'><strong>esse</strong></span> <span class='ocrx_word' id='word_1_935' title='bbox 2276 5227 2376 5271; x_wconf 89' lang='lat' dir='ltr'><strong>est.</strong></span> <span class='ocrx_word' id='word_1_936' title='bbox 2408 5216 2560 5272; x_wconf 88' lang='lat' dir='ltr'><strong>Unde</strong></span> <span class='ocrx_word' id='word_1_937' title='bbox 2585 5217 2742 5271; x_wconf 89' lang='lat' dir='ltr'><strong>etiam</strong></span> <span class='ocrx_word' id='word_1_938' title='bbox 2770 5216 2821 5271; x_wconf 90' lang='lat' dir='ltr'><strong>in</strong></span> <span class='ocrx_word' id='word_1_939' title='bbox 2851 5216 2977 5271; x_wconf 85' lang='lat' dir='ltr'><strong>Fide</strong></span> <span class='ocrx_word' id='word_1_940' title='bbox 3002 5210 3280 5284; x_wconf 81' lang='lat' dir='ltr'><strong>catholica,</strong></span> <span class='ocrx_word' id='word_1_941' title='bbox 3299 5229 3482 5273; x_wconf 89' lang='lat' dir='ltr'><strong>contra</strong></span> <span class='ocrx_word' id='word_1_942' title='bbox 3513 5235 3721 5275; x_wconf 79' lang='lat' dir='ltr'><strong>venena</strong></span> 
     </span>
    </p>
   </div>
   <div class='ocr_carea' id='block_1_115' title="bbox 2138 5306 3720 5378">
    <p class='ocr_par' dir='ltr' id='par_1_115' title="bbox 2138 5306 3720 5378">
     <span class='ocr_line' id='line_1_115' title="bbox 2138 5306 3720 5378; baseline 0.004 -20"><span class='ocrx_word' id='word_1_943' title='bbox 2138 5306 2481 5378; x_wconf 88' lang='lat' dir='ltr'><strong>quorumdam</strong></span> <span class='ocrx_word' id='word_1_944' title='bbox 2504 5306 2871 5361; x_wconf 71' lang='lat' dir='ltr'><strong>hmretieorum</strong></span> <span class='ocrx_word' id='word_1_945' title='bbox 2895 5309 2971 5361; x_wconf 86' lang='lat' dir='ltr'><strong>sic</strong></span> <span class='ocrx_word' id='word_1_946' title='bbox 2999 5308 3320 5362; x_wconf 63' lang='lat' dir='ltr'><strong>aedificantur</strong></span> <span class='ocrx_word' id='word_1_947' title='bbox 3339 5307 3379 5372; x_wconf 88' lang='grc'><em>³,</em></span> <span class='ocrx_word' id='word_1_948' title='bbox 3398 5317 3454 5362; x_wconf 92' lang='lat' dir='ltr'><strong>ut</strong></span> <span class='ocrx_word' id='word_1_949' title='bbox 3478 5310 3720 5365; x_wconf 88' lang='lat' dir='ltr'><strong>dicamus</strong></span> 
     </span>
    </p>
   </div>
   <div class='ocr_carea' id='block_1_116' title="bbox 2138 5395 3716 5468">
    <p class='ocr_par' dir='ltr' id='par_1_116' title="bbox 2138 5395 3716 5468">
     <span class='ocr_line' id='line_1_116' title="bbox 2138 5395 3716 5468; baseline 0 -14"><span class='ocrx_word' id='word_1_950' title='bbox 2138 5400 2370 5464; x_wconf 85' lang='lat' dir='ltr'><strong>Patrem,</strong></span> <span class='ocrx_word' id='word_1_951' title='bbox 2387 5409 2439 5452; x_wconf 91' lang='lat' dir='ltr'><strong>et</strong></span> <span class='ocrx_word' id='word_1_952' title='bbox 2453 5395 2663 5464; x_wconf 86' lang='lat' dir='ltr'><strong>Filium,</strong></span> <span class='ocrx_word' id='word_1_953' title='bbox 2678 5408 2730 5452; x_wconf 91' lang='lat' dir='ltr'><strong>et</strong></span> <span class='ocrx_word' id='word_1_954' title='bbox 2747 5399 2998 5468; x_wconf 83' lang='lat' dir='ltr'><strong>Spiritum</strong></span> <span class='ocrx_word' id='word_1_955' title='bbox 3016 5407 3252 5452; x_wconf 89' lang='lat' dir='ltr'><strong>sanctum</strong></span> <span class='ocrx_word' id='word_1_956' title='bbox 3270 5399 3422 5452; x_wconf 89' lang='lat' dir='ltr'><strong>unius</strong></span> <span class='ocrx_word' id='word_1_957' title='bbox 3439 5415 3561 5454; x_wconf 91' lang='lat' dir='ltr'><strong>esse</strong></span> <span class='ocrx_word' id='word_1_958' title='bbox 3585 5399 3716 5454; x_wconf 84' lang='lat' dir='ltr'><strong>sub-</strong></span> 
     </span>
    </p>
   </div>
   <div class='ocr_carea' id='block_1_117' title="bbox 2138 5487 3721 5557">
    <p class='ocr_par' dir='ltr' id='par_1_117' title="bbox 2138 5487 3721 5557">
     <span class='ocr_line' id='line_1_117' title="bbox 2138 5487 3721 5557; baseline -0.001 -12"><span class='ocrx_word' id='word_1_959' title='bbox 2138 5490 2365 5545; x_wconf 82' lang='lat' dir='ltr'><strong>stantiae.</strong></span> <span class='ocrx_word' id='word_1_960' title='bbox 2379 5487 2515 5555; x_wconf 91' lang='lat' dir='ltr'><strong>Quid</strong></span> <span class='ocrx_word' id='word_1_961' title='bbox 2533 5496 2634 5557; x_wconf 88' lang='lat' dir='ltr'><strong>est,</strong></span> <span class='ocrx_word' id='word_1_962' title='bbox 2659 5489 2813 5541; x_wconf 90' lang='lat' dir='ltr'><strong>unius</strong></span> <span class='ocrx_word' id='word_1_963' title='bbox 2840 5488 3156 5542; x_wconf 85' lang='lat' dir='ltr'><strong>substantia?</strong></span> <span class='ocrx_word' id='word_1_964' title='bbox 3174 5487 3327 5544; x_wconf 87' lang='lat' dir='ltr'><strong>Verbi</strong></span> <span class='ocrx_word' id='word_1_965' title='bbox 3348 5490 3513 5557; x_wconf 85' lang='lat' dir='ltr'><strong>gratia</strong></span> <span class='ocrx_word' id='word_1_966' title='bbox 3536 5506 3548 5542; x_wconf 94' lang='lat'><strong>:</strong></span> <span class='ocrx_word' id='word_1_967' title='bbox 3565 5489 3606 5542; x_wconf 88' lang='lat' dir='ltr'><strong>si</strong></span> <span class='ocrx_word' id='word_1_968' title='bbox 3625 5504 3721 5543; x_wconf 67' lang='lat' dir='ltr'><strong>auo</strong></span> 
     </span>
    </p>
   </div>
   <div class='ocr_carea' id='block_1_118' title="bbox 2138 5577 3723 5650">
    <p class='ocr_par' dir='ltr' id='par_1_118' title="bbox 2138 5577 3723 5650">
     <span class='ocr_line' id='line_1_118' title="bbox 2138 5577 3723 5650; baseline -0.002 -13"><span class='ocrx_word' id='word_1_969' title='bbox 2138 5597 2256 5637; x_wconf 91' lang='lat' dir='ltr'><strong>rum</strong></span> <span class='ocrx_word' id='word_1_970' title='bbox 2278 5589 2358 5635; x_wconf 91' lang='lat' dir='ltr'><strong>est</strong></span> <span class='ocrx_word' id='word_1_971' title='bbox 2380 5580 2556 5644; x_wconf 88' lang='lat' dir='ltr'><strong>Pater,</strong></span> <span class='ocrx_word' id='word_1_972' title='bbox 2580 5594 2762 5632; x_wconf 88' lang='lat' dir='ltr'><strong>aurum</strong></span> <span class='ocrx_word' id='word_1_973' title='bbox 2791 5590 2844 5633; x_wconf 38' lang='lat' dir='ltr'><strong>et.</strong></span> <span class='ocrx_word' id='word_1_974' title='bbox 2864 5577 3047 5646; x_wconf 88' lang='lat' dir='ltr'><strong>Filius,</strong></span> <span class='ocrx_word' id='word_1_975' title='bbox 3063 5593 3246 5634; x_wconf 89' lang='lat' dir='ltr'><strong>aurum</strong></span> <span class='ocrx_word' id='word_1_976' title='bbox 3264 5588 3316 5635; x_wconf 90' lang='lat' dir='ltr'><strong>et</strong></span> <span class='ocrx_word' id='word_1_977' title='bbox 3340 5577 3571 5650; x_wconf 87' lang='lat' dir='ltr'><strong>Spiritus</strong></span> <span class='ocrx_word' id='word_1_978' title='bbox 3595 5595 3723 5635; x_wconf 67' lang='lat' dir='ltr'><strong>sano</strong></span> 
     </span>
    </p>
   </div>
   <div class='ocr_carea' id='block_1_119' title="bbox 2201 5735 2840 5800">
    <p class='ocr_par' dir='ltr' id='par_1_119' title="bbox 2201 5735 2840 5800">
     <span class='ocr_line' id='line_1_119' title="bbox 2201 5735 2840 5800; baseline -0.002 -14"><span class='ocrx_word' id='word_1_979' title='bbox 2201 5740 2218 5772; x_wconf 78' lang='grc'>¹</span> <span class='ocrx_word' id='word_1_980' title='bbox 2255 5737 2458 5800; x_wconf 76' lang='lat' dir='ltr'><strong>Aliquot,</strong></span> <span class='ocrx_word' id='word_1_981' title='bbox 2485 5743 2610 5794; x_wconf 80' lang='lat' dir='ltr'><strong>Mss.,</strong></span> <span class='ocrx_word' id='word_1_982' title='bbox 2635 5747 2698 5786; x_wconf 82' lang='lat' dir='ltr'><strong>ea:</strong></span> <span class='ocrx_word' id='word_1_983' title='bbox 2722 5735 2840 5800; x_wconf 80' lang='lat' dir='ltr'><strong>ipso.</strong></span> 
     </span>
    </p>
   </div>
   <div class='ocr_carea' id='block_1_120' title="bbox 2199 5795 3201 5863">
    <p class='ocr_par' dir='ltr' id='par_1_120' title="bbox 2199 5795 3201 5863">
     <span class='ocr_line' id='line_1_120' title="bbox 2199 5795 3201 5863; baseline -0.001 -15"><span class='ocrx_word' id='word_1_984' title='bbox 2199 5803 2222 5832; x_wconf 83' lang='grc'>²</span> <span class='ocrx_word' id='word_1_985' title='bbox 2253 5795 2383 5858; x_wconf 49' lang='lat' dir='ltr'><strong>Levi,</strong></span> <span class='ocrx_word' id='word_1_986' title='bbox 2401 5811 2578 5850; x_wconf 71' lang='lat' dir='ltr'><strong>cruris.</strong></span> <span class='ocrx_word' id='word_1_987' title='bbox 2603 5804 2659 5863; x_wconf 71' lang='lat' dir='ltr'><strong>At</strong></span> <span class='ocrx_word' id='word_1_988' title='bbox 2681 5795 2846 5863; x_wconf 57' lang='lat' dir='ltr'><strong>actori</strong></span> <span class='ocrx_word' id='word_1_989' title='bbox 2867 5795 2997 5854; x_wconf 87' lang='lat' dir='ltr'><strong>libri,</strong></span> <span class='ocrx_word' id='word_1_990' title='bbox 3018 5795 3201 5847; x_wconf 83' lang='lat' dir='ltr'><strong>mortis.</strong></span> 
     </span>
    </p>
   </div>
   <div class='ocr_carea' id='block_1_121' title="bbox 2203 5858 3030 5921">
    <p class='ocr_par' dir='ltr' id='par_1_121' title="bbox 2203 5858 3030 5921">
     <span class='ocr_line' id='line_1_121' title="bbox 2203 5858 3030 5921; baseline -0.007 -10"><span class='ocrx_word' id='word_1_991' title='bbox 2203 5863 2224 5894; x_wconf 85' lang='grc'><strong><em>³</em></strong></span> <span class='ocrx_word' id='word_1_992' title='bbox 2254 5863 2325 5911; x_wconf 80' lang='lat' dir='ltr'><strong>sic</strong></span> <span class='ocrx_word' id='word_1_993' title='bbox 2347 5867 2452 5911; x_wconf 80' lang='lat' dir='ltr'><strong>Mss.</strong></span> <span class='ocrx_word' id='word_1_994' title='bbox 2479 5868 2533 5908; x_wconf 82' lang='lat' dir='ltr'><strong>At</strong></span> <span class='ocrx_word' id='word_1_995' title='bbox 2555 5858 3030 5921; x_wconf 67' lang='lat' dir='ltr'><strong>Nd.,.¢edijicamsts.</strong></span> 
     </span>
    </p>
   </div>
  </div>
