4038 6480
229 423 334 482 8ῐό

235 524 376 590 eius.
397 533 669 605 Quidquid
690 541 769 588 est
786 530 941 587 Pater
957 530 1094 602 quod
1118 529 1250 586 Deus
1278 538 1379 598 est,
1395 531 1496 587 hoc
1511 531 1696 596 Filius,
1717 531 1817 586 hoc

229 627 461 696 Spiritus
489 635 724 680 sanctus.
756 623 889 678 Cum
917 632 1092 677 autem
1123 622 1278 678 Pater
1306 631 1406 686 est,
1435 638 1543 677 non
1570 622 1699 676 illud
1728 631 1812 676 est

228 718 370 790 quod
417 726 523 771 est.
555 716 710 770 Pater
733 714 874 769 enim
903 728 1005 766 non
1039 712 1104 766 ad
1133 727 1222 775 se,
1251 712 1346 768 sed
1367 712 1433 766 ad
1464 709 1654 766 Filium
1686 711 1821 767 dici-

229 818 317 863 tur
350 827 363 866 :
392 807 460 861 ad
501 822 561 862 se
589 814 766 862 autem
793 805 931 859 Deus
969 803 1181 857 dicitur.
1212 802 1392 873 itaque
1417 819 1482 858 eo
1507 803 1644 873 quod
1676 805 1815 858 Deus

225 909 328 962 est,
365 898 471 951 hoc
496 898 611 966 ipso
637 895 928 950 substantia
951 905 1051 948 est.
1078 893 1144 948 Et
1162 894 1281 964 quia
1309 894 1544 964 ejusdem
1570 895 1816 948 substan-

229 991 316 1044 tia.-
349 989 541 1051 Filius,
565 986 745 1058 procul
774 977 934 1040 dubio
973 995 1025 1040 et
1052 983 1220 1039 Filius
1247 979 1410 1040 Deus.
1440 987 1508 1039 At
1529 993 1653 1039 vero
1676 985 1816 1054 quod

229 1084 392 1138 Pater
436 1093 553 1146 est;
582 1081 704 1150 quia
742 1095 846 1134 non
884 1079 1195 1134 substantiae
1223 1093 1416 1134 nomen
1447 1087 1527 1133 cst
1550 1121 1564 1144 ,
1588 1078 1679 1134 sed
1727 1093 1815 1134 re-

227 1176 402 1230 fertur
432 1166 498 1229 ad
523 1172 734 1237 Filium,
754 1185 859 1226 non
877 1173 954 1227 sic
979 1171 1206 1227 dicimus
1221 1171 1411 1227 Filium
1442 1171 1652 1227 Patrem
1673 1185 1811 1239 esse,

225 1265 504 1336 quomodo
533 1264 758 1320 dicimus
782 1263 971 1320 Filium
1011 1264 1174 1318 Deum
1199 1279 1337 1320 esse.
1365 1261 1569 1332 Quaeris
1597 1264 1720 1334 quid
1746 1263 1818 1320 sit

226 1359 386 1416 Pater
419 1376 435 1412 :
468 1357 815 1428 respOndetur
837 1400 852 1421 ,
884 1357 1040 1413 Deus.
1086 1356 1293 1426 Quaeris
1329 1357 1452 1428 quid
1497 1359 1566 1411 sit
1605 1357 1810 1413 Filius:

225 1449 606 1519 reSpondetur,
627 1448 783 1503 Deus.
807 1440 1012 1515 Quaeris
1031 1449 1154 1518 quid
1176 1441 1245 1504 sit
1272 1447 1426 1504 Pater
1446 1460 1498 1504 et
1514 1448 1704 1504 Filius:
1729 1465 1813 1505 rc-

225 1541 559 1610 spoudetur,
585 1541 743 1595 Deus.
795 1541 869 1594 De
897 1541 1011 1596 solo
1059 1541 1212 1596 Patre
1240 1541 1610 1612 interrogatus,
1648 1543 1811 1598 Deum

228 1631 498 1700 responde
530 1649 543 1685 :
574 1630 641 1685 de
679 1631 792 1686 solo
817 1624 952 1685 Filio
991 1633 1368 1704 interrogatus,
1400 1634 1564 1689 Deum
1593 1647 1814 1703 respon-

226 1723 294 1777 de
327 1741 340 1776 :
369 1722 441 1776 de
491 1730 714 1792 utroque
767 1720 1117 1791 interrogatus
1139 1762 1155 1788 ,
1189 1739 1291 1778 non
1332 1723 1489 1788 deos,
1523 1724 1614 1778 sed
1648 1724 1812 1778 Deum

227 1812 521 1884 responde.
568 1812 680 1866 Non
729 1813 865 1866 sient
895 1811 945 1866 in
997 1813 1318 1868 hominibus.
1357 1815 1564 1881 Quaeris
1598 1815 1721 1885 quid
1745 1815 1812 1870 sit

229 1914 381 1972 pater
405 1903 677 1958 Abraham
713 1920 725 1956 :
755 1903 1122 1971 respondetur,
1160 1904 1348 1971 ilomo;
1378 1906 1670 1961 substantia
1697 1907 1813 1976 ejus

228 1995 606 2066 respondetur.
660 1989 864 2064 Qumris
893 1995 1019 2066 quid
1065 1999 1132 2052 sit
1171 1997 1310 2052 (ilius
1351 1998 1464 2067 ejus
1505 1996 1649 2053 lsaac
1681 2014 1695 2052 :
1729 2014 1813 2053 re-

229 2087 559 2157 spondetur,
588 2086 796 2152 llomo;
825 2087 1061 2156 ejusdem
1105 2089 1412 2144 substantiae
1441 2091 1704 2146 Abraham
1757 2099 1832 2157 et_

230 2173 398 2234 Isaac.
427 2179 634 2248 Quaeris
659 2179 783 2249 quid
810 2179 879 2233 sit
906 2175 1170 2234 Abraham
1199 2189 1253 2234 et
1275 2181 1451 2236 Isaac:
1473 2196 1576 2234 non
1601 2195 1813 2248 reSpou-

227 2270 407 2335 detur,
438 2269 630 2335 Homo;
653 2267 743 2324 sed
773 2271 1040 2325 llomines.
1071 2271 1183 2326 Non
1212 2272 1288 2326 sic
1314 2272 1366 2326 in
1406 2271 1618 2326 divinis.
1644 2271 1811 2327 Tanta

229 2361 369 2414 enim
407 2359 478 2415 ibi
510 2368 590 2414 est
613 2360 919 2416 substantiae
945 2362 1206 2428 societas,
1241 2367 1298 2415 ut
1327 2363 1683 2432 arqitalitatem
1715 2363 1811 2416 ad-

229 2450 448 2512 mittat,
482 2450 832 2520 pluralitatem
881 2467 984 2506 non
1014 2452 1274 2506 admittat.
1331 2453 1386 2508 Si
1434 2469 1561 2524 ergo
1609 2455 1698 2509 tibi
1733 2448 1811 2507 tli-

227 2552 370 2596 ctum
421 2540 612 2609 fuerit,
642 2543 772 2598 Cum
798 2542 932 2598 dicis
975 2545 1102 2598 mihi
1146 2538 1340 2600 Filium
1373 2546 1472 2600 hoc
1509 2562 1629 2602 esse
1669 2542 1811 2616 quod

231 2634 386 2688 Pater
435 2643 560 2701 est,
590 2635 826 2703 profecto
869 2642 922 2690 et
947 2626 1110 2691 Filius
1144 2637 1299 2692 Pater
1341 2647 1459 2703 est;
1500 2641 1806 2708 responde:

225 2723 531 2778 Secundum
551 2725 896 2780 substantiam
926 2726 1016 2780 tibi
1039 2723 1144 2780 dixi
1181 2726 1278 2782 hoc
1307 2743 1428 2783 esse
1454 2727 1642 2783 Filium
1667 2729 1808 2799 qtiod

228 2815 385 2870 Pater
413 2823 498 2870 est
519 2857 532 2879 ,
557 2833 658 2870 non
690 2816 980 2871 secundum
1013 2818 1060 2872 id
1093 2818 1231 2888 quod
1280 2820 1344 2873 ad
1375 2820 1517 2874 aliud
1547 2822 1562 2852 ¹
1590 2820 1806 2876 dicitur.

227 2906 306 2961 Ad
339 2922 399 2962 se
440 2907 580 2962 enim
615 2909 751 2964 Deus
779 2909 988 2974 dicitur,
1018 2909 1082 2962 ad
1115 2911 1322 2965 Patrem
1373 2910 1540 2966 Filius
1592 2901 1806 2966 dicitur.

228 2995 538 3068 Rursusque
566 2998 722 3052 Pater
747 2999 812 3053 ad
841 3014 897 3054 se
930 3000 1067 3054 Deus
1091 3000 1301 3068 dicitur,
1330 3000 1395 3055 ad
1436 3001 1625 3056 Filium
1653 3002 1809 3059 Pater

224 3089 442 3153 dicitur.
476 3090 625 3158 Quod
656 3091 846 3145 dicitur
870 3092 932 3145 ad
956 3081 1146 3146 Filium
1171 3093 1346 3160 Pater,
1371 3109 1475 3149 non
1502 3103 1586 3150 est
1610 3095 1804 3150 Filius:

225 3182 369 3250 quod
397 3181 593 3236 dicitur
617 3182 780 3236 Filius
814 3183 879 3237 ad
913 3183 1120 3237 Patrem
1144 3225 1158 3248 ,
1193 3193 1298 3239 non
1325 3193 1407 3239 est
1433 3185 1590 3240 Pater
1623 3205 1636 3241 :
1666 3188 1807 3256 quod

225 3274 420 3329 dicitur
443 3274 509 3328 ad
541 3291 598 3330 se
621 3276 806 3340 Pater,
838 3286 893 3331 et
920 3277 1082 3330 Filius
1112 3277 1177 3331 ad
1207 3293 1295 3341 se,
1331 3277 1431 3334 hoc
1459 3288 1542 3335 est
1567 3280 1726 3335 Pater
1753 3288 1808 3336 et

226 3363 393 3418 Filius
417 3405 434 3431 ,
467 3363 520 3418 id
544 3374 626 3420 est
655 3365 814 3419 Deus.
834 3367 977 3432 .Quid
1008 3375 1088 3420 est
1127 3381 1254 3438 ergo
1273 3409 1287 3434 ,
1318 3381 1419 3423 non
1461 3378 1533 3423 est
1576 3373 1810 3424 substan-

225 3454 337 3509 tia!
383 3455 689 3511 Secundum
720 3456 859 3511 hunc
907 3457 1227 3512 intellectum
1279 3459 1629 3525 substantias,
1677 3477 1809 3531 quo-

224 3545 384 3599 modo
407 3545 698 3614 poterimus
727 3545 1017 3612 intelligere
1047 3548 1200 3603 istam
1221 3542 1418 3604 Psalmi
1443 3553 1760 3607 sententiam
1787 3570 1802 3608 :

224 3633 430 3703 Inﬁxus
475 3651 587 3687 sum
638 3637 690 3688 in
739 3637 858 3689 limo
883 3638 1128 3708 profundi
1148 3675 1162 3704 ,
1193 3648 1360 3694 etnon
1384 3649 1456 3694 est
1479 3641 1808 3698 substantia?

227 3723 364 3777 Deus
396 3723 521 3778 fecit
550 3724 818 3780 hominem
844 3742 858 3791 ;
888 3728 1235 3783 substantiam
1289 3728 1414 3785 fecit
1444 3749 1457 3785 :
1489 3740 1650 3802 atque
1701 3734 1807 3788 uti-

224 3829 345 3869 nam
369 3817 612 3871 maneret
635 3817 768 3872 ineo
791 3817 928 3886 quod
963 3819 1100 3874 Deus
1121 3813 1276 3875 fecit!
1299 3820 1352 3878 Si
1379 3832 1619 3879 maneret
1645 3821 1806 3882 hamo

221 3903 273 3958 in
294 3919 360 3960 eo
387 3906 528 3975 quod
559 3906 697 3962 Deus
724 3907 846 3962 fecit
863 3949 878 3972 ,
908 3923 1011 3964 non
1030 3911 1051 3941 ¹
1077 3911 1127 3965 in
1150 3911 1240 3966 illo
1267 3912 1460 3969 inﬁxus
1483 3927 1625 3971 esset
1647 3932 1804 3986 quem

222 3993 364 4050 Deus
389 3997 588 4066 genuit.
613 3989 779 4052 Porro
804 4007 978 4054 autem
1007 4001 1126 4072 quia
1166 4017 1261 4072 per
1284 4003 1615 4075 iniquitatem
1647 4007 1806 4066 homo

220 4084 399 4154 lapsus
437 4095 520 4141 est
563 4101 592 4140 a
640 4087 929 4143 substantia
958 4089 1008 4144 in
1039 4106 1139 4161 qua
1191 4091 1360 4149 factus
1397 4104 1479 4150 est
1523 4095 1805 4169 (iniquitas

220 4176 419 4248 quippe
450 4179 563 4248 ipsa
594 4194 700 4233 non
739 4187 823 4235 est
866 4181 1194 4250 substantia;
1221 4200 1328 4240 non
1371 4187 1511 4241 enim
1557 4190 1805 4260 iniquitas

220 4278 300 4324 est
327 4279 514 4324 natura
539 4285 697 4340 quam
725 4270 968 4326 formavit
997 4273 1154 4341 Deus,
1177 4274 1268 4330 sed
1299 4277 1546 4348 iniquitas
1567 4288 1648 4335 est
1678 4290 1802 4350 per-

221 4361 445 4414 versitas
467 4376 624 4430 quam
649 4359 773 4416 fecit
796 4362 976 4435 homo)
1007 4381 1020 4418 :
1045 4366 1190 4420 venit
1217 4365 1382 4422 Filius
1406 4369 1498 4423 Dei
1527 4367 1592 4424 ad
1619 4371 1803 4428 limum

220 4449 466 4520 profundi
496 4493 510 4516 ,
537 4460 591 4506 et
637 4451 826 4508 inlisus
850 4463 966 4517 est;
1015 4464 1068 4510 et
1115 4471 1218 4510 non
1250 4467 1364 4513 erat
1409 4461 1701 4516 substantia
1750 4464 1802 4517 in

221 4553 325 4610 qua
355 4540 551 4594 inﬁxus
574 4551 677 4606 est;
705 4543 823 4612 quia
851 4544 899 4596 in
932 4544 1204 4614 iniquitate
1234 4547 1445 4602 illorum
1479 4549 1672 4605 inﬁxus
1699 4561 1800 4608 est.

221 4631 431 4701 Inﬁrm
447 4649 560 4686 sum
572 4634 623 4686 in
634 4634 756 4687 limo
769 4635 1030 4705 profundi,
1047 4647 1090 4690 et
1107 4655 1206 4692 non
1222 4647 1290 4694 est
1301 4641 1598 4696 substantia.
1617 4642 1802 4700 Omnia

223 4738 314 4791 per
329 4722 505 4793 ipsum
523 4721 659 4778 facta
681 4734 824 4791 sunt,
840 4736 890 4780 et
908 4728 1020 4781 sine
1036 4727 1150 4796 ipso
1167 4729 1358 4785 factum
1375 4741 1456 4786 est
1478 4733 1603 4788 nihil
1625 4735 1799 4806 (Joan.

221 4822 258 4878 ι,
276 4812 353 4884 5).
377 4811 590 4868 Natura:
606 4829 792 4868 omnes
811 4831 903 4885 per
923 4817 1090 4884 ipsum
1114 4818 1262 4873 facta:
1279 4830 1400 4874 sunt
1415 4839 1426 4873 :
1444 4823 1690 4892 iniquitas
1711 4843 1804 4895 per

221 4901 392 4972 ipsum
415 4901 552 4957 facta
570 4918 674 4958 non
695 4914 794 4970 est,
814 4907 934 4976 quia
950 4907 1197 4978 iniquitas
1225 4909 1359 4966 facta
1386 4928 1489 4968 non
1519 4917 1654 4969 est”.
1673 4917 1802 4973 Sub.

220 4993 430 5047 stantia:
459 4993 564 5049 illa:
594 5011 687 5064 per
714 5011 836 5050 eum
864 4995 1014 5051 factm
1051 5007 1175 5054 sunt
1220 5017 1336 5071 qua:
1392 5002 1606 5059 laudant
1653 5022 1798 5062 eum.

223 5081 486 5141 Universa
522 5095 760 5141 creatura
791 5087 1012 5142 laudans
1043 5091 1208 5146 Deum
1233 5132 1248 5157 ,
1275 5106 1304 5146 a
1334 5093 1499 5149 tribus
1527 5097 1704 5165 pueris
1745 5099 1800 5154 in

217 5175 430 5231 camino
459 5189 922 5244 commemoratur;
951 5189 1004 5235 et
1026 5197 1055 5235 a
1087 5186 1311 5240 terrenis
1333 5186 1399 5241 ad
1429 5189 1686 5258 cmlestia,
1716 5193 1800 5247 Vel

217 5277 246 5318 λ
263 5265 570 5320 cmlcstibus
588 5259 664 5321 ad'
674 5276 882 5322 terrena
903 5268 1127 5339 hymnus
1149 5272 1472 5331 laudantium
1495 5279 1656 5334 Deum
1685 5297 1806 5349 per.

218 5358 362 5412 venit
406 5357 566 5429 (Dan.
618 5360 960 5432 111,34-90).
1017 5362 1128 5416 Non
1164 5380 1270 5436 quo
1326 5380 1514 5425 cuncta
1562 5373 1662 5427 ista
1710 5374 1803 5428 hac

221 5445 379 5502 beant
402 5463 618 5505 sensum
640 5451 905 5519 laudandi;
933 5454 1024 5509 sed
1046 5457 1166 5525 quia
1197 5469 1386 5515 cuncta
1409 5463 1546 5519 bene
1573 5467 1799 5538 cogitata

281 5557 300 5622 ξ
335 5565 468 5622 Unus
489 5563 741 5611 Beeceusis
761 5569 864 5622 Ms,
895 5564 960 5614 ad
983 5563 1148 5616 alium.

279 5618 468 5728 ἐξῆιόυᾲ
491 5627 598 5670 Lor.
642 5618 878 5673 omittitur
893 5627 1140 5688 particula,
1173 5640 1281 5689 non,
1307 5644 1416 5694 quae
1442 5645 1601 5688 exstat
1634 5642 1680 5690 in
1704 5657 1799 5694 cae-

412 5694 510 5730 )ﬂs.
738 5708 744 5713 ι

221 5680 556 5830 ξῖῗτέὲῖὲίῗιὲιί
579 5750 683 5794 νεε-
713 5747 1064 5830 ίιιιιίψξιξεξέξ
1080 5751 1259 5830 395133:
1284 5752 1398 5830 ιιαίει
1428 5757 1654 5830 manu
1673 5765 1802 5826 farta

222 5804 312 5908 :3"
333 5808 404 5910 ei:
473 5811 713 5915 °;,9orum
738 5806 844 5857 loco
864 5810 1058 5873 quidam
1080 5804 1279 5874 habent,
1297 5804 1440 5879 ἠνία
1453 5804 1801 5885 ἣῶἧῗῶδμῗᾶ

311 5876 363 5911 sit
399 5893 418 5912 ο
441 5878 501 5913 an
522 5878 586 5915 ta.

311 5876 586 5915 διίυοιίιηιια.

1293 419 1688 477 ENARRATIO
1721 419 1782 474 IN
1824 421 2142 476 PSAIMUM
2175 423 2404 478 LXVIII.

3405 437 3502 494 bid

1930 527 2136 586 laudem
2167 534 2405 603 pariunt,
2435 545 2486 590 et
2517 537 2760 606 impletur
2781 555 2873 596 cor
2902 544 3327 602 consideratis'ne
3357 564 3508 606 crea-

1928 632 2058 678 tura:
2083 626 2146 679 ad
2176 627 2520 682 eructandum
2551 629 2804 701 hymnum
2833 633 3086 691 Creatori.
3116 637 3358 694 Laudant
3387 656 3503 696 om«

1924 713 2008 767 nia
2034 715 2217 781 Deum,
2249 716 2343 772 sed
2362 731 2479 788 quae
2506 719 2630 775 fecit
2650 723 2808 777 Deus.
2835 723 3097 796 Numquid
3122 731 3170 783 iu
3188 731 3276 784 illo
3301 732 3504 801 hymno

1923 801 2222 860 advertistis
2243 808 2608 877 quodavaritia
2629 812 2805 868 laudet
2825 815 3012 870 Demu?
3028 818 3223 873 Laudat
3242 821 3309 875 ibi
3331 822 3499 878 Deum

1922 903 1976 948 et
1990 911 2225 964 serpens;
2245 900 2465 954 avaritia
2492 918 2595 956 non
2617 902 2811 959 laudat.
2832 905 3019 962 Omnia
3047 911 3239 978 quippe
3257 914 3494 981 repentia

1922 986 2189 1041 nominata
2218 987 2286 1042 ibi
2317 1000 2437 1043 sunt
2460 991 2510 1046 in
2538 993 2691 1047 laude
2721 995 2809 1050 Dei
2834 1013 2845 1048 :
2872 999 3137 1052 nominata
3173 1010 3296 1055 sunt
3324 1003 3503 1061 omnia

1920 1077 2176 1144 repentia;
2202 1078 2294 1132 sed
2327 1094 2430 1134 non
2456 1092 2582 1136 sunt
2612 1084 2683 1139 ibi
2713 1087 2982 1141 nominata
3012 1089 3184 1159 aliqua
3207 1091 3504 1147 vitia.Vitia

1919 1165 2060 1220 enim
2085 1183 2148 1222 ex
2173 1169 2324 1224 nobis
2349 1180 2402 1226 et
2427 1187 2492 1227 ex
2516 1183 2694 1230 nostra
2721 1177 2986 1232 voluntate
3010 1180 3284 1247 habemus;
3305 1193 3356 1238 et
3379 1185 3504 1240 vitia

1918 1268 2026 1310 non
2071 1266 2196 1312 sunt
2248 1261 2561 1320 substantia.
2609 1265 2665 1321 In
2713 1267 2798 1322 Itis
2841 1269 3034 1326 infixus
3074 1277 3157 1326 est
3209 1274 3502 1343 Dominus,

1918 1349 2129 1418 quando
2178 1353 2595 1418 persecutionem
2637 1369 2826 1427 passus
2869 1369 2986 1424 est;
3020 1361 3071 1415 in
3118 1362 3244 1417 vitio
3292 1364 3506 1420 ,1υάωο-

1918 1452 2058 1503 rum,
2092 1450 2195 1496 non
2229 1442 2278 1495 in
2306 1445 2598 1500 substantia
2628 1449 2896 1502 hominum
2929 1468 3046 1520 qua:
3069 1469 3162 1522 per
3185 1455 3332 1509 illum
3362 1456 3500 1514 facta

1917 1537 2018 1584 est.
2049 1528 2250 1600 Inﬁxus’
2270 1551 2410 1599 sum,
2441 1536 2630 1607 inquit,
2659 1539 2714 1592 in
2745 1537 2865 1594 limo
2909 1544 3186 1616 profundi,
3218 1557 3266 1600 et
3292 1564 3391 1602 non
3429 1558 3504 1604 est

1916 1621 2211 1676 substantia.
2243 1624 2438 1680 lnlixus
2465 1641 2602 1696 sum,
2626 1638 2680 1684 et
2705 1647 2810 1686 non
2841 1633 3018 1688 iuveni
3046 1636 3183 1705 quod
3222 1637 3340 1692 feci.

1987 1713 2039 1768 ϐ.
2095 1713 2216 1769 Veni
2240 1719 2290 1770 in
2321 1720 2637 1775 altitudinem
2665 1724 2839 1791 maris,
2886 1734 2933 1778 et
2967 1736 3232 1797 tempestas
3260 1730 3493 1785 dentursit

1916 1817 2014 1857 nte.
2037 1805 2247 1862 Gratias
2276 1809 2441 1878 ipsius
2468 1814 2845 1870 misericordia:
2882 1818 2970 1887 qui
3002 1820 3142 1875 venit
3174 1821 3225 1876 in
3266 1823 3505 1878 altitudi-

1917 1910 2040 1950 nem
2071 1899 2252 1966 maris,
2277 1910 2330 1955 et
2358 1901 2534 1972 glutiri
2557 1919 2587 1960 a
2612 1907 2819 1962 marino
2839 1919 2957 1964 ceto
2983 1910 3226 1981 dignatus
3251 1923 3332 1968 est
3358 1932 3372 1968 :
3404 1916 3502 1972 sed

1915 1988 2180 2042 evomitus
2197 1999 2277 2044 cst
2299 1993 2457 2048 tertio
2476 1993 2563 2050 die
2595 1995 2806 2067 (Matth.
2839 2014 2933 2063 xu.
2965 1999 3078 2073 40).
3114 2002 3267 2058 Venit
3293 2004 3344 2058 in
3375 2006 3502 2060 alti—

1917 2077 2152 2134 tudinem
2181 2082 2360 2148 maris,
2383 2083 2432 2138 in
2452 2101 2551 2155 qua
2573 2087 2851 2142 altitudine
2873 2104 2970 2145 nos
2995 2091 3234 2162 depressi
3262 2104 3498 2163 eramus,

1916 2166 1968 2220 in
2007 2184 2108 2238 qua
2136 2171 2413 2229 altitudine
2439 2191 2536 2229 nos
2553 2179 2879 2249 naufragium
2911 2184 3050 2250 passi
3075 2199 3324 2242 eramus:
3357 2189 3505 2246 venit

1918 2258 2038 2312 illuc
2067 2261 2198 2329 ipse.
2235 2275 2287 2316 et
2317 2272 2606 2333 tempestas
2635 2267 2891 2326 demersit
2917 2272 3102 2338 illum;
3143 2277 3265 2345 quia
3309 2276 3502 2334 ﬂuctus

1917 2348 1987 2402 ibi
2015 2364 2200 2418 passus
2230 2363 2331 2419 est,
2365 2355 2508 2423 ipsos
2539 2358 2778 2413 homines
2803 2376 2818 2420 ;
2854 2371 3214 2432 tempestates,
3241 2381 3400 2422 voces
3421 2368 3504 2423 di-

1915 2437 2169 2505 centium,
2201 2439 2471 2510 Cruci/iga,
2501 2447 2756 2517 rruciﬁge.
2794 2448 3011 2505 Dicente
3041 2452 3230 2519 Pilato,
3269 2454 3389 2510 Non
3419 2457 3505 2511 in-

1915 2528 2055 2579 venio
2076 2543 2283 2582 causant
2306 2533 2465 2586 ullam
2490 2534 2540 2587 in
2569 2536 2663 2588 ltoc
2685 2538 2883 2592 homine
2905 2557 3060 2608 quare
3081 2545 3385 2600 occidendus
3412 2550 3500 2616 sit,

1915 2617 2308 2675 invalescebant
2360 2640 2518 2680 voces
2562 2627 2884 2696 dicentium,
2933 2632 3217 2706 Cruci/iga,
3258 2641 3499 2711 cruci/iga

1915 2707 2092 2776 (Joan.
2127 2725 2236 2777 χιχ,
2270 2711 2346 2784 6).
2396 2717 2699 2787 Augebatur
2728 2731 3034 2791 tempestas,
3081 2726 3252 2782 donec
3285 2707 3502 2786 demer~

1912 2809 2128 2866 geretur
2163 2804 2250 2871 qui
2279 2814 2497 2859 venerat
2542 2808 2592 2861 in
2623 2809 2954 2867 altitudinem
2997 2816 3178 2870 maris.
3213 2817 3280 2872 Et
3315 2835 3502 2889 passus

1913 2897 1996 2944 est
2039 2891 2293 2948 Dominus
2343 2897 2482 2953 inter
2523 2916 2710 2956 manus
2735 2902 3059 2971 Judteorum,
3109 2910 3250 2978 quod
3292 2928 3395 2968 non
3419 2920 3502 2972 est

1914 2990 2102 3046 passus
2123 2998 2243 3037 cum
2278 3001 2439 3056 super
2467 3001 2630 3058 aquas
2659 2993 2953 3050 ambularet
2982 2995 3194 3070 (Matth.
3225 3017 3335 3068 xiv,
3365 2993 3496 3074 25);

1913 3071 2054 3138 quod
2077 3089 2180 3128 non
2209 3076 2379 3131 solum
2407 3079 2520 3146 ipse
2541 3096 2726 3150 passus
2747 3099 2850 3140 non
2874 3096 3010 3153 erat,
3039 3089 3133 3145 sed
3162 3107 3260 3148 nec
3282 3071 3498 3152 Petrum

1912 3164 2020 3232 pati
2047 3166 2382 3233 permiserat.
2427 3167 2548 3224 Veni
2582 3173 2634 3226 in
2674 3171 2992 3233 altitudinem
3019 3183 3194 3250 maris,
3238 3194 3495 3258 ettempe«

1912 3265 2018 3310 stas
2047 3257 2281 3312 demersit
2308 3276 2404 3315 me.

1985 3347 2037 3402 7.
2077 3347 2226 3421 [vers.
2259 3349 2336 3426 4.]
2382 3352 2630 3410 Laboravi
2670 3361 2940 3428 clamans;
2987 3381 3156 3420 rauca:
3194 3373 3345 3440 [aetat
3381 3388 3495 3429 sum

1913 3438 2082 3507 fauces
2126 3457 2266 3495 mete.
2323 3443 2432 3498 Hoc
2482 3447 2608 3500 ubi?
2647 3448 2750 3530 hoc
2799 3454 3050 3520 quando?
3102 3438 3495 3529 Interrogemus

1911 3525 2278 3600 Evangelium.
2311 3533 2620 3592 Passionem
2648 3525 2845 3611 quippe
2877 3545 3082 3600 Domini
3112 3550 3278 3604 nostri
3307 3525 3359 3606 in
3392 3552 3494 3608 hoc

1911 3620 2115 3688 psalmo
2155 3625 2546 3693 cognoscimus.
2594 3629 2658 3683 Et
2690 3633 2903 3700 quidem
2934 3651 3146 3704 passum
3182 3655 3304 3696 eum
3339 3646 3495 3700 novi-

1910 3723 2030 3765 mus
2054 3726 2070 3774 ;
2104 3710 2332 3768 intrasse
2353 3730 2517 3786 aquas
2544 3734 2710 3789 usque
2736 3722 2804 3776 ad
2826 3725 3055 3780 animam
3087 3729 3220 3797 ejus,
3245 3733 3369 3802 quia
3398 3751 3493 3804 po-

1909 3803 2018 3873 puli
2067 3806 2458 3873 prtevaluerunt
2499 3825 2666 3882 usque
2699 3815 2764 3869 ad
2800 3827 3028 3873 mortem
3055 3820 3192 3890 ejus,
3240 3803 3488 3896 legimus,

1907 3892 2206 3960 credimus;
2262 3905 2576 3968 tempestate
2625 3903 2772 3974 illum
2816 3907 3118 3964 demersum
3167 3892 3316 3981 esse,
3362 3892 3489 3986 quia

1910 3985 2186 4053 prtevaluit
2221 3987 2412 4044 seditio
2453 3991 2520 4048 ad
2550 4008 2671 4048 eum
2697 3996 3070 4066 occideudmn,
3102 3985 3440 4073 agnoscimus
3469 4028 3485 4064 :

1909 4088 2094 4130 verum
2139 4086 2195 4132 et
2233 4079 2504 4136 laborasse
2529 4099 2650 4139 eum
2686 4086 2982 4156 clamando,
3019 4102 3074 4148 et
3111 4107 3299 4152 raucas
3327 4098 3506 4156 factas.

1908 4179 2028 4222 esse
2054 4166 2234 4224 fauces
2273 4171 2434 4236 illius,
2463 4185 2570 4228 non
2599 4177 2771 4231 solum
2800 4195 2902 4234 non
2926 4180 3166 4251 legimus,
3211 4188 3302 4242 sed
3331 4192 3490 4246 etiam

1908 4266 2092 4312 contra
2123 4258 2367 4329 legimus,
2393 4263 2515 4331 quia
2539 4280 2645 4320 non
2675 4271 3032 4337 respondebat
3059 4274 3138 4328 eis
3163 4277 3406 4345 verbum,
3433 4292 3494 4338 ut

1910 4347 2220 4418 impleretur
2257 4351 2397 4422 quod
2430 4355 2481 4410 iu
2522 4357 2628 4411 alio
2671 4360 2874 4428 psalmo
2913 4363 3114 4420 dictum
3155 4378 3258 4435 est,
3297 4371 3493 4430 Factus
3550 4370 3552 4372 ’

1909 4454 2017 4491 sum
2043 4441 2185 4509 quasi
2207 4441 2354 4497 homo
2373 4461 2481 4498 non
2505 4444 2734 4512 audiens,
2759 4459 2804 4504 et
2831 4468 2932 4507 non
2955 4455 3142 4510 habens
3179 4459 3232 4513 in
3274 4477 3362 4516 ore
3397 4479 3492 4519 suo

1908 4526 2286 4598 redargutiones
2328 4531 2497 4602 (Psal.
2549 4549 2746 4602 xxn'tt,
2796 4541 2920 4611 15);
2981 4553 3036 4600 et
3076 4548 3216 4616 quad
3261 4551 3313 4606 in
3357 4553 3490 4612 Isaia

1909 4616 2280 4685 prophetatum
2330 4631 2430 4688 est,
2475 4622 2622 4678 Sicut
2659 4629 2763 4681 ovis
2795 4633 2866 4683 ad
2904 4633 3270 4694 innnolandum
3307 4643 3490 4700 ductus

1909 4716 2001 4773 est,
2026 4717 2070 4760 et
2095 4709 2223 4762 sicut
2242 4727 2402 4782 agnus
2433 4730 2604 4769 eorum
2635 4720 2868 4777 tondente
2893 4739 2965 4789 se,
2997 4727 3068 4780 sic
3088 4745 3187 4783 non
3211 4738 3408 4803 aperuit
3435 4755 3492 4795 os

1908 4807 2055 4850 suum
2095 4796 2246 4869 (Isai.
2271 4817 2380 4869 un,
2410 4800 2485 4874 7).
2515 4804 2570 4861 Si
2599 4806 2768 4864 factus
2805 4821 2886 4866 est
2910 4815 3047 4870 sicut
3072 4796 3362 4880 homo'non
3393 4843 3492 4883 au-

1909 4885 2084 4954 diens,
2138 4899 2194 4945 et
2252 4908 2356 4947 non
2411 4895 2613 4952 habens
2662 4899 2713 4954 in
2763 4915 2856 4957 ore
2917 4917 3017 4961 suo
3065 4911 3487 4988 redargutiones,

1908 4981 2174 5048 quomodo
2233 4984 2492 5042 laboravit
2532 4989 2800 5060 clamans,
2851 5005 2906 5052 et
2955 5015 3129 5059 raucas
3168 4981 3323 5064 facta:
3366 4981 3491 5069 sunt

1909 5067 2089 5125 liutces
2114 5072 2273 5142 ejus?
2326 5077 2407 5131 An
2439 5078 2560 5135 ideo
2579 5082 2688 5150 jam
2721 5091 2844 5140 tunc
2884 5091 3108 5161 tacebat,
3139 5098 3259 5166 quia
3299 5067 3491 5159 raucus

1908 5169 2041 5226 erat,
2073 5162 2163 5231 qui
2204 5165 2320 5220 sine
2364 5182 2520 5224 causa
2573 5180 2779 5230 tantum
2827 5162 3189 5239 clamaverati
3237 5189 3304 5244 Et
3343 5191 3488 5248 illam

1907 5251 2119 5319 quidem
2151 5255 2267 5324 ejus
2293 5273 2476 5314 vocem
2507 5259 2573 5316 de
2595 5264 2800 5331 psalmo
2816 5271 3044 5338 quodam
3066 5275 3118 5330 in
3146 5284 3306 5336 eruce
3332 5285 3489 5338 novi-

1910 5356 2026 5396 mus
2060 5360 2071 5395 :
2104 5341 2264 5410 Deus,
2292 5345 2432 5403 Deus
2460 5367 2620 5419 meus,
2666 5358 2845 5426 utquid
2878 5377 2958 5414 me
2981 5365 3287 5436 dereliquisti
3313 5369 3484 5442 (Psal.

1908 5447 2016 5497 x-xi,
2043 5432 2144 5504 2)?
2173 5435 2279 5490 Sed
2305 5451 2499 5509 quanta
2527 5443 2614 5499 illa
2645 5461 2742 5502 vox
2774 5448 2888 5519 fuit,
2917 5463 3007 5508 aut
3029 5432 3184 5524 quam
3209 5432 3479 5536 diuturna,

1908 5534 1964 5576 ut
1992 5523 2042 5578 in
2065 5540 2125 5579 ea
2154 5543 2326 5583 raucae
2349 5531 2497 5589 factm
2519 5550 2699 5592 essent
2725 5539 2905 5598 lances
2919 5523 3076 5613 ejus?
3100 5550 3193 5606 Diu
3217 5523 3482 5626 clamavit;
3518 5547 3531 5558 ’

1918 5609 2006 5666 ναι
2032 5615 2166 5668 vobis
2195 5619 2389 5686 scribae,
2427 5633 2474 5677 et
2501 5623 2752 5684 leristei
2785 5609 2998 5702 (Matth.
3031 5653 3180 5704 χχιιι,

1908 5701 1995 5811 diu
2027 5705 2290 5775 clamavit,
2338 5709 2425 5766 Vw
2462 5719 2648 5770 mundo
2693 5721 2753 5772 ab
2795 5724 3054 5780 scandulis
3082 5701 3188 5797 (Id.
3225 5701 3374 5804 xviii,

1910 5791 1978 5846 Et
2007 5809 2187 5849 revera
2208 5803 2475 5867 quomodo
2500 5822 2692 5862 raucus
2720 5809 3004 5882 clamabat,
3037 5828 3088 5873 et
3116 5822 3235 5876 ideo
3255 5841 3360 5883 non
3401 5791 3483 5886 iti~

1911 5884 2263 5957 telligebatur,
2294 5893 2505 5961 quando
2533 5897 2778 5956 dicebant
2814 5901 2982 5961 Judwi
3017 5925 3036 5968 ε,
3083 5910 3218 5975 Quid
3249 5929 3318 5972 est
3351 5884 3484 5993 quod
