4038 6476
518 429 622 491 ΒΗ

514 544 678 600 dicit?
720 540 886 595 Durus
925 550 994 595 est
1033 541 1112 595 hic
1148 555 1348 607 sermo;
1373 541 1486 612 quis
1510 550 1668 611 potest
1690 540 1836 596 illum
1868 542 2044 596 audire
2067 540 2094 595 τ

517 633 640 688 Non
694 634 882 688 scimus
922 631 1044 704 quid
1078 632 1215 686 dicat
1256 629 1431 703 (Joan.
1473 648 1543 699 vt,
1574 633 1672 698 61,
1721 641 1771 688 et
1812 648 1924 699 xvi,
1978 632 2092 705 ‘18).

516 725 610 782 ille
645 724 823 780 omnia
849 724 1006 779 verba
1033 724 1280 789 dicebat;
1307 723 1404 780 sed
1429 724 1532 779 illis
1550 738 1724 779 raucae
1739 722 1956 779 ﬁxerunt
1983 722 2098 777 fau-

514 829 607 872 ces
634 813 770 886 ejus,
813 815 902 886 qui
939 829 1100 871 voces
1139 813 1254 886 ejus
1282 829 1387 868 non
1432 813 1814 884 intelligebant.
1847 810 2095 869 Laboravi

513 907 739 962 clmnans
759 922 779 973 ;
803 921 973 961 raucae
992 906 1139 975 facta:
1156 915 1272 959 sunt
1296 909 1467 975 fauces
1487 919 1629 959 mete.

584 998 638 1055 8.
683 996 984 1069 Defecerunt
1002 996 1137 1050 oculi
1166 996 1261 1050 mei
1281 994 1343 1049 ab
1363 995 1614 1063 sperando
1639 995 1690 1050 in
1718 994 1882 1050 Deum
1904 1010 2088 1049 meum.

514 1088 668 1144 Absit
698 1097 755 1141 ut
783 1086 884 1141 hoc
931 1086 998 1141 de
1023 1099 1247 1155 persona
1295 1085 1485 1155 capitis
1527 1085 2015 1156 accipiatnrzabsit
2034 1093 2095 1140 ut

520 1178 815 1235 defecerint
851 1177 989 1231 oculi
1027 1176 1143 1245 ejus
1185 1175 1254 1228 ab
1292 1174 1557 1245 sperando
1587 1175 1642 1230 in
1682 1176 1843 1230 Deum
1870 1175 2006 1243 ejus,
2040 1174 2090 1229 in

512 1284 620 1341 quo
646 1270 812 1341 magis
836 1268 977 1323 Deus
996 1274 1111 1322 erat
1126 1266 1380 1321 mundum
1401 1265 1751 1321 reconcilians
1767 1262 1952 1339 'sibi»(ll
1970 1262 2089 1320 Cor.

512 1377 570 1430 v,
600 1361 710 1434 l9),
739 1370 792 1416 et
817 1361 905 1431 qui
933 1359 1164 1414 Verbum
1187 1373 1314 1413 caro
1339 1357 1533 1413 factum
1557 1365 1658 1423 est,
1681 1365 1736 1412 et
1762 1356 2012 1412 habitavit
2038 1357 2092 1412 in

510 1454 667 1509 nobis
705 1452 884 1523 (Joan.
916 1468 955 1515 ι,
985 1450 1097 1522 ﬂ),
1137 1460 1195 1505 ut
1229 1466 1333 1504 non
1360 1449 1531 1504 solum
1555 1448 1698 1504 Deus
1726 1448 1776 1503 in
1810 1448 1900 1503 illo
1927 1455 2089 1515 esset,

511 1545 606 1601 sed
631 1545 790 1600 etiam
831 1544 945 1614 ipse
976 1541 1119 1598 Deus
1155 1525 1324 1597 esset.
1348 1540 1461 1595 Non
1504 1555 1631 1610 ergo
1658 1540 1758 1604 ita;
1794 1554 1898 1594 non
1920 1539 2093 1609 ipsius

510 1637 698 1706 capitis
728 1640 894 1690 nostri
936 1635 1072 1690 oculi
1100 1632 1405 1688 defecerunt
1429 1633 1499 1688 ab
1527 1631 1793 1702 sperando
1840 1633 1892 1686 in
1922 1630 2090 1687 Deum

511 1727 665 1798 ejus;
694 1726 787 1781 sed
817 1724 1127 1781 defecerunt
1148 1725 1285 1780 oculi
1308 1724 1423 1792 ejus
1444 1723 1498 1778 in
1519 1734 1744 1793 corpore
1769 1721 1906 1793 ejus,
1937 1722 1986 1777 id
2009 1731 2093 1779 est

512 1819 567 1872 in
592 1817 844 1872 membris
875 1815 1011 1887 ejus.
1045 1815 1167 1871 llmc
1190 1830 1292 1870 vox
1320 1815 1680 1870 membrorum
1703 1823 1805 1880 est,
1847 1813 1964 1869 haec
1989 1829 2090 1870 vox

514 1908 758 1979 corporis
776 1915 879 1974 est,
909 1922 1014 1961 non
1045 1906 1251 1977 capitis.
1284 1904 1562 1973 Quomodo
1598 1918 1725 1975 ergo
1752 1920 1870 1960 eam
1896 1904 1951 1958 in
1977 1900 2092 1974 ejus

510 2014 736 2068 corpore
766 1998 1123 2068 membrisque
1151 1994 1492 2052 invenimus?
1532 1995 1667 2063 Quid
1710 1994 1852 2050 aliud
1881 1994 2094 2050 dicam?

511 2093 636 2163 quid
665 2091 807 2147 aliud
824 2089 1280 2146 commemorem?
1303 2088 1527 2157 Quando
1544 2102 1732 2159 passus
1749 2095 1852 2155 est,
1878 2087 2092 2159 quando

511 2191 754 2240 mortuus
800 2191 902 2245 est,
957 2196 1144 2237 omnes
1186 2179 1429 2249 discipuli
1481 2178 1900 2249 deSperaverunt
1950 2179 2091 2249 quod

512 2275 627 2343 ipse
651 2280 792 2328 esset
814 2270 1075 2327 Christus.
1111 2271 1152 2325 A
1185 2270 1394 2326 latrone
1423 2269 1663 2339 Apostoli
1687 2269 1808 2323 victi
1830 2276 1978 2335 sunt,
2002 2268 2091 2338 qui

512 2373 639 2418 tmte
658 2362 900 2427 credidit,
945 2361 1159 2433 quando
1188 2361 1264 2415 illi
1290 2358 1600 2416 defecerunt
1624 2357 1772 2430 (Luc.
1802 2373 1947 2427 xxm,
1975 2359 2091 2431 42).

512 2456 650 2513 Vide
697 2456 933 2512 membra
984 2454 1101 2525 ejus
1143 2452 1515 2523 desperantia;
1572 2450 1786 2507 attende
1811 2451 1945 2506 ducs
1975 2451 2094 2507 illos

511 2562 644 2619 quos
672 2557 791 2617 post
830 2545 1272 2601 resurrectionem
1296 2543 1498 2599 invenit
1532 2543 1585 2598 in
1616 2543 1697 2598 via
1728 2543 2094 2614 colloquentes

511 2653 718 2705 secum,
755 2651 979 2707 quorum
1007 2650 1144 2691 unus
1182 2643 1298 2691 erat
1324 2634 1607 2704 Cleophas,
1645 2634 1857 2706 quando
1882 2633 2091 2690 detine-

510 2730 704 2786 bantur
732 2728 870 2783 oculi
914 2742 1099 2783 eorum
1132 2741 1198 2782 ne
1224 2740 1346 2781 eum
1391 2734 1762 2797 agnoscerent.
1784 2794 1793 2801 ν
1815 2725 2093 2793 Quomodo

511 2820 653 2876 enim
703 2818 872 2876 oculis
922 2825 1298 2888 agnoscerent,
1350 2832 1527 2888 aquo
1566 2824 1746 2872 mente
1777 2816 2094 2871 titubarant?

514 2911 731 2967 Factum
771 2920 885 2967 erat
933 2908 1136 2981 aliquid
1171 2907 1226 2965 in
1265 2909 1436 2964 oculis
1469 2924 1656 2964 eorum
1698 2908 1872 2963 simile
1901 2908 2094 2964 mentis

512 3004 771 3073 ipsorum.
818 3001 1196 3073 Loquebantur
1229 3001 1371 3056 enim
1401 3001 1539 3056 inter
1566 3013 1646 3067 se,
1689 3010 1889 3055 etcum
1937 3000 2004 3055 ab
2028 3015 2095 3056 eo

511 3090 962 3163 compcllarentur
982 3091 1122 3146 unde
1144 3090 1507 3161 loquerentur,
1545 3088 1939 3161 responderunt
1969 3107 1981 3143 :
2013 3088 2094 3146 Tu

512 3184 652 3239 solus
678 3183 1011 3254 peregrinaris
1035 3183 1087 3236 in
1110 3180 1433 3236 Jerusalem?
1462 3179 1639 3235 Nescis
1666 3195 1780 3250 qua:
1799 3183 1935 3252 facta
1954 3189 2090 3247 sunt,

512 3275 765 3348 quomodo
807 3274 956 3329 Jcsus
1004 3271 1324 3338 Nazarenus,
1355 3282 1532 3343 potem
1566 3273 1619 3326 in
1662 3272 1812 3343 factis
1846 3279 1893 3325 et
1922 3270 2091 3339 dictis,

513 3369 707 3422 occisus
732 3377 806 3422 est
840 3384 872 3421 a
909 3366 1186 3421 senioribus
1218 3374 1265 3420 et
1306 3364 1616 3437 principibus
1644 3364 2003 3420 sacerdotum?
2030 3364 2095 3419 Et

512 3476 608 3514 nos
638 3458 964 3531 sperabamus
991 3457 1125 3528 quod
1143 3458 1249 3528 ipse
1276 3467 1383 3511 erat
1408 3458 1756 3528 redempturus
1782 3455 1950 3511 Israel
1981 3454 2092 3528 (Id.

516 3565 662 3618 xxiv,
692 3549 902 3619 i521).
929 3544 1392 3619 Speraverantfet
1418 3561 1521 3601 non
1541 3547 1845 3618 sperabant.
1881 3545 2097 3603 Defece-

515 3649 639 3696 runt
685 3641 826 3696 oculi
869 3655 1052 3695 eorum
1100 3639 1168 3694 ab
1226 3639 1491 3710 sperando
1535 3637 1588 3692 in
1630 3638 1804 3691 Deum
1836 3638 2091 3707 ipsorum.

516 3729 666 3802 Ipsos
708 3746 836 3801 ergo
878 3731 932 3785 in
963 3745 1022 3786 se
1053 3730 1443 3800 transfiguravit
1476 3726 1703 3784 dicendo
1732 3746 1746 3782 :
1794 3728 2097 3801 Defecerunt

514 3821 649 3879 oculi
670 3823 767 3876 ntei
787 3822 850 3877 ab
871 3821 1120 3892 sperando
1143 3821 1194 3875 in
1216 3820 1379 3875 Deum
1408 3836 1594 3874 meum.
1624 3819 1770 3875 Hanc
1791 3835 1938 3891 spem
1970 3821 2095 3877 red-

515 3904 669 3975 didit,
697 3911 909 3981 quando
928 3911 1203 3967 cicatrices
1231 3910 1520 3981 palpandas
1547 3910 1739 3966 obtulit
1762 3926 1777 3976 ;
1805 3927 1937 3982 quas
1973 3926 2096 3967 cum

519 4004 779 4074 tetigisset
803 4002 1055 4067 Thomas,
1099 4001 1254 4057 rediit
1296 4002 1363 4056 ad
1397 4017 1545 4073 spem
1582 4017 1739 4073 quam
1770 4003 2093 4072 perdiderat,

519 4104 577 4151 et
610 4094 929 4150 exclamavit
958 4110 972 4147 :
1007 4093 1255 4148 Dominus
1278 4109 1437 4158 meus,
1467 4102 1515 4149 et
1535 4092 1671 4148 Deus
1693 4109 1850 4148 meus.
1874 4093 2097 4149 Defece-

515 4195 643 4241 runt
678 4186 819 4242 oculi
848 4186 922 4241 tui
960 4186 1028 4242 ab
1059 4185 1322 4256 sperando
1348 4186 1401 4241 in
1426 4185 1591 4242 Deum
1634 4194 1780 4241 tuum
1813 4201 1828 4242 :
1871 4186 2098 4257 palpasti

516 4278 814 4344 cicatrices,
855 4286 908 4332 et
932 4276 1177 4332 invenisti
1201 4277 1364 4331 Deum
1391 4285 1575 4342 tuum;
1620 4277 1843 4348 palpasti
1870 4275 2096 4332 formam

516 4370 677 4438 servi,
706 4378 763 4425 et
787 4370 1083 4440 cognovisti
1109 4368 1389 4423 Dominum
1417 4377 1585 4424 tuum.
1630 4369 1724 4424 Cui
1764 4378 1942 4425 tamen
1985 4369 2100 4441 ipse

519 4460 779 4516 Dominus
802 4459 912 4514 ait:
947 4459 1079 4527 Quia
1098 4459 1286 4525 vidisti,
1318 4459 1597 4515 credidisti.
1628 4459 1695 4515 Et
1720 4476 1816 4516 nos
1844 4477 2097 4532 praenun-

516 4553 658 4608 tians
682 4567 812 4607 voce
840 4551 1217 4607 misericordias
1243 4566 1353 4606 suae
1386 4570 1400 4605 :
1441 4551 1607 4620 Beati,
1644 4552 1833 4623 inquit,
1881 4555 1970 4625 qui
1998 4571 2099 4610 non

516 4642 686 4696 vident
708 4651 757 4696 et
783 4640 991 4695 credunt
1025 4640 1202 4711 (Joan.
1241 4657 1333 4704 xx,
1360 4640 1453 4709 28,
1483 4639 1598 4713 '29).
1644 4640 1938 4714 Defecerunt
1966 4643 2101 4698 oculi

518 4734 618 4788 mei
641 4734 704 4787 ab
733 4733 984 4804 sperando
1008 4734 1060 4787 in
1087 4732 1247 4786 Deum
1275 4749 1456 4788 meum.

591 4823 643 4879 9.
679 4822 827 4896 [vers.
861 4822 939 4897 5.]
973 4823 1305 4894 .lfultiplicati
1342 4834 1455 4877 sunt
1481 4840 1633 4894 super
1669 4822 1883 4894 capillos
1918 4823 2099 4898 capitis

521 4916 639 4982 mei,
668 4915 755 4984 qui
774 4907 1084 4969 oderunt'me
1106 4914 1283 4985 gratis.
1315 4913 1483 4981 Quam
1513 4914 1883 4984 multiplicati?
1907 4914 1973 4971 Ut
2004 4916 2099 4970 ad-

521 5009 710 5063 derent
736 5006 835 5061 sibi
864 5014 916 5061 et
944 5020 1107 5061 unum
1132 5022 1199 5061 ex
1236 5004 1518 5061 duodecim
1551 5004 1763 5077 (Matth.
1794 5023 1950 5072 xxvi,
1982 5007 2096 5077 Η).

520 5099 852 5170 Multiplicati
880 5108 996 5151 sunt
1026 5114 1175 5169 super
1198 5098 1411 5168 capillos
1438 5098 1753 5179 capitismei,
1779 5101 1867 5168 qui
1886 5100 2100 5156 oderunt

517 5210 599 5248 me
637 5192 812 5265 gratis.
867 5188 1082 5260 Capillis
1123 5192 1312 5262 capitis
1345 5192 1427 5246 sui
1481 5191 1811 5263 comparavit
1854 5191 2097 5248 inimicos

517 5297 664 5339 suos.
694 5281 884 5338 Merito
912 5282 1017 5336 rasi
1040 5291 1183 5347 sunt,
1205 5282 1417 5352 quando
1446 5282 1498 5337 in
1527 5283 1644 5338 loco
1679 5280 1935 5338 Calvaria:
1969 5297 2096 5337 cru-

517 5374 707 5432 cifixus
744 5383 845 5429 est.
890 5366 1165 5444 Accipiunt
1190 5375 1426 5429 membra
1453 5390 1635 5430 vocem
1666 5374 1842 5442 hanc;
1891 5373 2099 5431 discant

515 5467 642 5523 odio
659 5467 839 5521 haberi
857 5466 1038 5537 gratis.
1061 5465 1177 5520 iam
1197 5466 1335 5520 enim
1360 5467 1404 5520 Si
1427 5481 1644 5523 necesse
1661 5476 1764 5535 est,
1785 5467 2091 5534 christiane,

516 5567 577 5614 ut
619 5558 847 5613 mundus
895 5559 1069 5613 oderit
1124 5566 1208 5625 te,
1273 5572 1437 5627 quare
1485 5576 1587 5613 non
1640 5548 1777 5619 facis.
1832 5568 1891 5616 ut
1934 5561 2099 5632 gratis

516 5657 569 5705 te
617 5649 822 5719 oderit,
868 5656 930 5704 ut
984 5649 1037 5704 in
1088 5664 1312 5718 corpore
1365 5649 1573 5705 Domini
1637 5651 1744 5720 tui,
1796 5661 1851 5708 et
1896 5652 1947 5708 in
1998 5653 2098 5708 hoc

519 5742 727 5814 psalmo
780 5740 847 5795 de
892 5741 987 5795 illo
1034 5741 1311 5810 przemisso
1367 5755 1623 5811 agnoscas
1675 5758 1860 5798 vocem
1912 5745 2094 5800 tuam?

521 5830 801 5929 Quomodo
824 5831 916 5888 flet
959 5840 1017 5888 ut
1057 5831 1229 5889 oderit
1281 5843 1333 5889 te
1375 5832 1601 5890 mundus
1632 5835 1831 5907 gratis?
1871 5835 1928 5894 Si
1965 5837 2092 5893 nihil

1745 427 1803 484 S.
1845 425 2209 483 AUGUSTINI
2250 425 2549 484 EPISCOP‘

3682 430 3800 489 κιιι

2204 543 2449 614 cuiquam
2475 557 2693 611 noceas,
2724 554 2777 601 et
2805 545 2884 601 sic
2914 543 3038 600 odio
3066 543 3313 601 hahearis
3342 561 3357 599 :
3384 544 3487 600 hoc
3525 552 3609 602 est
3638 526 3796 603 enim

2196 635 2382 703 gratis,
2409 635 2524 690 sine
2556 648 2735 691 causa.
2758 635 2950 690 Parum
2977 635 3047 690 sit
3079 635 3171 689 tibi
3201 637 3317 691 sine
3343 651 3503 691 causa
3532 636 3658 692 odio
3683 637 3796 691 ha-

2199 723 2336 789 beri,
2370 724 2587 793 insuper
2619 734 2675 781 et
2711 734 2924 796 praesta,
2969 733 3031 780 ut
3058 726 3352 781 retribuant
3379 727 3471 781 tibi
3511 729 3648 781 mala
3687 742 3797 797 pro

2196 813 2370 870 bonis.
2403 814 2684 889 Confortati
2707 825 2824 871 sunt
2848 816 3039 870 inimici
3062 815 3178 883 mei,
3205 817 3295 887 qui
3317 827 3684 889 persequuntur
3706 833 3796 871 ms

2197 905 2399 977 injuste.
2429 905 2579 974 Quod
2604 907 2755 975 dixit,
2778 906 3110 978 Multiplicati
3134 918 3250 961 sunt
3267 924 3422 977 super
3446 907 3660 977 capillos
3688 924 3793 962 ca-

2198 997 2315 1068 pitis
2340 999 2472 1064 mei;
2507 1000 2605 1054 hoc
2629 1008 2836 1070 postea,
2880 998 3163 1068 Coufortati
3187 1008 3305 1052 sunt
3328 998 3517 1052 inimici
3546 1000 3643 1053 mei
3669 1012 3688 1052 :
3733 1006 3793 1054 et

2196 1087 2336 1158 quod
2365 1090 2555 1158 primo,
2606 1090 2693 1160 qui
2735 1088 2947 1143 oderunt
2987 1104 3068 1142 me
3094 1090 3287 1160 gratis;
3332 1088 3432 1143 hoc
3460 1100 3660 1159 postea,
3691 1105 3790 1161 qus

2196 1190 2558 1249 persequuntur
2583 1196 2661 1233 me
2687 1179 2891 1248 injuste.
2926 1179 3075 1246 Quod
3104 1194 3232 1250 ergo
3258 1181 3431 1251 gratis,
3474 1181 3573 1236 hoc
3592 1190 3674 1236 est
3692 1183 3790 1235 in-

2185 1272 2342 1343 juste.
2362 1270 2475 1342 Ipsa
2492 1281 2572 1327 est
2590 1260 2690 1326 va
2707 1283 3016 1343 martyrum,
3032 1284 3137 1327 non
3152 1272 3202 1325 in
3225 1287 3399 1342 poma,
3419 1272 3512 1326 sed
3526 1273 3576 1325 in
3592 1280 3786 1328 caussa.

2195 1360 2310 1417 Non
2352 1363 2772 1432 persecutionem
2816 1362 2941 1433 pati,
2993 1378 3096 1416 non
3128 1363 3313 1428 teneri,
3349 1375 3454 1417 non
3500 1363 3785 1433 ﬂagellari,

2194 1466 2303 1507 non
2332 1453 2550 1520 includi,
2584 1468 2690 1509 non
2722 1452 3002 1522 proscribi,
3051 1468 3156 1508 non
3183 1452 3353 1507 occidi
3388 1444 3508 1508 laus
3534 1462 3615 1508 est
3638 1469 3654 1520 ;
3679 1454 3787 1510 sed

2195 1544 2440 1600 habendo
2490 1553 2707 1601 causam
2764 1543 2980 1610 bonam,
3032 1544 3133 1599 ista
3185 1545 3311 1615 pati,
3360 1546 3475 1600 hmc
3510 1545 3626 1600 laus
3670 1555 3784 1601 est.

2194 1635 2337 1692 Laus
2358 1638 2504 1692 enim
2529 1645 2613 1692 est
2638 1636 2689 1691 in
2715 1649 2890 1691 causae
2919 1635 3180 1700 bonitate,
3207 1650 3312 1690 non
3342 1636 3393 1689 in
3422 1649 3594 1706 preme
3617 1634 3787 1691 acer-

2194 1729 2375 1785 b’itate.
2419 1721 2552 1785 Nam
2590 1736 3017 1800 quantactImque
3056 1726 3252 1782 fuerint
3288 1728 3545 1797 supplicia
3575 1737 3789 1801 martyo

2194 1835 2334 1885 rum,
2355 1819 2612 1890 numquid
2632 1827 2914 1890 sequantur
2932 1817 3207 1888 suppliciis
3229 1818 3464 1872 omnium
3486 1817 3781 1883 latronum,

2194 1912 2436 1966 omnium
2479 1910 2879 1980 sacrilegorum,
2923 1909 3161 1964 Omnium
3191 1908 3611 1964 sceleratorum?
3638 1908 3785 1977 Quid

2193 2003 2358 2070 enim,
2402 2011 2459 2058 et
2507 2000 2604 2057 hos
2649 2000 2763 2057 odit
2812 1999 3082 2057 mundus?
3128 1999 3252 2055 Odit
3298 1992 3472 2070 plane.
3501 1996 3786 2055 Excedunt

2195 2094 2347 2149 enim
2382 2091 2563 2149 mundi
2594 2093 2937 2148 medietatem
2979 2091 3328 2162 amplitudine
3367 2090 3605 2159 malitiae,
3633 2102 3687 2146 et
3708 2091 3786 2148 ab

2195 2185 2307 2256 ipsa
2353 2184 2739 2240 mtmdanorum
2782 2182 3177 2255 quodammodo
3217 2182 3491 2238 hominum
3518 2183 3787 2240 societate

2194 2274 2352 2331 alieni
2402 2285 2551 2341 sunt,
2600 2274 2912 2331 infestantes
2959 2290 3141 2345 pacem
3184 2274 3344 2330 etiam
3372 2283 3673 2341 terrenam;
3723 2284 3789 2330 et

2193 2359 2465 2438 patiuntur
2490 2366 2656 2421 multa
2705 2365 2864 2431 mals,
2909 2365 3003 2420 sed
3038 2380 3142 2420 non
3183 2365 3366 2435 gratis.
3397 2364 3628 2434 Denique
3653 2364 3789 2421 vide

2195 2472 2379 2513 vocem
2408 2457 2550 2513 illius
2575 2457 2800 2513 latronis
2828 2471 2948 2512 cum
2974 2455 3198 2511 Domino
3220 2456 3270 2509 in
3294 2467 3451 2510 cruce
3471 2454 3784 2524 pendentis,

2194 2563 2314 2605 cum
2356 2549 2635 2605 insultaret
2681 2564 2746 2604 ex
2776 2548 2881 2603 alia
2910 2555 3057 2618 parte
3094 2560 3233 2602 unius
3259 2546 3483 2601 duorum
3509 2546 3788 2603 latronum

2194 2640 2420 2696 Βοηιὶηο
2444 2640 2722 2705 cruciﬁxo,
2766 2646 2822 2695 et
2851 2639 3072 2706 diceret,
3105 2637 3168 2693 Si
3187 2637 3356 2692 Filius
3382 2636 3481 2691 Dei
3504 2653 3578 2705 es,
3618 2637 3788 2691 libera

2195 2742 2243 2786 te
2280 2747 2300 2787 :
2345 2733 2674 2804 compescuit
2723 2731 2869 2785 illum
2912 2732 3067 2797 alter,
3118 2739 3171 2786 et
3200 2729 3351 2795 dixit,
3395 2728 3472 2783 Tu
3500 2745 3602 2783 non
3636 2728 3789 2784 times

2193 2821 2378 2891 Deum,
2400 2822 2479 2877 uel
2500 2822 2619 2894 quia
2642 2823 2695 2876 in
2721 2822 2896 2876 eadem
2913 2819 3235 2875 damnatione
3267 2820 3460 2886 positus
3480 2818 3571 2874 es?
3597 2817 3664 2873 Et
3688 2835 3788 2874 nos

2193 2917 2393 2985 quidem
2415 2925 2547 2971 recte
2565 2933 2657 2988 pro
2677 2915 2827 2987 factis
2846 2914 3030 2968 nostris
3050 2912 3201 2985 (Luc.
3228 2927 3379 2978 xxttt,
3397 2911 3618 2981 39-“).
3643 2911 3787 2969 Ecce

2196 3022 2300 3063 non
2339 3008 2502 3079 gratis
2531 3024 2546 3062 :
2600 3006 2696 3063 sed
2738 3005 3077 3063 confessione
3106 3003 3292 3062 eﬂ'udit
3319 3019 3387 3060 ex
3416 3004 3478 3060 se
3504 3003 3707 3060 saniem
3738 3005 3786 3072 ⁸,

2195 3108 2250 3155 et
2270 3100 2437 3156 factus
2464 3108 2549 3155 est
2576 3108 2731 3170 aptus
2756 3099 2878 3154 cibo
2907 3097 3137 3153 Domini.
3180 3095 3417 3152 Exclusit
3444 3096 3788 3167 iniquitatem

2194 3204 2368 3254 suam,
2398 3189 2667 3244 accusavit
2703 3202 2843 3255 eam,
2880 3196 2937 3243 et
2962 3187 3131 3242 caruit
3153 3201 3236 3242 ea.
3288 3184 3425 3241 Ecce
3469 3185 3542 3242 ibi
3570 3183 3677 3241 duo
3702 3183 3785 3240 lah-

2197 3294 2400 3361 troues,
2426 3282 2497 3338 ibi
2529 3291 2583 3338 et
2610 3281 2899 3347 Dominus;
2947 3288 3002 3336 et
3028 3279 3103 3335 illi
3130 3276 3398 3342 crucifixi,
3426 3286 3482 3333 et
3502 3276 3592 3333 ille
3609 3276 3786 3333 crucio

2197 3375 2332 3431 fixus
2360 3391 2374 3427 :
2406 3383 2460 3430 et
2501 3373 2623 3428 illos
2650 3372 2773 3427 odio
2810 3370 2994 3426 habuit
3023 3370 3273 3437 mundus,
3316 3368 3411 3428 sed
3439 3384 3546 3424 non
3572 3368 3786 3440 gratis;

2196 3476 2249 3523 et
2272 3466 2421 3521 illum
2450 3465 2575 3521 odio
2595 3464 2798 3532 habuit,
2838 3463 2932 3519 sed
2955 3463 3141 3534 gratis.
3190 3461 3317 3530 Quae
3341 3478 3442 3516 non
3465 3461 3635 3530 rapui,
3663 3470 3788 3517 tunc

2195 3558 2529 3616 exsolvebam.
2553 3556 2664 3611 Hoc
2683 3564 2763 3611 est
2783 3555 2968 3627 gratis.
2995 3554 3108 3609 Non
3129 3558 3301 3622 rapui,
3325 3564 3378 3609 et
3401 3553 3783 3620 cxsolvebam;

2200 3664 2304 3703 non
2331 3647 2565 3718 peccavi,
2591 3655 2645 3702 et
2673 3658 2861 3717 punias
2887 3645 3099 3699 dabam.
3136 3644 3293 3701 Solus
3326 3644 3467 3698 enim
3495 3644 3610 3713 ipse
3636 3643 3784 3711 talis,

2198 3740 2312 3810 ipse
2340 3753 2465 3793 vere
2517 3737 2646 3793 nihil
2691 3736 2882 3807 rapuit.
2924 3736 3038 3790 Non
3065 3734 3235 3790 solum
3282 3733 3412 3789 nihil
3445 3735 3636 3804 rapuit,
3682 3734 3785 3791 sed

2198 3829 2358 3885 etiam
2378 3827 2519 3899 quod
2545 3842 2648 3883 non
2679 3826 2747 3882 de
2776 3827 2958 3896 rapina
2990 3825 3237 3889 habebat,
3264 3823 3370 3880 hoc
3398 3840 3457 3880 se
3481 3825 3786 3891 evacuavit,

2199 3930 2258 3977 ut
2296 3920 2364 3975 ad
2407 3926 2503 3976 nos
2530 3918 2759 3974 veniret.
2807 3906 2931 3972 Non
2959 3917 3101 3972 enim
3147 3918 3380 3986 rapinam
3409 3916 3683 3971 arbitratus
3709 3918 3790 3971 est

2200 4030 2307 4069 esse
2351 4011 2563 4084 (aqualis
2608 4011 2756 4077 Deo;
2795 4018 2853 4066 et
2899 4018 3075 4064 tamen
3124 4007 3444 4076 semetipsum
3487 4005 3788 4077 exinanivit,

2201 4108 2417 4176 formam
2436 4103 2564 4158 servi
2587 4102 2841 4174 accipiens
2868 4098 3125 4171 (Philipp.
3154 4116 3209 4163 ιι,
3234 4099 3288 4166 6,
3313 4100 3389 4170 7).
3418 4096 3787 4154 Omnino‘non

2201 4196 2395 4266 rapuit.
2436 4194 2543 4251 Sed
2569 4195 2688 4265 quis
2716 4193 2934 4264 rapuit?
2964 4192 3155 4246 Adam.
3202 4191 3333 4258 Quis
3358 4191 3536 4261 rapuit
3568 4191 3739 4261 primo
3759 4190 3789 4246 τ

2202 4287 2294 4344 llle
2322 4282 2436 4358 ipSe
2460 4286 2548 4357 qui
2573 4285 2790 4341 seduxit
2810 4284 2995 4339 Adam.
3023 4282 3299 4350 Quomodo
3316 4282 3486 4352 rapuit
3505 4279 3747 4336 diabolus
3760 4280 3791 4336 τ

2204 4377 2402 4434 Ροηαηι
2428 4378 2593 4433 sedem
2617 4393 2781 4431 meam
2802 4377 2871 4430 ad
2894 4375 3195 4446 aquilonem,
3227 4383 3273 4427 et
3299 4389 3383 4427 ero
3412 4371 3596 4427 similis
3621 4370 3791 4426 Altis-

2202 4473 2329 4527 sima
2360 4468 2509 4542 (Isai.
2534 4485 2641 4533 XIV,
2667 4469 2780 4538 15).
2813 4465 3098 4535 Usurpavit
3137 4464 3236 4519 sibi
3264 4462 3401 4534 quod
3431 4476 3537 4516 non
3564 4475 3792 4531 accepe-

2202 4571 2329 4618 rat:
2379 4576 2505 4616 eoce
2550 4561 2812 4630 rapinam.
2867 4556 3155 4627 Usurpavit
3201 4555 3303 4609 sibi
3345 4554 3588 4609 diabolus
3641 4552 3793 4622 quod

2202 4668 2308 4707 non
2337 4658 2634 4721 acceperat,
2684 4647 2911 4721 perdidit
2936 4647 3076 4719 quod
3102 4655 3419 4715 acceperat;
3475 4654 3526 4700 et
3570 4640 3637 4699 de
3667 4644 3794 4714 ipso

2201 4743 2364 4799 calice
2388 4741 2650 4813 superbizc
2687 4753 2817 4804 suae,
2864 4738 2914 4794 ei
2943 4753 3100 4808 quem
3141 4737 3386 4805 decipere
3415 4734 3625 4789 volebat
3654 4749 3793 4804 pro-

2202 4836 2403 4908 pinavit
2435 4852 2449 4890 :
2483 4834 2709 4900 Gustate,
2760 4833 2949 4903 inquit,
2982 4841 3028 4886 et
3056 4831 3194 4885 eritis
3231 4831 3357 4884 sicut
3394 4828 3469 4881 dii
3505 4824 3674 4898 (Gen.
3701 4841 3792 4895 nl,

2204 4930 2280 5000 5).
2327 4930 2535 5000 Rapere
2564 4928 2843 4983 voluerunt
2891 4922 3239 4988 divinitatem,
3274 4916 3794 4990 perdideruntfeli-

2202 5025 2438 5080 citatem.
2469 5021 2563 5077 ille
2586 5033 2714 5091 ergo
2737 5018 2933 5088 rapuit,
2962 5026 3016 5072 ct
3036 5015 3155 5071 ideo
3171 5013 3416 5069 exsolvit.
3446 5010 3557 5081 Ego
3581 5019 3791 5076 autem,

2202 5114 2390 5185 inquit,
2423 5127 2539 5184 qua
2557 5128 2655 5166 non
2675 5108 2847 5180 rapui,
2878 5118 2995 5163 tunc
3019 5104 3353 5161 exsolvebam.
3384 5101 3501 5173 Ipse
3530 5100 3796 5157 Dominus

2188 5184 2562 5275 ‘prOpinquans
2586 5199 2840 5271 passioni,
2865 5198 2918 5253 in
2939 5195 3229 5265 Evangelio
3255 5193 3333 5249 sic
3360 5184 3631 5262 loquitur:
3657 5189 3797 5246 Ecce

2202 5298 2336 5352 venit
2363 5295 2595 5366 princeps
2636 5294 2789 5363 hujus
2823 5289 3016 5356 mundi,
3057 5286 3109 5342 id
3136 5297 3218 5342 est
3245 5284 3508 5351 diabolus,
3550 5292 3594 5361 et
3622 5281 3675 5336 in
3707 5298 3799 5339 me

2204 5386 2330 5442 nihil
2344 5386 2574 5452 inveniet,
2590 5384 2640 5437 id
2655 5394 2754 5446 cst,
2770 5396 2933 5452 quare
2948 5395 3035 5434 me
3054 5377 3261 5433 occidat
3276 5391 3383 5431 non
3404 5375 3638 5431 inveniet
3656 5391 3671 5438 ;
3695 5376 3797 5429 scd

2202 5488 2257 5532 ut
2268 5477 2425 5531 sciant
2442 5492 2613 5529 omnes
2630 5475 2749 5546 quia
2771 5474 3077 5527 voluntatem
3095 5468 3265 5522 Patris
3282 5468 3378 5520 mei
3395 5467 3548 5539 facio,
3571 5466 3791 5536 surgite,

2203 5584 2372 5623 eamus
2386 5565 2565 5637 (Joan.
2580 5565 2782 5636 xtv,30)
2803 5581 2815 5617 :
2839 5573 2892 5619 et
2913 5564 2968 5618 iit
2986 5562 3053 5618 ad
3073 5560 3397 5631 passionem,
3417 5561 3625 5615 solvere
3644 5558 3798 5627 quod

2204 5674 2309 5715 non
2327 5659 2518 5731 rapuit.
2542 5657 2678 5725 Quid
2702 5664 2785 5712 est
2810 5656 2973 5721 enim,
2995 5655 3047 5707 in
3068 5670 3147 5707 me
3169 5652 3297 5706 nihil
3308 5651 3557 5706 inueniet?
3575 5648 3797 5705 Nullam

2203 5753 2431 5822 culpam.
2456 5752 2536 5804 An
2553 5747 2747 5820 aliquid
2770 5746 2998 5817 perdidit
3014 5744 3082 5800 de
3101 5744 3261 5800 domo
3272 5756 3365 5797 sua
3386 5740 3669 5797 diabolus?
3684 5738 3800 5799 Istc

2272 5866 2290 5898 ⁸
2323 5869 2396 5915 διε
2415 5861 2512 5912 duo
2530 5868 2637 5914 Mss.
2661 5856 2745 5913 alii
2764 5871 2881 5911 vero
2902 5870 3011 5909 cum
3031 5855 3164 5917 add"
3189 5851 3485 5920 sanguineus.
