4038 6474
285 400 388 456 889

274 513 529 574 discutiat
546 521 786 582 raptores
803 510 844 577 ¹;
871 509 998 564 nihil
1019 507 1157 576 apud
1175 521 1251 560 me
1271 506 1502 560 inveniet.
1519 505 1716 564 Tamen
1738 504 1869 562 nihil

276 605 525 674 rapuisse
549 619 608 659 se
631 602 779 669 dicit,
804 607 1077 670 peccatum
1101 597 1399 662 attendens,
1432 595 1560 650 nihil
1585 611 1870 666 usurpasse

273 695 419 768 quod
451 695 569 766 ejus
613 710 719 749 non
747 701 926 757 esset;
977 689 1079 744 hoc
1108 698 1191 744 est
1219 688 1359 744 enim
1385 686 1739 757 rapium,hoc
1771 687 1870 740 ini.

274 785 497 856 quitatis
523 802 536 838 :
590 798 712 850 nam
744 782 811 835 ab
836 781 952 852 ipso
975 778 1188 834 diabolo
1231 778 1454 833 extorsit
1481 791 1615 846 quos
1643 777 1756 846 ipse
1787 791 1872 829 ra-

277 886 489 948 puerat.
525 875 710 943 Nemo,
743 874 931 943 inquit,
962 872 1013 926 in
1040 871 1245 926 domum
1274 870 1421 942 fortis
1447 869 1619 934 intrat,
1668 877 1713 922 et
1751 884 1871 922 vasa

275 970 385 1039 ejus
413 967 610 1037 diripit,
641 966 737 1018 nisi
752 965 892 1036 prius
913 962 1191 1033 alligaverit
1212 961 1389 1030 fortem
1413 957 1866 1030 (Matth.xn,29).

275 1042 533 1128 Alligavit
562 1056 775 1120 fortem,
815 1063 870 1109 et
895 1069 1022 1107 vasa
1045 1051 1160 1122 ejus
1187 1050 1424 1120 diripuit,
1480 1057 1624 1105 certe
1655 1064 1758 1102 non
1786 1063 1871 1102 ra-

276 1148 423 1218 puit;
453 1147 548 1202 sed
597 1145 885 1216 respondet
916 1144 1007 1198 tibi
1048 1161 1061 1197 :
1100 1142 1230 1197 Vasa
1257 1142 1356 1196 ista
1400 1139 1467 1196 dc
1493 1139 1654 1195 domo
1682 1153 1871 1209 magna

275 1252 395 1293 mea
420 1237 728 1308 perierant;
757 1251 864 1289 non
891 1233 1086 1290 furtum
1119 1233 1236 1300 Ieci,
1269 1233 1358 1287 sed
1385 1230 1580 1286 furtum
1612 1229 1810 1302 recepi.

350 1327 440 1384 l0.
472 1325 608 1404 [vers
626 1325 858 1398 6,]‘Dcus
887 1332 938 1386 tu
962 1324 1133 1378 scisti’
1153 1321 1542 1392 imprudentiam
1565 1331 1745 1374 meam.
1765 1319 1869 1375 lte-

275 1437 396 1480 rum
421 1435 487 1476 ex
511 1434 602 1474 ore
629 1416 1036 1488 corporis.Nam
1059 1431 1174 1486 qua)
1194 1413 1544 1483 imprudentia
1568 1413 1618 1466 in
1637 1411 1873 1474 Christo?

275 1510 469 1566 Nonne
491 1510 604 1580 ipse
631 1517 713 1562 est
740 1508 831 1562 Dei
863 1507 1040 1562 Virtus
1066 1515 1120 1561 et
1148 1505 1239 1560 Dei
1274 1502 1587 1574 Sapientia?
1613 1502 1870 1563 Ancillam

277 1600 408 1655 dicit
445 1599 862 1669 imprudentiam
904 1613 1074 1661 suam,
1114 1595 1181 1650 de
1214 1611 1316 1665 qua
1365 1593 1494 1648 dicit
1540 1593 1868 1662 Apostolus:

280 1688 509 1744 Stultum
557 1688 650 1742 Dei
692 1689 968 1758 sapientius
1013 1697 1084 1741 est
1124 1684 1406 1739 hominibus
1445 1683 1496 1752 (Ι
1522 1683 1639 1739 Cor.
1671 1683 1872 1748 1,25)?

278 1779 688 1851 Imprudentium
728 1796 889 1834 meam
919 1795 936 1833 :
968 1779 1067 1832 hoc
1107 1779 1278 1848 ipsum
1305 1775 1444 1847 quod
1475 1777 1525 1829 in
1556 1792 1639 1830 me
1691 1775 1872 1830 irrise—

279 1881 401 1926 runt
434 1872 526 1942 qui
552 1871 651 1925 sibi
679 1871 923 1925 videntur
958 1885 1076 1925 esse
1106 1871 1395 1939 sapientes.
1439 1868 1517 1921 Tu
1544 1868 1688 1922 scisti
1710 1883 1873 1937 quare

279 1961 434 2017 fieret
467 1978 480 2014 :
514 1971 568 2015 tu
608 1961 746 2016 scisti
783 1961 1173 2033 imprudentiam
1221 1976 1401 2013 meam.
1431 1958 1564 2027 Quid
1595 1959 1735 2013 enim
1765 1969 1871 2013 tam

287 2053 470 2109 simile
512 2052 905 2126 imprudentim,
937 2069 1092 2123 quant
1121 2068 1240 2107 cum
1270 2051 1488 2106 haberet
1511 2051 1561 2105 in
1589 2059 1869 2121 potestate,

281 2160 382 2201 una
412 2160 547 2200 V008
578 2161 701 2199 SUOS
726 2155 1100 2216 persecutores
1127 2152 1490 2214 prosternere,
1521 2153 1575 2197 ut
1603 2152 1874 2220 pateretur

279 2253 338 2295 se
356 2237 550 2306 teneri,
568 2239 841 2308 ﬂagellari,
859 2237 1102 2307 conspui,
1117 2235 1459 2306 colaphizari,
1475 2235 1638 2308 spinis
1657 2250 1874 2291 corona-

280 2329 514 2400 ri,ligno
554 2328 734 2398 afﬁgi“?
757 2327 1130 2398 Imprudentia:
1160 2327 1333 2381 simile
1354 2335 1462 2390 est;
1483 2326 1698 2379 stultum
1723 2325 1871 2381 vide-

281 2429 399 2476 tur:
418 2419 513 2475 sed
541 2420 760 2474 stultum
783 2419 881 2474 hoc
895 2428 1107 2490 superat
1125 2434 1311 2473 omnes
1333 2421 1618 2488 sapientes.
1639 2418 1870 2474 Stultum

280 2513 494 2582 quidem
524 2521 608 2568 est
631 2530 644 2566 :
665 2512 757 2567 scd
780 2521 832 2566 et
852 2527 1074 2582 granum
1093 2509 1304 2580 quando
1344 2509 1485 2564 cadit
1511 2511 1560 2562 in
1592 2518 1806 2574 terram,
1827 2508 1873 2564 si

281 2619 438 2660 nemo
453 2605 586 2661 sciat
597 2603 1032 2660 consuetudinem
1046 2602 1391 2673 agricolarum
1402 2601 1634 2664 ,stultum
1651 2600 1872 2655 videtur.

284 2694 494 2749 Labore
525 2710 717 2765 magno
739 2694 973 2759 metitur,
1002 2702 1240 2763 portatur
1263 2691 1326 2746 ad
1352 2707 1552 2756 aream,
1574 2693 1868 2759 trituratur,

281 2787 599 2840 ventilatur:
622 2793 739 2856 post
757 2795 900 2840 tanta
928 2784 1161 2863 pericula
1184 2784 1302 2838 cmli
1321 2793 1374 2838 et
1408 2793 1510 2837 tem
1522 2791 1874 2852 pestatum,et

280 2873 496 2932 labores
523 2876 910 2931 rusticanorum
937 2891 1225 2944 curamque
1255 2873 1616 2939 dominorum,
1649 2872 1875 2927 mittitur

282 2966 336 3022 in
392 2966 644 3021 horreum
686 2966 1010 3022 frtttnentum
1054 2973 1352 3036 purgatum.
1392 2964 1545 3026 Venit
1585 2963 1792 3030 hiems;
1819 2974 1874 3020 et

285 3057 429 3130 quod
467 3067 745 3129 purgatum
791 3066 926 3122 erat,
954 3057 1222 3128 profertur
1250 3063 1303 3110 et
1333 3055 1606 3125 projicitur
1634 3072 1648 3109 :
1674 3056 1873 3125 imprae

281 3149 463 3205 (lentia
497 3150 738 3215 videtur;
767 3148 858 3204 sed
888 3159 944 3204 ut
970 3164 1074 3202 non
1097 3148 1166 3202 sit
1187 3147 1561 3218 imprudentia,
1581 3161 1703 3217 spes
1725 3145 1869 3202 facit.

281 3239 405 3295 Non
439 3255 570 3312 ergo
594 3239 682 3295 ille
713 3239 949 3310 pepercit
971 3239 1102 3304 sibi;
1132 3239 1254 3310 quia
1284 3249 1337 3292 ct
1360 3238 1524 3292 'Pater
1546 3238 1615 3292 illi
1643 3255 1742 3293 non
1780 3255 1871 3310 pe-

282 3333 462 3402 percit,
487 3331 577 3384 sed
601 3348 693 3402 pro
718 3331 860 3385 nobis
889 3332 1116 3384 omnibus
1143 3331 1351 3383 tradidit
1385 3330 1529 3383 illum
1559 3328 1730 3403 (Rom.
1754 3347 1868 3399 vni,

283 3420 401 3491 32).
435 3420 501 3474 Et
529 3419 596 3475 de
638 3421 773 3490 ipso,
809 3419 910 3486 Qui
948 3420 1124 3473 dilexit
1151 3436 1248 3486 me,
1294 3419 1463 3490 inquit
1491 3420 1797 3489 Apostolus,
1826 3429 1873 3476 et

285 3513 498 3566 tradidit
543 3513 764 3582 seipsum
810 3529 901 3582 pro
930 3529 1008 3566 me
1032 3510 1176 3583 (Gal.
1212 3527 1269 3578 tt,
1297 3512 1392 3583 20)
1421 3529 1433 3565 :
1464 3511 1584 3583 quia
1627 3530 1867 3584 granum,

283 3604 385 3657 nisi
422 3603 655 3656 ceciderit
696 3604 748 3657 in
776 3613 960 3656 terram
987 3612 1039 3656 ut
1079 3603 1344 3669 moriatur,
1387 3607 1628 3674 fructum,
1674 3605 1866 3674 inquit,

283 3709 388 3747 non
430 3694 604 3748 reddet
639 3693 820 3759 (Joan.
848 3692 1036 3760 xttﬁl,
1068 3693 1182 3764 25).
1215 3695 1338 3749 l-ltec
1365 3704 1447 3749 est
1477 3695 1868 3765 imprudentia;

283 3787 380 3842 sed
408 3795 462 3841 tu
490 3786 630 3842 nosti
673 3787 816 3842 illam
849 3806 862 3841 :
893 3787 980 3843 isti
1024 3797 1200 3843 autem
1231 3787 1276 3842 si
1303 3789 1702 3860 cognovissent,
1729 3806 1869 3845 nun-

285 3889 450 3947 quam
493 3877 772 3931 Dominum
824 3878 1007 3948 gloriae
1037 3878 1430 3939 cruciﬁxissent
1457 3879 1511 3949 (Ι
1535 3875 1651 3945 Cor.
1685 3879 1867 3951 n,_8).

280 3967 446 4036 Deus,
472 3981 526 4022 tu
550 3970 688 4024 scisti
717 3970 1108 4040 imprudentiam
1139 3987 1333 4036 nteant;
1354 3980 1401 4024 et
1425 3971 1607 4025 delicta
1628 3989 1738 4026 mea
1769 3989 1801 4025 a
1825 3980 1872 4027 te

281 4075 384 4114 non
405 4069 522 4116 sunt
549 4060 860 4116 abscondita.
885 4061 995 4123 Hoc
1018 4063 1194 4132 plane,
1219 4061 1411 4127 lucide,
1437 4072 1639 4133 aperte.
1661 4063 1780 4132 quia
1805 4079 1869 4119 ex

282 4167 378 4208 ore
403 4153 646 4222 corporis
673 4153 1071 4224 intelligendum
1110 4163 1210 4209 est.
1231 4154 1430 4210 Delicta
1458 4155 1599 4209 nulla
1625 4154 1870 4212 Christus

285 4241 502 4308 habuit;
535 4243 632 4297 fuit
658 4242 976 4300 delictorum
1015 4253 1313 4316 susceptor,
1344 4243 1438 4298 sed
1481 4246 1870 4307 non_commis-

282 4349 394 4388 sor.
430 4331 500 4386 Et
544 4334 728 4388 delicta
771 4351 883 4388 mea
907 4345 1009 4388 ate
1033 4351 1133 4388 non
1176 4344 1293 4389 sunt
1335 4335 1625 4397 abscondita
1648 4352 1666 4389 :
1690 4335 1739 4389 id
1763 4345 1866 4402 est,

283 4424 568 4480 confessus
613 4440 728 4479 sum
777 4427 869 4480 tibi
916 4427 1090 4479 omnia
1140 4424 1334 4480 delicta
1382 4441 1528 4491 mea;
1557 4434 1611 4480 et
1636 4435 1761 4481 ante
1804 4441 1866 4483 os

282 4533 464 4572 meum
509 4516 686 4572 vidisti
715 4533 776 4573 ea
805 4517 858 4572 in
907 4518 1228 4588 cogitatione
1269 4531 1406 4582 mea,
1430 4517 1609 4572 vidisti
1650 4518 1867 4573 vulnera

281 4625 402 4680 qum
447 4624 690 4666 sanares.
731 4609 835 4665 Sed
884 4609 1010 4664 ubi?
1041 4608 1234 4678 Utique
1261 4609 1313 4662 in
1343 4622 1586 4676 corpore,
1621 4607 1673 4662 in
1703 4623 1871 4662 mem-

281 4702 422 4767 bris;
451 4702 501 4756 in
526 4701 628 4757 illis
667 4701 926 4764 fidelibus,
948 4701 1090 4755 unde
1133 4700 1206 4755 illi
1255 4699 1494 4754 hmrebat
1534 4699 1644 4769 jam
1695 4715 1868 4754 mem-

280 4793 437 4849 brum
469 4793 596 4848 illud
628 4795 766 4864 quod
793 4793 1142 4848 confitebatur
1171 4802 1386 4861 peccata
1413 4807 1529 4847 sua.
1554 4790 1622 4854 Et
1660 4791 1865 4860 delicta,

282 4885 476 4955 inquit,
506 4903 618 4939 mea
646 4902 677 4939 α
706 4896 752 4938 te
777 4903 876 4939 non
906 4896 1019 4940 sunt
1047 4882 1360 4939 abscondita.

352 4979 412 5032 ﬂ
431 5017 443 5030 .
465 4975 617 5048 [.vers.
646 4975 724 5050 7.]
751 4975 867 5030 Non
895 4975 1184 5030 erubescant
1203 4975 1255 5028 in
1271 4989 1369 5041 me,
1385 4973 1470 5043 qui
1492 4982 1540 5026 te
1557 4982 1866 5044 exspectant,

279 5067 520 5136 Domine,
549 5068 766 5123 Domine
801 5070 1057 5122 virtutum.
1105 5067 1308 5122 Rursus
1348 5081 1449 5120 vox
1495 5066 1706 5135 capitis,
1747 5064 1869 5121 Non

279 5160 572 5215 erubescant
599 5161 652 5214 in
677 5176 801 5215 me:
829 5174 932 5214 non
969 5160 1176 5214 dicatur
1200 5157 1324 5223 illis,
1373 5156 1476 5213 Ubi
1521 5164 1604 5212 est
1652 5156 1720 5212 de
1762 5171 1870 5227 quo

279 5249 725 5320 przesumebatis‘l
751 5265 858 5306 non
901 5249 1110 5305 dicatur
1148 5249 1279 5314 illis,
1325 5247 1427 5304 Ubi
1473 5256 1555 5303 est
1594 5247 1685 5318 qui
1715 5248 1867 5304 vobis

279 5342 514 5408 dicebat,
543 5341 774 5398 Credite'
800 5344 852 5396 in
882 5342 1066 5408 Deum,
1085 5352 1130 5396 et
1152 5342 1203 5396 in
1231 5357 1307 5395 me
1330 5341 1516 5398 credite
1547 5341 1722 5413 (Joan.
1756 5356 1864 5409 xxv,

284 5435 370 5506 I)?
399 5433 523 5490 Non
551 5435 839 5490 erubescant
867 5438 920 5490 in
945 5436 1057 5504 me,
1088 5436 1171 5506 qui
1201 5443 1246 5488 te
1270 5442 1578 5504 exspectant,
1623 5432 1862 5502 Domine,

342 5616 360 5685 ξ
392 5616 467 5685 sic
483 5615 712 5685 plerique
734 5622 839 5664 uss.
866 5620 920 5663 At
940 5619 1045 5685 En,
1059 5615 1242 5685 raptor:
1256 5617 1396 5685 Rom,
1416 5607 1641 5685 raptoris.

338 5677 468 5740 {sic
490 5679 538 5726 in
562 5671 726 5740 proba:
749 5685 876 5726 notae
900 5685 1003 5725 Mss.
1024 5671 1083 5725 'At
1119 5671 1170 5723 in
1207 5673 1320 5722 εω.
1345 5672 1422 5722 hic
1443 5671 1538 5734 eat,
1575 5678 1628 5722 tu
1662 5671 1787 5732 scis;
1811 5676 1879 5721 et-

280 5738 638 5804 raulo_post,'tu
657 5741 804 5791 sciati.
897 5801 925 5804 _,
1245 5803 1251 5804 γ
1387 5801 1395 5804 _
1824 5794 1828 5796 ὴ

287 5793 362 5912 '0:
392 5793 465 5851 Si'c
485 5793 708 5867 plerique
734 5812 784 5854 et
817 5801 1031 5852 melioris
1051 5806 1179 5851 nota:
1217 5803 1321 5848 Mss.
1349 5801 1404 5846 At
1424 5793 1556 5856 add,
1595 5793 1789 5847 creditis
1810 5794 1860 5844 in

352 5876 448 5913 um.

1350 389 1742 447 ENARllATlO
1782 388 1848 445 IN
1888 387 2212 446 PSALMUM
2251 385 2479 443 LXVIII.

3448 385 3556 442 850

1977 487 2190 562 Domine
2210 505 2466 560 uirtutum.
2485 501 2606 556 Non
2624 501 2998 572 confundantur
3021 517 3172 572 super
3197 519 3292 570 me,
3315 503 3401 574 qui
3418 520 3557 573 qutu-

1976 607 2092 651 runt
2121 608 2183 663 te,
2211 595 2347 650 Deus
2377 592 2562 650 Israel.
2590 593 2770 648 Potest
2797 591 2898 647 hoc
2925 602 2976 647 et
2996 609 3024 646 a
3045 608 3270 663 corpore
3295 595 3550 664 intelligi;

1977 687 2069 744 sed
2098 687 2143 743 si
2172 702 2368 758 corpus
2397 686 2512 755 ejus
2543 699 2645 738 non
2674 699 2839 737 unum
2887 683 3155 740 hominem
3185 700 3351 755 ponas
3381 703 3393 739 :
3429 687 3550 756 quia

1977 795 2160 836 revera
2184 795 2288 834 non
2320 787 2401 834 est
2440 793 2574 834 unus
2605 778 2764 830 homo
2788 789 2981 844 corpus
3006 776 3140 844 ejus.
3173 775 3269 833 sed
3300 777 3546 846 exiguum

1977 873 2304 934 membrum;
2333 885 2525 941 corpus
2554 880 2728 924 autem
2769 884 2834 922 ex
2883 867 3136 924 membris
3164 878 3392 922 constat.
3424 869 3552 924 Cor-

1978 980 2076 1034 pus
2092 978 2218 1032 ergo
2242 969 2354 1030 ejus
2381 962 2614 1032 plenum,
2637 969 2741 1013 tota
2772 958 3026 1014 Ecclesia.
3049 957 3235 1012 Merito
3259 973 3387 1028 ergo
3425 957 3544 1012 dicit

1978 1055 2259 1110 Ecclesia:
2293 1053 2413 1107 Non
2456 1054 2746 1108 erubescant
2790 1051 2842 1104 in
2884 1067 2980 1115 me,
3028 1048 3114 1119 qui
3159 1059 3206 1104 te
3242 1061 3553 1114 exspectant,

1977 1144 2218 1209 Domine,
2253 1143 2466 1196 Domine
2511 1144 2770 1197 virtutum.
2803 1127 2918 1195 Non
2948 1141 3025 1195 sic
3054 1138 3258 1210 afﬂigar
3286 1140 3353 1195 ab
3381 1140 3553 1193 insur-

1977 1235 2220 1306 gentibus
2247 1232 2694 1303 persecutoribus,
2727 1247 2830 1288 non
2865 1233 2940 1286 sic
2970 1231 3186 1286 obterar
3212 1230 3280 1286 ab
3312 1230 3553 1284 inviden-

1979 1327 2118 1382 tibns
2147 1326 2371 1380 inimicis
2398 1325 2551 1388 meis,
2580 1324 2646 1378 ab
2676 1323 3062 1381 oblatrantibus
3093 1321 3359 1377 htereticis
3395 1324 3482 1393 qui
3527 1338 3556 1376 a

1977 1435 2065 1475 me
2089 1417 2349 1484 exierunt,
2387 1417 2507 1487 quia
2546 1432 2651 1474 non
2691 1424 2935 1471 erantex
2965 1431 3078 1481 me;
3107 1431 3226 1469 nam
3255 1415 3298 1470 si
3336 1413 3558 1469 fuissent

1977 1527 2041 1567 ex
2065 1525 2395 1576 me,,mecum
2417 1509 2632 1564 forsitan
2667 1508 3083 1577 permansissent
3105 1507 3122 1576 (
3140 1507 3153 1560 l
3175 1505 3330 1560 Joan.
3362 1523 3420 1571 Il,
3446 1508 3556 1567 19).

1976 1600 2092 1657 Non
2115 1602 2192 1656 sic
2227 1615 2412 1656 eorum
2455 1599 2715 1654 scandulis
2746 1613 2977 1666 premar,
3007 1608 3058 1650 ut
3085 1596 3372 1650 erubescant
3401 1596 3451 1649 in
3483 1612 3560 1648 me

1977 1697 2063 1767 qui
2087 1707 2132 1749 te
2160 1705 2468 1766 exspectant,
2493 1693 2705 1746 Domine
2729 1735 2740 1756 ,
2759 1691 2977 1745 Domine
3006 1690 3265 1744 virtutum.
3296 1689 3412 1743 Non
3439 1706 3556 1743 con-

1977 1786 2260 1856 funduntur
2287 1801 2440 1854 super
2464 1801 2559 1846 me,
2583 1783 2666 1854 qui
2689 1790 2916 1852 quierunt
2945 1792 3011 1844 te,
3045 1779 3180 1834 Deus
3213 1777 3398 1832 Israel.

2052 1878 2135 1932 12.
2182 1876 2329 1950 [vers.
2354 1875 2432 1948 8.]
2478 1873 2728 1942 Quoniam
2775 1882 2981 1944 propter
3021 1883 3067 1925 te
3105 1871 3324 1925 sustinui
3370 1887 3556 1939 expro-

1978 1969 2285 2032 brationem,
2339 1967 2534 2036 aperuit
2580 1964 2902 2018 irreverentia
2943 1962 3126 2032 [aciem
3175 1977 3358 2015 meam.
3415 1959 3557 2014 N~hil

1979 2077 2226 2130 magnum
2254 2068 2337 2114 est
2375 2058 2513 2129 quod
2541 2058 2754 2122 dicitur,
2783 2045 3036 2120 sustinui;
3064 2053 3156 2109 sed
3178 2053 3316 2124 quod
3342 2053 3554 2118 dicitur,

1978 2167 2187 2228 propter
2215 2165 2261 2209 te
2285 2154 2518 2209 sustinui.
2551 2152 2606 2208 Si
2646 2152 2788 2207 enim
2830 2150 3083 2215 sustines,
3129 2148 3252 2219 quia
3294 2147 3555 2216 peccasti;

1977 2256 2195 2318 propter
2235 2256 2287 2301 te
2329 2248 2579 2310 sustines,
2624 2259 2728 2297 non
2772 2251 2987 2312 propter
3030 2241 3216 2294 Deum.
3265 2239 3390 2304 Quae
3426 2239 3561 2291 enim

1977 2339 2114 2393 vobis
2155 2337 2316 2408 gloria
2367 2346 2460 2398 est,
2492 2337 2566 2389 ait
2595 2335 2804 2398 Petrus,
2833 2335 2877 2386 si
2916 2340 3172 2401 peccantes
3212 2329 3482 2400 punimini,
3513 2338 3561 2382 et

1977 2428 2198 2496 stt/fertis
2233 2427 2273 2498 (l
2293 2427 2436 2480 Petr.
2463 2442 2522 2494 n,
2552 2425 2682 2497 20)?
2704 2424 2979 2486 Siautcm
3010 2423 3238 2477 sustines
3265 2422 3386 2492 quia
3415 2436 3563 2476 man-

1977 2520 2161 2580 datum
2190 2519 2283 2574 Dei
2323 2517 2568 2583 servasti,
2598 2532 2725 2571 vere
2761 2524 2976 2586 propter
3013 2514 3179 2569 Deum
3208 2514 3474 2577 sustines;
3505 2523 3561 2567 et

1977 2627 2184 2669 merces
2232 2619 2317 2666 tua
2363 2618 2544 2669 manet
2570 2609 2621 2664 in
2651 2617 2931 2671 aeternum,
2963 2607 3085 2676 quia
3129 2614 3346 2675 prepter
3394 2607 3560 2660 Deum

1976 2702 2271 2760 sustinuisti
2300 2700 2604 2772 opprobria.
2632 2699 2753 2754 Ideo
2795 2700 2936 2753 enim
2976 2697 3119 2768 prior
3144 2696 3236 2751 ille
3279 2696 3553 2759 sustinuit,

1976 2807 2034 2851 ut
2063 2811 2160 2850 nos
2188 2795 2453 2849 sustinere
2481 2791 2827 2848 disceremus.
2858 2791 2924 2845 Et
2945 2791 2989 2844 si
3013 2790 3124 2854 ille,
3145 2788 3235 2859 qui
3258 2802 3362 2842 non
3395 2785 3562 2846 habe-

1975 2887 2068 2945 bat
2088 2887 2226 2959 quod
2261 2887 2331 2941 illi
2353 2884 2730 2956 objiciebatur;
2761 2892 2956 2951 quanto
2984 2879 3156 2951 magis
3186 2894 3287 2941 nos
3317 2878 3424 2950 qui,
3457 2878 3559 2932 etsi

1977 2997 2082 3041 non
2125 2979 2380 3036 habemus
2406 2986 2684 3048 peceatum
2724 2973 2865 3046 quod
2902 2971 3053 3028 nobis
3081 2971 3261 3041 objicit
3284 2970 3556 3044 inimicus,

1977 3072 2236 3128 habemus
2268 3081 2442 3125 tamen
2470 3070 2696 3124 alterum
2726 3064 2867 3137 quod
2910 3064 3066 3134 digne
3093 3063 3146 3117 in
3183 3062 3334 3121 nobis
3372 3060 3558 3131 ﬂagel-

1975 3165 2150 3221 letur?
2195 3163 2387 3219 Nescio
2429 3161 2549 3231 quis
2597 3167 2649 3214 te
2698 3157 2870 3212 furem
2911 3155 3059 3220 dicit,
3085 3163 3140 3209 ct
3184 3151 3390 3208 nones
3432 3153 3555 3206 fur:

1975 3254 2132 3310 audis
2157 3252 2531 3324 opprobrium;
2559 3265 2666 3320 non
2700 3258 2874 3304 tamen
2905 3247 2981 3302 sic
3011 3261 3114 3300 non
3137 3259 3197 3300 es
3238 3243 3339 3308 fur,
3369 3251 3425 3297 ut
3453 3257 3560 3298 non

1975 3347 2050 3402 sis
2074 3344 2272 3416 aliquid
2301 3343 2444 3415 quod
2478 3343 2586 3398 Deo
2611 3340 2879 3410 displicet.
2909 3338 3081 3394 Porro
3105 3337 3149 3392 si
3178 3336 3267 3390 ille
3312 3333 3403 3404 qui
3443 3348 3560 3388 om-

1977 3440 2104 3495 nino
2136 3436 2267 3492 nihil
2295 3442 2560 3504 rapuerat,
2592 3432 2683 3502 qui
2711 3431 2989 3486 verissime
3017 3428 3245 3492 dixerat,
3268 3425 3400 3480 Ecce
3426 3425 3560 3479 venit

1978 3531 2212 3602 princeps
2240 3527 2419 3582 mundi
2461 3525 2636 3596 hujus,
2664 3533 2712 3578 et
2741 3524 2794 3578 in
2833 3539 2913 3576 me
2949 3520 3079 3575 nihil
3118 3519 3353 3584 inveniet,
3383 3516 3558 3571 dictus

1975 3630 2059 3678 est
2079 3627 2326 3692 peccator
2360 3616 2538 3689 (Joan.
2564 3631 2637 3681 ix,
2665 3613 2782 3686 24),
2811 3614 2985 3668 dictus
3009 3620 3091 3667 est
3120 3611 3354 3680 iniquus,
3382 3607 3559 3662 dictus

1963 3721 2057 3768 .est
2083 3709 2379 3768 Beelzebub
2404 3707 2617 3780 (Matth.
2645 3723 2702 3772 ι,
2730 3705 2845 3776 25),
2871 3704 3042 3762 dietus
3086 3711 3170 3758 est
3215 3701 3466 3764 insanus;
3501 3710 3558 3754 tu

1974 3801 2298 3874 dedignaris,
2322 3814 2495 3864 serve,
2526 3797 2711 3852 audire
2739 3812 2834 3867 pro
2863 3793 3070 3850 meritis
3109 3792 3232 3858 tuis,
3261 3789 3403 3861 quod
3449 3789 3557 3845 Do-

1974 3895 2150 3951 minus
2193 3892 2394 3948 audivit
2438 3889 2600 3946 nullis
2639 3887 2846 3944 meritis
2885 3885 3031 3942 suis?
3072 3885 3166 3940 Ille
3195 3883 3339 3938 venit
3381 3892 3436 3936 ut
3465 3882 3557 3937 tibi

1974 3987 2239 4058 praeberet
2260 3985 2585 4054 exemplum.
2616 3981 2777 4052 Quasi
2809 3980 2975 4051 gratis
3004 3978 3105 4035 hoc
3137 3976 3338 4042 fecerit,
3360 3977 3470 4031 sic‘
3503 3983 3560 4030 tu

1973 4095 2081 4136 non
2109 4077 2345 4150 proﬁcis.
2370 4076 2546 4145 Quare
2594 4075 2739 4130 enim
2770 4073 2858 4128 ille
2886 4071 3106 4136 audivit,
3144 4069 3243 4123 nisi
3268 4076 3324 4122 ut
3351 4075 3408 4121 tu
3437 4081 3560 4122 cum

1974 4172 2188 4227 audires
2231 4186 2337 4224 non
2381 4166 2672 4222 deficeres?
2718 4165 2856 4219 Ecce
2906 4172 2961 4217 tu
3013 4161 3184 4224 audis,
3215 4168 3270 4213 et
3317 4156 3547 4212 delicis:

1973 4264 2170 4321 frustra
2197 4277 2326 4332 ergo
2353 4260 2442 4314 ille
2475 4258 2708 4321 audivit;
2741 4271 2846 4310 non
2893 4254 3037 4310 enim
3081 4262 3299 4322 propter
3341 4264 3420 4313 se,
3463 4248 3559 4302 sed

1973 4365 2193 4427 propter
2219 4363 2269 4410 te
2294 4351 2513 4407 audivit.
2555 4347 2807 4417 Quoniam
2837 4361 3020 4417 praper
3050 4358 3097 4398 te
3118 4343 3333 4398 sustinui
3372 4357 3558 4410 expro-

1975 4448 2269 4511 brationem,
2314 4443 2512 4514 operuit
2560 4438 2882 4495 irreverentia
2919 4435 3100 4506 {aciem
3144 4449 3325 4487 meam.
3359 4430 3560 4484 [ν’-ρυε-

1973 4541 2156 4603 rentia,
2186 4536 2374 4608 inquit,
2399 4532 2598 4606 aperuit
2630 4532 2810 4603 [aciem
2838 4544 3018 4582 meam.
3052 4521 3399 4580 lrrcvercntia
3430 4521 3558 4591 quid

1974 4633 2095 4690 est?
2132 4630 2248 4686 Non
2296 4624 2572 4683 confundi.
2624 4621 2861 4691 Denique
2899 4617 3052 4690 quasi
3095 4616 3278 4670 vitium
3323 4613 3553 4680 videtur,

1973 4739 2096 4783 cum
2136 4721 2332 4778 dicitur
2364 4736 2378 4774 :
2409 4716 2716 4773 lrreverens
2767 4711 2929 4767 homo
2966 4716 3067 4764 est.
3116 4706 3302 4776 Magna
3348 4706 3557 4760 irreve-

1973 4815 2144 4872 rentia
2191 4810 2445 4873 bomiuis,
2489 4822 2597 4865 non
2638 4805 2784 4862 illum
2814 4801 3153 4861 erubescere.
3184 4797 3324 4868 Ergo
3356 4797 3558 4852 irreve-

1973 4907 2143 4964 rentia
2171 4903 2322 4976 quasi
2367 4897 2695 4970 impudentia
2732 4903 2834 4950 est.
2863 4892 3085 4963 Oportet
3110 4897 3167 4945 ut
3197 4888 3388 4944 habeat
3415 4887 3558 4944 chri-

1973 5000 2179 5056 stianus
2223 4993 2628 5052 irreverentiam
2687 4989 2864 5053 istam,
2912 4984 3126 5056 quando
3166 4983 3374 5038 venerit
3417 4982 3558 5037 inter

1974 5091 2219 5148 homines
2243 5087 2438 5158 quibus
2478 5083 2726 5154 displicet
2767 5079 3032 5134 Christus.
3065 5077 3122 5135 Si
3174 5075 3447 5132 erubuerit
3488 5073 3558 5130 de

1973 5183 2208 5247 Christo,
2245 5178 2510 5236 delcbitur
2533 5173 2602 5230 de
2631 5173 2764 5227 libro
2792 5171 3103 5225 viventium.
3133 5169 3277 5240 Opus
3305 5173 3390 5221 est
3419 5180 3550 5236 ergo

1973 5285 2034 5330 ut
2089 5273 2287 5330 habeas
2342 5265 2783 5331 irreverentiam,
2825 5261 3038 5332 quando
3086 5259 3177 5314 tibi
3222 5257 3290 5312 de
3340 5253 3557 5310 Christo

1975 5367 2290 5425 insultatur;
2319 5359 2533 5432 quando
2557 5358 2770 5424 dicitur,
2798 5355 2984 5410 Cultor
3006 5349 3276 5411 cruciﬁxi.
3306 5349 3558 5404 adorator

1973 5459 2110 5528 male
2153 5455 2380 5514 mortui.
2430 5459 2714 5507 venerator
2777 5447 2983 5503 occisi:
3020 5444 3108 5498 hic
3150 5442 3195 5496 si
3243 5439 3553 5506 erubueris,

1972 5560 2214 5608 mortuus
2239 5561 2320 5602 es.
2350 5542 2684 5621 Sententiam
2731 5539 2927 5608 quippe
2953 5535 3120 5605 ipsius
3164 5532 3305 5597 vide,
3340 5531 3426 5599 qui
3457 5547 3555 5587 uc—

1971 5643 2170 5700 minem
2220 5636 2357 5691 fallit
2386 5653 2400 5688 :
2435 5635 2534 5702 Qui
2580 5649 2658 5686 me
2686 5629 2936 5684 erubuerit
2972 5641 3141 5678 coram
3182 5624 3488 5687 hominibus,
3510 5631 3555 5696 tt

1971 5753 2062 5810 ego
2099 5730 2382 5786 erubescam
2410 5742 2523 5780 eum
2560 5738 2733 5779 eorum
2771 5719 2976 5790 Angelis
3015 5715 3118 5771 Dei
3145 5715 3296 5786 (Luc.
3335 5731 3407 5781 Ix,
3433 5711 3554 5786 9.6).

2037 5851 2049 5881 ι
2088 5853 2158 5896 Er.
2183 5850 2232 5896 ct
2254 5849 2382 5893 Lt.‘\'.s
2401 5835 2460 5888 si.
2486 5842 2538 5886 At
2563 5843 2661 5884 Am.
2688 5838 2739 5883 et
2760 5837 2866 5881 Mss.
2910 5829 2995 5880 sic.
