4038 6522
474 366 573 429 851

472 479 709 535 Observa
749 488 876 545 ergo
918 481 1005 540 tu;
1046 472 1117 527 sit
1162 471 1214 529 in
1263 477 1317 525 te
1363 468 1729 530 irreverentia,
1779 466 2050 520 frontosus

473 577 593 623 esto
646 562 860 637 quando
896 562 1048 619 audis
1085 558 1434 633 opprobrium
1474 557 1543 614 de
1567 555 1804 624 Christo;
1835 570 2056 626 prorsus

473 669 591 716 esto
620 642 1073 722 frontosus.Quid
1117 654 1272 709 limes
1320 650 1480 717 fronti
1526 657 1649 714 tum,
1697 663 1855 718 quam
1899 646 2052 719 signo

472 751 648 808 crucis
672 747 931 804 armasti?
961 748 1072 802 Hoc
1100 754 1184 802 εει
1208 745 1368 810 enim,
1402 742 1615 813 Pmpter
1644 750 1692 795 te
1720 740 1935 796 sustinui
1961 755 2054 795 ea:-

474 842 868 910 probrationem,
895 838 1092 911 aperuit
1131 835 1456 892 irreverentia
1494 831 1674 904 faciem
1707 846 1889 887 meam.
1918 829 2054 887 Pro-

472 945 583 1007 pter
628 944 675 988 te
711 932 925 990 sustinui
964 928 1402 1002 exprobrationem
1437 940 1456 979 :
1481 931 1537 991 et
1574 924 1699 995 quia
1742 937 1848 978 non
1892 920 1961 977 de
2004 928 2055 975 te

471 1025 682 1090 erubui,
714 1022 926 1095 quando
950 1021 1079 1083 mihi
1125 1026 1342 1099 propter
1372 1026 1423 1073 te
1451 1014 1823 1084 insultabatur,
1858 1013 2056 1085 operuit

475 1116 797 1172 irreverentia
818 1117 999 1186 facient
1028 1128 1212 1166 meam.

545 1211 632 1267 15.
656 1207 806 1282 (vers.
826 1207 880 1274 9,
906 1202 1018 1278 10.]
1034 1203 1297 1259 Alienatus
1322 1200 1486 1271 factus
1509 1216 1622 1257 sum
1651 1196 1892 1271 fratribus
1910 1195 2052 1263 meis,

472 1311 522 1354 ct
562 1300 741 1371 hospes
786 1298 906 1368 ﬁliis
951 1295 1125 1352 matris
1170 1308 1312 1359 mele.
1343 1291 1493 1347 Filiis
1534 1288 1828 1361 Synagogze
1854 1288 2052 1357 hospes

474 1393 648 1446 factus
670 1398 767 1445 est.
803 1386 858 1449 lu
889 1385 1058 1457 patria
1091 1385 1288 1456 quippe
1309 1382 1478 1453 ipsius
1515 1380 1792 1435 dicebatur
1822 1395 1835 1433 :
1869 1377 2057 1446 Nonne

472 1499 564 1536 nos
584 1481 764 1535 scimus
779 1494 894 1534 eum
913 1493 1021 1538 esse
1031 1476 1194 1546 ﬁlium
1213 1473 1395 1531 Mariae
1409 1482 1454 1527 et
1470 1472 1658 1542 Ioseph
1674 1469 1816 1542 (Luc.
1840 1484 1917 1535 Iv,
1933 1466 2057 1539 22)?

483 1574 548 1628 Et
591 1571 733 1627 unde
778 1571 883 1625 alio
925 1569 1088 1627 loco:
1125 1566 1276 1629 Hunc
1321 1575 1488 1626 autem
1528 1564 1776 1627 nescimus
1819 1561 1954 1616 unde
1992 1561 2055 1617 sit

473 1664 650 1738 (Joan.
678 1680 754 1732 ιχ,
784 1661 915 1735 29)?
940 1661 1128 1717 Factus
1170 1675 1298 1730 ergo
1341 1674 1454 1714 sum
1498 1656 1679 1727 hospes
1718 1654 1839 1725 ﬁliis
1881 1652 2056 1708 matris

478 1771 624 1818 mete.
651 1752 768 1817 Non
817 1748 1053 1808 scierunt
1095 1749 1236 1806 unde
1276 1751 1397 1814 sim,
1425 1749 1493 1804 de
1534 1747 1726 1818 quibus
1760 1753 1875 1801 erat
1917 1757 2048 1811 caro

473 1861 588 1903 mea
621 1864 635 1903 :
666 1861 770 1901 non
801 1858 888 1901 me
926 1841 1165 1899 sciebant
1191 1839 1258 1897 de
1289 1839 1491 1901 femore
1522 1836 1788 1893 Abraham
1832 1842 2044 1900 natum;

475 1938 613 1995 unde
632 1951 757 1994 caro
786 1952 902 1993 mea
931 1934 1141 1995 occulta,
1170 1940 1306 1996 erat,
1331 1931 1543 2005 quando
1572 1930 1672 1986 sub
1701 1930 1819 2000 ipso
1846 1926 2052 1983 femore

475 2044 688 2085 manum
718 2042 908 2084 servus
942 2040 1166 2098 ponens,
1191 2024 1385 2095 juravit
1416 2037 1511 2094 per
1547 2022 1711 2077 Deum
1756 2020 1877 2076 coeli
1900 2017 2050 2089 (Gen.

475 2139 621 2187 xxiv,
653 2121 729 2193 9).
764 2118 963 2192 Hospes
1009 2120 1171 2190 {actus
1195 2134 1305 2173 sum
1334 2116 1457 2187 ﬁliis
1493 2116 1668 2171 matris
1694 2130 1838 2169 meae.
1879 2113 2056 2182 Quare

475 2214 610 2271 hoc?
639 2228 801 2286 quare
820 2227 923 2267 non
939 2209 1307 2282 agnoverunt?
1326 2223 1489 2278 quare
1509 2208 1738 2265 alienum
1769 2200 2056 2261 dixerunt?

476 2322 637 2378 quare
661 2306 773 2361 ausi
805 2313 929 2360 sunt
955 2302 1133 2362 dicere
1163 2296 1193 2355 ελ
1213 2299 1478 2365 Nescimus
1516 2298 1649 2365 unde
1671 2298 1774 2373 sit?
1803 2295 2055 2364 Quoniam

477 2396 608 2450 zelus
633 2395 810 2449 domus
833 2402 933 2448 tute
979 2391 1191 2445 comedit
1219 2405 1295 2444 ine
1326 2404 1344 2443 :
1372 2387 1424 2443 id
1463 2396 1565 2455 est,
1594 2387 1716 2458 quia
1744 2394 2055 2456 persecutus

477 2501 590 2540 sum
619 2487 670 2541 in
715 2485 820 2546 illis
858 2482 1166 2553 iniquitates
1209 2480 1469 2550 ipsorum,
1496 2477 1618 2549 quia
1648 2493 1759 2546 non
1794 2476 2056 2546 patienter

477 2581 570 2634 tuli
597 2592 729 2649 quos
753 2575 1011 2647 corripui,
1053 2575 1174 2644 quia
1203 2570 1421 2643 quresivi
1452 2570 1673 2642 gloriam
1704 2578 1846 2623 tuam
1877 2568 1929 2637 in
1959 2567 2056 2622 do-

480 2682 572 2733 mo
615 2680 719 2734 tua,
747 2669 870 2740 quia
921 2664 1187 2739 ﬂagellavi
1237 2664 1289 2723 in
1360 2662 1559 2734 templo
1598 2660 1739 2718 male
1780 2668 2059 2715 versantes

477 2762 651 2832 υοαη.
680 2777 734 2827 ιι,
774 2760 896 2832 15);
926 2759 1015 2815 ubi
1057 2757 1218 2812 etiam
1256 2755 1493 2825 positum
1539 2762 1641 2820 est,
1685 2752 1838 2808 Zelus
1879 2752 2056 2808 domus

476 2867 574 2910 tute
610 2853 823 2913 comedit
869 2868 967 2905 mc.
1016 2848 1152 2908 Hinc
1197 2847 1422 2912 alienus,
1467 2844 1594 2900 hinc
1641 2843 1867 2915 hOSpcs;
1906 2842 2053 2912 hinc,

477 2944 744 3000 Nescimus
785 2942 919 3007 unde
954 2942 1038 2997 sit.
1087 2941 1452 3011 Agnoscerent
1479 2936 1619 3003 unde
1656 2936 1777 2997 sim,
1808 2935 1851 2993 si
1894 2948 2057 3004 agno-

476 3044 685 3104 soerent
713 3031 853 3104 quod
881 3029 1166 3086 mandasti.
1195 3027 1250 3083 Si
1281 3024 1424 3084 enim
1453 3024 1744 3082 invenirem
1775 3018 1913 3079 illos'
1940 3036 2055 3078 ser-

477 3139 657 3182 vantes
678 3124 923 3185 mandata
951 3133 1058 3189 tua,
1091 3121 1236 3176 zelus
1259 3120 1450 3175 domus
1478 3127 1582 3174 tuae
1607 3132 1711 3173 non
1751 3115 2059 3173 comederet

477 3232 581 3272 me.
614 3213 680 3270 Et
737 3212 1008 3286 opprobria
1044 3210 1454 3279 exprobrantium
1485 3206 1572 3262 tibi
1594 3205 1887 3283 cediderunt
1909 3218 2061 3275 super

476 3322 576 3365 me.
624 3304 737 3363 lloc
786 3302 1090 3361 testimonio
1135 3314 1263 3355 usus
1306 3309 1388 3355 est
1436 3307 1493 3354 et
1549 3292 1744 3375 Paulus
1788 3294 2060 3366 apostolus

477 3401 637 3473 (lecta
664 3405 746 3456 est
773 3396 933 3455 modo
970 3395 1085 3467 ipsa
1105 3390 1310 3461 lectio),
1337 3398 1392 3447 et
1435 3390 1552 3445 ait‘:
1586 3387 1924 3459 Qumcuntque
1944 3396 2062 3441 ante

475 3490 665 3561 scripta
704 3496 843 3554 sunt,
890 3496 945 3541 ut
987 3502 1079 3540 nos
1111 3484 1407 3547 doceremur
1449 3481 1639 3553 scripta
1686 3488 1840 3545 sunt;
1870 3487 1924 3544 ut
1971 3495 2062 3550 per

474 3581 864 3641 consolationem
892 3576 1278 3649 Seripturarum
1303 3590 1443 3645 spem
1465 3573 1741 3628 habeamus
1762 3571 1938 3644 (Rom.
1960 3587 2057 3638 xv,

476 3670 555 3743 4).
590 3670 729 3726 Dixit
754 3684 882 3740 ergo
909 3666 1106 3737 Christi
1134 3666 1297 3722 fuisse
1337 3665 1489 3720 iStam
1513 3677 1698 3719 vocem
1729 3679 1742 3719 :
1776 3659 2061 3733 Opprobria

488 3764 902 3835 exprobrantium
944 3761 1033 3816 tibi
1069 3759 1356 3819 ceciderunt
1403 3772 1555 3825 super
1579 3772 1677 3810 me.
1709 3753 1905 3822 Quare,
1937 3754 2024 3807 tibi
2037 3751 2067 3827 3

477 3855 745 3925 Numquid
790 3853 934 3915 Patri
979 3852 1366 3922 exprobratur,
1412 3858 1467 3907 et
1510 3863 1617 3905 non
1662 3847 1762 3918 ipsi
1815 3846 2067 3903 Christo?

477 3949 674 4016 Quare,
714 3945 985 4016 opprobria
1024 3943 1430 4015 exprobrantium
1470 3940 1558 3994 tibi
1597 3938 1880 3994 ceciderunt
1913 3955 2065 4010 super

479 4039 593 4092 me?
615 4036 747 4105 Quia
781 4035 870 4109 qui
895 4049 979 4089 me
1002 4032 1269 4105 cognovit,
1301 4028 1546 4101 cognovit
1569 4036 1625 4084 et
1647 4028 1858 4096 Patrem
1882 4027 2061 4102 (Joon.

481 4147 594 4197 xxv,
634 4129 690 4199 9)
720 4147 732 4183 :
764 4127 885 4199 quia
919 4140 1077 4182 nemo
1126 4122 1473 4195 exprobravit
1513 4120 1760 4195 Christo,
1808 4120 1907 4181 nisi
1956 4120 2065 4182 Deo

481 4222 810 4294 exprobrans
841 4240 855 4293 ι
884 4220 1005 4291 quia
1049 4233 1205 4274 nemo
1250 4217 1479 4272 honorat
1534 4214 1769 4280 Patrem,
1818 4213 1919 4268 nisi
1972 4213 2062 4285 qui

481 4313 707 4369 honorat
724 4320 778 4367 et
798 4310 988 4385 Eilium
1004 4309 1056 4382 (1
1063 4309 1115 4381 d.
1130 4325 1184 4375 v,
1204 4307 1319 4379 23).
1345 4300 1633 4377 Opinobria
1656 4303 2066 4376 exprobrantium

480 4404 570 4460 tibi
589 4403 871 4458 ceciderunt
898 4417 1049 4471 super
1076 4414 1173 4466 nuc,
1203 4398 1324 4469 quia
1352 4412 1441 4459 me
1460 4397 1800 4455 invenerunt.

552 4498 639 4553 14.
675 4495 832 4569 (vers.
862 4492 981 4566 11.]
1010 4492 1071 4546 Et
1088 4491 1325 4560 cooperui
1340 4491 1393 4544 in
1405 4489 1606 4561 jejunio
1627 4488 1846 4541 animam
1868 4503 2066 4552 meam;

457 4572 527 4645 ἐι
555 4590 745 4659 factum
765 4597 834 4642 est
865 4586 989 4640 milii
1007 4586 1058 4639 in
1080 4584 1424 4656 approbrium.
1456 4581 1722 4653 Jejunium
1745 4579 1947 4635 Christi
1968 4582 2068 4651 spi-

481 4678 743 4735 ritualiter
764 4677 872 4749 jam
904 4677 956 4732 in
986 4676 1089 4735 alio
1122 4674 1327 4746 psalmo
1356 4671 1846 4743 commcndavimus
1881 4669 2069 4741 Chari.

485 4773 576 4826 tati
610 4768 809 4825 Vestrae
831 4769 925 4843 (a).
958 4768 1228 4840 Jejunium
1256 4766 1422 4836 ipsius
1450 4773 1594 4831 erat,
1624 4764 1836 4835 quando
1859 4763 2070 4819 defece—

482 4872 608 4919 runt
649 4876 835 4917 omnes
875 4860 963 4932 qui
992 4860 1044 4915 in
1074 4875 1196 4917 eum
1228 4856 1597 4919 crediderant;
1637 4857 1758 4925 quia
1785 4862 1839 4909 ct
1866 4854 2069 4909 esuries

484 4956 652 5026 ipsius
679 4961 875 5008 eratut
913 4952 964 5006 in
1002 4966 1122 5006 eum
1148 4949 1492 5006 crederetur:
1523 4945 1644 5017 quia
1683 4954 1737 5000 et
1760 4944 1877 4998 sitis
1904 4944 2072 5013 ipsius

484 5055 621 5115 erat,
663 5042 875 5117 quando
897 5041 1028 5097 dixit
1056 5041 1288 5104 mulieri,
1324 5039 1475 5105 Sitio,
1504 5038 1571 5090 da
1596 5036 1718 5089 mihi
1743 5034 1905 5100 bibere
1941 5032 2071 5103 (Id.

485 5156 534 5195 tv
550 5181 565 5205 ,
599 5138 701 5209 7);
743 5133 899 5190 ﬁdem
921 5132 1116 5205 quippe
1139 5131 1303 5202 ipsius
1324 5129 1551 5185 sitiebat.
1583 5129 1649 5204 Et
1677 5127 1743 5183 de
1764 5142 1922 5182 cruce
1946 5142 2070 5182 cum

486 5234 720 5297 diceret,
756 5224 1032 5296 Sitio(ld.
1059 5238 1175 5288 xu,
1201 5222 1325 5293 28),
1356 5222 1511 5277 [idem
1534 5221 1746 5288 illorum
1777 5218 2067 5290 quaerebat,

491 5337 589 5394 pro
614 5319 804 5392 quibus
829 5318 1039 5373 dixerat
1066 5328 1080 5369 :
1112 5312 1267 5367 Pater
1288 5354 1304 5377 ,
1329 5313 1530 5382 ignosce
1550 5310 1675 5377 illis,
1703 5310 1820 5381 quia
1847 5311 2071 5378 nesciunt

490 5412 611 5481 quid
634 5410 824 5482 faciunt
853 5405 1021 5479 (Luc.
1049 5417 1186 5459 χχιιι
1211 5443 1225 5467 ,
1266 5401 1394 5472 54).
1420 5401 1524 5456 Sed
1566 5401 1637 5457 illi
1666 5400 1910 5459 homines
1947 5396 2074 5468 quid

491 5498 1081 5574 propinaruntsiticnti?
1110 5496 1351 5551 Acetum.
1370 5495 1586 5547 Acetum
1611 5496 1770 5549 etiam
1793 5495 1808 5525 ί
1827 5503 1975 5547 vetus
1992 5493 2073 5548 di.

490 5598 645 5652 citur.
676 5595 861 5651 Merito
889 5592 957 5648 de
980 5586 1159 5647 vetere
1179 5586 1395 5643 homine
1419 5586 1783 5656 propitlarttnl,
1806 5585 1925 5655 quia
1950 5582 2073 5639 novi

555 5774 569 5804 '
606 5774 677 5820 Sic
699 5776 803 5820 Mss.
825 5767 1083 5817 ablvero:
1099 5769 1289 5814 Ατειηιη
1310 5759 1438 5811 enim
1457 5759 1617 5810 uinum
1637 5765 1766 5809 uetus
1784 5756 1976 5811 dicitur.

567 5833 640 5897 (a)
664 5843 827 5897 Supra,
854 5832 900 5880 in
926 5836 1063 5878 tinar.
1089 5826 1209 5879 Psal.
1240 5836 1404 5885 χχχιι,
1430 5836 1577 5874 serui.
1599 5821 1646 5885 2,
1673 5836 1720 5871 ιι.
1745 5821 1792 5870 4.

1701 354 1756 410 S.
1801 351 2163 410 AUGUSTINI
2206 353 2507 421 EPISCOPI

3640 364 3775 423 859

2164 481 2283 522 esse
2318 467 2620 523 noluerunt.
2657 467 2830 534 Quare
2857 468 2977 525 novi
3010 483 3130 525 esse
3157 470 3480 526 uoluerunt?
3508 474 3641 543 Quia
3667 477 3759 533 ad
3856 456 3863 459 l

2162 556 2369 625 titulum
2389 557 2575 626 psalmi
2593 557 2748 627 hujus
2769 557 2854 612 ubi
2873 560 3129 629 scriptmn
3158 569 3261 627 εει,
3288 560 3391 617 Pro
3410 564 3472 619 iis
3490 566 3579 637 qui
3601 585 3766 631 com,-

2160 648 2512 719 mutabuntur,
2553 665 2658 706 non
2698 651 3084 722 pertinuerunt.
3116 653 3290 725 Ergo,
3322 659 3499 726 aperui
3517 659 3568 712 in
3603 662 3768 733 jtju-

2161 739 2245 794 nio
2269 741 2490 796 animam
2516 759 2696 798 meam.
2730 744 2963 818 Denique
2994 747 3193 825 respuit
3221 748 3380 805 etiam
3408 748 3477 804 fel
3501 754 3640 821 quod
3671 753 3764 807 illi

2161 831 2468 900 obtulerunt
2493 851 2507 892 :
2525 833 2764 905 jejunaro
2801 835 2988 908 elegit,
3016 853 3174 909 quam
3205 841 3610 899 amaritudinem
3654 842 3775 899 θεέ

2160 923 2360 998 cipere.
2389 925 2503 982 Non
2534 926 2674 981 enim
2702 927 2902 987 intrant
2922 929 2975 983 in
3004 944 3199 1000 corpus
3218 932 3335 1002 ejus
3361 935 3759 1002 amaricantcs,

2160 1013 2227 1070 de
2251 1016 2441 1086 quibus
2467 1017 2569 1072 alio
2595 1017 2712 1074 loco
2740 1018 2975 1089 psalmus
2999 1021 3158 1076 dicit:
3182 1021 3281 1089 Qui
3308 1026 3606 1090 amaricant,
3637 1043 3762 1080 non

2161 1108 2443 1162 excitentur
2469 1109 2520 1164 in
2539 1112 2816 1182 semetipsis
2846 1110 2866 1186 (
2891 1110 3033 1167 Psal.
3067 1129 3170 1175 va
3188 1153 3205 1180 ,
3240 1113 3332 1187 7).
3365 1115 3534 1186 Ergo,
3563 1115 3760 1187 aperui

2159 1196 2211 1250 in
2225 1198 2425 1287 jejunio
2445 1199 2664 1255 animant
2691 1217 2887 1269 meum;
2909 1212 2954 1256 et
2984 1203 3178 1273 [actum
3218 1214 3288 1259 est
3319 1206 3440 1259 mihi
3469 1207 3521 1260 in
3554 1225 3759 1278 oppro-

2160 1289 2341 1349 brium.
2362 1289 2471 1359 lloc
2489 1291 2657 1361 ipsum
2680 1291 2808 1357 mihi
2828 1293 2879 1346 in
2897 1293 3244 1363 Opprobrium
3271 1293 3464 1351 factum
3487 1306 3597 1361 εει,
3616 1296 3756 1366 quia

2160 1393 2267 1442 non
2296 1379 2396 1434 illis
2420 1382 2699 1453 consensi,
2728 1379 2829 1449 hoc
2848 1391 2965 1463 est,
2988 1381 3056 1436 ab
3077 1383 3179 1454 illis
3194 1383 3446 1453 jejunavi.
3472 1383 3571 1453 Qui
3596 1386 3755 1440 enim

2159 1483 2265 1535 non
2296 1472 2560 1524 consentit
2589 1470 2726 1533 male
2759 1471 3138 1537 suadentibus,
3163 1471 3370 1542 jejunat
3402 1473 3469 1529 ab
3499 1475 3656 1546 ipsis;
3690 1484 3758 1531 et

2159 1574 2255 1631 per
2290 1559 2667 1631 hocjojunium
2715 1572 2949 1631 meretur
2989 1562 3331 1647 opprobrium
3356 1604 3372 1630 ,
3416 1572 3473 1629 ut
3519 1563 3639 1633 ideo
3665 1562 3753 1619 illi

2159 1652 2440 1709 insultetur
2462 1695 2477 1716 ,
2503 1655 2625 1725 quia
2654 1670 2757 1723 non
2789 1656 3055 1718 consentit
3079 1655 3147 1710 ad
3174 1654 3393 1723 malum.

2217 1744 2280 1800 15
2325 1742 2473 1830 [vers.
2495 1740 2605 1818 12.]
2623 1744 2687 1798 Et
2702 1747 2849 1817 posui
2860 1746 3198 1815 vestimentum
3212 1753 3377 1811 meum
3388 1762 3607 1805 saccum.
3623 1746 3754 1808 Jatn

2158 1845 2213 1894 et
2240 1838 2306 1893 de
2330 1853 2489 1905 sacco
2525 1838 2723 1909 aliquid
2751 1837 2982 1897 diximus
3012 1839 3111 1910 (a),
3139 1838 3279 1906 unde
3314 1837 3444 1897 illud
3476 1847 3593 1906 est,
3631 1837 3751 1910 Ego

2159 1938 2323 1993 autem
2347 1945 2460 1999 cum
2486 1931 2609 1999 milii
2633 1929 2825 1995 molesti
2851 1938 3012 1996 essem
3032 1971 3048 2001 ,
3072 1928 3343 1991 induebam
3364 1945 3444 1982 me
3465 1929 3632 1984 cilicio
3648 1968 3664 1993 ,
3696 1938 3753 1984 es

2158 2021 2486 2093 Ituutiliabam
2524 2022 2575 2077 in
2592 2023 2795 2103 jejunio
2819 2023 3043 2092 animam
3077 2038 3258 2085 meam.
3291 2021 3455 2077 Ροεηὶ
3480 2024 3753 2077 uestimen-

2160 2122 2265 2171 lum
2294 2131 2457 2169 meum
2485 2130 2687 2169 saccum
2715 2129 2733 2169 :
2759 2113 2811 2168 id
2841 2122 2942 2178 est,
2974 2113 3196 2183 opposui
3218 2112 3356 2178 illis,
3386 2114 3618 2185 inquam
3640 2128 3749 2168 Stc-

2156 2207 2367 2275 virent,
2396 2221 2610 2263 carnem
2641 2222 2848 2281 meam;
2892 2206 3152 2277 occultavi
3182 2205 3513 2268 divinitatem
3542 2221 3745 2267 meam.

2160 2298 2380 2366 Saecum
2398 2339 2414 2365 ,
2459 2298 2581 2369 quia
2611 2298 2848 2353 mortalis
2877 2312 3000 2351 caro
3025 2305 3140 2357 erat
3161 2338 3175 2362 ,
3200 2305 3259 2350 ut
3282 2296 3349 2351 de
3377 2306 3588 2366 peccato
3605 2310 3747 2350 con-

2158 2389 2437 2464 (ieiunare:
2459 2402 2731 2460 peccatum
2763 2390 2816 2462 in
2844 2404 3004 2447 carne
3041 2388 3230 2459 (Rom.
3260 2405 3351 2453 vnt
3371 2432 3385 2456 ,
3416 2391 3500 2460 3).
3533 2388 3601 2442 Et
3637 2406 3743 2459 po—

2157 2482 2236 2537 sui
2260 2483 2601 2539 oestinnattum
2630 2499 2793 2538 meum
2818 2497 3058 2551 mecum;
3099 2490 3144 2537 el
3180 2481 3350 2551 [actus
3392 2498 3498 2536 sum
3532 2482 3636 2536 illis
3679 2483 3745 2537 iis

2159 2576 2487 2653 parabolam;
2529 2575 2580 2630 id
2619 2584 2701 2630 est
2742 2574 2793 2629 in
2841 2572 3162 2646 irrisionem.
3210 2572 3467 2628 Parabola
3507 2573 3744 2637 dicitur,

2157 2660 2369 2738 quando
2412 2663 2900 2722 datur-similitudo
2941 2663 3010 2719 de
3040 2663 3216 2735 aliquo
3240 2705 3256 2732 ,
3295 2661 3510 2733 quando
3538 2662 3605 2718 de
3650 2662 3749 2716 illo

2159 2757 2296 2813 male
2321 2755 2535 2813 dicitur.
2564 2755 2653 2812 Sic
2686 2756 2775 2812 ille
2797 2795 2811 2820 ,
2840 2755 2989 2810 verbi
3014 2756 3179 2827 gratia
3201 2796 3218 2821 ,
3258 2763 3445 2826 pereat
3471 2753 3747 2824 quomodo

2157 2848 2268 2915 ille,
2292 2848 2538 2920 parabola
2560 2857 2642 2904 est
2664 2865 2683 2925 ί
2709 2847 2761 2903 id
2778 2857 2860 2904 est
2880 2848 3205 2916 comparatio
3226 2857 3281 2902 et
3303 2846 3598 2902 similitudo
3628 2862 3749 2902 tua-

2159 2938 2358 3002 ledicti.
2388 2937 2579 2994 Factus
2606 2953 2731 3010 ergo
2757 2955 2869 2999 sum
2895 2938 2998 2994 illis
3027 2938 3081 2993 in
3107 2937 3421 3010 par-abolent.

2231 3032 2319 3088 16.
2360 3030 2517 3111 [vers.
2551 3030 2672 3106 15.]
2697 3032 3045 3091 Adversusme
3067 3033 3377 3091 insultabant
3401 3032 3487 3105 qui
3506 3033 3748 3087 sedebant

2158 3123 2212 3180 in
2242 3133 2407 3195 porta.
2437 3122 2505 3178 In
2529 3132 2704 3194 porta,
2738 3122 2866 3178 nihil
2894 3122 3039 3179 aliud
3067 3138 3222 3194 quam
3252 3124 3302 3177 in
3320 3122 3563 3193 publico.
3591 3122 3661 3177 Et
3689 3126 3746 3178 in

2159 3231 2240 3269 me
2264 3214 2542 3283 psallebant
2562 3215 2649 3285 qui
2672 3213 2898 3269 bibebant
2923 3215 3111 3269 uinum.
3142 3213 3341 3268 Putatis
3368 3214 3469 3268 hoc
3485 3256 3498 3280 ,
3524 3213 3744 3280 fratres,

2161 3304 2373 3360 Christo
2398 3304 2760 3363 tantummodo
2780 3305 3105 3376 contigisse?
3132 3305 3375 3373 Quotidie
3397 3305 3471 3360 illi
3490 3305 3547 3360 in
3570 3321 3709 3361 mem
3725 3334 3747 3347 ο

2160 3398 2272 3469 bris
2299 3398 2416 3469 ejus
2444 3398 2704 3473 contingit
2729 3415 2741 3451 :
2769 3398 2980 3469 quando
3009 3399 3147 3454 forte
3172 3412 3396 3454 necesse
3439 3398 3542 3453 erit
3580 3412 3749 3452 servo

2164 3490 2261 3562 Dei
2302 3487 2587 3561 prohibere
2634 3489 2921 3546 ebrietates
2961 3499 3017 3545 et
3062 3489 3297 3545 luxurias
3332 3489 3384 3545 in
3427 3490 3604 3560 aliquo
3656 3490 3748 3543 vel

2162 3579 2327 3645 fundo
2374 3580 2458 3645 vel
2500 3580 2728 3651 oppido,
2776 3581 2865 3641 ιιιιῑ
2897 3596 3003 3641 non
3045 3580 3278 3638 auditum
3327 3579 3487 3637 fuerit
3514 3580 3747 3636 verbum

2164 3670 2288 3740 Dei,
2322 3687 2507 3743 parum
2534 3681 2617 3727 est
2643 3673 2765 3742 quia
2791 3681 3037 3739 canunt,
3068 3672 3284 3742 insuper
3303 3681 3357 3729 et
3385 3672 3437 3727 in
3464 3672 3635 3741 ipsum
3656 3673 3746 3726 in-

2163 3763 2366 3835 cipiunt
2389 3773 2604 3818 cantare
2622 3805 2639 3829 ,
2668 3779 2696 3816 a
2723 3778 2827 3834 quo
2858 3762 3205 3833 prohibentur
3226 3771 3460 3823 cantare.
3505 3762 3739 3832 Catapo-

2165 3844 2280 3908 rate
2304 3867 2445 3908 nunc
2473 3852 2615 3908 illius
2633 3851 2890 3923 jejunium
2911 3895 2926 3920 ,
2954 3861 3010 3908 et
3037 3852 3245 3911 illorum
3272 3854 3472 3908 vinum.
3496 3851 3560 3907 Et
3580 3853 3637 3907 in
3656 3869 3748 3909 me

2166 3943 2446 4014 psallebant
2491 3944 2579 4014 qui
2615 3943 2842 4015 bibebant
2868 3945 3037 4003 vinum
3059 3960 3077 4015 ς
3098 3946 3274 4003 vinum
3302 3945 3500 4001 erroris
3520 3986 3536 4013 ,
3560 3944 3750 4000 vinum

2167 4034 2488 4109 impietatis,
2519 4034 2699 4088 vinum
2737 4033 3021 4104 superbize.

2239 4114 2326 4190 Π.
2355 4124 2521 4200 [verm
2553 4124 2679 4203 ιι]
2704 4126 2819 4198 Ego
2838 4138 3005 4181 autem
3025 4128 3248 4189 oratimte
3267 4143 3375 4181 mea
3406 4127 3421 4159 ⁸
3449 4126 3518 4179 ad
3539 4135 3603 4191 te,
3629 4123 3746 4179 Do-

2168 4222 2321 4278 mine.
2352 4220 2465 4292 Ego
2501 4228 2676 4276 autem
2702 4220 2768 4275 ad
2803 4230 2855 4276 te
2890 4235 3057 4275 cram.
3099 4219 3204 4276 Sed
3241 4218 3540 4289 quomodo?
3578 4216 3660 4273 Ad
3684 4226 3742 4273 te

2170 4313 2394 4373 orando.
2424 4313 2647 4382 Quando
2675 4314 2817 4369 enim
2849 4312 3183 4369 malediceris
3205 4354 3223 4379 ,
3253 4310 3461 4383 etquid
3485 4326 3610 4383 agas
3640 4325 3753 4366 non

2172 4408 2365 4479 trabes;
2399 4405 2609 4477 quando
2637 4405 2731 4471 tibi
2764 4405 3029 4474 jactentur
3051 4403 3360 4477 opprobria,
3387 4411 3443 4459 et
3482 4401 3757 4474 quomodo

2171 4502 2405 4573 corrigas
2429 4513 2550 4555 cum
2594 4513 2626 4553 a
2663 4513 2768 4569 quo
2791 4497 3059 4566 iactantur
3090 4512 3194 4551 non
3226 4496 3463 4563 invenis,
3494 4495 3624 4550 nihil
3656 4495 3756 4550 tibi

2172 4599 2340 4648 restat
2377 4591 2478 4646 nisi
2518 4604 2690 4657 orare.
2735 4589 2842 4645 Sed
2876 4598 3144 4644 memento
3183 4596 3239 4643 et
3275 4602 3371 4657 pro
3412 4587 3529 4657 ipso
3574 4601 3757 4642 orare.

2173 4685 2286 4759 Ego
2308 4695 2475 4750 autem
2499 4684 2724 4740 oratione
2741 4700 2851 4749 mea
2875 4683 2945 4749 ad
2971 4692 3021 4738 te
3037 4725 3051 4748 ,
3091 4681 3330 4737 Domine.
3356 4681 3577 4752 Tempus
3603 4680 3762 4735 bene-

2174 4780 2371 4854 placiti,
2404 4776 2556 4831 Deus.
2589 4776 2729 4835 Ecce
2757 4775 2898 4833 enim
2950 4776 3204 4845 sepelitur
3222 4789 3476 4845 granum;
3504 4781 3765 4845 exsurget

2175 4867 2395 4924 fruetus.
2431 4867 2648 4938 Tempus
2674 4866 2991 4945 beneplaciti,
3019 4865 3176 4925 Deus.
3211 4865 3284 4920 De
3311 4864 3412 4925 hoc
3440 4872 3680 4934 tempore
3704 4874 3767 4920 et

2175 4962 2458 5034 PrOphela:
2505 4960 2755 5031 dixerunt
2799 4958 2941 5030 quod
2993 4967 3379 5013 commemorat
3431 4956 3716 5026 Apostolus
3745 4973 3763 5009 :

2140 5072 2146 5079 ·
2176 5054 2310 5111 Ecce
2335 5071 2467 5109 nunc
2492 5064 2685 5124 tempus
2722 5050 3059 5121 acceptabile.
3104 5066 3215 5105 ecce
3258 5066 3393 5104 nunc
3425 5049 3535 5104 dies
3583 5049 3768 5103 salutis

2179 5148 2244 5222 (ιι
2267 5148 2386 5204 Cor.
2419 5164 2471 5203 vt
2492 5188 2506 5212 ,
2536 5146 2625 5217 2).
2657 5144 2875 5215 Tempus
2895 5144 3215 5214 beucplaeiti,
3245 5141 3402 5197 Deus.
3430 5145 3501 5197 in
3528 5141 3768 5195 multitu-

2177 5240 2349 5295 tndine
2374 5238 2731 5307 misericordis;
2766 5245 2885 5289 tute.
2918 5235 3030 5297 Hoc
3047 5242 3132 5290 est
3161 5244 3367 5303 tempus
3398 5232 3717 5303 beneplaciti
3742 5273 3763 5299 ,

2180 5329 2245 5384 lu
2274 5328 2593 5391 multitudine
2635 5325 2987 5385 misericordia:
3019 5335 3138 5378 tum.
3188 5322 3319 5379 l‘lam
3364 5324 3412 5377 si
3464 5338 3574 5378 non
3615 5330 3767 5377 esset

2179 5421 2461 5493 multitudo
2497 5418 2879 5494 misericordia:
2906 5430 3039 5487 tum,
3078 5417 3206 5489 quid,
3245 5432 3345 5482 nos
3372 5415 3668 5472 faceremus
3691 5413 3764 5470 de

2243 5624 2262 5657 ¹
2296 5622 2431 5685 Εάίῖοι
2452 5620 2606 5673 oratio
2626 5634 2758 5685 mea.
2789 5626 2848 5685 At
2884 5619 3099 5685 potiores
3127 5622 3237 5666 Mss.
3275 5615 3428 5685 juxta_
3452 5621 3603 5685 orasc.
3628 5616 3768 5685 Lxgt,

2545 5671 2671 5734 {ubi
2691 5671 3173 5744 submtclligendum,
3195 5671 3366 5739 eram;
3388 5677 3533 5727 sicuti
3554 5688 3664 5725 mox
3683 5671 3775 5722 do-

2179 5754 2261 5798 cet
2283 5754 2585 5809 Attgustintts.
2785 5803 2788 5806 ,

2248 5809 2320 5873 (a)
2343 5816 2479 5859 Enar.
2504 5808 2557 5857 in
2578 5806 2696 5858 Psal.
2717 5811 2907 5869 XXXIV,
2924 5815 3057 5856 sem
3096 5802 3146 5865 2,
3169 5816 3220 5854 ιι.
3244 5803 3293 5853 5.
