4038 6496
258 491 593 551 tuttltitudine
616 487 908 560 iniquitatis
942 485 1177 544 nostra?
1192 484 1269 539 in
1298 480 1617 537 multitudine
1639 477 1834 538 miseri-

259 570 439 643 cordia:
463 593 582 637 tute.
613 579 815 636 Exaudi
838 594 915 631 me
933 578 984 631 in
1014 575 1216 631 ueritate
1237 573 1414 631 salutis
1447 580 1566 626 tute.
1588 568 1720 636 Quia
1748 565 1834 627 di:

260 681 358 745 xit,
396 673 755 732 misericordia
796 682 925 734 tuas,
952 667 1234 738 subiunxit
1267 676 1322 722 et
1361 664 1670 723 veritatem;
1713 659 1835 729 quia

259 767 621 828 misericordia
649 774 704 823 et
731 766 927 821 veritas
968 762 1229 818 universae
1269 759 1369 813 via:
1399 755 1608 812 Domini
1643 755 1661 822 (
1690 752 1832 809 Psat.

259 875 403 925 xxiv,
438 856 569 930 10).
607 856 783 924 Quare
808 846 1569 915 rniscricordia.?--Dimittendo
1593 849 1832 915 peccata.

258 953 434 1021 Quare
474 948 714 1005 veritas?
744 944 1035 1002 Reddendo
1076 941 1360 1015 promissa.
1408 937 1613 1003 Exaudi
1658 951 1736 989 me
1781 934 1851 988 iu.

258 1042 460 1098 actitata
484 1039 661 1099 saliuis
690 1048 810 1093 tute.

328 1132 415 1187 18.
452 1117 735 1205 [υεη.’15.
758 1127 777 1201 ]
808 1127 1019 1184 Saluum
1040 1142 1116 1179 me
1136 1122 1301 1194 [accde
1323 1122 1457 1186 luto,
1478 1130 1535 1174 ut
1555 1124 1661 1185 non,
1677 1118 1836 1171 inita:-

265 1241 416 1280 ream.
452 1225 528 1279 De
560 1223 651 1277 illo
675 1221 741 1277 de
782 1235 890 1291 quo
918 1234 1079 1288 supra
1108 1217 1313 1271 dixerat
1353 1230 1367 1269 :
1411 1212 1597 1280 inlisus
1634 1225 1745 1267 sum
1785 1210 1837 1263 in

263 1316 376 1368 limo
403 1312 679 1384 profundi,
706 1320 873 1365 etnon
892 1317 963 1364 est
983 1306 1282 1361 substantia.
1311 1302 1539 1363 Proinde
1568 1300 1687 1370 quia
1711 1298 1857 1365 illud,

260 1410 559 1477 expositum
590 1405 723 1460 bene
746 1404 1051 1473 accepistis,
1082 1400 1221 1469 quod
1252 1398 1337 1454 hic
1364 1397 1588 1452 audiatis
1615 1410 1835 1464 expres.-

261 1499 617 1555 sittsnoucst.
652 1496 783 1549 Iline
824 1510 882 1548 se
921 1494 1048 1548 dicit
1089 1490 1454 1554 liberandum,
1487 1487 1572 1542 ubi
1610 1502 1670 1542 se
1713 1494 1841 1541 ante

263 1588 388 1641 dixit
407 1587 626 1641 inﬁxum
652 1603 666 1639 :
690 1584 902 1639 Salvum
920 1601 998 1638 me
1014 1587 1097 1655 fac
1117 1582 1179 1636 de
1197 1582 1324 1644 luto,
1352 1591 1404 1634 ut
1423 1597 1522 1634 non
1539 1579 1834 1633 inita-reum.

265 1678 327 1733 lit
353 1675 571 1744 exponit
605 1675 702 1728 hoc
745 1674 899 1743 ipse:
935 1671 1102 1727 Eruar
1141 1688 1204 1725 ea:
1243 1671 1306 1725 iis
1348 1670 1433 1739 qui
1483 1668 1698 1722 oderunt
1738 1683 1838 1723 me.

266 1768 362 1836 Ipsi
384 1781 517 1838 ergo
542 1774 666 1831 sunt
690 1766 855 1820 lutum
882 1764 966 1827 ubi
999 1763 1276 1829 hzrseram.
1308 1760 1416 1818 Sed
1443 1760 1539 1814 hoc
1562 1760 1694 1814 forte
1717 1773 1843 1829 sug-

264 1858 480 1926 geritur.
509 1856 671 1910 Paulo
697 1864 820 1910 ante
846 1855 1072 1920 dixerat,
1105 1851 1130 1905 1
1139 1853 1306 1922 nﬁxus
1330 1867 1477 1914 sum;
1506 1849 1664 1904 modo
1689 1849 1838 1915 dicit,

267 1947 478 2002 Saluum
499 1963 577 2000 me
599 1951 681 2018 [ne
706 1947 769 2001 de
795 1946 902 2003 luto
918 1985 936 2011 ,
963 1954 1015 1999 ut
1036 1960 1138 1999 non
1163 1944 1437 1998 inlucreant
1451 1957 1622 2009 {cum
1650 1956 1842 1996 secun-

268 2039 389 2090 dum
418 2037 733 2092 sententiam
762 2036 991 2105 priorem
1031 2032 1444 2099 deberetdicere
1471 2049 1486 2087 :
1515 2032 1725 2095 Salvum
1756 2046 1842 2088 me

267 2125 345 2180 iac
368 2124 438 2179 de
465 2125 578 2179 luto
604 2125 688 2179 ubi
725 2124 982 2189 Ita-seram
1005 2163 1019 2185 ,
1054 2122 1286 2179 eruenda
1327 2138 1445 2191 me,
1486 2138 1596 2178 non
1636 2123 1842 2193 agendo

268 2228 319 2271 nt
345 2232 453 2271 non
482 2218 787 2281 inhaeream.
821 2217 963 2287 Ergo
990 2216 1218 2273 Iusserat
1244 2231 1405 2272 carne
1424 2260 1440 2283 ,
1468 2216 1559 2273 sed
1592 2234 1695 2271 non
1728 2216 1841 2272 luc-

267 2318 409 2365 serat
444 2309 651 2379 Spiritu.
700 2310 843 2365 Dicit.
879 2309 980 2371 hoc
1023 2325 1088 2365 ex
1138 2308 1840 2377 ittﬁrmitatevmctttbrorum

267 2415 504 2456 suorum.
532 2400 752 2469 Quando
778 2400 915 2456 forte
939 2400 1146 2469 caperis
1169 2401 1236 2455 ab
1262 2415 1328 2455 eo
1350 2400 1438 2471 qui
1475 2410 1526 2456 te
1552 2401 1743 2471 premit
1773 2399 1842 2456 ad

266 2491 595 2561 iniquitatem
613 2534 630 2559 ,
664 2501 871 2551 tenetur
897 2493 1108 2562 quidem
1129 2506 1322 2562 corpus
1346 2501 1523 2556 tuum;
1550 2491 1841 2548 secundum

266 2597 457 2650 corpus
483 2581 673 2639 infixus
700 2597 760 2637 es
803 2583 858 2638 in
885 2583 1007 2641 limo
1035 2582 1277 2653 profundi
1303 2601 1315 2635 :
1342 2580 1435 2637 sed
1461 2582 1708 2652 quamdiu
1737 2598 1842 2637 non

266 2671 569 2739 censentis,
592 2687 702 2746 non
724 2672 963 2740 haesisti;
993 2673 1036 2727 si
1073 2681 1250 2731 autem
1278 2673 1582 2737 censentis,
1620 2672 1840 2728 haesisti.

266 2760 448 2814 Oratio
471 2775 598 2830 ergo
625 2769 709 2814 tua
740 2761 813 2816 ibi
837 2760 942 2828 sit,
978 2773 1029 2816 ut
1052 2749 1323 2835 quomodo
1352 2760 1462 2832 jam
1494 2770 1703 2825 tenetur
1719 2776 1841 2820 cor-

267 2867 365 2921 pus
404 2859 549 2906 tuum
571 2892 586 2917 ,
614 2867 719 2907 non
752 2860 993 2919 teneatur
1036 2862 1090 2907 et
1129 2853 1302 2910 anima
1335 2863 1420 2911 tua
1444 2892 1461 2919 ,
1510 2851 1584 2907 sis
1625 2852 1759 2908 liber
1790 2852 1846 2908 in

265 2941 510 2996 vinculis.
539 2940 709 2998 Eruar
729 2942 890 2999 cultis
911 2943 996 3013 qui
1021 2943 1234 2998 oderunt
1272 2959 1351 2998 me
1373 2984 1387 3010 ,
1418 2952 1465 2998 et
1493 2943 1556 2999 de
1591 2944 1844 3016 profundo

265 3049 532 3104 aquarum.
1144 3052 1149 3053 ί

340 3122 425 3178 19.
472 3121 1037 3199 [vers.16.]Nonme
1078 3126 1330 3197 demergat
1371 3135 1635 3198 tempestas
1676 3143 1840 3197 aqua.

267 3213 371 3269 Sed
396 3215 506 3283 jam
547 3214 823 3270 demersus
851 3229 983 3271 erat.
1043 3216 1164 3270 Veni
1201 3203 1253 3270 in
1297 3216 1613 3277 altitudinem
1655 3220 1839 3286 maris,

266 3316 319 3360 tu
349 3306 534 3360 dixisti
556 3322 571 3372 ;
595 3317 642 3360 et
668 3317 929 3379 tempestas
950 3308 1181 3363 demersit
1201 3324 1305 3375 me,
1332 3316 1383 3363 tu
1406 3307 1602 3369 dixisti.
1628 3308 1844 3369 Denter.

264 3400 332 3453 sit
358 3399 652 3454 secundum
678 3415 914 3467 carnem,
948 3416 1052 3454 non
1077 3400 1349 3470 demergat
1372 3399 1661 3457 secundum
1688 3400 1846 3470 spiri-

265 3500 397 3543 tum.
443 3490 643 3557 Quibus
680 3490 880 3545 dictum
916 3498 1029 3555 est,
1075 3491 1137 3546 Si
1172 3506 1258 3551 vos
1299 3490 1543 3560 persecuti
1578 3491 1763 3562 fuerint
1790 3491 1845 3546 in

262 3594 367 3632 una
413 3579 635 3648 civitate,
680 3579 840 3656 fugite
886 3581 939 3634 in
977 3579 1133 3640 aliam
1188 3579 1407 3650 (Matth.
1460 3596 1530 3647 x,
1568 3577 1707 3654 23);
1740 3580 1845 3637 hoc

262 3671 343 3725 eis
371 3670 572 3725 dictum
601 3679 720 3737 est,
751 3679 808 3725 ut
836 3685 934 3726 nec
971 3685 1132 3725 carne
1171 3670 1461 3735 haererent,
1491 3684 1589 3726 nec
1629 3671 1839 3745 spiritu.

262 3759 381 3815 Non
408 3761 551 3816 enim
595 3761 948 3832 appetendum
996 3772 1077 3817 est
1110 3769 1171 3817 ut
1210 3760 1511 3818 hieroamus
1534 3762 1620 3819 vel
1646 3777 1839 3831 carne;

261 3850 359 3905 sed
385 3857 642 3923 quantum
673 3866 952 3929 possumus
973 3894 988 3921 ,
1017 3851 1183 3908 vitare
1201 3851 1475 3909 debemus.
1505 3852 1561 3908 Si
1589 3868 1715 3909 vero
1735 3853 1843 3910 hsc-

261 3943 531 4011 serimus,
563 3951 617 3999 et
645 3945 698 3999 in
742 3958 931 4001 manus
976 3952 1310 4015 peccatorum
1349 3945 1690 4013 venerimus,
1730 3945 1841 4017 jam

258 4050 490 4105 corpore
533 4034 817 4101 haesimus;
866 4035 955 4090 fixi
991 4050 1175 4091 sumus
1198 4036 1250 4090 in
1279 4035 1408 4091 limo
1434 4035 1710 4108 profundi:
1753 4052 1843 4093 re.

258 4134 371 4181 stat
415 4140 512 4197 pro
537 4128 711 4182 anima
742 4127 1015 4199 deprecari
1044 4137 1100 4182 ut
1128 4143 1233 4182 non
1265 4127 1647 4194 inhaereamus,
1682 4127 1732 4183 id
1763 4138 1847 4184 est

256 4233 369 4273 non
385 4218 809 4284 consentiamus;
829 4234 931 4273 non
955 4233 1052 4275 nos
1071 4218 1345 4289 demergat
1365 4226 1650 4289 tempestas
1669 4233 1843 4290 aqum,

258 4319 323 4365 ut
344 4327 531 4366 eamus
552 4311 603 4365 iu
633 4310 950 4382 profundum
977 4311 1108 4365 limi.
1146 4309 1319 4380 Neque
1346 4309 1601 4365 absorbeat
1626 4327 1705 4371 me
1729 4327 1847 4380 pro,

257 4400 501 4473 fundum,
528 4418 686 4468 neque
704 4410 919 4456 coarctet
940 4417 1090 4472 super
1110 4417 1189 4455 me
1212 4410 1392 4471 puteus
1423 4417 1497 4468 os,
1516 4416 1680 4455 suum.
1706 4401 1845 4477 Quid

256 4503 342 4547 est
368 4492 496 4557 hoc,
522 4492 755 4549 fratres?
779 4492 904 4563 quid
929 4492 1247 4563 deprecatus
1271 4491 1390 4546 est?
1406 4490 1720 4562 Magnusest
1750 4508 1847 4563 pu-

256 4592 377 4638 teus
404 4582 735 4653 profunditas
761 4583 1048 4653 iniquitatis
1076 4582 1321 4638 humanae
1345 4600 1359 4635 :
1393 4583 1518 4638 illuc
1546 4581 1771 4655 quisque
1798 4583 1844 4639 si

253 4677 544 4741 ceciderit,
577 4676 634 4733 in
662 4678 824 4732 altum
862 4677 1036 4734 cadet.
1067 4676 1172 4733 Sed
1213 4686 1388 4734 tamen
1424 4677 1495 4732 ibi
1538 4677 1769 4748 positus,
1797 4676 1851 4733 si

253 4769 546 4824 conﬁtetur
584 4779 796 4840 peccata
829 4768 937 4825 Deo
961 4784 1090 4836 suo,
1123 4784 1230 4825 non
1268 4781 1445 4839 super-
1468 4784 1590 4825 eum
1636 4769 1848 4827 claudet

255 4874 454 4932 puteus
479 4876 542 4916 os
570 4876 720 4916 suum
749 4880 761 4914 :
795 4869 853 4916 ut
880 4871 962 4919 cst
992 4862 1043 4916 in
1073 4861 1178 4916 alio
1201 4860 1430 4932 quodam
1472 4862 1680 4931 psalmo
1707 4863 1846 4917 scri-

253 4965 408 5025 ptum
430 4996 446 5017 ,
482 4952 557 5008 De
581 4954 847 5024 profundis
870 4953 1081 5008 clamavi
1118 4953 1186 5007 ad
1205 4962 1286 5021 te,
1317 4952 1533 5008 Domine
1548 4953 1842 5020 ,‘pDomine,

250 5048 448 5104 exaudi
470 5064 635 5102 uocem
652 5065 812 5102 meam
831 5048 996 5118 (Psal.
1016 5063 1200 5115 cxxtx,
1223 5048 1273 5113 I,
1292 5047 1373 5117 2).
1391 5046 1444 5113 Si
1458 5054 1634 5101 autem
1651 5045 1847 5101 factum

268 5144 323 5195 in
346 5142 438 5196 illo
457 5140 613 5195 fuerit
634 5139 772 5210 quod
790 5140 889 5193 alia
905 5140 1162 5195 sententia
1172 5138 1457 5209 Scriptura:
1468 5137 1616 5203 dicit,
1656 5135 1849 5193 Pecca-

251 5242 360 5297 tor,
376 5247 495 5285 cum
510 5233 692 5285 uerterit
707 5232 759 5284 in
775 5230 1081 5301 profundum
1100 5229 1364 5297 malorum,
1378 5239 1654 5285 contemnet
1666 5228 1849 5301 (Prov.

251 5340 391 5378 xvut
417 5364 433 5388 ,
460 5323 496 5378 5
520 5324 537 5388 )
561 5338 576 5388 ;
616 5322 808 5377 clausit
833 5338 994 5392 super
1019 5338 1139 5376 eum
1173 5332 1359 5392 puteus
1382 5337 1446 5376 os
1480 5320 1849 5387 suum.Quare

250 5416 454 5471 clausit
481 5429 543 5469 os
570 5414 765 5469 suum?
789 5414 922 5481 Quia
951 5414 1140 5469 clausit
1166 5428 1230 5469 os
1252 5413 1413 5469 illius.
1446 5412 1683 5475 Perdidit
1706 5412 1848 5467 enim

250 5507 684 5574 confessionem;
717 5522 844 5562 vere
874 5515 1115 5561 mortuus
1142 5514 1257 5572 est,
1289 5505 1671 5575 impletumqne
1703 5505 1752 5564 in
1783 5520 1849 5559 eo

251 5611 342 5653 cst
371 5597 516 5671 quod
540 5598 660 5654 alibi
690 5597 886 5654 dicitur
907 5615 921 5652 :
944 5595 989 5651 A
1018 5590 1254 5664 mortuo,
1303 5594 1434 5650 velut
1482 5595 1570 5666 qui
1604 5611 1706 5650 non
1747 5595 1846 5663 sit,

252 5694 390 5763 perit
434 5691 684 5761 confessio
721 5690 925 5759 (Eccli.
956 5706 1102 5753 xvu,
1146 5688 1217 5744 26
1235 5688 1274 5759 ).
1304 5685 1582 5742 Metueuda
1623 5686 1723 5741 ista
1763 5700 1853 5743 res

261 5786 648 5853 vehementer,
682 5782 891 5839 fratres.
921 5782 978 5840 Si
1017 5781 1211 5837 videris
1237 5778 1503 5835 hominem
1528 5776 1719 5835 fecisse
1745 5777 1847 5835 ini-

1274 363 1674 431 F.N,\RRATIO
1707 360 1770 418 IN
1808 355 2126 417 I‘S.\LMUM
2165 358 2394 417 LXVIII.

3407 363 3515 423 858

1945 480 2231 544 quitatem,
2276 486 2485 529 mersus
2512 478 2593 528 est
2620 477 2672 528 tn
2704 482 2916 543 puteum
2941 492 2954 529 :
2985 474 3205 546 quando
3224 478 3404 539 autem
3441 476 3520 535 illi

1940 562 2137 625 dixeris
2162 563 2492 633 iniquitatem
2520 562 2713 634 huius,
2744 573 2800 621 et
2823 565 3054 633 dixerit,
3091 566 3224 623 Vere
3260 566 3475 638 peccaui
3497 608 3532 634 ,,

1939 652 2146 720 fateor;
2175 668 2280 708 non
2315 668 2477 723 super
2500 666 2621 709 eum
2658 654 2847 709 clausit
2874 664 3064 725 puteus
3087 671 3148 712 os
3172 673 3325 723 suum
3350 675 3363 712 :
3391 671 3527 714 cum

1940 751 2118 798 autem
2141 743 2336 801 videris
2378 758 2500 799 eum
2540 743 2715 799 dicere
2734 785 2750 809 ,
2792 743 2929 811 Quid
2954 747 3094 800 enim
3124 748 3248 803 mali
3275 746 3409 803 feci?
3439 747 3520 803 fa-

1940 843 2057 891 ctus
2087 843 2170 891 est
2195 834 2446 897 defensor
2472 836 2674 905 peccati
2702 836 2817 900 sui;
2862 836 3051 892 clausit
3075 852 3235 908 super
3261 853 3386 894 eum
3411 853 3516 910 pu-

1944 935 2060 981 teus
2095 940 2157 981 os
2183 940 2370 988 suum,
2413 941 2514 996 qua
2544 934 2760 987 eruatur
2782 943 2887 981 non
2918 926 3095 983 habet.
3132 929 3341 983 Amissa
3383 945 3518 983 con-

1941 1013 2209 1084 fessione,
2254 1031 2360 1073 non
2403 1017 2507 1075 erit
2543 1017 2693 1079 locus
2736 1017 3137 1081 misericordizn.
3162 1019 3242 1075 'l'u
3269 1022 3438 1075 factus
3461 1037 3520 1076 cs

1942 1107 2144 1174 peccati
2174 1106 2250 1161 tui
2276 1105 2564 1168 defensor;
2606 1108 2875 1179 quomodo
2912 1110 3013 1165 erit
3044 1110 3183 1166 Deus
3226 1110 3517 1169 liberatori

1944 1194 2013 1256 Ut
2040 1210 2168 1269 erm
2194 1198 2264 1256 sit
2288 1198 2376 1264 ille
2399 1197 2682 1267 liberator,
2704 1208 2773 1263 tu
2796 1209 3238 1267 estoaccusator.

2601 1396 2772 1443 εεωιο
2801 1398 2862 1437 ιι.

2228 1532 2301 1588 De
2315 1534 2585 1605 posteriore
2611 1544 2754 1606 parte
2767 1535 2989 1607 ejusdem
3021 1534 3233 1590 Psalmi.

2019 1690 2066 1744 I.
2108 1688 2268 1761 [rem
2303 1689 2390 1756 i6,
2422 1688 2546 1762 17.]
2586 1690 2857 1744 Posterior
2899 1706 3018 1759 pars
3063 1691 3251 1763 psalmi
3301 1691 3371 1748 de
3412 1707 3523 1765 quo

1944 1781 2194 1837 hesterno
2236 1781 2322 1837 die
2360 1783 2519 1837 locuti
2558 1796 2740 1838 sumus
2779 1783 3033 1838 Chai-itati
3082 1783 3282 1839 Vestra:
3310 1827 3325 1852 ,
3370 1785 3527 1842 hodie

1944 1873 2097 1928 nobis
2135 1874 2443 1943 eXplieanda
2479 1882 2828 1929 remanserat.
2872 1874 2939 1929 Et
2975 1875 3130 1931 video
3157 1890 3277 1933 esse
3314 1884 3527 1946 tempus

1944 1966 2200 2022 reddendi
2249 1966 2451 2034 debiti,
2482 1968 2525 2022 si
2572 1974 2749 2022 tamen
2794 1968 2912 2036 ejus
2959 1966 3232 2037 proliritas
3274 1981 3380 2023 non
3428 1981 3528 2023 nos

1944 2059 2103 2115 etiam
2137 2058 2293 2114 hodie
2331 2059 2601 2115 debitores
2628 2059 2924 2129 reliquerit.
2974 2059 3151 2131 Itaque
3187 2059 3288 2114 hoc
3329 2058 3522 2129 praelo-

1944 2163 2112 2218 quor,
2144 2157 2197 2204 et
2225 2157 2347 2219 peto
2377 2165 2444 2205 ne
2482 2149 2792 2205 diuturnum
2838 2161 3135 2205 sernzenem
3184 2149 3236 2204 in
3277 2148 3361 2206 his
3402 2163 3524 2220 quas

1944 2239 2222 2298 manifesta
2251 2249 2376 2296 sunt
2394 2242 2739 2311 exspectetis.
2769 2231 2844 2296 Ita
2872 2240 3026 2296 cuine
3052 2256 3322 2313 possumus
3345 2241 3399 2297 in
3426 2230 3539 2297 ob;

1946 2333 2273 2390 scurioribus
2298 2336 2611 2391 necessitate
2636 2334 2928 2398 immorari,
2948 2346 3003 2390 ct
3033 2334 3251 2388 fortasse
3279 2333 3531 2404 supplere

1945 2425 2088 2496 quod
2117 2425 2374 2481 debemus
2396 2468 2414 2493 ,
2444 2434 2503 2480 ut
2542 2427 2661 2481 aliis
2688 2426 2878 2483 diebus
2903 2427 3004 2482 alia
3039 2425 3324 2481 debeamus
3346 2465 3360 2490 ,
3403 2424 3534 2480 alias

1946 2532 2051 2588 que
2078 2516 2382 2573 reddamus.
2418 2517 2704 2573 Videamus
2730 2531 2859 2588 ergo
2882 2531 3003 2587 qua:
3031 2526 3344 2586 sequuntur.
3373 2515 3530 2572 Post—

1946 2623 2170 2678 eaquam
2225 2608 2419 2675 dixit,,
2446 2608 2624 2677 Neque
2670 2616 2887 2670 coarctet
2932 2624 3085 2679 super
3131 2624 3210 2662 me
3255 2616 3436 2677 puteus
3477 2623 3535 2663 os

1946 2713 2131 2765 suum;
2156 2697 2298 2769 quod
2335 2696 2590 2757 hesterno
2632 2696 2719 2752 die
2762 2696 3253 2752 commendavimus
3274 2696 3533 2752 Charitati

1948 2786 2187 2855 Vestra,
2220 2789 2445 2847 ut'omni
2469 2788 2630 2847 animi
2658 2786 2952 2843 intentione
2979 2796 3034 2843 et
3059 2787 3161 2843 fide
3189 2787 3402 2857 pietatis
3439 2802 3534 2842 ea-

1949 2891 2276 2934 vcamusne
2305 2879 2407 2937 Iroc
2441 2878 2776 2935 maledictum
2805 2877 3144 2948 superveniat
3182 2878 3357 2934 nobis.
3384 2876 3535 2934 Tunc

1947 2971 2089 3026 enim
2111 2979 2346 3027 coarctat
2370 2978 2559 3040 puteus
2583 2984 2745 3039 super
2771 2970 3038 3025 hominem
3069 2983 3132 3024 os
3160 2984 3335 3036 suum,
3370 2969 3419 3024 id
3447 2976 3532 3025 est

1948 3059 2299 3132 profunditas,
2318 3060 2639 3133 iniquitatis,
2671 3059 2881 3132 quando
2911 3074 3014 3115 non
3042 3060 3215 3115 solum
3245 3076 3450 3115 mersus
3478 3062 3531 3115 in

1947 3152 2178 3222 peccatis
2214 3151 2352 3222 jacet
2378 3193 2394 3218 ,
2424 3150 2518 3207 sed
2547 3150 2705 3206 etiam
2739 3149 2911 3221 perdit
2938 3149 3137 3205 aditum
3165 3149 3533 3205 confessionis.

1946 3241 2170 3309 Quando
2211 3248 2386 3297 autem
2424 3240 2552 3297 dicit
2595 3239 2756 3295 homo
2779 3282 2794 3306 ,
2835 3239 3090 3296 Peccator
3120 3256 3273 3307 sum;
3304 3241 3539 3296 radiatur

1946 3335 2127 3405 aliquo
2152 3334 2354 3390 lumine
2382 3333 2540 3389 etiam
2569 3332 2900 3402 profunditas
2930 3333 3092 3403 putei.
3113 3332 3367 3402 Sequitur
3383 3346 3543 3403 ergo,

1947 3426 2086 3481 inter
2108 3410 2712 3497 passiones-exclamans
2736 3422 2988 3477 Dominus
3011 3430 3195 3477 noster
3212 3421 3367 3476 Jesus
3385 3420 3539 3477 Chri-

1945 3524 2088 3580 stus,
2120 3523 2277 3585 caput
2302 3521 2356 3570 et
2374 3528 2600 3585 corpus;
2631 3514 2769 3569 sicut
2791 3512 3314 3580 commendavimus,
3341 3521 3401 3567 ut
3423 3514 3541 3582 qui4

1947 3605 2167 3661 busdam
2184 3605 2537 3674 locis,capitis
2562 3604 2719 3660 verba
2744 3603 3077 3674 cognoscatis
3095 3618 3242 3674 ;quze
3266 3611 3441 3659 autem
3457 3602 3539 3660 di-

1945 3708 2031 3752 cta
2062 3696 2254 3752 fuerint
2278 3696 2348 3750 ita
2377 3705 2433 3749 ut
2455 3695 2614 3766 capiti
2630 3697 2923 3759 convenire
2952 3709 3059 3750 non
3084 3694 3308 3764 possint,
3339 3693 3405 3749 ad
3419 3708 3539 3750 cor-

1946 3803 2046 3861 pus
2073 3786 2445 3854 referatis.,Sic
2459 3788 2598 3847 enim
2611 3787 3359 3859 loquiturﬂhristustanquam
3377 3801 3536 3854 unus;

1946 3880 2073 3951 quia
2088 3888 2142 3936 et
2165 3893 2289 3936 vere
2308 3893 2444 3938 unus
2456 3877 2525 3934 de
2539 3892 2648 3948 quo
2661 3877 2863 3934 dictum
2883 3885 2965 3933 est
2987 3894 3001 3932 :
3029 3875 3190 3932 Erunt
3207 3877 3309 3934 duo
3323 3876 3374 3931 in
3389 3893 3543 3932 carus

1945 3988 2050 4028 una
2078 3970 2291 4043 tEplm.
2321 3987 2374 4038 v,
2393 3968 2507 4043 51).
2541 3969 2598 4026 Si
2613 3970 2755 4035 enim
2784 3970 2838 4026 in
2864 3983 3026 4027 carne
3051 3984 3175 4036 una,
3193 3969 3317 4039 quid
3331 3970 3543 4025 miraris

1945 4064 2071 4136 quia
2096 4072 2149 4121 et
2175 4063 2230 4119 in
2255 4077 2386 4119 voce
2413 4063 2561 4121 una?
2583 4062 2835 4133 Sequitur
2865 4076 2994 4134 ergo
3010 4102 3027 4130 ,
3063 4061 3263 4117 Exaudi
3287 4078 3397 4129 me,
3427 4060 3544 4116 Do.

1946 4158 2082 4212 utine
2103 4198 2120 4224 ,
2159 4155 2400 4227 quoniam
2435 4154 2602 4209 suavis
2629 4163 2702 4209 est
2730 4154 3072 4213 misericordia
3097 4163 3204 4208 tua.
3232 4152 3381 4209 Hanc
3409 4168 3545 4209 cau-

1947 4262 2061 4304 sam
2100 4247 2351 4309 asseruit.
2371 4259 2539 4316 quare
2578 4243 2773 4300 debeat
2813 4243 3081 4315 exaudiri,
3108 4244 3230 4314 quia
3257 4244 3433 4297 suavis
3460 4251 3544 4298 est

1947 4338 2308 4395 misericordia
2353 4337 2470 4395 Dei.
2509 4336 2697 4392 Nonne
2732 4337 2902 4407 magis
2939 4336 3041 4390 hoc
3067 4343 3183 4391 erat
3209 4348 3544 4404 consequens

1947 4440 2007 4486 ut
2029 4430 2252 4498 diceret,
2277 4429 2480 4485 Exaudi
2500 4444 2607 4495 me,
2634 4428 2886 4493 Domine,
2917 4435 2974 4482 ut
2997 4427 3175 4481 suavis
3199 4425 3328 4480 mihi
3352 4425 3423 4479 sit
3442 4426 3545 4481 mis

1947 4523 2234 4580 sericordia
2272 4521 2405 4578 tua?
2446 4520 2621 4590 Quare
2667 4534 2795 4590 ergo
2818 4561 2833 4587 ,
2880 4518 3087 4573 Exaudi
3128 4534 3238 4585 me,
3283 4516 3538 4585 Domine,

1946 4616 2182 4687 quoniam
2207 4614 2373 4671 suavis
2400 4623 2472 4669 est
2502 4612 2844 4669 misericordia
2871 4611 3003 4668 tua!
3026 4610 3349 4685 Suavitatem
3377 4609 3543 4667 mise-

1947 4706 2194 4765 ricordia:
2246 4706 2453 4761 Domini
2503 4705 2573 4761 de
2620 4704 2959 4760 tribulatione
3008 4718 3101 4758 sua
3150 4700 3546 4759 commendavit

1948 4800 2066 4855 aliis
2105 4796 2497 4870 quodammodo
2531 4796 2740 4862 verbis,
2785 4809 2907 4851 cum
2953 4793 3085 4849 dixit
3130 4810 3146 4849 :
3188 4792 3394 4847 Exaudi
3423 4807 3547 4860 me,

1948 4889 2201 4956 Domine,
2250 4889 2490 4960 quoniam
2532 4886 2761 4945 tribulor.
2810 4887 3011 4942 Revera
3057 4886 3198 4941 enim
3244 4886 3334 4957 qui
3374 4884 3502 4941 dicit
3532 4924 3551 4952 ,

1949 4980 2156 5037 Exaudi
2191 4997 2272 5035 me
2294 5021 2308 5044 ,
2348 4978 2597 5045 Domine,
2627 4978 2863 5049 quoniam
2894 4976 3107 5033 tribulor
3128 5020 3142 5043 ,
3175 4988 3388 5033 causam
3416 4975 3546 5033 dicit

1949 5087 2112 5144 quare
2148 5085 2210 5126 se
2241 5069 2479 5126 exaudiri
2515 5079 2666 5139 roget
2706 5066 2838 5123 :sed
2870 5066 3070 5123 homini
3115 5069 3167 5123 in
3193 5065 3545 5123 tribulatione

1950 5162 2127 5233 posito
2145 5202 2160 5228 ,
2191 5173 2412 5214 necesse
2442 5166 2525 5214 est
2554 5168 2610 5212 ut
2638 5156 2815 5213 suavis
2844 5158 2916 5213 sit
2939 5157 3300 5215 misericordia
3327 5155 3438 5210 Dei.
3469 5157 3547 5212 De

1952 5253 2051 5308 hac
2092 5253 2352 5309 suavitate
2381 5250 2762 5308 misericordiae
2801 5250 2897 5307 Dei
2931 5249 3109 5308 videte
3131 5249 3258 5322 quid
3286 5248 3391 5303 alio
3417 5248 3539 5304 loco

1950 5343 2217 5414 Scriptura
2264 5343 2408 5407 dicat
2439 5361 2452 5398 :
2483 5342 2632 5406 Sicut
2665 5343 2837 5415 pluvia
2862 5345 2915 5399 in
2942 5345 3199 5411 siccitate,
3223 5345 3295 5397 ita
3318 5342 3547 5414 speciosa

1952 5444 2023 5489 est
2063 5432 2403 5488 misericordia
2444 5432 2542 5487 Dei
2580 5434 2632 5488 in
2660 5434 2983 5489 tribulatione
3006 5433 3191 5507 (Eccli.
3219 5449 3360 5489 xxxv
3383 5475 3399 5500 ,
3429 5432 3544 5505 26).

1951 5523 2103 5593 Quod
2140 5523 2211 5578 ibi
2240 5523 2353 5590 ait,
2380 5523 2644 5593 speciosa;
2676 5525 2775 5579 hoc
2799 5526 2873 5579 ait
2898 5524 3012 5592 hic,
3040 5524 3226 5578 suavis.
3262 5523 3367 5580 Nec
3396 5523 3551 5593 panis

1952 5614 2125 5672 dulcis
2170 5621 2349 5681 esset,
2389 5613 2492 5668 nisi
2517 5611 2685 5669 fames
2711 5612 3056 5683 praecederet.
3084 5612 3228 5684 Ergo
3256 5621 3310 5670 et
3337 5612 3550 5685 quando

1954 5705 2209 5764 Dominus
2249 5702 2502 5772 permittit
2542 5714 2632 5758 aut
2676 5703 2797 5757 facit
2834 5712 2889 5757 ut
2925 5702 2977 5757 in
3007 5702 3345 5759 tribulatione
3372 5702 3549 5774 aliqua
3622 5739 3629 5749 ο

1957 5798 2153 5862 simus,
2193 5793 2353 5850 etiam
2384 5801 2511 5851 tunc
2539 5793 2844 5863 misericors
2869 5801 2987 5863 est;
3017 5807 3122 5850 non
3153 5794 3295 5857 enim
3320 5792 3548 5850 alimen~
