4076 6462
445 2345 452 2352 ,
520 2289 629 2344 ctio
659 2305 797 2354 mea,
831 2299 1084 2360 sequatur
1109 2291 1473 2348 misericordia
1505 2301 1613 2350 tua.

532 468 643 513 tum
673 455 974 522 subtrahit,
1006 456 1101 513 sed
1120 455 1446 513 desiderium
1471 465 1667 513 movet.
1692 456 1873 529 itaque
1899 458 2024 530 quid
2045 459 2121 513 ait

531 552 692 607 modo
722 568 734 606 :
766 550 973 606 Exaudi
1000 567 1095 615 me,
1120 549 1358 614 Domine,
1381 551 1616 618 quoniam
1641 550 1806 605 suavis
1834 560 1904 604 est
1923 550 2121 603 miseri-

529 645 703 698 cordia
744 653 830 698 tua
855 645 881 698 ?
917 643 1033 700 Jam
1070 643 1174 698 noli
1203 642 1415 699 differre
1441 642 1866 705 exauditionem;
1896 643 1946 696 in
1975 649 2120 696 tanta

531 737 872 794 tribulatione
903 753 1018 794 sum
1040 780 1056 804 ,
1089 747 1146 795 ut
1168 739 1345 792 suavis
1375 737 1500 792 mihi
1528 737 1594 792 sit
1621 736 1977 793 misericordia
2009 747 2116 792 tua.

529 829 610 883 Ad
639 828 741 884 hoc
770 844 897 899 ergo
918 829 1198 884 subvenire
1224 827 1508 883 diiTerebas
1530 869 1544 893 ,
1575 837 1633 882 ut
1659 827 1785 882 mihi
1807 827 1959 883 dulce
1978 837 2121 883 esset

529 920 667 988 quod
691 921 1042 975 subveniebas
1075 937 1088 973 :
1113 921 1221 988 jam
1249 935 1376 989 ergo
1400 919 1535 988 ultra
1563 935 1667 974 non
1693 930 1773 975 est
1797 920 1937 989 quod
1962 919 2119 975 dilic-

528 1024 648 1076 ras;
681 1012 921 1080 pervenit
947 1011 1215 1065 tribulatio
1241 1026 1354 1065 mea
1385 1010 1450 1065 ad
1479 1026 1778 1066 mensuram
1806 1020 2002 1066 certam
2025 1026 2116 1065 ca-

530 1099 819 1170 lamitatis,
859 1101 1035 1156 veniat
1077 1101 1437 1156 misericordia
1464 1111 1550 1157 tua
1571 1101 1636 1156 ad
1666 1102 1960 1158 faciendum
1983 1117 2117 1172 Opus

525 1191 796 1246 bonitatis.
823 1191 1030 1246 Exaudi
1052 1208 1130 1245 me
1149 1234 1163 1259 ,
1193 1190 1439 1259 Domine,
1467 1194 1700 1263 quoniam
1725 1193 1891 1247 suavis
1917 1202 1989 1246 est
2018 1193 2116 1246 mi-

523 1284 799 1340 sericordia
846 1294 952 1338 tua.
993 1283 1286 1339 Secundum
1329 1284 1700 1338 multitudinem
1742 1285 2117 1339 miserationum

525 1386 726 1431 tuarum
766 1379 954 1447 respice
997 1379 1049 1431 in
1093 1393 1172 1432 me
1208 1393 1228 1438 ἔ
1265 1391 1370 1434 non
1411 1377 1698 1443 secundum
1725 1377 2114 1434 multitudinem

524 1479 863 1538 peccatorum
891 1483 1151 1526 meorum.

593 1559 646 1615 Ω.
671 1557 820 1632 [rem
853 1559 964 1633 18.]
1004 1561 1086 1615 Ne
1126 1568 1319 1615 avertas
1353 1560 1536 1633 faciem
1578 1569 1716 1615 tuam
1750 1577 1781 1614 a
1814 1577 1970 1631 puero
2004 1569 2110 1614 tuo.

526 1650 592 1706 Et
623 1651 740 1708 hinc
766 1652 1080 1708 humilitatis
1101 1655 1118 1686 ¹
1147 1653 1539 1711 commendatio
1561 1661 1662 1720 est,
1691 1670 1724 1706 a
1743 1670 1898 1722 puero
1927 1662 2030 1712 tuo.
2061 1652 2112 1706 id

523 1754 606 1797 est
631 1758 658 1796 a
687 1759 886 1814 parvo;
917 1745 1037 1814 quia
1061 1743 1172 1814 jam
1195 1744 1344 1800 carui
1380 1743 1626 1813 superbia
1654 1759 1750 1814 per
1779 1743 2111 1813 disciplinam

524 1834 883 1891 tribulationis
933 1853 950 1892 :
999 1835 1083 1890 Ne
1109 1844 1304 1894 avertas
1342 1835 1526 1906 faciem
1563 1845 1701 1888 tuam
1740 1851 1773 1888 a
1811 1850 1964 1904 puero
2002 1845 2108 1888 tuo.

524 1924 654 1980 llmc
696 1935 780 1982 est
813 1925 906 1985 illa
943 1926 1182 1996 speciosa
1223 1925 1588 1984 misericordia
1625 1925 1721 1981 Dei
1753 1941 1914 1996 quam
1949 1939 2111 1995 supra

522 2013 677 2070 dixit.
724 2015 855 2072 Nam
885 2017 1128 2088 sequenti
1155 2031 1314 2072 versu
1349 2017 1565 2087 ειροιιίι
1591 2015 1730 2086 quod
1756 2016 1888 2071 dixit
1921 2035 1936 2072 :
1971 2016 2112 2082 Quo-

521 2107 659 2164 niam
686 2108 918 2177 tribulor,
949 2110 1182 2165 velociter
1200 2110 1388 2164 exaudi
1413 2126 1512 2165 me.
1543 2109 1680 2176 Quid
1708 2117 1810 2173 est,
1837 2109 2069 2167 velociter
2085 2109 2114 2169 2

521 2195 639 2252 lam
668 2213 773 2253 non
799 2206 882 2254 est
916 2198 1058 2268 quod
1085 2199 1298 2256 differas
1327 2217 1340 2254 :
1369 2200 1625 2265 tribulor;
1669 2200 1941 2271 prmcessit
1966 2199 2107 2262 ami-

595 2379 649 2434 5.
682 2377 834 2451 [item
865 2379 980 2451 19.]
1005 2379 1223 2436 Intende
1263 2383 1447 2436 animle
1481 2397 1622 2448 mea,
1655 2391 1699 2436 et
1745 2383 1937 2439 redime
1972 2399 2114 2438 eam.

519 2469 639 2527 Non
666 2471 864 2542 indiget
891 2474 1258 2542 expositione:
1285 2475 1560 2530 videamus
1585 2491 1712 2546 ergo
1749 2477 1890 2544 quod
1925 2478 2104 2546 εοῳιίτ

520 2572 629 2617 tur.
669 2561 888 2634 Propter
933 2563 1162 2620 inimicos
1205 2581 1342 2623 meos
1377 2582 1494 2620 erue
1535 2582 1631 2619 me.
1666 2566 1789 2622 Haec
1820 2568 1975 2637 plane
2002 2568 2104 2622 mi-

518 2653 684 2708 randa
716 2654 902 2724 petitio
923 2662 1025 2717 est,
1045 2669 1144 2712 nec
1163 2654 1395 2710 breviter
1420 2655 1841 2726 perstringenda,
1865 2672 1965 2712 nec
1984 2671 2106 2712 cure

517 2744 620 2800 sim
653 2744 1038 2812 transilienda;
1064 2760 1282 2816 prorsus
1314 2746 1552 2802 miranda
1581 2764 1594 2800 :
1627 2746 1850 2819 Propter
1873 2749 2104 2804 inimicos

517 2851 655 2890 meos
693 2851 810 2889 erue
851 2852 951 2890 me.
992 2834 1130 2902 Quid
1173 2846 1275 2900 est,
1325 2835 1543 2909 Propter
1569 2839 1796 2894 inimicos
1823 2856 1958 2897 meos
1983 2856 2104 2896 erue

516 2925 639 2988 me?
665 2925 735 2984 Ut
761 2925 1176 2995 confundantur,
1203 2935 1262 2982 ut
1289 2929 1594 2983 crucientur
1619 2929 1932 2985 liberatione
1958 2945 2108 2986 mea.

516 3016 653 3084 Quid
678 3032 842 3088 ergo,
884 3019 927 3073 si
951 3033 1056 3074 non
1091 3025 1272 3075 essent
1298 3018 1370 3072 illi
1398 3019 1486 3088 qui
1517 3018 1829 3075 liberatione
1859 3035 1975 3076 mea
2014 3035 2102 3075 es-

515 3119 639 3163 sent
664 3109 957 3176 cruciandi,
1007 3109 1136 3165 mihi
1173 3108 1442 3165 subveniri
1479 3124 1585 3164 non
1618 3107 1840 3166 debuit?
1875 3119 1930 3168 et
1971 3119 2100 3168 tunc

517 3199 613 3259 tibi
639 3199 983 3270 acceptabilis
1009 3208 1092 3256 est
1123 3199 1388 3265 liberatio,
1415 3215 1536 3255 cum
1567 3199 1728 3256 fuerit
1752 3201 1970 3257 alterius
2000 3202 2099 3258 da-

517 3289 758 3345 mnatio?
789 3290 929 3346 Ecce
957 3305 1064 3346 non
1085 3299 1211 3346 sunt
1234 3290 1453 3358 inimici,
1473 3291 1564 3362 qui
1579 3291 1662 3347 vel
1685 3290 2098 3360 confundantur,

515 3382 600 3437 vel
629 3390 978 3452 torqueantur
1015 3381 1084 3441 de
1111 3381 1426 3439 liberatione
1475 3390 1564 3438 tua
1595 3399 1608 3437 :
1642 3382 1721 3438 sic
1757 3383 2100 3442 remanebis?

514 3489 620 3532 non
654 3473 1000 3537 liberaberis?
1029 3475 1112 3530 An
1152 3472 1222 3529 ad
1260 3472 1364 3530 hoc
1397 3481 1457 3530 ut
1491 3473 1665 3537 valeat
1704 3475 1932 3532 inimicis
1972 3476 2098 3545 tuis,

517 3581 627 3636 quo
655 3566 863 3636 possint
901 3574 957 3622 et
999 3565 1104 3637 ipsi
1140 3573 1232 3622 tua
1257 3565 1578 3623 liberatione
1604 3565 1883 3623 converti?
1909 3565 2016 3624 Sed
2045 3575 2102 3626 et

514 3657 618 3714 hoc
639 3659 830 3715 mirum
860 3667 964 3727 est,
992 3658 1037 3714 si
1078 3657 1270 3714 habeat
1305 3658 1536 3729 aliquam
1565 3658 1834 3729 petitionis
1858 3673 2096 3722 causam.

513 3748 781 3820 Numquid
808 3749 952 3805 enim
973 3748 1039 3804 ad
1067 3748 1169 3804 hoc
1197 3749 1452 3804 liberatur
1476 3764 1674 3806 servus
1692 3748 1784 3824 Dei
1812 3764 1842 3809 a
1870 3749 2100 3809 Domino

515 3840 628 3896 Deo
657 3855 778 3907 suo,
792 3849 852 3895 ut
876 3840 964 3895 alii
997 3839 1484 3910 proﬁciant?Quid,
1502 3839 1547 3895 si
1577 3839 1828 3898 deessent
1853 3842 1944 3912 qui
1979 3858 2105 3913 pro:

513 3933 758 3996 ficerent,
788 3931 874 3986 ille
897 3945 1083 3985 servus
1121 3930 1216 3988 Dei
1258 3945 1366 3986 non
1404 3939 1519 3987 erat
1565 3931 1912 3989 liberandus?
1948 3935 2098 4002 Quo:

513 4037 744 4092 cumque
769 4035 901 4092 ergo
917 4034 1002 4081 me
1028 4029 1360 4090 convertam,
1386 4020 1499 4077 sive
1522 4021 1588 4078 ad
1611 4023 1962 4092 punitionem,
1987 4025 2106 4084 sive

512 4113 581 4170 ad
610 4113 977 4169 liberationem
1014 4111 1372 4179 inimicorum,
1401 4129 1512 4176 non
1544 4113 1701 4171 video
1722 4130 1937 4172 causam
1963 4118 2098 4187 peti-

512 4205 676 4261 tionis
700 4203 878 4274 hujus,
910 4201 1132 4274 Propter
1154 4203 1388 4262 inimicos
1409 4221 1547 4261 meos
1581 4222 1698 4264 erue
1735 4223 1814 4262 me
1835 4223 1854 4262 :
1877 4209 1976 4263 nisi
2000 4209 2101 4265 ali-.

513 4294 640 4367 quid
681 4293 1059 4365 intelligamus,
1093 4293 1236 4364 quod
1279 4309 1400 4351 cum
1443 4294 1630 4350 dixem
1673 4296 1956 4366 adjuvante
1988 4299 2098 4361 Do-

512 4387 682 4452 mino,
728 4385 989 4456 judicabit
1035 4385 1088 4443 in
1129 4384 1280 4441 vobis
1325 4385 1415 4456 qui
1446 4385 1649 4441 habitat
1697 4387 1751 4441 in
1804 4389 1973 4446 vobis.
2006 4389 2100 4450 Est

511 4477 756 4550 quaedam
795 4476 1037 4533 liberalia
1075 4486 1383 4540 sanctorum
1427 4478 1633 4542 occulta
1671 4495 1684 4532 :
1733 4477 1846 4534 haec
1879 4487 2099 4550 prepter

511 4569 659 4640 ipsos
699 4569 758 4624 lit
791 4569 836 4624 ³.
882 4569 975 4624 Est
1016 4566 1258 4638 quaedam
1298 4567 1506 4638 publica
1533 4578 1588 4624 et
1617 4569 1896 4631 manifesta
1933 4587 1949 4626 :
1981 4571 2102 4630 haec

510 4671 729 4732 propter
768 4661 1013 4722 inimicos
1039 4675 1223 4719 eorum
1256 4661 1346 4727 iit;
1386 4662 1500 4718 sive
1529 4663 1844 4732 puniendos,
1881 4665 1994 4721 sive
2032 4666 2097 4720 li-

511 4753 798 4814 berandus.
826 4753 957 4808 Nam
986 4751 1171 4824 utique
1209 4752 1347 4810 Deus
1386 4753 1454 4806 de
1489 4753 1698 4823 ignibus
1739 4756 2095 4823 persecutoris

511 4860 621 4901 non
667 4843 909 4899 liberavit
949 4841 1144 4907 fratres
1185 4839 1540 4910 Machabaeos,
1577 4843 1770 4910 quibus
1798 4843 2099 4906 Antiochus

507 4934 743 4990 saeviens
770 4933 928 4989 etiam
961 4943 1182 4999 matrem
1225 4931 1486 4996 adhibuit,
1535 4931 1688 4999 cujus
1717 4931 1986 4990 blanditiis
2028 4936 2096 4992 ad

509 5039 751 5081 anwrem
775 5024 900 5080 vita:
941 5031 1396 5088 converterentur,
1441 5030 1496 5076 et
1524 5022 1754 5082 amando
1781 5025 1962 5081 vivere
1994 5026 2096 5082 ho-

510 5117 763 5181 minibus,
803 5117 914 5172 Deo
951 5122 1305 5170 morerentur.
1347 5113 1418 5168 At
1456 5113 1545 5168 illa
1595 5124 1785 5182 mater,
1829 5116 1942 5186 jam
1989 5135 2098 5178 non

511 5210 659 5274 livte,
708 5208 803 5266 sed
847 5207 1002 5264 matri
1034 5205 1285 5261 Ecclesia:
1331 5205 1541 5272 similis,
1585 5221 1720 5276 quos
1751 5222 1872 5262 eum
1910 5208 2098 5267 dolore

511 5307 792 5371 pepererat
817 5307 874 5352 ut
905 5297 1052 5352 vivos
1079 5306 1413 5367 agnosceret,
1441 5312 1562 5352 cum
1587 5297 1782 5369 gaudio
1818 5300 1950 5362 vidit
1977 5317 2096 5356 mo-

511 5393 742 5460 rientes;
773 5399 829 5446 et
869 5389 937 5445 ad
984 5388 1089 5444 hoc
1131 5389 1343 5446 hortata
1386 5399 1468 5446 est
1513 5398 1573 5445 ut
1617 5390 1876 5462 eligerent
1918 5393 2100 5464 potius

575 5553 590 5583 ι
629 5556 748 5609 vox,
773 5546 1071 5607 humilitatis,
1096 5545 1237 5596 abest
1258 5557 1286 5594 a
1311 5553 1417 5595 Mss.

570 5613 592 5644 ²
625 5605 859 5660 ηοοἸοοο
882 5610 990 5657 add.
1020 5605 1145 5658 inter
1212 5610 1393 5656 uebant
1417 5620 1429 5655 :
1502 5605 1580 5654 rod
1607 5613 1734 5657 Deus
1754 5615 1941 5659 sanctos
1962 5622 2089 5673 suos,

570 5672 744 5718 'osdtmt
771 5671 972 5718 occulte.
1003 5621 1234 5718 auostldln
1276 5681 1385 5718 vero
1421 5618 1590 5718 lizerat
1627 5668 1816 5718 publice
1849 5683 1867 5717 :
1889 5670 2089 5718 occulte.

508 5672 744 5739 quosdam
769 5671 972 5739 occulte,
1003 5666 1234 5739 quosdam
1265 5681 1390 5739 vero
1421 5666 1590 5718 liberat
1627 5668 1816 5739 publice
1849 5683 1867 5717 :
1887 5666 2089 5739 occulte;

507 5729 630 5797 sicut
656 5733 981 5797 Macltalia’os;
1005 5729 1207 5797 puplice,
1234 5729 1366 5797 sicut
1373 5737 1472 5797 tres
1491 5729 1662 5792 pueras
1693 5733 1753 5778 de
1769 5732 1955 5783 camino
1973 5729 2092 5797 aqua

509 5795 719 5848 edacem
761 5795 928 5847 Isthazc
949 5793 1044 5845 neu
1067 5793 1251 5844 habent
1272 5793 1483 5843 melioris
1504 5797 1633 5843 notae
1655 5797 1761 5842 Mss.

1677 375 1682 379 ~
1767 343 1826 402 S.
1863 341 2230 401 AUGUSTI.“
2272 343 2570 404 EPISCOPI

2233 459 2368 514 mori
2397 476 2492 531 pro
2521 463 2755 532 palemis
2799 465 3004 538 legibus
3028 467 3234 526 Domini
3274 473 3366 531 Dei
3405 477 3507 546 sui,
3543 495 3700 549 quam
3733 484 3791 540 vi

2229 567 2353 609 vere
2377 565 2563 610 contra
2592 571 2704 612 eas.
2749 558 2887 625 Quid
2935 561 3022 617 hic
3059 566 3310 621 credituri
3351 585 3558 637 sultms,
3591 573 3817 643 fratres,

2227 643 2327 696 nisi
2359 645 2479 714 quia
2511 646 2716 702 liberati
2745 651 2906 706 sunt?
2934 653 3038 708 Sed
3069 657 3275 711 occulta
3309 659 3405 714 fuit
3433 662 3639 718 illorum
3675 668 3820 723 libe-

2227 739 2364 791 ratio
2397 757 2410 792 :
2437 739 2666 811 denique
2689 744 2802 813 ipse
2830 748 3141 811 Antiochus,
3167 766 3196 805 a
3226 768 3332 823 quo
3357 756 3518 810 occisi
3548 769 3694 824 sunt,
3725 765 3819 819 vi-

2227 843 2319 884 sus
2343 839 2426 884 est
2445 832 2543 886 sibi
2574 835 2768 904 aliquid
2795 837 2984 895 fecisse
3004 842 3146 911 quod
3181 844 3298 913 ejus
3327 847 3611 906 crudelitas
3636 853 3822 910 dicta-

2225 919 2336 987 bat,
2360 923 2444 978 vel
2465 927 2908 993 potiusincitabat
2936 931 3004 1002 (ll
3035 933 3272 990 Hac/tab.
3303 939 3424 1010 vn).
3455 941 3525 996 At
3548 959 3676 999 vero
3699 954 3820 1004 tres

2227 1014 2375 1082 ptteri
2408 1015 2476 1070 de
2512 1019 2722 1074 camino
2751 1021 2885 1092 ignis
2914 1035 3096 1095 aperte
3126 1028 3330 1084 liberati
3360 1041 3483 1086 sunt
3516 1033 3679 1102 (Dan.
3721 1054 3811 1106 ill,

2223 1106 2352 1174 49);
2384 1110 2502 1179 quia
2528 1120 2582 1166 et
2615 1127 2808 1183 corpus
2834 1131 3016 1172 eorum
3053 1130 3262 1175 erutum
3289 1131 3392 1187 est,
3429 1125 3575 1181 salus
3613 1143 3810 1186 eorum

2223 1196 2430 1265 publica
2479 1199 2593 1255 fuit.
2660 1203 2734 1257 Illi
2789 1221 2917 1275 ergo
2964 1218 3088 1264 sunt
3140 1209 3193 1266 in
3258 1214 3465 1269 occulto
3512 1219 3806 1287 coronati,

2222 1286 2307 1342 isti
2375 1291 2428 1344 in
2496 1301 2683 1361 aperto
2737 1295 2943 1352 liberati
2996 1316 3012 1364 ;
3088 1316 3274 1358 omnes
3331 1313 3505 1363 tamen
3567 1310 3779 1365 salvati.

2220 1377 2351 1445 Quis
2400 1391 2577 1437 autem
2634 1384 2833 1462 fructus
2879 1389 3203 1449 liberationis
3255 1396 3412 1451 trium
3469 1404 3808 1468 puerorum?

2219 1470 2394 1539 Quare
2439 1490 2623 1532 eorum
2685 1494 2880 1537 corona
2939 1483 3099 1539 dilata
3156 1489 3294 1543 est?
3341 1487 3460 1560 ipse
3513 1492 3810 1551 Nabucho-

2219 1562 2452 1620 donosor
2492 1581 2780 1626 conversus
2826 1581 2909 1628 est
2946 1576 3011 1630 ad
3053 1577 3218 1634 Deum
3265 1581 3526 1651 ipsorum,
3571 1599 3806 1657 eumque

2219 1654 2544 1725 praedicavit,
2587 1661 2708 1730 quia
2747 1664 2885 1718 eruit
2924 1669 3109 1722 servos
3147 1685 3310 1737 suos;
3352 1689 3512 1743 quem
3550 1654 3802 1732 contem-

2219 1755 2416 1813 pserat,
2445 1763 2565 1804 cum
2608 1766 2702 1807 eos
2734 1755 2953 1812 miserat
2992 1758 3045 1813 in
3073 1762 3359 1818 caminum.
3393 1766 3486 1822 Est
3513 1784 3640 1840 ergo
3670 1773 3809 1831 libe—

2217 1835 2354 1889 ratio
2377 1840 2616 1906 occulta;
2663 1854 2743 1898 est
2788 1845 3033 1903 liberatio
3075 1853 3373 1910 manifesta.
3415 1835 3680 1919 Liberalia
3707 1881 3806 1921 oc-

2215 1927 2352 1982 culta
2385 1930 2449 1985 ad
2479 1933 2730 2001 animam,
2764 1936 3004 1996 iiberatio
3034 1945 3306 2002 manifesta
3329 1949 3489 2007 etiam
3514 1935 3579 2008 ad
3601 1971 3806 2027 corpus

2215 2022 2464 2090 pertinet.
2490 2025 2544 2078 lu
2568 2030 2780 2084 occulto
2801 2033 2939 2086 enim
2963 2035 3136 2090 anima
3153 2038 3425 2107 liberatur,
3445 2045 3496 2100 in
3521 2022 3806 2112 manifesto

2213 2125 2424 2183 corpus.
2459 2116 2624 2174 Porro
2647 2121 2691 2175 si
2719 2122 2788 2177 ita
2814 2134 2915 2192 est,
2940 2127 2991 2181 in
3021 2130 3122 2184 hoc
3147 2133 3350 2200 psalmo
3377 2152 3558 2202 vocem
3588 2140 3803 2202 Domini

2212 2215 2564 2274 agnoscamus
2595 2228 2609 2264 :
2637 2212 2703 2266 ad
2725 2215 2984 2272 occultam
3013 2219 3380 2279 liberationem
3406 2231 3633 2298 pertinet
3652 2237 3802 2304 quod

2109 2329 2112 2336 -
2211 2303 2370 2365 Supra
2393 2297 2544 2366 dixit,
2572 2299 2789 2359 Intende
2807 2307 2992 2363 anima!
3010 2327 3152 2375 meat,
3177 2324 3224 2367 et
3251 2297 3441 2374 redime
3465 2338 3591 2376 eam.
3610 2297 3806 2383 Restat

2211 2389 2452 2457 corporis
2478 2390 2720 2449 liberatio
2754 2399 2918 2467 :quia
2965 2415 3032 2456 eo
3077 2418 3408 2476 resurgente,
3451 2421 3502 2466 et
3543 2414 3594 2468 in
3621 2417 3800 2474 caelos

2211 2479 2570 2573 ascendente,
2624 2493 2680 2541 et
2721 2488 2964 2558 spiritum
3005 2505 3247 2552 sanctum
3287 2499 3514 2573 desuper
3550 2509 3802 2566 mittente

2213 2566 2347 2670 (fiet.
2375 2585 2413 2638 ι,
2441 2571 2493 2635 9,
2523 2583 2569 2627 et
2592 2578 2766 2670 11,4),
2794 2585 3036 2639 conversi
3066 2597 3190 2643 sunt
3212 2590 3278 2644 ad
3303 2566 3600 2661 ejus'lidem
3627 2602 3715 2670 qui
3741 2604 3798 2658 iu

2208 2659 2324 2729 ejus
2352 2671 2525 2720 morte
2553 2668 2870 2743 saevierunt;
2901 2683 2954 2729 et
2977 2691 3042 2737 ex
3072 2679 3303 2748 inimicis
3327 2659 3482 2753 amici
3520 2659 3800 2750 facti-sunt

2207 2765 2305 2822 per
2333 2754 2472 2811 illius
2509 2759 2755 2834 gratiam,
2799 2780 2904 2820 non
2936 2783 3031 2838 per
3053 2769 3312 2840 justitiam
3341 2793 3510 2832 suam.
3542 2779 3667 2838 Ideo
3699 2801 3792 2840 se-

2206 2854 2359 2900 cutus
2384 2857 2466 2902 est
2493 2868 2508 2905 :
2541 2850 2760 2925 Propter
2785 2857 3013 2915 inimicos
3034 2879 3168 2918 meos
3192 2882 3308 2929 erue
3326 2887 3422 2940 me.
3447 2869 3660 2930 Intende
3681 2880 3796 2932 aui-

2205 2953 2303 2992 nue
2329 2957 2482 3009 mete,-
2508 2944 2602 3000 sed
2633 2946 2734 3004 hoc
2755 2949 2806 3004 in
2829 2953 3039 3010 occulto
3072 2973 3085 3010 :
3115 2956 3333 3030 Propter
3359 2963 3588 3030 inimicos
3613 2979 3792 3037 autem

2205 3043 2342 3084 meos
2361 3035 2512 3088 erue‘
2541 3045 2595 3091 et
2615 3052 2810 3110 corpus
2831 3058 3031 3099 meum.
3062 3045 3199 3104 Nihil
3222 3051 3362 3112 enim
3403 3054 3630 3114 inimicis
3657 3035 3795 3120 meis

2206 3121 2464 3220 proderit,
2506 3126 2551 3180 si
2596 3129 2765 3187 solam
2804 3133 3036 3190 animam
3085 3137 3393 3198 liberareris
3438 3163 3454 3200 ε
3490 3148 3686 3220 aliquid
3732 3170 3794 3212 se

2204 3209 2395 3308 egisse,
2425 3214 2622 3285 aliquid
2653 3233 2711 3276 se
2741 3221 3049 3293 implevisse
3075 3229 3327 3287 credituri
3361 3247 3503 3290 sunt.
3535 3209 3664 3308 Qum
3691 3209 3795 3298 uti;

2204 3299 2324 3357 litas
2353 3302 2407 3360 in
2441 3311 2696 3380 sanguine
2713 3329 2849 3380 meo,
2874 3316 2999 3373 dum
3020 3319 3286 3379 descendo
3313 3326 3364 3382 in
3385 3336 3784 3402 corruptionem

2209 3392 2377 3466 (Psal.
2403 3415 2552 3467 xxix,
2573 3404 2701 3476 10)?
2728 3407 2888 3479 Ergo,
2920 3413 3121 3469 intende
3140 3419 3325 3475 anima:
3350 3439 3494 3490 metu,
3526 3392 3574 3480 et
3596 3392 3791 3487 redime

2203 3501 2351 3555 eam;
2375 3491 2514 3560 quod
2555 3502 2607 3549 tu
2637 3497 2782 3553 sol-us
2808 3503 2913 3556 scis
2963 3523 2977 3559 :
3017 3505 3210 3564 deinde
3239 3520 3293 3566 et
3321 3524 3527 3584 prapter
3557 3519 3791 3578 inimico:

2203 3593 2340 3634 meos
2372 3597 2490 3639 erue
2530 3601 2629 3657 me,
2681 3596 2737 3643 ut
2780 3605 2904 3654 caro
2954 3611 3072 3652 mea
3116 3615 3222 3654 non
3268 3602 3443 3660 videat
3485 3612 3793 3681 corruptio-

2203 3684 2349 3726 nem.

2275 3763 2329 3818 4.
2359 3763 2510 3862 [uera
2540 3768 2655 3844 20.]
2681 3771 2761 3827 Tu
2785 3775 2915 3829 enim
2953 3783 3210 3851 cognoscis
3240 3785 3562 3859 opprobrium
3598 3809 3788 3862 meum,

2203 3863 2250 3908 et
2269 3858 2614 3928 confusionem
2639 3882 2817 3934 meam,
2851 3879 2896 3923 et
2928 3875 3276 3930 verecundiam
3313 3858 3490 3935 meam.
3527 3882 3663 3951 Quid
3685 3897 3787 3956 est,

2204 3950 2588 4049 appr-ebrium?
2613 3957 2738 4026 quid
2761 3968 2842 4014 est
2861 3961 3141 4020 confusio?
3162 3968 3285 4037 quid
3305 3950 3620 4029 verecundia
3639 3977 3661 4030 ?
3678 3950 3790 4049 0p;

2205 4042 2475 4140 probrium
2505 4057 2588 4101 est
2612 4050 2752 4118 quod
2779 4051 2958 4122 objicit
2988 4054 3249 4113 inimicus.
3281 4060 3538 4120 Confusio
3561 4075 3646 4122 est
3669 4042 3790 4140 qua:

2203 4133 2413 4190 mordet
2433 4139 2834 4204 conscientiam.
2867 4141 3196 4202 Verecundia
3226 4161 3307 4206 est
3337 4169 3455 4223 quae
3487 4154 3612 4210 facit
3640 4133 3790 4230 inige-

2204 4238 2364 4280 nuam
2393 4225 2617 4282 frontem
2648 4231 2805 4285 etiam
2835 4231 2901 4294 de
2926 4233 3043 4300 falsi
3070 4238 3308 4293 criminis
3329 4242 3634 4312 objectimie
3661 4225 3788 4304 eiu-

2202 4314 2441 4375 beseere.
2468 4317 2584 4373 Non
2608 4329 2686 4375 est
2709 4323 2944 4389 crimen;
2972 4335 3062 4380 aut
3087 4329 3186 4391 etsi
3209 4330 3410 4387 crimen
3436 4343 3536 4400 est,
3568 4352 3675 4392 non
3707 4348 3791 4395 est

2203 4405 2344 4462 illius
2374 4409 2458 4462 cui
2487 4409 2777 4480 objicitur:
2822 4413 2914 4469 sed
2958 4423 3132 4472 tamen
3184 4419 3464 4479 inﬁrmitas
3505 4427 3525 4456 ¹
3567 4425 3786 4484 humani

2203 4500 2367 4568 animi
2421 4501 2734 4585 plerumque
2770 4508 3188 4576 verecundatur,
3236 4512 3394 4569 etiam
3435 4529 3556 4572 cum
3600 4519 3789 4574 falsum

2202 4591 2484 4662 abjicitur;
2513 4609 2618 4657 non
2649 4596 2769 4678 quia
2793 4595 3057 4666 objectum
3083 4609 3184 4665 est,
3213 4602 3307 4657 sed
3351 4605 3473 4680 quia
3498 4608 3784 4666 creditum.

2201 4684 2390 4741 Omnia
2418 4687 2533 4743 lucc
2559 4673 2683 4744 sunt
2708 4691 2761 4744 in
2795 4685 3021 4761 oorpore
3049 4693 3278 4751 Domini.
3304 4695 3435 4750 Nam
3463 4699 3710 4758 confusio
3735 4705 3788 4760 in

2203 4776 2296 4843 illo
2323 4793 2427 4832 non
2453 4787 2655 4849 poterat
2679 4794 2819 4847 esse,
2853 4781 2905 4836 in
2946 4798 3051 4854 quo
3081 4785 3230 4854 culpa
3260 4802 3364 4841 non
3394 4789 3787 4849 inveniebatur.

2201 4866 2561 4936 Objiciebatur
2601 4870 2802 4936 crimen
2847 4857 3204 4944 Christianis,
3258 4876 3362 4934 hoc
3411 4879 3582 4949 ipsum
3643 4883 3789 4954 quod

2200 4958 2487 5014 christiani
2522 4971 2720 5016 essent.
2756 4963 2847 5032 Illa
2873 4964 3083 5036 quidem
3121 4967 3286 5036 gloria
3319 4979 3436 5023 erat
3467 4986 3480 5023 :
3517 4971 3685 5028 fortes
3720 4975 3790 5030 li-

2201 5049 2388 5113 benter
2425 5051 2786 5130 accipiebant,
2823 5064 2876 5109 et
2902 5042 3000 5111 Vsic
3040 5057 3402 5127 accipiebant,
3457 5068 3517 5115 ut
3568 5066 3791 5122 omnino

2200 5143 2268 5198 de
2319 5145 2534 5208 nomine
2605 5146 2813 5201 Domini
2866 5149 2948 5202 sui
3008 5163 3115 5203 non
3172 5151 3572 5209 erubescerent.
3639 5155 3786 5227 Ope-

2202 5246 2382 5291 ruerat
2416 5237 2559 5300 enlm
2595 5237 2942 5294 irreverentia
2997 5239 3185 5296 faciem
3237 5243 3509 5314 ipsorum,
3566 5245 3785 5305 haben-

2202 5329 2332 5385 tium
2382 5328 2612 5396 frontem
2657 5330 2805 5398 Pauli
2845 5332 3072 5398 dicentis
3119 5351 3133 5389 :
3187 5334 3309 5401 Non
3356 5339 3492 5394 enim
3552 5342 3791 5400 erubesco

2262 5548 2280 5612 ξ
2314 5548 2397 5612 Hic
2415 5553 2548 5609 Lov,,
2571 5557 2624 5599 et
2643 5549 2825 5612 aliquot
2844 5557 2952 5604 Mss.
2977 5553 3175 5612 addunt,
3196 5566 3288 5605 me.

2259 5611 2281 5640 ²
2315 5610 2387 5682 sic
2411 5617 2512 5682 Mss:
2556 5619 2610 5682 A_t
2648 5610 2758 5661 add.
2802 5613 2932 5682 lea,
2970 5610 3226 5675 objectione
3265 5613 3569 5682 erubescere,
3615 5632 3792 5682 prose-

2197 5679 2411 5734 quuntur
2434 5683 2447 5719 :
2475 5671 2762 5735 Erubescere
2783 5671 2978 5735 quidem
2996 5671 3089 5725 non
3111 5684 3179 5726 est
3201 5676 3406 5735 crimen;
3428 5686 3511 5727 ant
3527 5671 3572 5729 si
3595 5671 3787 5731 c'rimm

2194 5732 2283 5786 est.
2305 5740 2488 5804 nemost
2507 5732 2639 5804 illius
2662 5735 2740 5786 cui
2759 5732 3001 5802 adjicitur,
3021 5738 3108 5790 sed
3127 5751 3232 5801 ejus
3264 5737 3349 5804 qui
3381 5732 3562 5803 objicit.
3603 5742 3697 5794 sed
3713 5749 3790 5793 ta»

2197 5808 2306 5845 mea
2337 5791 2608 5858 inﬁrmitas,
2636 5807 2731 5848 etc.
