4076 6452
290 397 393 458 8:37

290 515 350 570 de
374 512 651 584 Evangelia
669 530 687 578 ;
708 509 862 565 virtus
890 507 1019 564 enim
1043 507 1139 563 Dei
1163 517 1233 562 est
1262 507 1312 561 in
1349 507 1562 560 salutem
1582 503 1718 574 omni
1749 519 1862 558 cre-

287 607 424 663 denti
466 605 638 674 (Rom.
682 619 722 668 ι,
771 601 880 674 16).
910 600 954 656 0
994 599 1177 666 Paule,
1219 614 1394 652 nonne
1435 607 1485 650 tu
1525 611 1584 650 cs
1615 596 1865 649 adorator

284 697 573 754 Crucillsi?
613 697 806 750 Parum
852 702 953 756 cst,
986 692 1174 762 inquit,
1216 690 1337 750 inde
1362 690 1488 745 mihi
1519 705 1624 744 non
1668 687 1863 744 erube-

283 805 467 853 ewre;
500 789 609 843 imo
652 785 775 841 hinc
803 786 974 840 solum
1019 783 1240 854 glorior,
1273 782 1412 840 unde
1453 796 1538 836 me
1579 787 1731 856 putat
1759 779 1862 833 iiii-

282 882 452 937 micus
497 881 835 936 erubescere.
885 878 1015 938 Mihi
1056 878 1199 936 enim
1241 875 1368 931 absit
1404 875 1632 946 gloriari,
1672 874 1770 927 nisi
1808 872 1863 927 in

280 987 428 1027 cruce
450 970 658 1026 Domini
679 971 835 1025 nostri
854 968 978 1024 Iesu
1003 969 1207 1032 Christi,
1229 985 1316 1036 per
1335 984 1478 1036 quem
1500 966 1622 1020 milii
1645 964 1861 1020 mundus

279 1064 554 1132 cruciﬁgus
594 1073 686 1127 est,
730 1072 779 1117 et
809 1078 899 1133 ego
939 1060 1288 1129 mundowal.
1325 1075 1397 1126 vt,
1424 1055 1533 1131 14).
1576 1058 1708 1114 Huic
1734 1071 1862 1127 ergo

278 1155 368 1210 tali
397 1153 560 1208 fronti
587 1154 930 1224 Opprobriutn
959 1153 1131 1209 solum
1169 1159 1373 1220 poterat
1399 1150 1576 1221 objici.
1605 1149 1733 1202 Nam
1763 1164 1861 1206 nec

277 1245 524 1303 confusio
561 1254 766 1314 poterat
793 1260 912 1300 esse
951 1245 1003 1299 in
1039 1244 1366 1303 conscientia
1391 1243 1499 1310 jam
1530 1251 1732 1306 sanata,
1763 1255 1861 1296 nec

279 1336 599 1402 verecundia
631 1337 684 1392 in
712 1335 885 1391 fronte
910 1345 1013 1390 tam
1047 1336 1230 1398 libera.
1255 1335 1358 1390 Sed
1394 1350 1513 1391 cum
1539 1333 1861 1401 objiceretur

279 1427 594 1498 quibusdam
620 1427 759 1497 quod
785 1424 1051 1482 Christum
1078 1425 1467 1489 interfecerint;
1493 1425 1682 1488 merito
1709 1439 1856 1485 com-

278 1522 456 1589 punctl
487 1527 612 1576 sunt
639 1516 775 1577 mala
805 1517 1151 1584 conscientia,
1175 1527 1224 1570 et
1248 1516 1529 1576 salubriter
1555 1514 1756 1578 confusi
1780 1523 1860 1571 at-

277 1624 376 1680 que
401 1609 676 1675 conversi,
705 1619 759 1669 ut
791 1617 1002 1678 possent
1029 1608 1209 1662 dicere
1233 1625 1245 1659 :
1276 1605 1355 1660 Tu
1378 1606 1652 1676 cognovisti
1677 1608 1858 1676 confu-

274 1701 464 1762 sianem
487 1716 670 1754 meam.
696 1698 774 1756 Tu
800 1714 947 1769 ergo,
973 1699 1214 1763 Domine,
1238 1697 1396 1762 nosti,
1431 1712 1534 1758 non
1563 1695 1734 1752 solum
1764 1710 1859 1765 op-

273 1793 548 1867 probrium
575 1808 774 1859 meum,
806 1792 899 1848 sed
944 1800 998 1847 et
1027 1790 1389 1848 confusionem
1419 1804 1624 1854 meam;
1655 1788 1706 1844 in
1737 1787 1856 1856 qui-

275 1885 497 1941 busdam
523 1895 579 1940 et
604 1883 996 1948 verecundiam,
1027 1883 1114 1954 qui
1141 1882 1382 1952 quamvis
1419 1883 1470 1938 in
1500 1897 1583 1935 me
1609 1879 1868 1946 credant,

272 1978 484 2048 publice
515 1993 600 2034 me
628 1987 803 2032 tamen
828 1991 1007 2031 coram
1041 1977 1214 2045 impiis
1239 1973 1478 2029 confiteri
1509 1974 1852 2040 erubescunt,

271 2070 384 2139 plus
412 2068 556 2138 apud
583 2084 642 2126 se
679 2068 890 2127 valente
934 2068 1107 2138 lingua
1149 2066 1376 2120 humana
1420 2081 1576 2134 quam
1623 2065 1854 2134 promis-

269 2162 416 2216 sione
445 2160 642 2215 divina.
679 2159 863 2215 Videte
893 2174 1018 2228 ergo
1057 2173 1149 2214 eos
1179 2178 1193 2212 :
1226 2165 1280 2212 ct
1303 2155 1745 2211 commendantur
1771 2163 1852 2208 ta-

270 2251 346 2306 les
377 2252 506 2314 Deo,
539 2265 644 2304 non
674 2257 730 2304 ut
757 2251 835 2304 sic
876 2249 1158 2319 relinquat,
1209 2248 1302 2303 sed
1343 2257 1398 2302 ut
1423 2262 1516 2302 eos
1553 2246 1853 2314 atljnvando

270 2340 527 2410 perficiat.
562 2340 700 2394 Dixit
733 2340 873 2395 enim
900 2349 951 2396 et
974 2340 1188 2410 quidam
1215 2337 1460 2403 credens,
1495 2346 1548 2392 et
1571 2337 1801 2392 titubans
1834 2354 1848 2390 :

268 2433 450 2498 (iredo.
479 2431 693 2484 Domine
709 2447 728 2495 ,'
755 2433 942 2502 adjuva
967 2432 1365 2485 incredulitatem
1393 2447 1552 2484 nteant
1577 2429 1766 2502 (Marc.
1791 2445 1846 2484 Ix

267 2522 376 2595 23).
413 2521 477 2576 In
503 2531 768 2592 conspectu
791 2531 877 2576 tuo
897 2532 1012 2575 sunt
1041 2538 1211 2576 onmes
1238 2521 1530 2577 tribulanles
1558 2537 1652 2573 me.
1676 2521 1852 2590 Quare

267 2613 391 2680 mihi
435 2613 504 2668 sit
533 2613 898 2683 Oppi-ebrium,
934 2622 986 2667 tu
1035 2614 1210 2679 nosti;
1267 2628 1430 2682 quare
1482 2611 1746 2678 confusio,
1795 2620 1851 2666 tu

267 2705 442 2771 nosti;
492 2721 655 2775 quare
702 2705 1041 2770 verecundia,
1097 2716 1150 2764 tu
1197 2707 1336 2762 nosti
1375 2721 1546 2778 :ergo
1589 2720 1720 2761 erue
1763 2721 1849 2762 me

265 2809 482 2870 propter
525 2799 771 2861 inimicos
811 2814 980 2866 meos,
1019 2801 1142 2870 quia
1175 2809 1228 2854 tu
1256 2799 1394 2855 nosti
1444 2800 1543 2854 ista
1587 2814 1726 2866 mea,
1773 2798 1848 2859 illi

263 2906 368 2953 non
415 2901 646 2956 norunt;
676 2906 738 2946 ac
783 2907 877 2961 per
920 2892 1041 2957 hoe,
1072 2894 1194 2963 quia
1231 2891 1328 2962 ipsi
1358 2892 1409 2946 in
1443 2901 1728 2962 conspectu
1756 2899 1848 2948 tuo

262 2991 405 3048 sunt,
454 2981 553 3036 ista
595 2984 893 3038 nescientes
938 2999 1042 3038 non
1075 2993 1322 3051 poterunt
1352 2984 1434 3038 vel
1479 2984 1732 3039 c0nfundi
1763 2983 1847 3039 vel

260 3073 576 3143 corrigi,nisi
591 3073 864 3128 manifeste
879 3089 964 3129 me
980 3074 1181 3130 erueris
1196 3086 1412 3144 pmpter
1425 3075 1661 3129 inimicos
1675 3089 1844 3132 meos.

329 3164 381 3225 5.
414 3159 579 3235 [vers.
608 3163 732 3235 2L]
769 3165 1108 3235 Opprobrium
1139 3166 1440 3233 exspectat-it
1480 3181 1566 3219 car
1600 3181 1763 3222 meum
1796 3175 1846 3219 et

258 3255 533 3308 miseriam.
565 3255 699 3322 Quid
724 3266 824 3318 est,
855 3257 1195 3326 exspectavit?
1221 3256 1415 3310 Futura
1440 3256 1536 3309 ista
1565 3256 1841 3324 prazvidit,

257 3344 428 3412 futura
458 3345 556 3408 ista
587 3347 848 3416 prmdixit.
869 3346 981 3402 Non
1009 3348 1150 3402 enim
1177 3347 1319 3401 venit
1349 3347 1412 3400 ad
1436 3346 1597 3400 aliud.
1623 3346 1678 3401 Si
1708 3347 1843 3402 mori

255 3439 443 3504 nollet,
475 3455 572 3494 nec
605 3441 747 3494 nasci
779 3441 940 3495 Vellet
969 3459 980 3494 :
1014 3456 1171 3496 causa
1201 3441 1610 3496 resurrectionis
1635 3449 1842 3495 utrum-

253 3546 360 3601 que
391 3529 532 3584 fecit.
564 3530 680 3585 Duo
699 3531 838 3586 enim
867 3531 1106 3602 quaedam
1134 3531 1355 3586 nobisin
1385 3547 1580 3602 genere
1609 3531 1842 3586 humano

254 3631 379 3676 nota
430 3632 622 3689 erant,
653 3639 818 3678 unum
859 3635 1033 3680 autem
1078 3625 1423 3694 incognitum.
1456 3623 1607 3679 Nasci
1648 3624 1842 3694 quippe

251 3713 500 3768 homines
525 3724 578 3769 et
603 3715 737 3769 mori
769 3717 1094 3781 sciebamus;
1122 3733 1396 3785 resurgere
1421 3726 1473 3771 et
1504 3717 1556 3770 in
1584 3725 1842 3770 teternum

252 3807 436 3866 vivere
475 3807 860 3863 nesciebamus.
893 3808 962 3863 Ut
996 3808 1302 3863 ostenderet
1341 3809 1494 3863 nobis
1541 3807 1682 3878 quod
1735 3824 1840 3864 non

250 3886 614 3962 noveramus,
646 3899 877 3967 suscepit
922 3898 1028 3956 duo
1068 3915 1186 3972 quas
1238 3913 1577 3955 noveramus.
1612 3898 1693 3954 Ad
1741 3899 1841 3954 boc

249 4005 379 4059 ergo
413 3990 574 4044 venit.
609 3990 946 4060 Opproltrittm
977 3993 1277 4062 exspectavit
1309 4009 1394 4049 cor
1423 4010 1586 4048 meum
1613 4003 1660 4046 et
1689 3993 1840 4047 misce

250 4081 404 4134 riam.
446 4081 552 4136 Sed
582 4083 849 4136 miseriam
894 4083 1084 4151 cujus?
1110 4083 1450 4152 Exspectavit
1487 4084 1629 4138 enim
1677 4083 1840 4138 misec

248 4170 409 4234 riam,
430 4169 524 4223 sed
546 4172 712 4239 magis
733 4172 1171 4240 crucifigentiutn,
1189 4173 1352 4240 magis
1377 4172 1838 4241 persequentium;

251 4269 307 4314 ut
334 4261 386 4312 in
421 4261 524 4314 illis
545 4271 689 4316 esset
719 4263 951 4330 miseria,
974 4263 1022 4314 in
1048 4263 1137 4316 illo
1164 4263 1546 4318 misericordia.
1575 4263 1840 4318 Miseriam

246 4349 449 4424 quippe
498 4351 705 4404 illorum
756 4352 1013 4406 miserans
1056 4354 1213 4406 etiam
1265 4352 1502 4422 pendens
1539 4353 1590 4407 in
1629 4368 1836 4408 cruce:

247 4438 445 4507 Pater,
474 4440 661 4511 inquit,
691 4443 888 4513 ignosce
914 4443 1016 4497 illis
1035 4485 1050 4510 ,
1077 4443 1194 4513 quia
1232 4444 1454 4498 nesciunt
1483 4444 1605 4513 quid
1647 4444 1841 4513 faciunt

248 4530 405 4603 (Luc.
439 4548 566 4586 χχιιι
591 4573 607 4600 ,
629 4533 744 4604 54).
779 4533 1116 4604 Opprobrium
1153 4536 1453 4605 exspectavit
1478 4553 1564 4590 cor
1595 4553 1760 4590 meum
1793 4545 1842 4593 et

247 4627 512 4681 miseriam
539 4643 558 4682 :
585 4637 630 4682 et
669 4630 885 4682 sustinui
921 4631 1006 4700 qui
1040 4631 1190 4684 simul
1227 4631 1624 4693 contristaretur,
1648 4639 1693 4684 et
1740 4647 1849 4709 non.

247 4719 367 4789 fuit.
403 4718 542 4785 Quid
574 4734 701 4788 ergo
728 4720 921 4788 profuit
950 4721 1071 4790 quia
1095 4721 1436 4789 exspectavi?
1464 4721 1564 4776 hoc
1585 4729 1684 4785 est,
1715 4720 1841 4789 quid

249 4812 458 4881 profuit
484 4813 604 4882 quia
636 4815 851 4882 praadixi
873 4815 896 4869 ?
921 4815 1046 4885 quid
1072 4814 1269 4884 profuit
1300 4815 1420 4885 quia
1447 4815 1554 4876 dixi
1595 4815 1714 4870 ideo
1756 4811 1842 4870 me

245 4904 742 4967 venisse?Ventnm
765 4917 848 4962 est
872 4908 1250 4977 utimpleretur
1277 4909 1417 4978 quod
1443 4908 1550 4961 dixi
1582 4927 1594 4962 :
1626 4909 1842 4963 sustinui

241 4998 332 5065 qui
356 4998 513 5051 simul
535 5000 993 5076 contristaretur,'et
1015 5016 1113 5053 non
1133 5001 1251 5071 fuit;
1271 5011 1315 5053 et
1331 5000 1662 5064 consolantes,
1677 5011 1721 5054 et
1742 5017 1843 5055 non

241 5087 419 5142 inveni
442 5105 458 5151 ;
480 5088 578 5140 hoc
603 5099 682 5141 cst
704 5129 718 5153 ,
742 5103 844 5143 non
878 5089 993 5146 fuit.
1025 5091 1174 5155 Qutid
1205 5091 1344 5146 enim
1385 5091 1660 5159 superiore
1686 5106 1839 5146 versu

238 5177 426 5245 dixit,
459 5176 694 5232 Sustinui
725 5183 809 5251 qui
843 5179 994 5237 simul
1030 5181 1443 5245 contristttt'etur;
1466 5181 1568 5236 hoc
1603 5183 1842 5252 sequenti

239 5286 432 5333 versu,
456 5278 503 5324 et
521 5272 854 5326 consolantes.
894 5271 1043 5339 Quod
1071 5282 1245 5328 autem
1277 5274 1555 5343 superiore
1585 5289 1770 5338 versu,
1797 5285 1843 5328 et

239 5380 350 5417 non
373 5363 504 5434 fuit;
532 5362 642 5417 hoc
661 5363 900 5434 sequenti
935 5380 1092 5420 versu
1112 5406 1127 5428 ,
1159 5375 1204 5418 et
1231 5383 1331 5420 non
1354 5367 1536 5420 inveni.
1560 5367 1699 5436 Ergo
1735 5381 1843 5420 non

240 5454 420 5509 altera
471 5454 706 5524 subjecta
729 5497 743 5523 ,
775 5455 867 5510 sed
918 5457 1162 5525 superior
1191 5458 1414 5526 repetita
1452 5457 1714 5512 sententia
1739 5467 1841 5512 est.

239 5543 423 5621 Quam
482 5549 797 5600 sententiam
828 5547 872 5600 si
916 5556 1264 5601 retractemus
1290 5589 1308 5614 ,
1332 5549 1557 5618 qu.estio
1592 5548 1845 5603 nonnulla

243 5636 450 5705 poterit
485 5635 702 5691 aboriri.
734 5638 998 5706 Numquid
1035 5640 1175 5693 enim
1202 5639 1442 5710 discipuli
1460 5639 1572 5709 ejus
1602 5657 1706 5694 non
1725 5647 1848 5694 sunt

241 5728 550 5784 centristati
568 5769 584 5795 ,
613 5731 824 5800 quando
851 5731 1042 5786 ductus
1075 5739 1158 5786 est
1188 5731 1255 5786 ad
1283 5732 1618 5802 passionem,
1636 5731 1850 5802 quando

244 5823 398 5895 ligno
431 5839 722 5896 suspensus
741 5868 754 5894 ,
778 5825 990 5896 quando
1019 5826 1291 5883 mortuus?
1331 5824 1506 5897 Usque
1535 5826 1668 5882 adeo
1719 5839 1847 5880 con-

1383 383 1780 443 ENABRATIO
1808 382 1873 442 ΙΝ
1911 383 2241 447 PS.\L.\1UM
2286 391 2509 448 LXVI".

3453 404 3556 462 858

1975 504 2167 561 tristati
2187 547 2202 571 ,
2231 518 2288 562 ut
2331 509 2415 564 illa
2455 509 2613 564 Maria
2637 511 2959 583 Magdalene,
2983 532 3101 588 quae
3131 517 3300 590 primo
3326 535 3446 578 eum
3478 523 3556 577 vi-

1972 594 2068 661 dit,
2099 598 2332 666 gaudens
2366 601 2665 672 lugentibus
2695 606 2958 662 nunliarct
3005 610 3127 678 quid
3156 611 3345 667 viderit
3365 612 3550 686 (loan.

1970 703 2059 754 xx,
2088 690 2173 758 18,
2198 701 2246 745 et
2272 691 2436 748 Marc.
2455 710 2565 760 xw,
2585 695 2663 763 9).
2682 697 3025 768 Evangelium
3051 703 3148 758 ista
3167 703 3425 776 loquitur;
3446 722 3554 766 non

1969 791 2150 842 nostra
2189 787 2562 856 praesumptio,
2591 805 2696 843 non
2732 799 2912 846 nostra
2951 795 3182 863 suspicio
3220 806 3303 852 est
3357 815 3370 852 :
3416 814 3554 854 con.

1969 881 2073 929 Stat
2117 875 2374 941 doluisse,
2426 890 2632 936 constat
2679 882 2875 940 luxisse
2919 885 3226 957 discipulos.
3273 892 3552 950 Extranea:

1971 965 2220 1021 mulieres
2241 967 2460 1037 ﬂebant,
2487 972 2698 1040 quando
2725 974 2788 1030 ad
2818 977 3119 1046 passionem
3142 979 3452 1047 ducebatur;
3480 984 3550 1042 ad

1969 1071 2101 1128 quas
2141 1073 2428 1115 conversus
2472 1063 2545 1117 ait
2577 1082 2590 1119 :
2624 1063 2804 1132 Flete;
2829 1068 2916 1121 siut
2939 1086 3026 1123 vos
3050 1111 3065 1137 ,
3091 1071 3245 1125 nolite
3282 1089 3360 1126 me
3386 1073 3549 1143 (Luc.

1967 1162 2095 1208 xxtu
2114 1190 2128 1214 ,
2157 1149 2272 1221 28).
2305 1152 2582 1220 Quomodo
2611 1171 2737 1227 ergo
2761 1160 3011 1215 sustinuit
3037 1162 3127 1232 qui
3164 1163 3320 1217 simul
3345 1165 3547 1233 contri-

1966 1247 2197 1295 staretur
2219 1283 2234 1307 ,
2257 1252 2310 1297 et
2338 1259 2442 1300 non
2470 1246 2605 1308 fuit?
2635 1249 2974 1308 Attendimus
2996 1293 3011 1317 ,
3047 1261 3101 1307 et
3128 1252 3427 1310 invenimus
3455 1255 3550 1310 tri-

1964 1340 2073 1389 stes
2095 1373 2109 1397 ,
2134 1342 2189 1388 et
2212 1334 2450 1404 lugentes
2471 1378 2485 1398 ,
2509 1347 2562 1392 et
2584 1339 2926 1417 plangentes;
2956 1343 3097 1398 unde
3122 1346 3276 1400 nobis
3301 1345 3434 1400 mira
3465 1347 3548 1402 vi-

1964 1423 2120 1480 detur
2149 1425 2246 1480 ista
2271 1431 2530 1486 sententia
2561 1450 2574 1485 :
2607 1431 2843 1491 Sustinui
2871 1437 2954 1505 qui
2978 1437 3129 1490 simul
3144 1439 3546 1509 contristaretur,

1964 1523 2011 1568 et
2029 1531 2128 1572 non
2161 1519 2257 1588 fuit
2279 1535 2298 1582 ,'
2318 1531 2364 1577 et
2386 1522 2734 1587 consolantes,
2767 1534 2813 1577 et
2844 1541 2945 1578 non
2977 1526 3164 1580 inveni.
3205 1527 3546 1585 lntendamus

1964 1605 2265 1677 diligentius
2291 1651 2306 1674 ,
2336 1619 2390 1665 et
2415 1611 2710 1671 videbimus
2741 1630 2860 1670 eum
2898 1616 3215 1672 sustinuisse
3253 1621 3341 1688 qui
3385 1617 3547 1676 snnul

1963 1698 2385 1766 contristaretur,
2408 1711 2463 1756 et
2485 1717 2589 1757 non
2614 1703 2796 1760 fuisse.
2819 1705 3280 1764 Contristabantnr
3305 1709 3446 1764 enim
3470 1709 3548 1766 illi

1961 1789 2247 1844 carnaliter
2273 1790 2339 1846 de
2363 1791 2469 1850 vita
2493 1795 2724 1861 mortali,
2742 1810 2861 1865 quae
2887 1798 3137 1856 mutanda
3158 1798 3326 1854 fuerat
3349 1810 3542 1868 morte,

1961 1889 2014 1933 et
2034 1882 2326 1950 reparanda
2345 1887 2770 1942 resurrectione:
2801 1887 2926 1946 hinc
2951 1899 3066 1944 erat
3085 1891 3174 1944 illa
3208 1893 3436 1947 tristitia.
3467 1893 3546 1952 De

1960 1969 2065 2025 illis
2090 1972 2231 2042 enim
2256 1988 2374 2030 esse
2401 1974 2622 2044 debuit,
2646 1979 2734 2048 qui
2763 1979 2892 2033 eieci
2919 1981 3183 2036 medicum
3210 1983 3542 2050 occiderunt,

1958 2063 2046 2133 qui
2067 2072 2313 2134 tanquam
2333 2067 2628 2136 perniciose
2644 2069 2930 2132 febrientes
2948 2072 3263 2142 phrenetici,
3285 2075 3546 2132 faciebant

1958 2154 2205 2224 iniuriam
2236 2158 2284 2212 ei
2314 2174 2343 2212 a
2373 2174 2478 2228 quo
2505 2161 2604 2215 illis
2631 2162 2801 2218 fuerat
2824 2165 2968 2218 salus
2997 2167 3179 2222 allata.
3213 2167 3304 2222 Ille
3333 2169 3545 2224 volebat

1957 2262 2164 2314 curare,
2193 2248 2267 2303 illi
2293 2251 2510 2307 saevire:
2536 2251 2658 2310 hinc
2679 2254 2888 2310 tristitia
2911 2256 3138 2310 medico.
3160 2258 3350 2326 Qumre
3367 2267 3541 2314 utrum

1956 2339 2218 2396 invenerit
2248 2341 2403 2410 hujus
2431 2343 2658 2398 tristitia:
2687 2346 2958 2400 comitem.
2985 2347 3102 2405 Non
3131 2349 3274 2403 enim
3305 2349 3400 2413 ait,
3420 2364 3542 2405 sus-

1957 2430 2088 2484 tinui
2117 2430 2206 2499 qui
2247 2433 2678 2501 contristarctur,
2709 2443 2762 2490 et
2802 2452 2908 2491 non
2941 2436 3076 2504 fuit;
3109 2438 3236 2505 sed,
3263 2440 3348 2511 qui
3391 2440 3544 2496 simul

1953 2522 2334 2576 contristaretur
2355 2563 2370 2589 ,
2405 2523 2456 2578 id
2485 2533 2583 2590 est,
2616 2540 2680 2580 ex
2707 2541 2769 2582 ea
2799 2542 2887 2594 re,
2917 2543 3018 2598 qua
3046 2543 3166 2599 ego,
3198 2531 3545 2586 contristare-

1954 2619 2072 2679 tur,
2101 2622 2269 2668 etnon
2293 2615 2479 2669 inveni.
2509 2617 2699 2673 Petrus
2726 2627 2872 2673 certe
2902 2620 3190 2689 plurimum
3216 2623 3414 2677 amavit
3442 2665 3456 2688 ,
3489 2631 3544 2680 et

1951 2703 2004 2757 in
2031 2702 2222 2759 fluctus
2251 2706 2535 2760 calcandos
2560 2721 2618 2761 se
2643 2707 2757 2762 sine
2782 2707 3112 2764 dubitatione
3135 2711 3376 2780 proiecit,
3395 2721 3450 2766 et
3474 2712 3542 2767 ad

1950 2811 2136 2852 vocem
2167 2797 2373 2852 Domini
2400 2798 2657 2854 liberatus
2685 2809 2767 2854 est
2795 2799 3006 2871 (Matth.
3035 2817 3144 2865 xxv,
3176 2801 3246 2857 29
3270 2843 3285 2868 ,
3315 2803 3406 2872 3|)
3438 2821 3452 2858 :
3484 2812 3542 2859 et

1950 2903 2070 2943 eum
2108 2887 2324 2944 ductum
2363 2889 2430 2944 ad
2462 2891 2759 2959 passionem
2785 2931 2799 2955 ,
2832 2892 3030 2946 amoris
3077 2892 3294 2948 audacia
3348 2909 3540 2949 conse-

1949 2990 2102 3038 cutus
2125 3022 2139 3046 ,
2174 2990 2348 3040 tamen
2380 2982 2625 3038 turbatus
2645 3024 2659 3050 ,
2694 2991 2773 3038 ter
2802 2983 3030 3054 negavit.
3066 2983 3214 3038 Unde
3239 3025 3252 3048 ,
3283 2985 3383 3039 nisi
3413 2987 3540 3057 quia

1950 3072 2146 3128 malum
2197 3073 2270 3127 illi
2315 3073 2592 3132 videbatur
2621 3075 2798 3128 mori?
2830 3074 2886 3128 ld
2927 3075 3068 3130 enim
3099 3075 3367 3131 devitabat
3394 3077 3537 3147 quod

1950 3162 2144 3222 malum
2173 3163 2404 3232 putabat.
2435 3165 2546 3223 l-loc
2571 3180 2699 3235 ergo
2722 3173 2775 3220 et
2800 3166 2852 3221 in
2884 3165 3107 3226 Domino
3133 3166 3365 3232 dolebat,
3392 3167 3536 3237 quod

1947 3253 2062 3326 ipse
2091 3253 2376 3312 devitabat.
2406 3255 2689 3324 Propterea
2719 3265 2772 3310 et
2800 3263 2923 3315 ante
2953 3256 3191 3323 dixerat,
3221 3257 3364 3312 Absit
3398 3275 3430 3311 a
3459 3268 3528 3326 te,

1947 3344 2185 3409 Domine;
2215 3348 2461 3416 propitius
2494 3347 2582 3402 tibi
2606 3358 2728 3410 esto,
2754 3365 2853 3402 non
2879 3349 2965 3418 [iet
2987 3349 3159 3403 istud:
3180 3349 3392 3418 quando
3419 3365 3533 3404 tne-

1947 3438 2053 3492 ruit
2086 3437 2286 3502 audire,
2319 3436 2582 3503 Satanas;
2628 3447 2973 3508 posteaquam
3014 3439 3253 3493 audierat
3280 3480 3295 3505 ,
3345 3437 3533 3494 Beatus

1945 3546 2017 3596 es,
2038 3528 2216 3584 Simon
2245 3528 2349 3582 Bar
2375 3528 2512 3582 Jona
2537 3528 2645 3601 (Id.
2675 3546 2782 3595 ενι,
2809 3531 2893 3594 17,
2917 3529 3007 3594 22,
3033 3530 3147 3600 23).
3185 3530 3322 3601 Ergo
3353 3532 3406 3586 in
3437 3533 3534 3587 tri-

1944 3623 2086 3678 stitia
2114 3637 2270 3692 qnam
2302 3622 2526 3677 habebat
2549 3623 2806 3676 Dominus
2834 3622 2901 3677 de
2930 3623 3031 3676 illis
3060 3638 3154 3693 pro
3183 3623 3373 3693 quibus
3407 3638 3531 3678 ora-

1943 3715 2019 3766 vit
2047 3755 2062 3779 ,
2102 3712 2254 3766 Pater
2275 3755 2290 3778 ,
2322 3713 2523 3784 ignosce
2564 3713 2666 3766 illis
2688 3753 2703 3774 ,
2732 3713 2853 3782 quia
2892 3714 3116 3766 nesciunt
3150 3712 3272 3782 quid
3296 3713 3488 3784 faciunt
3510 3754 3527 3781 ,

1944 3804 2146 3858 nullum
2167 3803 2414 3858 comitem
2438 3803 2658 3857 invenit.
2673 3802 2738 3856 Et
2757 3801 2970 3857 sustinui
2989 3804 3074 3872 qui
3093 3804 3244 3858 simul
3264 3805 3531 3858 contrista-

1943 3907 2081 3949 retur
2103 3936 2118 3961 ,
2141 3905 2185 3948 et
2208 3912 2307 3948 non
2333 3895 2448 3965 fuit.
2479 3896 2705 3950 Prorsus
2731 3909 2836 3950 non
2864 3894 2978 3952 fuit.
3011 3892 3074 3947 Et
3103 3896 3416 3949 consolantes
3435 3936 3450 3960 ,
3481 3904 3530 3949 et

1942 4003 2044 4041 non
2085 3986 2268 4040 inveni.
2313 3986 2412 4052 Qui
2451 3995 2573 4040 sunt
2610 3984 2982 4041 consolantes?
3015 3985 3378 4041 Proficientes.
3425 3984 3530 4055 Ipsi

1943 4078 2083 4134 enim
2115 4093 2210 4132 nos
2245 4077 2604 4146 consolantur,
2637 4076 2737 4146 ipsi
2766 4086 2888 4132 sunt
2916 4076 3105 4130 solatio
3125 4077 3370 4131 omnibus
3391 4091 3529 4147 pra:-

1942 4167 2268 4227 dicatoribus
2300 4167 2557 4220 veritatis.

2015 4262 2066 4318 6.
2098 4258 2243 4332 [vers.
2263 4258 2378 4331 22.]
2405 4257 2466 4310 Et
2486 4257 2730 4311 dederunt
2752 4257 2801 4310 in
2823 4273 2987 4310 escam
3008 4274 3167 4312 meam
3195 4257 3282 4325 fel,
3301 4267 3349 4311 et
3370 4259 3419 4311 in
3443 4260 3527 4313 siti

1941 4366 2053 4404 mea
2075 4357 2368 4419 potaveruut
2399 4363 2475 4399 me
2502 4355 2660 4400 aceto.
2687 4345 2904 4400 Factum
2936 4356 3017 4400 est
3046 4347 3256 4416 quidem
3287 4347 3353 4401 ad
3384 4348 3525 4402 litte-

1940 4457 2078 4507 ram,
2097 4450 2151 4495 et
2177 4437 2524 4510 Evangelinm
2549 4439 2649 4494 hoc
2674 4439 2825 4494 nobis
2847 4439 3062 4493 indicat.
3091 4438 3194 4493 Sed
3223 4440 3523 4509 intelligen-

1942 4534 2067 4588 dum
2098 4543 2218 4599 est,
2249 4531 2434 4590 fratres
2453 4572 2467 4596 ,
2497 4531 2598 4586 hoc
2625 4531 2795 4600 ipsum
2825 4530 2964 4601 quod
2993 4546 3102 4584 non
3127 4531 3302 4585 inveni
3331 4545 3526 4585 conso-

1943 4624 2116 4681 iantes
2140 4666 2153 4687 ,
2180 4624 2280 4678 hoc
2311 4623 2482 4692 ipsum
2513 4622 2652 4691 quod
2683 4637 2788 4676 non
2819 4620 2993 4675 inveni
3021 4621 3109 4690 qni
3141 4621 3297 4676 simul
3327 4623 3526 4676 contri-

1943 4728 2193 4782 staretur,
2220 4716 2320 4770 hoc
2359 4717 2453 4769 fuit
2492 4715 2557 4769 fel
2588 4731 2785 4780 meum,
2826 4715 2925 4768 hoc
2960 4714 3086 4768 mibi
3125 4730 3396 4780 amarum,
3423 4713 3525 4771 hoc

1942 4821 2150 4864 acetum
2204 4808 2299 4861 fuit
2347 4826 2360 4862 :
2404 4821 2642 4860 amarum
2700 4813 2912 4875 propter
2963 4820 3276 4871 maerorem,
3318 4815 3525 4860 acetum

1946 4910 2160 4971 propter
2187 4913 2372 4954 eorum
2413 4905 2750 4950 vetustatem.
2783 4894 3018 4962 Namque
3051 4895 3272 4964 legimus
3301 4895 3371 4948 illi
3403 4895 3524 4964 qui-

1944 4992 2062 5046 dem
2086 4991 2318 5045 oblatum
2336 4989 2423 5054 fel,
2443 4990 2579 5042 sicut
2599 4987 2941 5056 Evangelium
2963 4985 3194 5056 Ιοιιιιὶιιιι·
3222 4986 3329 5060 (Id.
3358 5001 3520 5052 xxvn,

1946 5083 2033 5156 3i)
2059 5102 2072 5150 ;
2096 5083 2189 5138 sed
2221 5085 2272 5137 in
2302 5093 2479 5153 potum
2510 5124 2524 5149 ,
2555 5096 2659 5134 non
2700 5081 2751 5134 in
2787 5093 2984 5134 escam.
3032 5081 3404 5136 Verumtamen
3449 5081 3526 5136 sic

1944 5173 2306 5244 accipiendum
2331 5182 2384 5228 et
2414 5171 2686 5241 impletum
2716 5171 2858 5240 quod
2881 5172 2964 5225 hic
2991 5171 3163 5226 fuerat
3187 5179 3308 5225 ante
3333 5171 3528 5240 praedi-

1944 5273 2086 5320 ctum
2114 5307 2129 5332 ,
2163 5262 2420 5318 Dederunt
2453 5264 2503 5316 in
2549 5279 2712 5316 escam
2748 5279 2909 5315 meam
2938 5263 3126 5334 fel:et
3164 5263 3215 5316 in
3267 5263 3366 5316 isto
3410 5265 3527 5331 ipso

1947 5357 2084 5412 facto
2104 5398 2119 5423 ,
2151 5372 2254 5410 non
2286 5355 2460 5410 solum
2490 5354 2540 5408 in
2573 5353 2673 5408 hoc
2704 5353 2880 5420 dicto,
2906 5354 3215 5424 mysterium
3256 5353 3527 5422 requirere

1945 5449 2203 5503 debemus
2222 5487 2237 5512 ,
2267 5455 2469 5501 secreta
2500 5445 2709 5515 pulsare
2732 5486 2748 5512 ,
2778 5446 2949 5499 velum
2992 5443 3170 5512 templi
3198 5445 3526 5499 conscissum

1947 5539 2176 5604 intrare,
2203 5537 2386 5592 videre
2411 5525 2480 5591 ibi
2505 5545 2892 5590 sacramentum
2914 5573 2930 5598 ,
2951 5534 3031 5586 vel
3061 5533 3201 5603 quod
3228 5534 3296 5586 ita
3326 5534 3526 5588 dictum

1949 5632 2150 5703 est,vel
2177 5633 2315 5702 quod
2340 5632 2408 5686 ita
2438 5629 2631 5685 factum
2661 5639 2761 5686 est.
2781 5628 3058 5690 Dederunt,
3081 5627 3269 5697 inquit,
3285 5628 3337 5681 in
3365 5643 3530 5681 escam

1950 5743 2112 5782 meam
2133 5726 2221 5798 fel.
2252 5724 2364 5779 Non
2391 5726 2560 5792 ipsum
2590 5720 2731 5791 quod
2759 5718 3018 5773 dederunt
3051 5733 3170 5772 esca
3199 5727 3346 5783 erat;
3375 5724 3540 5785 potus

1953 5818 2094 5876 cnim
2122 5823 2236 5872 erat
2263 5833 2276 5871 :
2303 5813 2393 5872 sed
2419 5813 2472 5867 in
2501 5827 2664 5867 escam
2687 5809 3106 5879 dederunt;quia
3133 5809 3242 5880 jam
3277 5809 3532 5866 Dominus
