4076 6464
505 423 610 481 8ὺ9

506 553 681 593 escam
723 541 1026 604 acceperat,
1055 539 1108 586 et
1135 528 1186 584 in
1219 527 1387 599 ipsam
1415 526 1662 596 injectum
1699 533 1780 576 est
1804 520 1895 576 fel.
1923 521 2089 574 Acce—

508 638 656 700 perat
683 636 858 680 autem
889 625 1002 693 ipse
1030 635 1206 678 escam
1229 634 1465 680 suavem,
1485 613 1694 687 quando
1722 611 1914 683 pascha
1941 625 2091 664 man-

506 719 715 774 ducavit
741 731 860 770 cum
889 713 1164 782 discipulis
1183 712 1329 765 suis:
1360 709 1430 762 ibi
1460 715 1847 762 sacramentum
1870 703 1951 758 sui
1972 718 2091 758 cor-

508 809 653 880 poris
673 807 1055 863 demonstravit
1077 804 1226 877 (Luc.
1250 818 1384 865 χχιι,
1411 801 1518 870 19).
1539 800 1595 854 In
1616 801 1751 856 hanc
1777 813 1951 855 escam
1981 806 2087 852 tam

507 915 744 966 suavem,
770 909 874 953 tam
903 897 1110 951 dulcem
1142 894 1354 948 unitatis
1381 893 1596 957 Christi,
1627 906 1785 961 quam
1813 904 2089 945 commen-

508 993 600 1048 dat
631 993 914 1063 Apostolus
932 1033 945 1054 ,
974 991 1175 1052 dicens,
1211 988 1343 1054 Quia
1373 1003 1500 1040 unus
1527 986 1880 1058 panis,unum
1908 998 2102 1051 corpus,

506 1084 649 1138 multi
689 1098 862 1136 sumus
891 1081 934 1150 (l
979 1082 1094 1134 Cor.
1128 1094 1160 1131 χ
1187 1119 1200 1139 ,
1231 1077 1355 1146 l7);
1382 1079 1432 1129 in
1468 1075 1602 1130 hanc
1649 1088 1824 1128 escam
1875 1086 2101 1126 suavem

509 1174 629 1243 quis
650 1182 730 1227 est
753 1172 840 1242 qni
868 1171 957 1225 dat
981 1169 1070 1236 fel,
1101 1169 1199 1222 nisi
1218 1167 1636 1222 contradictores
1656 1163 1949 1235 Evangelii,
1975 1172 2090 1216 tan-

511 1280 666 1334 qnam
695 1264 765 1317 illi
812 1269 1180 1332 persecutores
1203 1258 1440 1315 Christi?
1469 1258 1638 1312 Minus
1663 1257 1804 1311 enim
1835 1270 2090 1326 peccave-

503 1347 635 1408 ‘runt
659 1353 824 1407 Judari
855 1353 1222 1421 erucitigcntes
1253 1351 1304 1404 in
1339 1358 1475 1404 terra
1506 1347 1864 1402 ambulantem
1890 1388 1904 1412 ,
1933 1360 2090 1414 quam

511 1446 598 1516 qui
621 1453 966 1499 contemnunt
985 1444 1035 1496 in
1056 1443 1192 1497 emlo
1219 1443 1512 1495 sedentem.
1537 1438 1686 1506 Quod
1708 1452 1836 1508 ergo
1855 1437 2105 1491 fecerunt-

510 1535 698 1603 Jndwi,
723 1545 777 1589 ut
805 1535 854 1588 in
887 1550 1060 1590 escam
1088 1548 1244 1603 quam
1270 1535 1377 1600 jam
1401 1541 1676 1598 acceperat
1699 1528 1884 1583 darent
1906 1527 2094 1582 biben-

510 1626 636 1681 dum
663 1641 902 1681 amarum
949 1625 1092 1680 illum
1125 1635 1306 1694 potum
1333 1665 1346 1688 ,
1377 1623 1478 1678 hoc
1510 1623 1707 1677 faciunt
1733 1621 1821 1691 qui
1851 1619 1991 1676 male
2017 1619 2092 1673 vi.

512 1718 684 1774 vendo
709 1718 1015 1773 scandalum
1046 1717 1277 1771 inferunt
1307 1715 1559 1770 Ecclesiae
1591 1733 1602 1768 :
1637 1714 1737 1768 hoc
1769 1714 1965 1778 faciunt
1987 1711 2094 1766 ha:-

509 1809 662 1864 retici
701 1810 1082 1874 amaricantes;
1115 1809 1208 1863 sed
1251 1824 1354 1862 non
1387 1808 1683 1863 exaltentnr
1713 1808 1764 1861 in
1793 1805 2093 1876 semetipsis

513 1901 680 1972 (Psal.
715 1918 846 1968 va,
881 1903 953 1970 '7).
985 1902 1118 1956 Dant
1147 1902 1213 1957 fel
1251 1915 1410 1968 super
1436 1911 1542 1954 tam
1567 1899 1859 1968 jucundum
1891 1897 2090 1953 cibum.

513 1994 616 2047 Sed
664 1994 788 2063 quid
849 1993 976 2048 facit
1018 1993 1312 2047 Dominus?
1346 1991 1460 2046 Non
1504 1992 1736 2046 admittit
1787 1990 1854 2045 ad
1900 2003 2095 2059 corpus

511 2098 685 2136 suum.
720 2083 830 2137 lloc
855 2091 1190 2138 sacramento
1216 2083 1330 2151 ipse
1359 2083 1632 2154 Dominus,
1659 2082 1872 2153 quando
1903 2082 1976 2136 illi
1997 2080 2097 2136 ob-

513 2175 743 2228 tulerunt
774 2172 875 2240 fel,
905 2176 1164 2244 gustavit,
1197 2183 1248 2228 et
1276 2174 1445 2229 noluit
1470 2173 1652 2229 bibere
1679 2173 1888 2246 (Matth.
1917 2189 2092 2241 xxvn,

513 2266 622 2334 3i).
651 2265 705 2320 Si
737 2281 840 2318 non
871 2281 966 2320 eos
996 2275 1317 2334 pateremur,
1345 2281 1445 2320 nec
1474 2265 1692 2320 omnino
1719 2275 2090 2334 gustaremus:

512 2357 633 2426 quia
679 2371 806 2412 vero
850 2371 1071 2412 necesse
1105 2365 1188 2410 est
1215 2370 1308 2410 eos
1337 2356 1474 2425 pati,
1507 2370 1725 2410 necesse
1754 2365 1835 2410 est
1871 2355 2092 2425 gustari.

511 2448 618 2504 Sed
647 2449 765 2518 quia
797 2449 848 2502 in
881 2449 1134 2503 membris
1161 2447 1359 2502 Christi
1391 2447 1522 2503 tales
1547 2463 1666 2502 esse
1695 2463 1800 2502 non
1831 2457 2051 2517 possunt
2077 2489 2092 2514 ,

511 2531 710 2608 gustari
742 2548 982 2608 possunt,
1013 2541 1175 2609 recipi
1207 2540 1258 2594 in
1288 2555 1484 2609 corpus
1514 2555 1618 2594 non
1648 2549 1888 2608 possunt.
1917 2539 1980 2592 Et
2007 2541 2096 2594 de—

513 2634 693 2687 derunt
724 2633 775 2685 in
801 2649 964 2686 eseam
991 2649 1154 2685 meam
1175 2632 1265 2701 fel,
1294 2640 1340 2685 et
1365 2633 1417 2686 in
1442 2632 1526 2686 siti
1553 2647 1661 2685 mea
1692 2640 1988 2700 potaverunt
2018 2647 2096 2685 me

511 2733 670 2778 aceto.
711 2721 965 2777 Sitiebam
990 2764 1006 2787 ,
1039 2731 1093 2777 et
1121 2731 1330 2777 acetum
1365 2722 1568 2791 accepi;
1598 2721 1646 2775 id
1679 2729 1760 2777 est
1785 2719 1944 2776 ﬁdem
1977 2721 2096 2775 illo-

512 2831 628 2869 rum
659 2813 979 2879 desideravi,
1011 2823 1064 2868 et
1095 2822 1410 2868 vetustatem
1443 2813 1642 2868 inveni.

584 2907 634 2959 7.
670 2905 818 2979 [vers.
859 2906 950 2972 25,
978 2906 1069 2961 24.
1091 2905 1112 2978 ]
1138 2905 1254 2960 Fiat
1283 2922 1454 2960 mensa
1488 2921 1661 2962 eorum
1690 2923 1860 2961 coram
1885 2907 2012 2978 ipsis
2043 2908 2095 2961 in

513 2999 865 3067 muscipulam.
895 2999 1116 3065 Qualem
1147 2997 1495 3066 muscipulam
1533 2997 1663 3050 mihi
1700 2996 2053 3052 exhibuerunt
2078 3040 2092 3062 ,

513 3088 692 3142 dando
735 3087 862 3142 mihi
911 3089 1072 3142 talem
1118 3097 1334 3157 potum,
1368 3088 1488 3141 talis
1515 3088 1810 3158 muscipula
1856 3089 1959 3143 illis
2004 3089 2094 3148 sit.

513 3179 688 3247 Quare
712 3193 858 3248 ergo,
886 3193 1054 3230 coram
1074 3177 1239 3248 ipsis?
1259 3177 1561 3242 Sufﬁceret,
1587 3174 1705 3230 Fiat
1734 3194 1903 3232 mensa
1926 3193 2116 3241 eorum,

514 3271 568 3324 in
591 3269 946 3338 muscipulam.
973 3268 1106 3324 Sunt
1132 3267 1263 3323 tales
1287 3269 1374 3338 qui
1406 3269 1734 3338 iniquitatem
1763 3284 1912 3323 suam
1941 3283 2097 3324 nove-

516 3367 660 3427 runt,
688 3367 742 3414 et
770 3358 823 3412 in
841 3373 900 3413 ea
927 3357 1349 3428 pertinacissime
1368 3368 1712 3427 perseverant
1735 3377 1747 3412 :
1767 3373 1944 3414 coram
1965 3358 2118 3429 ipsis,

515 3453 574 3513 lit
599 3451 889 3522 muscipula
917 3465 1122 3506 eorum.
1151 3449 1440 3508 Perniciosi
1489 3450 1645 3504 nimis
1677 3451 1773 3519 ipsi
1813 3459 1972 3519 sunt,
2003 3453 2094 3523 qui

515 3541 845 3604 descendunt
870 3541 921 3596 in
950 3541 1212 3597 infernum
1242 3541 1479 3596 viventes
1506 3539 1678 3609 (Psal.
1709 3555 1813 3606 Liv,
1850 3542 1958 3611 16).
1993 3544 2094 3599 De-

515 3632 675 3702 nique
715 3631 782 3686 de
826 3631 1254 3701 persecutoribus
1287 3631 1412 3701 quid
1453 3629 1651 3684 dictum
1681 3629 1938 3684 cst?Nisi
1978 3633 2098 3700 quia

515 3722 766 3778 Dominus
789 3733 895 3777 erat
919 3724 972 3776 in
1006 3723 1146 3778 nobis
1167 3764 1180 3787 ,
1217 3727 1429 3793 fortasse
1453 3723 1587 3776 vivos
1616 3721 1981 3776 absorbuissent
2006 3739 2097 3776 nos

517 3811 691 3882 (Psal.
733 3828 900 3868 cxxnt
920 3853 934 3879 ,
962 3813 998 3866 2
1020 3854 1035 3879 ,
1068 3813 1143 3882 5).
1172 3812 1308 3889 Quid
1343 3819 1452 3876 est,
1492 3811 1668 3866 vivos?
1690 3812 2097 3868 Consentientes

518 3905 654 3972 illis,
687 3914 739 3959 et
767 3905 997 3959 scientes
1023 3905 1146 3975 quia
1177 3905 1256 3959 eis
1292 3905 1595 3960 consentire
1619 3919 1724 3959 non
1750 3904 2094 3960 debebamus.

518 3995 662 4066 Ergo
703 4011 881 4051 coram
923 3996 1050 4067 ipsis
1080 3997 1138 4050 ﬁt
1169 3997 1458 4067 muscipula
1479 4039 1493 4062 ,
1523 3977 1576 4052 ei
1606 4012 1708 4053 non
1738 3999 2094 4068 corriguntur.

520 4087 618 4142 Vel
647 4088 768 4157 quia
796 4102 976 4142 coram
1014 4087 1142 4158 ipsis
1169 4097 1253 4144 est
1281 4089 1570 4158 muscipula
1597 4131 1612 4156 ,
1645 4107 1748 4144 non
1777 4091 2013 4146 incidant
2035 4092 2097 4146 ‘?

519 4179 658 4234 Ecce
683 4187 876 4234 norunt
895 4180 1264 4250 muscipulam,
1293 4188 1346 4236 et
1375 4179 1563 4250 pedem
1583 4181 1814 4249 mittunt,
1837 4191 1889 4238 et
1913 4191 2101 4238 tenen-

517 4269 582 4324 da
613 4269 746 4324 colla
777 4269 1078 4338 subjiciunt.
1106 4271 1316 4340 Quanto
1347 4272 1534 4327 melius
1577 4283 1692 4328 erat
1720 4276 1886 4331 averti
1916 4290 1946 4330 a
1977 4289 2096 4330 mu-

516 4362 716 4431 scipula
748 4377 762 4424 ;
792 4372 1064 4430 peccatum
1115 4378 1436 4433 cognoscere
1466 4407 1482 4431 ,
1513 4379 1750 4421 errorem
1802 4366 2056 4426 damnare
2079 4411 2095 4436 ,

516 4453 870 4508 amaritudine
890 4468 1093 4520 carere,
1110 4454 1160 4507 in
1179 4469 1373 4524 corpus
1397 4454 1592 4510 Christi
1617 4459 1863 4526 transire,
1889 4459 2098 4516 Domini

515 4543 736 4612 gloriam
780 4559 1020 4614 qumrere
1045 4546 1058 4600 Ξ
1085 4544 1190 4600 Sed
1223 4555 1423 4600 tantum
1472 4547 1608 4602 valet
1635 4548 1797 4603 animi
1840 4564 2100 4620 praasnm-

517 4635 631 4705 ptio
655 4677 668 4700 ,
699 4644 758 4689 ut
785 4648 837 4689 et
861 4651 1040 4690 coram
1082 4637 1208 4706 ipsis
1238 4641 1529 4710 muscipula
1554 4642 1624 4696 sit
1647 4685 1659 4707 ,
1692 4653 1745 4698 et
1785 4645 2016 4700 incidant
2044 4647 2097 4700 in

517 4741 662 4780 eam.
695 4725 1030 4782 Ubscurentur
1077 4730 1213 4786 oculi
1259 4720 1462 4796 eorum,
1495 4749 1557 4786 ne
1592 4734 1791 4789 videant
1817 4779 1830 4798 ,
1859 4738 2101 4807 sequitur

519 4813 640 4879 hic;
675 4825 730 4869 nt
758 4817 1006 4885 quoniam
1037 4819 1152 4874 sine
1181 4835 1338 4875 causa
1366 4821 1629 4889 viderunt,
1665 4824 1754 4879 tiat
1783 4827 1885 4881 illis
1909 4836 1963 4882 et
1992 4844 2097 4883 non

517 4907 720 4959 videre.
756 4905 872 4959 Fiat
901 4923 1026 4978 ergo
1054 4927 1224 4964 mensa
1251 4928 1423 4966 eorum
1444 4930 1611 4966 coram
1635 4915 1756 4985 ipsis
1781 4917 1830 4970 in
1854 4919 2102 4988 muscipu-

517 4996 636 5048 lam.
667 4997 846 5050 Coram
872 4999 994 5069 ipsis
1019 5001 1109 5068 ﬁat
1132 5003 1182 5053 in
1206 5005 1556 5071 muscipulam,
1582 5022 1684 5060 non
1716 5010 1948 5076 optantis
1973 5020 2058 5065 est
2079 5053 2095 5078 ,

515 5089 608 5144 sed
636 5088 1001 5159 prOphetantis
1025 5109 1043 5155 ,-
1077 5108 1180 5146 non
1206 5103 1260 5146 ut
1287 5096 1395 5160 tiat,
1419 5095 1511 5150 sed
1541 5098 1659 5166 quia
1691 5097 1796 5153 hct.
1824 5099 1935 5156 Hoc
1955 5117 2098 5172 sarpc

513 5180 1024 5247 commendavimus,
1055 5192 1108 5237 et
1135 5185 1437 5240 meminisse
1459 5185 1684 5254 debetis,
1707 5205 1772 5244 ne
1792 5191 1932 5262 quod
1965 5210 2100 5262 prae-

513 5288 637 5342 saga
667 5289 816 5328 mens
855 5277 905 5328 in
935 5275 1136 5345 Spiritu
1169 5277 1262 5330 Dei
1294 5278 1444 5346 dicit,
1478 5281 1733 5336 malevole
1765 5283 2042 5354 imprecari
2075 5290 2095 5320 ²

514 5365 769 5420 videatur.
802 5367 919 5421 Fiat
943 5384 1096 5438 ergo;
1128 5385 1225 5422 nec
1253 5379 1427 5439 pOtcst
1452 5371 1606 5427 aliter
1633 5375 1741 5428 licri
1764 5416 1777 5438 ,
1810 5375 1906 5428 nisi
1936 5387 1990 5429 ut
2018 5385 2098 5430 ta-

515 5455 650 5509 lihns
673 5457 768 5510 ista
792 5459 1054 5512 eveniant.
1085 5459 1152 5512 Et
1181 5462 1428 5529 quoniam
1459 5462 1698 5517 videmus
1728 5479 1821 5532 per
1843 5465 2097 5534 Spiritum

513 5547 603 5600 Dei
632 5547 733 5601 dici
763 5548 884 5600 talia
916 5559 1169 5604 eventura
1201 5552 1389 5616 malis;
1423 5551 1485 5605 ad
1521 5553 1620 5607 hoc
1662 5554 1712 5607 in
1743 5555 1845 5610 illis
1876 5555 1989 5612 hsce
2015 5558 2097 5612 in-

514 5640 810 5710 telligamus
832 5683 846 5707 ,
881 5651 936 5696 ut
975 5658 1072 5698 nos
1111 5645 1235 5699 talia
1275 5643 1573 5700 devitemus
1603 5664 1613 5699 :
1648 5648 1750 5704 hoc
1773 5648 1915 5705 enim
1948 5652 2100 5708 nobis

576 5775 596 5845 ξ
613 5775 684 5845 sic
706 5781 810 5845 MSS:
832 5783 884 5827 Al.
904 5776 1037 5845 uid,
1054 5783 1098 5826 et
1123 5781 1357 5830 mtuum.

577 5836 596 5864 ²
621 5841 748 5896 5155.,
773 5836 1044 5899 deprecari.

1762 407 1819 462 S.
1863 403 2222 460 AUGUSTINI
2263 401 2560 458 EPISCOPI

3671 411 3777 468 suo
3829 375 3838 382 ’

2200 521 2412 588 prodest
2439 520 2755 590 intelligere,
2784 528 2839 576 et
2857 535 2920 576 ex
2944 521 3172 577 inimicis
3203 523 3480 591 prolicere.
3511 525 3777 597 Fiatergo

2194 610 2316 674 illis,
2347 620 2392 664 et
2420 612 2473 666 in
2501 612 2893 677 retributionem,
2921 622 2968 666 et
2996 613 3048 666 in
3079 614 3394 667 scandalum.
3425 615 3492 670 Et
3518 619 3775 686 numquid

2194 702 2444 772 injustum
2471 713 2551 759 est
2579 703 2681 758 hoc
2700 704 2722 756 ?
2741 703 2947 758 Justum
2969 715 3069 760 est.
3096 705 3308 772 Quare?
3332 705 3596 772 Quoniam
3622 709 3675 762 in
3700 727 3780 764 re-

2195 794 2506 846 tributionem
2530 809 2668 848 :nnn
2695 795 2834 856 enim
2862 795 3058 864 aliquid
3092 796 3196 850 illis
3218 796 3486 852 accideret
3505 799 3649 867 quod
3673 815 3779 854 non

2195 883 2504 938 debebatur.
2539 883 2602 938 In
2632 886 3003 942 retributionem
3033 888 3091 942 fit
3110 929 3125 955 ,
3153 897 3200 940 et
3219 889 3270 942 in
3293 889 3622 957 scandalum,
3655 891 3782 960 quia

2195 973 2294 1046 ipsi
2325 975 2423 1029 sibi
2451 985 2574 1029 sunt
2594 975 2925 1031 scandalum.

2268 1070 2320 1126 8.
2367 1069 2707 1128 Obscnrentur
2734 1071 2868 1124 oculi
2897 1087 3087 1138 eorum,
3119 1088 3182 1126 ne
3208 1072 3451 1138 uideant;
3479 1083 3525 1128 et
3573 1074 3783 1130 dorsum

2195 1161 2400 1217 illorum
2420 1179 2615 1230 semper
2638 1162 2865 1216 incurva.
2888 1161 3000 1232 Hoc
3017 1178 3348 1233 consequens
3367 1173 3469 1220 est.
3495 1164 3627 1219 Nam
3650 1181 3785 1236 quo-

2196 1269 2313 1308 rum
2341 1253 2480 1308 oculi
2515 1252 2710 1308 fuerint
2735 1254 3002 1308 obscurati
3029 1295 3044 1318 ,
3072 1270 3138 1309 ne
3166 1253 3420 1322 videant,
3451 1257 3695 1326 sequitur
3725 1267 3781 1312 ut

2197 1343 2414 1402 dorsum
2445 1345 2653 1400 illorum
2685 1346 3008 1400 incnrvetur.
3027 1345 3178 1402 Unde
3196 1345 3333 1401 hoc?
3359 1347 3491 1414 Quia
3519 1363 3639 1402 cum
3665 1364 3784 1404 ces-

2196 1435 2431 1490 saverint
2457 1450 2684 1504 superna
2713 1451 3036 1505 cognoscere
3057 1477 3071 1502 ,
3108 1451 3327 1491 necesse
3355 1449 3437 1492 est
3465 1446 3524 1492 ut
3548 1439 3617 1494 de
3647 1439 3784 1495 inle-

2196 1528 2428 1583 rioribus
2460 1529 2710 1598 cogitent.
2743 1528 2843 1596 Qui
2871 1530 3008 1585 bene
3035 1529 3209 1596 audit,
3240 1529 3465 1586 Sursum
3497 1545 3625 1593 cor.
3656 1547 3784 1588 cur-

2197 1635 2318 1674 vum
2345 1619 2563 1680 dorsum
2594 1609 2696 1674 non
2724 1621 2900 1676 habet.
2932 1621 3118 1682 Erecta
3145 1623 3338 1692 quippe
3364 1632 3563 1676 statura
3595 1639 3789 1694 evspe-

2197 1719 2304 1766 ctat
2320 1727 2470 1781 spem
2488 1713 2772 1782 repositam
2801 1713 2899 1767 sibi
2923 1713 2978 1767 in
3003 1715 3160 1779 ccelo;
3177 1716 3406 1769 maxime
3428 1716 3470 1770 si
3499 1717 3788 1784 prmutittat

2199 1801 2506 1858 thesaurum
2529 1820 2684 1858 suum
2705 1845 2720 1868 ,
2749 1819 2854 1874 quo
2889 1815 3144 1874 sequatur
3171 1820 3264 1861 cor
3301 1807 3418 1876 ejus
3447 1807 3658 1878 (Matth.
3685 1825 3736 1864 vi
3766 1852 3783 1875 ,

2195 1892 2308 1963 2|).
2340 1893 2409 1947 At
2435 1908 2563 1948 vero
2583 1895 2674 1964 qui
2695 1895 2882 1949 futura:
2904 1896 3027 1950 vitae
3046 1911 3194 1966 spem
3218 1913 3324 1951 non
3348 1898 3650 1970 intelligunt
3670 1901 3784 1970 jam

2197 1986 2469 2049 cxcmcati,
2501 1984 2568 2042 de
2593 1983 2935 2042 inferioribus
2959 1987 3192 2056 cogitant
3217 1974 3310 2042 :et
3337 1988 3441 2044 boe
3467 2000 3551 2044 est
3581 1990 3783 2048 habere

2197 2075 2414 2132 dorsum
2458 2091 2707 2141 curvum;
2741 2091 2770 2130 a
2821 2093 2926 2147 quo
2975 2079 3162 2132 morbo
3205 2079 3461 2134 Dominus
3504 2081 3785 2136 mulierem

2198 2169 2340 2224 illam
2377 2169 2641 2224 liberavit.
2673 2169 3002 2239 Alligaverat
3041 2171 3182 2224 enim
3220 2185 3337 2225 eam
3386 2182 3600 2226 satanas
3627 2174 3786 2230 annis

2197 2259 2380 2314 decem
2409 2270 2463 2314 et
2489 2267 2646 2326 octo;
2679 2268 2730 2314 et
2755 2276 2872 2314 eam
2897 2263 3202 2320 curvatam’
3229 2261 3418 2328 erexit,
3448 2272 3502 2317 et
3524 2265 3644 2334 quia
3667 2265 3788 2320 sab-

2197 2350 2320 2406 bato
2350 2349 2596 2418 faciebat,
2624 2351 2965 2406 scandalizati
2994 2361 3117 2406 sunt
3140 2352 3312 2408 Judaei
3348 2372 3361 2406 ε
3396 2354 3526 2410 bene
3555 2357 3788 2411 seandao

2199 2441 2339 2496 lizati
2367 2450 2492 2496 sunt
2519 2442 2584 2497 de
2607 2442 2692 2496 illa
2719 2453 2919 2510 erecta,
2949 2445 3046 2512 ipsi
3070 2445 3214 2500 curvi
3239 2443 3388 2516 (Luc.
3418 2461 3503 2500 sin
3523 2489 3538 2513 ,
3567 2448 3677 2518 l6).
3711 2447 3785 2502 Et

2198 2533 2402 2587 dorsum
2433 2534 2632 2588 illorum
2659 2551 2853 2605 semper
2879 2537 3106 2590 incurva.

2268 2623 2321 2678 9.
2350 2621 2514 2696 [vers
2538 2623 2670 2697 ‘25.]
2697 2625 2919 2693 Eﬂ'unde
2943 2643 3096 2698 super
3122 2643 3208 2683 eos
3227 2629 3354 2692 iram
3377 2638 3514 2683 tuam
3538 2671 3552 2694 ,
3579 2641 3626 2685 et
3651 2631 3792 2686 indi.-

2199 2716 2369 2785 gnatio
2405 2717 2496 2769 ira:
2525 2725 2628 2770 tua:
2651 2717 3042 2787 comprehendat
3065 2735 3168 2772 eos.
3193 2720 3356 2775 Plana
3387 2731 3509 2776 sunt
3537 2740 3550 2776 :
3580 2723 3674 2777 sed
3703 2734 3788 2778 tae

2198 2821 2318 2861 men
2342 2847 2358 2870 ,
2383 2807 2772 2876 comprehendat
2801 2825 2886 2863 eos
2909 2851 2924 2876 ,
2949 2811 3100 2879 quasi
3131 2811 3389 2880 fugientes
3421 2815 3783 2884 agnoscimus.

2198 2897 2314 2970 Quo
2365 2906 2540 2952 autem
2591 2897 2803 2968 fugituri
2847 2901 3014 2954 sunt?
3052 2899 3105 2954 In
3133 2901 3463 2964 ca:lum?Tu
3500 2904 3572 2959 ibi
3615 2920 3696 2959 es.
3729 2905 3786 2961 Ιιι

2200 2988 2510 3046 infernum?
2554 2991 2698 3045 Ades
2729 2989 2748 3065 (
2775 2991 2917 3046 Psat.
2967 3007 3198 3048 cxsxvut
3223 3035 3237 3059 ,
3269 2996 3362 3066 8).
3397 2995 3608 3052 Pennas
3660 3012 3787 3054 suas

2199 3083 2391 3137 nolunt
2416 3084 2652 3151 recipere
2675 3125 2689 3148 ,
2727 3093 2783 3138 ut
2811 3085 2990 3139 volent
3021 3086 3071 3139 in
3106 3085 3366 3142 directum
3400 3106 3413 3140 :
3443 3086 3790 3160 Comprehen-

2199 3173 2286 3227 dat
2335 3191 2417 3228 eos
2454 3175 2735 3245 indignatio
2785 3175 2876 3230 ira:
2914 3185 3054 3240 tute;
3079 3192 3188 3233 non
3225 3193 3318 3234 eos
3353 3180 3626 3248 permittat
3649 3179 3786 3236 effu-

2267 3278 2344 3318 re.

2267 3278 2344 3318 re.
3630 3303 3632 3305 ›

2198 3278 2357 3412 se“).
2378 3353 2526 3428 [vers.
2549 3355 2662 3428 26.]
2692 3355 2810 3409 Fiat
2834 3357 3081 3435 habitatio
3104 3375 3274 3413 eorum
3302 3359 3514 3414 deserta.
3545 3361 3656 3418 Hoc
3674 3362 3787 3432 jam

2201 3447 2254 3502 in
2279 3446 2575 3502 manifesto.
2599 3447 2874 3516 Quomodo
2911 3449 3053 3504 enim
3089 3451 3452 3508 liberationem
3490 3467 3639 3509 suam
3682 3471 3791 3511 non

2200 3540 2372 3598 solum
2399 3541 2662 3595 occultam
2690 3542 3082 3597 commendavit
3109 3543 3293 3599 dicens
3318 3587 3332 3610 ,
3363 3545 3578 3602 Intende
3605 3550 3792 3605 anima

2199 3647 2342 3696 metu,
2375 3641 2422 3685 et
2450 3628 2636 3685 redime
2663 3648 2798 3696 eam;
2827 3648 3009 3688 verum
3039 3635 3198 3690 etiam
3223 3638 3556 3693 manifestam
3589 3655 3788 3696 secun-

2198 3723 2324 3777 dum
2350 3738 2562 3790 corpus,
2590 3724 2864 3790 adjiciens,
2892 3725 3110 3796 Propter
3128 3729 3355 3785 inimicos
3384 3747 3516 3786 meos
3532 3750 3647 3787 erae
3669 3752 3746 3787 me
3770 3753 3791 3792 :

2200 3815 2270 3869 ita
2300 3825 2354 3868 et
2393 3813 2474 3868 his
2503 3813 2706 3871 futuras
2733 3816 2988 3886 quasdam
3036 3819 3370 3876 calamitates
3419 3825 3658 3892 praedicit
3698 3841 3795 3882 oc-

2199 3905 2397 3971 cultas,
2425 3905 2493 3960 de
2533 3905 2724 3975 quibus
2771 3907 2926 3977 paulo
2967 3918 3088 3963 ante
3115 3910 3446 3978 loquebatur.
3480 3914 3606 3968 Nam
3650 3933 3794 3986 quo-

2203 3996 2509 4068 tusquisque
2543 4005 2660 4062 est,
2690 3999 2779 4067 qui
2829 3999 3088 4069 intelligat
3137 4001 3499 4059 infelicitatem
3558 4005 3795 4066 hominis

2200 4089 2350 4158 cujus
2376 4105 2470 4144 cor
2493 4089 2604 4158 jam
2631 4105 2832 4145 caecum
2859 4092 2984 4146 est?
3007 4091 3284 4148 Tollantur
3311 4096 3382 4150 illi
3410 4097 3548 4152 oculi
3589 4115 3787 4169 corpo-

2201 4181 2364 4250 poris;
2395 4195 2583 4236 omnes
2609 4180 2849 4237 homines
2873 4184 3124 4239 miserum
3149 4187 3364 4242 dicunt:
3391 4190 3576 4260 perdat
3601 4194 3793 4250 oculos
3835 4223 3844 4236 ι

2201 4270 2521 4337 mentis,sed
2549 4280 2720 4326 tamen
2748 4272 3567 4336 circumﬂuatomniabundantia
3587 4299 3791 4351 rerum;

2203 4363 2410 4418 felicem
2438 4364 2726 4433 appellant,
2746 4365 2839 4419 sed
2857 4368 2945 4436 qui
2977 4368 3221 4424 similiter
3248 4373 3439 4427 mentis
3464 4374 3643 4429 oculos
3664 4391 3794 4446 per-

2201 4455 2468 4516 diderunt.
2497 4456 2637 4526 Ergo
2652 4457 2762 4527 jam
2789 4457 2916 4528 quid
2945 4469 3150 4530 aperte,
3179 4470 3237 4516 ut
3265 4475 3514 4533 appareat
3539 4469 3796 4526 omnibus

2202 4548 2324 4618 quia
2365 4547 2683 4602 vindicatum
2709 4557 2790 4602 est
2828 4550 2879 4603 in
2921 4551 3032 4605 eis?
3055 4551 3186 4606 Nam
3217 4556 3428 4610 c;ecitas
3457 4557 3792 4625 Iudaeorum,

2201 4637 2407 4692 occulta
2450 4637 2676 4692 vindicta
2706 4647 2824 4694 est:
2856 4641 3134 4698 manifesta
3162 4660 3291 4699 vero
3315 4647 3472 4716 qum?
3497 4647 3616 4702 Fiat
3641 4651 3798 4706 habi-

2202 4731 2323 4784 tatio
2353 4748 2524 4784 eorum
2549 4731 2762 4798 deserta,
2789 4743 2835 4786 et
2859 4734 2910 4788 in
2937 4735 3269 4792 tabernaculis
3291 4755 3464 4793 eorum
3491 4758 3587 4796 non
3616 4743 3798 4814 sitqui

2200 4821 2459 4875 inhabitet.
2491 4821 2708 4877 Factum
2738 4831 2818 4877 est
2845 4823 2948 4879 hoc
2977 4825 3025 4878 in
3059 4827 3171 4896 ipsa
3205 4827 3419 4885 civitate
3451 4830 3743 4888 Jerusalem
3775 4878 3793 4902 ,

2202 4910 2254 4964 in
2275 4925 2375 4980 qua
2404 4911 2502 4965 sibi
2530 4911 2627 4965 visi
2653 4921 2777 4966 sunt
2801 4923 3046 4984 potentes
3063 4959 3076 4980 ,
3105 4917 3387 4974 clamando
3413 4921 3670 4978 adversus
3698 4924 3792 4980 Fi-

2203 5001 2328 5055 lium
2357 5002 2468 5068 Dei,
2503 5001 2788 5075 Cruciﬁge,
2825 5007 3061 5077 cruci/iga
3089 5008 3106 5078 (
3130 5007 3286 5063 Joan.
3319 5026 3427 5076 six,
3459 5013 3536 5082 6);
3565 5023 3619 5070 et
3649 5031 3789 5085 pm.

2202 5093 2457 5159 valendo,
2489 5095 2611 5164 quia
2651 5103 2934 5164 potuerunt
2979 5099 3226 5154 occidere
3265 5117 3385 5156 cum
3431 5104 3518 5174 qui
3551 5117 3786 5163 mortuos

2203 5188 2512 5242 suscitabat.
2566 5188 2734 5254 Quam
2784 5189 2884 5244 sibi
2935 5199 3219 5261 potentes,
3252 5208 3411 5264 quam
3457 5197 3631 5267 magni
3691 5198 3799 5253 visi

2203 5280 2358 5335 sunt!
2384 5277 2682 5336 Consecuta
2725 5291 2808 5336 est
2854 5292 3038 5352 postea
3065 5280 3295 5341 vindicta
3348 5287 3800 5360 Domini;expu-

2202 5378 2359 5439 gnata
2388 5379 2471 5424 est
2498 5371 2713 5435 civitas,
2741 5371 2988 5428 debellati
3015 5373 3218 5444 Juda-i,
3247 5378 3422 5432 occisa
3452 5381 3635 5436 nescio
3665 5393 3801 5452 quot

2204 5460 2478 5514 hominum
2510 5461 2696 5516 millia.
2730 5461 2914 5518 Nullus
2944 5465 3068 5521 illnc
3093 5467 3252 5522 modo
3282 5471 3608 5538 permittitur
3641 5488 3803 5529 acce-

2203 5550 2329 5606 dere
2380 5549 2824 5618 Judzeornm;uhi
2869 5563 3157 5624 potuerunt
3196 5559 3454 5616 adversus
3505 5563 3801 5620 Dominum

2203 5641 2464 5706 clamare,
2511 5643 2580 5696 ibi
2620 5660 2648 5697 a
2703 5646 2926 5701 Domino
2966 5664 3069 5703 non
3114 5653 3493 5719 permittuntur
3531 5655 3800 5712 habitare.

2206 5732 2557 5788 Perdiderunt
2576 5735 2748 5790 locum
2776 5736 2969 5793 furoris
2991 5741 3072 5795 sui
3097 5752 3281 5813 :atquc
3308 5745 3512 5801 utinam
3541 5749 3624 5804 vel
3655 5765 3806 5809 nunc

2272 5846 2288 5878 ⁸
2323 5852 2500 5898 Omnes
2519 5862 2667 5913 prope
2691 5856 2819 5916 Mss,
2843 5860 3076 5906 curatwn.
