4076 6442
270 340 363 394 Sfii

265 463 559 522 agnoscant
591 453 763 511 locum
803 455 996 524 quietis
1024 457 1166 511 sua)!
1197 455 1332 523 Quid
1368 461 1564 528 proluit
1596 461 1700 515 illis
1724 462 1851 519 Cai-

265 543 398 614 phas
440 546 669 601 dicendo
691 548 706 578 ⁸
739 565 752 600 :
781 545 890 602 Nos
912 548 956 600 si
979 548 1128 602 istum
1166 548 1500 604 dimiserimus
1526 552 1601 604 sic
1618 593 1632 618 ,
1659 556 1850 609 venient

265 637 506 702 liontani,
522 645 568 690 et
578 637 751 692 tollent
763 638 903 692 nobis
912 647 960 692 et
979 636 1144 702 locum
1164 648 1210 692 et
1226 655 1431 710 regnum
1451 639 1501 713 (Ι
1510 658 1626 695 οαη.
1643 659 1716 707 ιι,
1733 644 1850 715 48)⁴ἔ

263 727 400 782 Ecce
441 735 496 782 ct
533 743 638 782 non
674 743 795 783 eum
826 729 1141 784 dimiserunt
1166 730 1371 794 vivum,
1399 741 1452 785 et
1479 731 1568 788 ille
1595 733 1763 802 vivit;
1797 743 1851 791 et

259 830 522 873 venerunt
549 819 792 888 Romani,
817 828 870 874 et
888 820 1121 874 tulerunt
1143 820 1222 876 eis
1246 831 1298 876 et
1315 821 1489 876 locum
1517 831 1569 878 et
1597 840 1843 895 regnum.

254 908 416 963 Modo
455 909 803 964 audicoamus
823 953 836 975 ,
881 925 1001 965 cum
1032 910 1378 983 Evangelium
1413 912 1679 983 legeretur
1708 933 1722 970 :
1749 914 1844 970 Je-

254 1001 508 1067 rusalem,
562 999 879 1068 Jerusalem,
927 1002 1117 1071 quoties
1169 1002 1305 1056 volui
1355 1018 1660 1074 congregare
1710 1006 1844 1074 ﬁlios

254 1104 364 1147 tuos
387 1135 401 1156 ,
430 1102 668 1162 tanquam
698 1093 890 1162 gallina
917 1091 1083 1163 pullos
1111 1109 1228 1147 suos
1253 1094 1343 1152 sub
1367 1093 1476 1149 alas
1512 1112 1664 1163 suas;
1686 1107 1732 1150 et
1760 1114 1844 1152 nov

253 1186 435 1240 luisti!
488 1183 622 1246 Ecce
669 1186 976 1254 relinquetur
1024 1185 1160 1241 vobis
1210 1187 1386 1240 domus
1431 1201 1594 1240 vestra
1647 1189 1844 1243 deserta

253 1279 468 1344 (Manli.
497 1293 647 1339 χχιιι,
676 1278 742 1332 37
755 1286 800 1330 et
815 1275 927 1347 58).
953 1275 1064 1331 Hoc
1089 1285 1143 1331 et
1169 1276 1253 1331 hic
1278 1277 1494 1332 dicitur:
1513 1277 1632 1331 Fiat
1653 1278 1842 1332 habita-

250 1373 317 1423 tio
375 1385 547 1422 eorum
596 1368 789 1420 deserta
808 1409 822 1432 ,
867 1375 913 1420 et
952 1367 1007 1420 in
1053 1366 1388 1421 tabernaculis
1432 1383 1603 1422 eorum
1634 1384 1734 1422 non
1774 1367 1838 1422 sit

246 1463 333 1532 qui
359 1461 619 1514 inhabitet.
648 1459 766 1514 Non
791 1460 854 1513 sit
873 1460 958 1530 qui
979 1459 1241 1524 inhabitet,
1270 1461 1362 1515 sed
1389 1475 1451 1516 ex
1480 1476 1703 1516 numero
1729 1461 1839 1518 illo-

245 1567 385 1608 rum.
408 1554 538 1608 Nam
563 1554 675 1606 loca
698 1552 786 1606 illa
811 1552 988 1607 omnia
1014 1563 1068 1609 et
1093 1553 1397 1616 hominibus
1425 1555 1581 1626 plena
1608 1564 1751 1625 sunt,
1781 1564 1837 1611 et

245 1647 445 1701 ludatis
477 1646 671 1701 inania.

311 1738 404 1793 11.
437 1737 584 1810 [rem
612 1734 726 1808 ΞΤ]
757 1735 931 1803 Quare
959 1734 1104 1791 hoc?
1145 1735 1396 1802 Quoniam
1429 1754 1574 1808 quem
1616 1748 1670 1794 tu
1711 1756 1829 1810 per-

241 1831 464 1893 cussisti,
494 1829 592 1898 ipsi
622 1827 867 1897 persecuti
891 1836 1028 1892 sunt,
1060 1835 1106 1881 et
1133 1845 1285 1898 super
1314 1828 1539 1884 dolorem
1567 1831 1827 1886 vulnerum

239 1935 468 1973 mearum
493 1917 818 1972 addiderunt.
859 1917 993 1985 Quid
1018 1932 1144 1988 ergo
1171 1928 1560 1989 peccaverunt,
1592 1922 1634 1976 si
1662 1937 1690 1975 a
1721 1923 1830 1980 Deo

240 2027 556 2085 percussum
589 2010 850 2080 persecuti
877 2010 1044 2073 sunt?
1069 2009 1204 2078 Quid
1236 2011 1414 2066 animo
1439 2027 1622 2067 eorum
1653 2015 1827 2084 impu-

241 2091 422 2170 tatur?
460 2102 678 2159 Malitia.
722 2101 853 2156 Nam
892 2101 943 2156 id
987 2101 1039 2156 in
1068 2102 1278 2157 Christo
1323 2102 1517 2158 factum
1563 2114 1645 2159 est
1684 2105 1824 2174 quod

238 2197 543 2269 oportebat.
580 2194 693 2249 Pati
725 2194 906 2262 utique
933 2203 1184 2259 venerat,
1217 2201 1270 2249 ct
1311 2196 1513 2280 punivit
1546 2212 1639 2265 per
1667 2213 1822 2266 quem

235 2306 428 2364 passus
454 2297 556 2343 est.
589 2285 720 2341 Nam
746 2285 910 2342 ludas
937 2285 1160 2342 traditor
1192 2287 1404 2355 punitus
1435 2296 1517 2342 cst
1539 2330 1552 2351 ,
1582 2297 1636 2342 et
1665 2287 1822 2343 Chri-

234 2391 348 2446 stus
378 2376 664 2433 cruciﬁxth
691 2387 806 2441 cst;
838 2375 931 2430 sed
962 2391 1058 2429 nos
1087 2376 1311 2431 redemit
1338 2379 1595 2448 sanguine
1624 2394 1741 2442 suo,
1769 2387 1823 2433 et

234 2472 444 2546 punivit
481 2469 630 2524 illum
671 2467 739 2522 de
781 2467 952 2538 pretio
989 2483 1107 2522 suo.
1140 2467 1368 2537 Proiecit
1403 2470 1544 2525 cnim
1589 2472 1817 2540 pretium

230 2565 437 2636 argenti
463 2576 570 2632 quo
593 2561 660 2615 ab
683 2559 775 2616 illo
805 2560 1058 2615 Dominus
1088 2560 1334 2616 venditus
1361 2570 1494 2627 erat,
1525 2577 1623 2614 nec
1650 2577 1817 2630 agno-

231 2661 300 2713 rit
329 2657 561 2727 pretium
589 2667 696 2722 quo
727 2653 838 2722 ipse
864 2666 892 2708 a
926 2651 1153 2706 Domino
1177 2652 1485 2722 redemptus
1511 2655 1530 2688 ²
1558 2666 1671 2708 erat
1700 2653 1816 2730 (Id.

227 2766 391 2814 xxvn,
415 2747 496 2815 5).
523 2745 744 2804 Factum
771 2753 855 2800 est
880 2743 979 2799 hoc
1009 2744 1058 2799 in
1086 2744 1241 2799 Juda.
1265 2744 1367 2800 Sed
1396 2761 1514 2806 cum
1537 2746 1814 2802 videamus

227 2853 537 2896 mensuram
567 2836 849 2908 quamdam
889 2852 1007 2891 esse
1047 2837 1406 2891 retributionis
1446 2838 1497 2891 in
1543 2838 1806 2903 omnibus,

225 2950 321 2990 nec
357 2946 680 3003 quemquam
711 2944 869 3000 posse
899 2929 1131 3000 permitti
1165 2930 1392 2997 amplius
1429 2929 1618 2985 sazvire
1650 2945 1808 3002 quam

221 3023 493 3094 acceperit
519 3028 874 3091 potestatem;
920 3020 1188 3090 quomodo
1233 3020 1305 3076 illt
1349 3020 1685 3085 addiderunt,
1719 3028 1810 3077 aut

221 3131 337 3185 qua:
361 3121 448 3168 est
475 3112 575 3166 ista
603 3110 876 3181 percussio
913 3109 1160 3165 Domini?
1200 3109 1457 3164 Nimirum
1486 3127 1550 3165 cx
1582 3125 1807 3180 persona

220 3206 430 3265 locutus
453 3211 538 3259 est
561 3203 677 3273 ejus
706 3202 848 3258 unde
877 3216 1072 3272 corpus
1099 3210 1398 3271 acceperat,
1423 3201 1564 3256 unde
1591 3217 1804 3258 carnem

219 3303 612 3367 assumpserat,
648 3293 700 3349 id
743 3302 824 3349 est
852 3292 1062 3363 generis
1093 3292 1338 3356 humani,
1367 3292 1532 3362 ipsius
1560 3291 1688 3347 Adae
1714 3293 1804 3363 qui

217 3399 504 3462 percussus
543 3393 627 3441 cst
668 3384 841 3455 primo
881 3393 1054 3438 morte
1100 3391 1318 3452 prOptcr
1344 3391 1620 3452 peccatum
1647 3397 1800 3439 suum

218 3482 371 3554 (Gen.
399 3497 478 3546 ιιι,
507 3475 618 3552 19).
650 3477 901 3532 Mortales
926 3490 1056 3545 ergo
1093 3474 1181 3530 hic
1222 3475 1466 3530 homines
1493 3490 1612 3530 cum
1646 3491 1800 3546 ptena

216 3582 512 3630 nascuntur
541 3589 555 3624 :
586 3570 708 3625 huic
737 3583 909 3640 pinnat
943 3566 1144 3621 addunt
1163 3607 1175 3629 ,
1206 3565 1525 3636 quicumque
1554 3566 1801 3623 homines

215 3665 412 3721 fuerint
459 3661 744 3734 persecuti.
794 3659 910 3715 iam
967 3657 1109 3712 enim
1158 3655 1321 3710 homo
1377 3656 1462 3710 hic
1511 3657 1799 3713 moriturus

214 3773 317 3822 non
345 3763 511 3822 esset,
533 3753 636 3811 nisi
665 3753 812 3810 illum
839 3751 978 3806 Deus
1009 3749 1358 3820 percussisset
1389 3763 1402 3816 ;
1435 3748 1560 3819 quid
1587 3763 1714 3820 ergo
1741 3759 1799 3804 tu

213 3819 375 3906 homo
403 3819 562 3902 suavis
588 3844 859 3916 amplius?
901 3819 1155 3913 parumne
1185 3841 1384 3896 homini
1413 3849 1513 3908 est,
1537 3819 1676 3912 quod
1702 3842 1798 3897 ali-

212 3939 426 4013 quando
452 3937 744 3993 moriturus
772 3933 892 3990 est?
934 3934 1113 3988 Portat
1136 3947 1263 4003 ergo
1301 3932 1664 4003 unusquisque
1693 3949 1794 3990 no-

212 4045 382 4092 SIrum
429 4045 641 4102 pmnam
671 4043 822 4084 suam
854 4046 868 4082 ι
899 4027 1022 4080 huic
1050 4041 1221 4096 poena:
1250 4026 1434 4080 volunt
1479 4025 1675 4080 addere
1705 4027 1793 4097 qui

211 4140 305 4184 nos
335 4129 748 4194 persequuntur.
795 4119 920 4172 llaec
951 4133 1105 4188 poena
1146 4117 1420 4186 percussio
1453 4125 1534 4171 est
1560 4117 1789 4173 Domini.

209 4217 468 4275 Dominus
497 4214 690 4288 quippe
734 4210 992 4265 sententia
1033 4211 1292 4280 percussit
1329 4209 1596 4264 hominem
1627 4227 1641 4262 :
1676 4209 1793 4277 Qua

210 4311 286 4368 die
311 4305 595 4378 tetigeritis,
627 4303 814 4372 inquit,
848 4310 1008 4355 morte
1032 4301 1312 4354 moriemini
1341 4299 1447 4371 (Id.
1475 4316 1540 4368 ll,
1576 4299 1681 4372 l7).
1711 4300 1790 4355 Ex

208 4399 306 4461 hac
333 4405 510 4452 morte
548 4409 762 4449 carnem
807 4401 1139 4460 susceperat,
1172 4399 1226 4446 ct
1250 4400 1400 4445 vetus
1426 4390 1586 4447 homo
1609 4399 1791 4446 noster

207 4490 363 4550 simul
395 4485 678 4542 cruciﬁxus
710 4493 792 4540 est
819 4498 939 4538 cum
973 4484 1062 4538 illo
1093 4482 1265 4552 (Rom.
1300 4497 1352 4536 vt
1373 4525 1387 4549 ,
1422 4482 1506 4553 6).
1542 4482 1618 4536 Ex
1647 4482 1787 4537 illius

206 4597 336 4636 voce
385 4580 484 4635 ista
527 4576 702 4632 dixit:
736 4575 896 4642 Quem
939 4583 992 4628 tu
1042 4574 1368 4644 percussisti,
1415 4573 1514 4642 ipsi
1545 4574 1788 4642 persecuti

204 4647 358 4735 sunt,
393 4680 440 4724 et
469 4684 618 4741 super
646 4667 868 4722 dolorem
907 4667 1169 4720 vulnerum
1199 4681 1420 4718 meorum
1458 4665 1782 4719 addiderunt.

207 4766 380 4835 Super
399 4743 558 4831 quem
580 4758 818 4821 dolorem
846 4755 1171 4811 vulnerum?
1197 4755 1367 4824 Super
1393 4755 1630 4810 dolorem
1661 4772 1785 4826 pec-

205 4867 446 4910 catorum
479 4851 579 4921 ipsi
608 4849 927 4904 addiderunt
958 4865 970 4899 :
1002 4847 1219 4901 vulnera
1261 4846 1399 4899 enim
1431 4860 1523 4900 sua
1571 4856 1782 4915 peccata

206 4950 354 5002 dixit.
387 4944 492 5001 Sed
523 4957 590 4998 ne
615 4943 680 4997 ad
707 4950 864 5010 caput
889 4939 1179 5008 respicias;
1224 4937 1290 4992 ad
1319 4951 1513 5008 Corpus
1542 4938 1778 5003 adverte,

209 5039 502 5098 secundum
549 5035 702 5104 cujus
730 5049 912 5088 vocem
961 5031 1156 5086 dictum
1203 5039 1286 5085 est
1323 5029 1390 5084 ab
1436 5030 1550 5098 ipso
1596 5030 1646 5082 in
1693 5030 1782 5084 illo

205 5134 432 5209 psalmo,
463 5128 513 5183 in
543 5142 648 5199 quo
676 5141 858 5182 vocem
903 5139 1052 5180 suam
1081 5122 1340 5188 ostendit,
1372 5121 1492 5192 quia
1527 5121 1641 5192 ejus
1671 5122 1782 5192 pri-

205 5239 346 5278 tmnn
377 5234 587 5276 versum
616 5217 685 5272 de
727 5232 885 5272 cruce
913 5215 1158 5269 clamavit
1187 5231 1200 5267 :
1237 5212 1397 5279 Deus,
1445 5212 1583 5267 Deus
1620 5230 1778 5278 meus,

202 5317 396 5386 respice
417 5314 471 5367 in
501 5329 622 5378 me;
649 5327 803 5381 quare
827 5326 904 5363 me
933 5308 1284 5377 dereliquisti?
1327 5307 1396 5362 lbi
1427 5315 1638 5361 secutus
1662 5306 1730 5359 ait
1763 5323 1776 5360 :

203 5409 374 5480 Longe
413 5423 443 5459 a
482 5406 644 5459 salute
673 5419 782 5456 mea
821 5402 967 5456 verba
996 5399 1290 5454 delictorum
1333 5415 1557 5452 meorum
1593 5399 1608 5462 (
1637 5395 1776 5452 P-sul.

204 5516 313 5565 xxv,
338 5497 420 5571 Ξ).
449 5496 566 5566 Ipsa
594 5504 718 5549 sunt
742 5493 962 5547 vulnera
992 5491 1184 5545 inllicta
1215 5505 1242 5543 a
1273 5489 1566 5544 latronibus
1593 5488 1644 5541 in
1675 5489 1778 5554 via,

204 5595 248 5646 ei
280 5608 438 5660 quem
471 5588 664 5644 levavit
692 5589 742 5642 in
781 5587 1080 5656 jumcutum
1109 5598 1262 5638 suum
1296 5601 1307 5638 :
1338 5597 1494 5655 quem
1527 5581 1780 5638 sacerdos

262 5748 276 5776 ι
316 5753 439 5804 ass,
466 5740 539 5793 illi
554 5737 748 5804 reip/ur
772 5738 948 5804 dicere.

261 5808 281 5837 ²
315 5813 412 5865 Duo
429 5799 565 5862 3:85.,
590 5799 912 5862 redata-udus.

1331 347 1727 406 ENARRATIO
1757 352 1821 407 ΙΝ
1859 354 2179 414 PSALMUM
2219 361 2448 420 LXVIII.

1959 481 2011 524 ct
2038 471 2248 529 Levites
2288 485 2620 538 transeuntes
2649 485 2958 548 invenerant
2995 503 3045 550 cl
3076 508 3533 576 contempserant,

1956 576 1983 613 a
2015 564 2205 631 quibus
2231 568 2402 624 curari
2435 585 2538 625 non
2564 575 2767 642 potuit;
2803 583 3065 638 transiens
3091 597 3266 644 autem
3291 564 3532 651 Samari:

1957 662 2108 712 tanus
2151 659 2398 737 misertus
2439 675 2520 726 est
2546 665 2695 735 ejus;
2742 675 2989 750 accessit,
3033 686 3090 732 ct
3132 681 3183 735 in
3227 683 3530 753 iumentum

1955 749 2222 837 proprium
2256 753 2446 810 levavit
2481 755 2638 832 (Luc.
2667 775 2700 817 ι
2722 803 2737 826 ,
2767 749 2992 837 50-54).
3035 749 3324 832 Samarites
3369 779 3531 836 latine

1951 836 2141 893 Custos
2167 840 2546 912 interpretatur
2577 865 2589 900 :
2623 851 2741 920 quis
2769 836 3154 914 autemettstos
3175 903 3189 926 ,
3221 865 3318 927 nisi
3345 866 3531 924 Salva-

1954 936 2036 982 tor
2081 931 2333 988 Dominus
2373 949 2555 994 nostcr
2597 941 2753 998 Jesus
2797 945 3084 1004 Christus?
3127 953 3226 1020 Qui
3270 961 3521 1026 quoniam

1949 1022 2178 1075 surrexit
2203 1038 2231 1076 a
2261 1029 2482 1082 mortuis
2516 1029 2624 1097 jam
2665 1049 2769 1088 non
2801 1039 3090 1096 moriturus
3121 1022 3304 1113 (Rom.-
3325 1065 3405 1114 vt,
3433 1049 3523 1122 9),

1948 1123 2051 1161 non
2077 1109 2271 1168 dormit
2292 1131 2464 1188 neque
2487 1120 2786 1180 obdormict
2807 1128 2891 1196 qui
2915 1109 3147 1187 custodit
3169 1135 3329 1191 Israel
3354 1109 3523 1212 (ἰνδαίί

1945 1214 2050 1256 cxx
2073 1245 2086 1268 ,
2124 1205 2212 1275 4).
2245 1205 2312 1260 Et
2347 1227 2496 1282 super
2536 1213 2759 1270 dolerent
2805 1220 3066 1278 vulnerum
3109 1243 3332 1283 meorum
3361 1205 3526 1286 'addi-

1943 1290 2142 1346 derunt.

2015 1384 2100 1439 12.
2137 1385 2283 1459 [vers
2457 1394 2668 1465 Appone
2700 1400 3008 1471 iniquitalent
3038 1423 3189 1478 super
3214 1409 3526 1481 iniquitatem

1940 1472 2186 1544 ipsorum.
2235 1479 2370 1548 Quid
2400 1493 2480 1538 est
2512 1487 2654 1541 hoc?
2699 1490 2826 1558 Quis
2868 1509 2970 1549 non
3015 1472 3372 1568 expavescat?
3415 1505 3525 1562 Deo

1939 1565 2132 1624 dicitur
2156 1589 2167 1625 :
2190 1572 2402 1644 Appone
2425 1577 2734 1648 iniquitatem
2762 1602 2916 1656 super
2935 1588 3248 1659 iniquitatem
3274 1596 3521 1662 ipsorum.

1938 1656 2090 1718 Unde
2120 1677 2350 1732 apponet
2379 1669 2517 1724 Deus
2548 1672 2919 1742 iniquitatem"
2962 1656 3132 1738 liabet
3155 1656 3306 1741 enini
3329 1688 3522 1760 iniqui-

1938 1756 2096 1806 tatem
2127 1770 2282 1824 quam
2312 1770 2545 1829 apponat
2565 1763 2596 1830 ?,
2617 1763 2827 1822 Scimus
2856 1771 2996 1824 enim
3022 1788 3204 1829 verum
3233 1792 3353 1834 esse
3378 1756 3520 1850 quod

1935 1839 2132 1896 dictum
2165 1854 2246 1900 est
2289 1865 2383 1917 per
2419 1850 2639 1908 Paulum
2679 1859 2978 1926 apostolum
3010 1881 3022 1916 :
3059 1863 3197 1930 Quid
3235 1884 3352 1939 ergo
3381 1839 3519 1926 dice-

1934 1934 2089 1987 mus?
2127 1941 2368 2008 numquid
2393 1942 2631 2012 iniquitas
2658 1957 2730 2002 est
2769 1951 2907 2018 apud
2931 1951 3092 2008 Deum
3115 1956 3140 2008 ?
3173 1934 3314 2012 Absit
3341 1957 3516 2032 (Rom.

1933 2038 2016 2102 Ix,
2042 2023 2151 2099 Η).
2197 2027 2347 2086 Unde
2369 2048 2514 2123 ergo
2533 2078 2546 2099 ,
2579 2037 2790 2108 Appone
2813 2042 3123 2113 iniquitatem
3151 2066 3304 2119 super
3332 2023 3520 2123 iniqui-

1931 2119 2124 2171 tatem?
2152 2122 2418 2188 quomodo
2449 2125 2499 2179 id
2527 2127 2845 2186 intellecturi
2875 2138 3103 2192 smnus?
3143 2141 3296 2196 Adsit
3325 2119 3510 2199 Domi-

1930 2219 2030 2259 nus
2057 2216 2113 2261 ut
2142 2209 2400 2277 dicamus,
2431 2225 2482 2270 et
2511 2230 2728 2288 propter
2753 2221 3114 2293 fatigationem
3142 2239 3370 2286 vestram
3393 2233 3516 2290 brco

1929 2297 2065 2352 vitcr
2095 2299 2275 2357 dicere
2307 2305 2598 2362 valeamus.
2646 2309 2900 2380 lniquitas
2949 2315 3182 2384 ipsorum
3219 2330 3352 2388 erat,
3391 2326 3514 2394 quia

1929 2386 2200 2446 hominem
2247 2393 2449 2463 justum
2480 2399 2795 2456 occiderunt
2828 2421 2840 2457 :
2874 2405 3050 2462 addita
3081 2417 3164 2464 est
3208 2386 3345 2480 alia,
3392 2386 3515 2485 quia

1926 2480 2118 2536 Filium
2163 2485 2253 2540 Dei
2300 2487 2698 2546 cruciﬁxcrunt.
2733 2493 2933 2550 Saevire
2976 2497 3216 2569 ipsorum
3261 2480 3513 2574 tanquam

1923 2571 1975 2625 in
2025 2572 2294 2630 hominem
2344 2577 2441 2632 fuit
2491 2597 2503 2633 :
2550 2581 2645 2636 scd
2694 2583 2737 2636 si
2789 2589 3185 2658 cognovissent,
3237 2571 3510 2664 nunquam

1926 2661 2204 2720 Dominum
2236 2668 2420 2738 gloria:
2444 2672 2834 2729 crucilixissent
2860 2677 2910 2746 (l
2935 2676 3052 2732 Cor.
3083 2697 3139 2748 ιι,
3167 2681 3260 2754 8).
3292 2661 3380 2740 Illi
3405 2689 3510 2743 ini.

1919 2755 2122 2824 quitatc
2167 2773 2261 2812 sua
2306 2767 2556 2830 tanquam
2590 2762 2863 2820 hominem
2895 2770 3142 2829 occidere
3175 2775 3457 2832 voluerunt
3489 2798 3504 2835 :

1916 2851 2157 2920 apposita
2185 2862 2267 2907 est
2299 2853 2551 2925 iniquitas
2597 2873 2758 2928 super
2787 2861 3117 2932 iniquitatem
3149 2865 3414 2936 ipsormn,
3450 2880 3505 2927 ut

1918 2936 2112 2994 Filium
2142 2941 2232 2995 Dei
2274 2944 2669 3015 cruciﬁgcrcnt.
2702 2948 2831 3016 Quis
2869 2949 3006 3006 hanc
3051 2953 3381 3024 iniquitatem
3410 2975 3506 3030 ap-

1915 3033 2134 3104 posuit?
2186 3033 2277 3090 Ille
2329 3038 2414 3106 qui
2462 3039 2599 3093 dixit
2649 3057 2660 3094 :
2710 3040 2864 3095 Forte
2910 3045 3259 3101 reverebantur
3306 3048 3504 3107 Filium

1912 3140 2076 3178 meum
2099 3143 2118 3190 ;
2145 3126 2312 3197 ipsum
2343 3130 2536 3182 mittam
2565 3129 2773 3202 (Matth.
2803 3150 2911 3200 χιι,
2936 3135 3047 3205 57).
3076 3136 3331 3196 Solebant
3357 3143 3500 3199 enim

1911 3218 2157 3274 occidere
2200 3220 2394 3275 missos
2440 3222 2504 3275 ad
2539 3239 2597 3277 se
2637 3239 2823 3279 servos
2847 3267 2863 3292 ,
2895 3237 3175 3285 exactores
3221 3231 3500 3290 locationis

1910 3319 2069 3382 atque
2097 3312 2379 3368 mercedis.
2403 3313 2542 3368 illisit
2565 3315 2734 3385 ipsum
2766 3317 2978 3387 Filium,
3003 3330 3060 3376 ut
3083 3330 3136 3376 ct
3163 3322 3334 3392 ipsum
3356 3328 3500 3382 occi-

1909 3400 2118 3456 det-ent.
2149 3403 2412 3472 Apposuit
2438 3405 2768 3475 iniquitatem
2802 3423 2964 3479 super
2992 3411 3324 3481 iniquitatem
3352 3416 3497 3486 ipso-

1905 3508 2044 3548 rum.
2079 3493 2144 3548 Et
2187 3493 2301 3550 haec
2348 3495 2488 3550 Deus
2534 3497 2800 3553 saeviendo
2845 3500 2984 3565 fecit,
3019 3516 3085 3556 an
3129 3504 3308 3571 potius
3348 3506 3495 3575 justc

1905 3584 2288 3640 rctribucndo?
2322 3585 2439 3639 Fiat
2467 3587 2608 3642 enim
2635 3588 2763 3656 illis,
2795 3590 2985 3661 inquit,
3015 3593 3068 3645 in
3092 3595 3489 3663 retributionem,

1905 3686 1951 3730 et
1977 3677 2027 3729 in
2054 3677 2374 3731 scandalum.
2406 3678 2575 3732 Mcriti
2605 3689 2758 3734 erant
2785 3681 2861 3736 sic
2888 3685 3143 3738 exesccari
3165 3727 3180 3751 ,
3212 3695 3269 3740 ut
3293 3687 3488 3743 Filium

1907 3767 1996 3821 Dei
2043 3783 2148 3821 non
2190 3778 2560 3839 agnoscerent.
2610 3771 2672 3824 Et
2706 3770 2809 3826 hoc
2852 3771 2979 3827 fecit
3022 3775 3184 3842 Deus,
3212 3791 3490 3848 apponens

1901 3857 2232 3928 iniquitatem
2279 3874 2440 3928 super
2484 3860 2811 3930 iniquitatem
2842 3862 3113 3933 ipsorum;
3161 3882 3268 3922 non
3294 3870 3489 3925 vulne-

1900 3949 2092 4012 rando.
2139 3950 2231 4005 sed
2274 3966 2378 4005 non
2409 3952 2669 4008 sanando.
2715 3953 2994 4022 Quomodo
3039 3957 3179 4012 enim
3209 3975 3372 4031 auges
3405 3961 3487 4018 fe-

1899 4041 2080 4107 brem,
2113 4057 2277 4112 auges
2307 4043 2549 4098 morbum
2573 4084 2587 4109 ,
2614 4059 2718 4098 non
2750 4046 2994 4101 morbum
3021 4046 3356 4115 adhibendo,
3390 4053 3485 4108 sed

1899 4149 2004 4187 non
2043 4134 2446 4188 succurrendo:
2480 4135 2557 4189 sic
2600 4137 2721 4204 quia
2769 4137 2903 4192 tales
2950 4138 3164 4194 fuerunt
3209 4150 3264 4195 ut
3308 4146 3484 4199 curari

1897 4240 2002 4278 non
2037 4233 2400 4290 mererentur,
2447 4224 2499 4278 in
2546 4224 2658 4294 ipsa
2691 4227 2887 4280 malitia
2932 4228 3326 4296 quodammodo
3355 4248 3482 4299 pro—

1894 4315 2163 4381 fecerunt,
2213 4315 2350 4369 sicut
2387 4313 2585 4370 dictum
2617 4323 2700 4370 est
2722 4357 2736 4380 ,
2768 4316 2898 4370 Mali
2923 4326 3092 4372 autem
3122 4329 3168 4373 et
3208 4320 3483 4390 facinerosi

1895 4405 2166 4474 proﬁciunt
2213 4404 2264 4458 in
2308 4404 2452 4475 pejus
2493 4404 2564 4475 (ll
2591 4404 2724 4460 Tim.
2755 4423 2832 4474 ut,
2857 4406 2990 4477 45);
3032 4418 3087 4462 et
3121 4411 3358 4480 apposita
3398 4422 3482 4467 cst

1894 4495 2144 4564 iniquitas
2171 4510 2331 4565 super
2375 4495 2707 4566 iniquitatem
2741 4497 2996 4569 ipsorum.
3039 4498 3108 4553 Et
3149 4502 3249 4554 neu
3292 4502 3480 4558 intrent

1855 4591 1857 4593 ’
1891 4589 1942 4642 in
1964 4588 2166 4658 justitia
2196 4596 2300 4640 tua.
2337 4585 2446 4640 lloc
2475 4587 2686 4656 planum
2714 4595 2814 4643 est.

1965 4679 2051 4732 15.
2101 4675 2262 4750 [vers
2292 4674 2406 4750 29.]
2439 4675 2720 4731 Deleantur
2767 4680 2828 4732 de
2869 4679 2996 4734 libro
3043 4682 3326 4738 viventium.
3360 4685 3477 4740 Ali-

1890 4770 2106 4842 quando
2148 4771 2288 4824 enim
2336 4769 2442 4824 illic
2487 4771 2669 4840 scripti
2721 4773 2915 4825 erant?
2965 4772 3215 4843 Fratres,
3246 4792 3349 4830 non
3394 4778 3474 4834 sic

1889 4865 2132 4932 accipere
2157 4861 2436 4928 debemus,
2465 4863 2714 4933 quoniam
2743 4880 3059 4934 quemquam
3103 4869 3242 4923 Deus
3277 4871 3476 4925 scribat

1890 4955 1943 5010 in
1972 4954 2106 5008 libro
2134 4954 2255 5008 vitae
2281 4997 2294 5018 ,
2325 4961 2380 5008 et
2406 4952 2581 5008 deleat
2612 4954 2780 5008 illum.
2829 4953 2884 5010 Si
2936 4955 3096 5012 homo
3124 4958 3293 5025 dixit,
3327 4960 3475 5026 Quod

1888 5047 2096 5117 scripsi,
2123 5047 2334 5117 scripsi,
2366 5045 2430 5100 de
2463 5047 2613 5101 titulo
2645 5047 2731 5102 ubi
2771 5049 3024 5116 scriptum
3060 5060 3206 5115 erat,
3241 5053 3352 5107 Rea:
3372 5052 3472 5106 Ju-

1889 5138 2116 5195 dworum
2141 5135 2315 5207 (Joan.
2349 5153 2466 5201 χιχ,
2495 5137 2600 5209 ‘22)
2629 5154 2643 5203 ;
2688 5137 2825 5193 Deus
2861 5156 3180 5210 quemquam
3211 5141 3394 5196 scribit
3420 5151 3475 5199 et

1887 5227 2071 5282 delet?
2102 5227 2360 5280 Praccisus
2390 5237 2470 5282 est
2495 5244 2509 5293 ;
2554 5228 2950 5297 pra-destinavit
2976 5247 3161 5285 omnes
3188 5241 3310 5286 ante
3337 5247 3469 5286 con-

1891 5304 2222 5375 stitutioncm
2255 5320 2435 5374 mundi
2483 5330 2798 5396 regnaturos
2834 5339 2951 5379 cum
2983 5325 3116 5380 Filio
3144 5340 3242 5380 suo
3269 5325 3322 5379 in
3363 5327 3470 5382 vita

1889 5424 2087 5468 aeterna
2125 5411 2300 5484 (Rom.
2327 5429 2417 5467 vnt
2441 5455 2455 5480 ,
2483 5413 2607 5486 29).
2643 5415 2751 5472 llos
2779 5416 3132 5486 conscripsit;
3165 5417 3308 5486 ipsos
3337 5432 3470 5472 cou-

1893 5506 2028 5560 tinct
2080 5503 2215 5558 liber
2261 5505 2400 5558 vite.
2470 5505 2704 5577 Denique
2757 5507 2807 5561 in
2861 5507 3174 5578 Apocalypsi
3226 5506 3350 5578 quid
3398 5509 3474 5563 ait

1890 5595 2119 5665 Spiritus
2149 5595 2240 5650 Dei
2259 5637 2273 5659 ,
2299 5611 2420 5651 cum
2450 5595 2516 5652 de
2543 5599 2808 5668 pressaris
2834 5598 2900 5651 ab
2931 5597 3254 5653 Antichristo
3283 5599 3474 5656 futuris

1890 5691 2198 5759 loqueretur
2225 5689 2410 5745 eadem
2442 5691 2712 5760 Scriptura
2738 5692 2761 5744 ?
2807 5690 3120 5745 Consentient
3146 5691 3245 5762 illi,
3279 5693 3470 5762 inquit,

1907 5800 2074 5837 clintes
2101 5787 2185 5853 qui
2211 5800 2308 5838 neu
2334 5793 2449 5840 sunt
2475 5785 2648 5856 scripti
2677 5785 2724 5836 in
2751 5782 2877 5838 libro
2906 5785 3022 5840 vita:
3053 5783 3236 5857 (Apoc.
3267 5803 3381 5856 xm,
3413 5786 3474 5858 8)
