4076 6508
491 554 719 612 Proinde
759 554 877 610 sine
917 550 1247 608 dubitatione
1291 565 1395 606 non
1439 558 1595 605 erunt
1621 547 1936 604 consensuri
1979 548 2069 618 qui

493 651 676 720 scripti
720 657 864 704 sunt.
915 632 1014 702 Isti.
1047 660 1175 716 ergo
1218 643 1484 715 quomodo
1512 642 1636 698 inde
1677 641 1942 708 delentur,
1979 642 2072 697 ubi

493 753 766 810 nunquam
815 737 997 806 scripti
1043 734 1210 806 sunt?
1256 735 1366 790 lloc
1412 733 1607 788 dictum
1651 740 1734 787 est
1773 729 2066 797 secundum

497 844 647 901 spem
686 831 920 899 ipsorum
940 868 954 891 ,
982 827 1102 897 quia
1143 826 1239 895 ipsi
1275 840 1335 880 se
1372 825 1596 893 scriptos
1624 822 1898 894 putabant.
1928 820 2070 889 Quid

492 930 596 987 est,
623 920 902 974 Deleantur
927 918 988 972 de
1013 917 1140 971 libro
1165 916 1318 984 vitm?
1345 915 1414 970 Et
1438 915 1563 983 ipsis
1589 921 1795 968 constet
1819 927 1923 973 non
1952 912 2073 966 illos

494 1011 566 1067 ibi
595 1026 737 1066 esse.
771 1011 847 1066 Es
876 1009 976 1063 hac
1004 1007 1270 1062 locutione
1297 1005 1496 1060 dictum
1523 1012 1607 1058 est
1632 1003 1683 1058 in
1708 1003 1814 1056 alio
1842 1003 2068 1072 psalmo,

496 1104 689 1159 Cadent
716 1121 748 1157 a
773 1105 929 1158 latere
957 1112 1041 1156 tuo
1078 1100 1248 1165 mille,
1279 1107 1326 1152 et
1351 1098 1481 1152 dena
1511 1096 1670 1150 millia
1694 1113 1725 1148 a
1751 1095 1941 1150 dextris
1970 1095 2072 1164 tuis

498 1194 670 1267 (Psal.
701 1211 792 1262 xc,
819 1197 916 1264 7);
961 1192 1025 1248 id
1042 1199 1157 1254 est,
1195 1190 1348 1245 multi
1374 1187 1891 1253 scandalizabuntur,
1920 1194 1975 1241 et
2003 1200 2072 1250 ex

498 1302 566 1341 eo
597 1301 820 1340 numero
863 1285 952 1354 qui
983 1298 1042 1338 se
1082 1282 1372 1352 sperabant
1399 1293 1642 1336 sessuros
1686 1289 1857 1333 tecum
1879 1318 1895 1343 ,
1925 1287 1980 1332 et
2006 1293 2071 1335 ex

495 1391 564 1433 eo
594 1391 815 1443 numero
857 1374 948 1444 qui
993 1389 1053 1429 se
1094 1371 1379 1443 sperabant
1425 1379 1658 1434 staturos
1695 1367 1761 1422 ad
1798 1367 2074 1422 dexteram

497 1476 640 1524 tuam
661 1509 676 1534 ,
705 1465 935 1537 separati
959 1464 1027 1519 ab
1051 1462 1221 1519 hzedis
1249 1460 1478 1517 sinistris
1505 1461 1522 1530 (
1549 1457 1735 1512 Matth.
1763 1473 1897 1524 xxv,
1925 1456 2029 1530 33)
2060 1475 2074 1511 :

498 1572 605 1613 non
649 1557 770 1627 quia
810 1571 932 1610 cum
977 1555 1049 1610 ibi
1089 1553 1295 1608 Steterit
1320 1551 1544 1623 aliquis,
1573 1560 1753 1621 postea
1783 1549 1956 1614 cadet,
1986 1558 2078 1604 aut

498 1662 620 1704 cum
649 1647 848 1704 sederit
876 1660 994 1700 cum
1035 1645 1125 1699 illo
1153 1644 1452 1716 quisquam,
1488 1640 1798 1711 abjicietur;
1831 1639 1924 1694 sed
1955 1639 2076 1709 quia

500 1738 659 1793 multi
680 1737 852 1792 casuri
881 1746 1033 1792 erant
1066 1737 1118 1790 in
1149 1735 1456 1790 scandalum
1484 1776 1497 1802 ,
1527 1734 1613 1803 qui
1635 1733 1744 1804 jam
1776 1733 1844 1788 ibi
1874 1747 1932 1786 se
1957 1746 2079 1788 esse

498 1828 792 1900 putabant;
841 1828 890 1881 id
933 1839 1035 1895 εει,
1083 1826 1232 1881 multi
1276 1826 1365 1896 qui
1404 1840 1463 1880 se
1507 1810 1792 1901 sperabant
1833 1837 2078 1878 sessurus

498 1928 697 1983 tecum,
721 1918 873 1973 multi
896 1919 985 1988 qui
1006 1933 1063 1973 se
1076 1925 1419 1987 speraverant
1444 1923 1672 1982 staturos
1693 1914 1757 1969 ad
1780 1913 2076 1980 dexteram,

500 2009 602 2080 ipsi
630 2011 805 2065 casuri
833 2020 977 2064 sunt.
1001 2009 1088 2065 Sic
1115 2023 1241 2079 ergo
1271 2015 1328 2064 et
1355 2007 1440 2080 hic
1479 2007 1555 2062 illi
1589 2007 1677 2077 qui
1707 2021 1765 2061 se
1793 2007 2079 2073 Sperabant

501 2109 756 2171 tanquam
798 2102 988 2157 merito
1024 2100 1241 2170 justitiae
1288 2115 1397 2154 snt-.c
1445 2098 1498 2152 in
1540 2083 1672 2162 libro
1702 2097 1927 2177 scriptos
1963 2095 2083 2163 Dei,

498 2195 692 2264 quibus
715 2194 930 2258 dicitur,
964 2192 1274 2248 Scrutmnini
1303 2190 1618 2260 Scripturas,
1650 2189 1701 2242 in
1727 2189 1904 2256 quibus
1932 2195 2082 2256 puta-

500 2288 564 2341 tis
590 2302 675 2339 nos
703 2286 856 2339 vitam
881 2296 1120 2339 wternam
1148 2284 1329 2337 habere
1360 2280 1537 2353 (Joan.
1564 2296 1618 2345 v,
1651 2280 1740 2349 39)
1773 2299 1786 2333 :
1814 2294 1932 2332 cum
1966 2293 2084 2346 per-

501 2379 659 2433 ducta
705 2378 860 2432 fuerit
900 2375 1170 2430 damnatio
1208 2390 1390 2429 eorum
1421 2374 1581 2430 etiam
1619 2371 1684 2425 ad
1727 2369 2085 2439 cognitionem

503 2483 689 2524 eorum
710 2508 724 2531 ,
753 2467 1076 2522 delebuntur
1111 2466 1179 2521 de
1219 2465 1350 2519 libro
1383 2463 1676 2518 viventium
1698 2503 1711 2524 ,
1745 2460 1794 2513 id
1835 2468 1948 2524 est,
1979 2473 2085 2515 non

502 2557 576 2614 ibi
603 2573 663 2612 se
691 2573 813 2613 esse
836 2565 1180 2627 cognoscent.
1207 2555 1336 2610 Nam
1369 2567 1553 2608 versus
1582 2552 1669 2622 qui
1700 2550 1959 2620 sequitur,
1992 2565 2090 2606 ex-.

503 2649 655 2719 ponit
680 2647 819 2718 quod
850 2648 1051 2702 dictum
1076 2655 1158 2702 est
1190 2663 1202 2699 :
1237 2644 1304 2698 Et
1331 2661 1442 2698 cum
1459 2644 1615 2714 justis
1644 2650 1744 2696 non
1781 2643 2094 2710 scribarum"

504 2741 626 2797 Dixi
651 2755 799 2810 ergo,
828 2739 1120 2806 Deleantur,
1150 2738 1441 2794 secundum
1472 2750 1620 2810 spem
1649 2750 1868 2799 eorum;
1898 2749 2089 2792 secun-

505 2832 632 2888 dum
649 2843 822 2886 autem
846 2833 1146 2901 mquitatem
1168 2839 1307 2883 tuam
1325 2829 1447 2898 quid
1475 2815 1629 2882 dico?
1652 2825 1772 2880 Non
1784 2827 2088 2886 scribantur.

577 2927 666 2980 M.
699 2923 868 2997 [vers.
895 2922 1022 2996 ω]
1074 2922 1277 2994 Pauper
1316 2931 1360 2976 et
1405 2921 1578 2976 dolens
1615 2935 1705 2990 ego
1743 2935 1872 2980 sum.
1915 2917 2092 2994 Quare

506 3015 652 3071 hoc?
699 2996 781 3070 An
825 3024 882 3070 ut
928 3029 1340 3085 agnosceremus
1376 3012 1516 3082 quod
1561 2996 2090 3080 peramaritudinem

507 3106 672 3160 animi
714 3105 981 3161 maledicit
1025 3093 1227 3175 pauper
1268 3103 1410 3158 istc?
1449 3102 1610 3156 Multa
1640 3101 1780 3156 enim
1812 3099 1945 3154 dixit
1971 3115 2092 3170 qua:

509 3199 616 3253 illis
655 3199 920 3252 eveniant.
969 3199 1035 3252 Et
1078 3196 1227 3266 quasi
1268 3195 1316 3250 ei
1347 3195 1677 3261 diceremus,
1706 3193 1900 3264 thuid
1928 3193 2046 3247 talia
2069 3191 2105 3246 ἲ

509 3291 618 3346 noli
650 3298 890 3354 tantum;
937 3287 1227 3358 respondet
1259 3305 1270 3341 :
1314 3285 1521 3358 Pauper
1550 3296 1594 3341 et
1634 3286 1808 3340 dolens
1841 3301 1931 3355 ego
1959 3300 2090 3338 sum.

509 3380 884 3437 Perduxerunt
930 3396 1017 3436 me
1061 3379 1126 3434 ad
1167 3389 1488 3451 egestatem,
1531 3379 1595 3433 ad
1645 3379 1801 3432 istum
1855 3377 2094 3438 dolorem

509 3473 906 3543 deposuerunt;
951 3473 1070 3528 ideo
1113 3472 1211 3527 ista
1243 3472 1382 3527 dico.
1413 3470 1527 3525 Non
1555 3461 1652 3524 est'
1675 3478 1851 3522 tamen
1892 3477 2093 3529 stoma-

513 3565 691 3621 chatio
721 3564 1110 3631 maledicentis,
1135 3564 1228 3620 sed
1256 3562 1525 3634 praedictio
1549 3560 1932 3632 prophetantis.
1963 3559 2114 3614 Nam

509 3655 578 3710 de
607 3664 919 3725 paupertate
944 3671 1038 3710 sua
1068 3664 1122 3711 et
1159 3655 1344 3710 dolore
1372 3668 1470 3707 suo
1505 3651 1746 3723 quzcdam
1773 3667 1890 3721 qua:
1920 3660 2097 3720 poste-

511 3746 626 3802 rius
667 3731 816 3810 dicit,
863 3746 1334 3803 commendaturus
1379 3753 1461 3799 est
1505 3744 1678 3809 nobis,
1730 3752 1785 3797 ut
1829 3743 2096 3798 discamus

512 3851 634 3892 esse
659 3852 921 3906 pauperes
947 3847 1000 3892 et
1031 3838 1293 3892 dolentes.
1335 3834 1479 3888 Beati
1505 3834 1644 3890 enim
1673 3851 1936 3904 pauperes,
1967 3850 2095 3904 quo.

513 3928 650 3980 niam
672 3928 894 3996 ipsorum
915 3937 987 3980 est
1008 3942 1217 3996 regnum
1239 3927 1514 3988 caelorum;
1540 3934 1612 3988 et,
1636 3923 1776 3977 Beati
1797 3924 1884 3994 qui
1905 3924 2094 3994 lugent,

514 4019 754 4088 quoniam
778 4019 876 4086 ipsi
904 4021 1296 4073 consolabuntur
1325 4018 1534 4090 (Matth.
1562 4035 1614 4086 v,
1641 4021 1696 4086 3,
1724 4019 1802 4089 5).
1836 4019 1947 4075 Hoc
1970 4035 2098 4090 ergo

515 4109 631 4177 ipse
655 4108 800 4178 prius
820 4109 930 4177 jam
961 4110 1116 4165 nobis
1145 4109 1376 4165 ostendit
1403 4127 1416 4176 ;
1447 4120 1500 4165 ct
1531 4109 1669 4175 ideo,
1700 4109 1908 4179 Pauper
1933 4121 1978 4165 et
2007 4112 2100 4166 do-

515 4199 623 4252 lens
650 4215 740 4270 ego
777 4216 911 4254 sum.
941 4200 1134 4255 Totum
1178 4216 1370 4270 corpus
1399 4202 1516 4270 ejus
1556 4201 1658 4256 hoc
1699 4201 1845 4256 dicit.
1894 4201 2099 4273 Corpus

513 4287 709 4343 Christi
742 4290 793 4344 in
836 4291 936 4347 hac
969 4301 1108 4346 terra
1149 4307 1349 4362 pauper
1376 4302 1460 4348 est
1500 4302 1552 4346 et
1595 4293 1802 4348 dolens.
1847 4293 1950 4348 Sed
1991 4295 2100 4349 sint

513 4377 707 4435 divites
735 4379 1044 4435 Christiani.
1087 4382 1310 4437 Prorsus
1336 4383 1381 4437 sl
1411 4381 1695 4437 Christiani
1723 4392 1863 4447 sunt,
1894 4399 2097 4458 paupe-

514 4481 603 4524 res
624 4478 781 4537 sunt;
813 4471 864 4525 in
894 4472 1291 4541 comparatione
1317 4471 1618 4528 divitiarum
1647 4473 1944 4530 caelestium
1970 4489 2099 4544 quas

516 4574 752 4632 sperant,
780 4579 937 4620 omne
957 4581 1143 4619 aurum
1172 4580 1326 4621 suum
1355 4581 1572 4622 arenam
1597 4565 1871 4638 deputant.
1894 4567 2100 4638 Pauper

457 4732 462 4738 _
519 4662 568 4708 et
596 4655 769 4708 dolens
798 4672 886 4726 ego
911 4672 1044 4710 sunt.

593 4744 680 4798 15.
711 4742 858 4816 [rem
887 4743 1000 4819 δι]
1023 4745 1092 4800 Et
1113 4747 1254 4802 salus
1275 4749 1440 4803 vultus
1460 4749 1554 4813 tui,
1575 4747 1727 4813 Deus,
1753 4749 1971 4820 suscepit
1993 4765 2094 4806 me.

519 4834 784 4906 Numquid
814 4838 1060 4895 desertus
1088 4850 1170 4896 est
1201 4857 1400 4912 pauper
1426 4841 1564 4896 iste?
1584 4841 1809 4910 Quando
1831 4851 1884 4896 tu
1912 4841 2101 4912 digna-

519 4930 595 4984 ris
621 4945 914 4998 pannosum
943 4948 1229 5002 pauperem
1261 4934 1530 5005 applicare
1557 4935 1623 4989 ad
1653 4950 1890 4989 mensam
1921 4935 2102 4989 tuam?

519 5017 688 5074 Porro
711 5032 888 5076 autem
919 5039 1204 5093 pauperem
1231 5025 1386 5080 istum
1410 5025 1551 5080 salus
1579 5025 1759 5080 vultus
1793 5025 1884 5079 Dei
1920 5040 2102 5081 susce-

520 5112 633 5182 pit;
677 5114 727 5167 in
769 5115 912 5168 vultu
955 5131 1052 5168 suo
1092 5115 1370 5171 abscondit
1407 5117 1522 5186 ejus
1567 5127 1874 5187 egestatem.
1903 5116 1982 5172 De
2008 5117 2100 5171 illo

518 5204 716 5273 quippe
742 5205 938 5260 dictum
967 5217 1051 5260 est
1074 5223 1087 5260 :
1113 5207 1396 5262 Abscondes
1418 5225 1501 5263 eos
1524 5209 1577 5263 in
1609 5209 1900 5262 abscondito
1931 5207 2100 5263 vultus

519 5295 593 5348 tui
617 5293 789 5365 (Psal.
813 5312 940 5362 xxx,
967 5297 1084 5368 2|).
1115 5299 1170 5352 In
1199 5299 1289 5354 illo
1313 5309 1489 5354 autem
1513 5299 1657 5353 vultu
1690 5315 1808 5369 quae
1835 5300 1942 5354 sint
1967 5299 2100 5354 divi-

519 5385 608 5439 tia:
636 5387 792 5442 vultis
820 5391 1017 5444 nosse?
1044 5389 1248 5444 Divitiae
1291 5391 1405 5444 ista:
1448 5390 1548 5444 hoc
1592 5389 1685 5444 tibi
1726 5398 2008 5459 prmstaut,
2044 5398 2101 5444 ut

517 5478 659 5548 quod
686 5481 794 5546 vis,
823 5482 1037 5553 quando
1073 5483 1181 5547 vis,
1226 5483 1519 5552 prandeas;
1551 5483 1654 5538 illa:
1679 5497 1838 5549 vero,
1880 5490 1940 5536 ut
1968 5498 2103 5536 nun-

467 5561 472 5564 ’
517 5585 676 5640 quam
700 5574 921 5627 esurias.
951 5573 1154 5646 Pauper
1173 5589 1217 5628 et
1237 5575 1412 5628 dolens
1431 5589 1522 5644 ego
1548 5589 1690 5636 sum;
1710 5583 1756 5626 et
1776 5571 1915 5656 salus
1934 5572 2103 5648 (uultus

519 5771 742 5826 pauper,
768 5774 874 5812 non
903 5747 1001 5814 siut
1029 5760 1237 5816 dolens.
1263 5759 1505 5814 Laudabo
1525 5776 1702 5813 nomen
1729 5759 1818 5813 Dei
1844 5775 1957 5813 cum
1980 5775 2102 5812 can-

522 5846 651 5912 tico,
677 5849 1011 5920 magniﬁcubo
1036 5865 1147 5905 eum
1178 5850 1230 5906 in
1259 5850 1421 5906 laude.
1455 5849 1572 5907 lam
1603 5849 1800 5907 dictum
1829 5856 1939 5918 est;
1972 5862 2100 5919 pau-

1701 438 1760 492 S.
1800 433 2166 491 AUCUSTINI
2209 434 2514 490 EPISCOPI

2179 562 2277 618 per
2317 548 2417 602 iste
2461 546 2644 602 laudat
2677 561 2872 604 nomen
2901 547 2994 603 Dei
3023 562 3146 603 cum
3181 548 3422 618 cantico,
3449 552 3760 622 magniﬁcas

2177 653 2298 694 eum
2327 638 2380 692 in
2401 636 2574 691 laude.
2597 637 2821 709 Quando
2845 637 3066 694 auderet
3085 649 3322 702 cantare.
3347 640 3452 696 nisi
3477 653 3756 700 recreatus

2177 736 2321 784 esset
2344 743 2375 782 a
2403 727 2579 792 fame?
2599 727 2844 795 Laudabo
2869 745 3048 790 nomen
3070 729 3166 792 Dei
3189 747 3308 785 cum
3327 735 3545 801 cantico,
3567 737 3763 806 magni-

2177 818 2338 887 ﬁcabo
2377 835 2490 882 eum
2532 820 2586 874 in
2625 820 2794 876 laude.
2833 821 3036 891 Magna:
3079 821 3309 878 divitiae!
3351 823 3496 892 Quas
3521 842 3768 896 gemmas

2179 907 2352 977 laudis
2377 908 2472 964 Dei
2497 910 2564 964 de
2590 909 2842 965 thesauro
2866 911 3120 968 interiore
3147 915 3394 983 protulit!
3414 913 3766 987 Hagniﬁeabo

2177 1016 2292 1053 eum
2319 999 2372 1056 in
2398 1001 2566 1054 laude.
2594 1000 2687 1055 lia:
2728 1011 2854 1055 sunt
2897 1001 3096 1058 divitia:
3122 1019 3277 1058 mete.
3304 1002 3556 1060 Dominus
3587 1007 3727 1060 dedit
3745 1047 3765 1073 ,

2178 1087 2429 1146 Dominus
2471 1090 2700 1145 abstulit.
2730 1091 2872 1162 Ergo
2910 1093 3074 1149 miser
3100 1095 3387 1150 remansit?
3419 1093 3591 1153 Absit.
3633 1097 3767 1152 Vide

2178 1179 2390 1237 divitias
2419 1199 2432 1235 :
2466 1183 2610 1236 Sicut
2630 1181 2852 1245 Domino
2886 1185 3098 1256 placuit,
3121 1186 3192 1239 ita
3219 1185 3410 1256 factum
3438 1197 3544 1253 est;
3574 1189 3640 1242 sit
3665 1205 3766 1242 no-

2185 1291 2297 1330 men
2317 1273 2525 1329 Domini
2546 1276 2854 1332 benedictum
2901 1277 3022 1348 (Job
3061 1295 3098 1346 ι,
3139 1279 3254 1351 Si).
3296 1279 3542 1340 Laudabo
3580 1299 3768 1339 nomen

2178 1363 2277 1434 Dei
2305 1382 2419 1421 cum
2447 1368 2664 1431 cantico,
2692 1369 3025 1439 magniﬁcabo
3047 1386 3162 1424 eum
3185 1372 3239 1426 in
3261 1372 3431 1428 laude.

2253 1456 2341 1512 16.
2375 1456 2526 1530 [vers.
2555 1457 2674 1533 32.]
2703 1459 2768 1514 Et
2796 1461 3010 1531 placebit
3034 1462 3163 1528 Deo,
3196 1463 3298 1519 hoc
3324 1465 3466 1535 quod
3495 1481 3616 1521 eum
3649 1468 3766 1522 lan-

2182 1545 2342 1614 dabo,
2372 1548 2618 1617 placebit,
2649 1565 2800 1625 super
2819 1552 3030 1606 uitulum
3056 1553 3323 1618 novellum,
3355 1571 3548 1608 cornua
3573 1559 3766 1625 prada-

2186 1647 2377 1691 centeni
2394 1646 2442 1691 et
2467 1639 2702 1708 ungulas.
2725 1638 2940 1695 Gratius
2969 1642 3043 1696 illi
3069 1643 3172 1697 erit
3203 1645 3527 1700 sacriﬁcium
3553 1647 3722 1703 laudis
3742 1689 3761 1714 ,

2183 1744 2342 1799 quam
2368 1729 2684 1785 sacriﬁcium
2715 1732 2886 1786 vituli.
2915 1733 3240 1802 Sacri/icium
3269 1737 3435 1791 laudis
3461 1739 3767 1809 gloriﬁcabit

2183 1835 2296 1883 me;
2316 1828 2363 1873 et
2392 1820 2459 1874 ibi
2479 1822 2559 1874 via
2581 1831 2652 1875 est
2679 1822 2728 1876 in
2753 1838 2852 1893 qua
2879 1824 3139 1879 ostendam
3165 1826 3241 1880 illi
3263 1829 3488 1882 salutare
3504 1827 3622 1883 Dei.
3649 1827 3766 1883 Ins-

2183 1913 2320 1968 mola
2339 1912 2446 1967 Deo
2471 1914 2601 1968 sacri
2603 1915 2775 1983 ﬁcium
2804 1915 2992 1982 laudis,
3015 1925 3061 1972 et
3081 1918 3233 1971 redde
3255 1919 3508 1973 Altissimo
3535 1931 3652 1974 nota
3677 1931 3768 1975 tua

2186 2002 2354 2072 (Pscl.
2389 2019 2542 2068 xux,
2571 2001 2659 2068 25,
2691 2005 2803 2076 14).
2830 2005 2972 2076 Ergo
2998 2007 3224 2062 laudabo
3255 2008 3456 2073 Deum;
3487 2019 3540 2064 et
3569 2011 3690 2080 plus
3713 2010 3768 2068 ei

2186 2095 2415 2164 placebit
2439 2111 2597 2166 quam
2626 2097 2819 2152 vitulus
2846 2098 3086 2156 novellus
3106 2141 3122 2165 ,
3148 2114 3348 2154 cornua
3389 2100 3686 2169 producens
3711 2110 3770 2158 et

2185 2186 2434 2257 ungulas.
2462 2189 2706 2258 Amplius
2747 2204 2875 2258 ergo
2902 2191 3131 2259 placebit
3155 2191 3268 2246 Deo
3295 2192 3410 2247 laus
3433 2192 3550 2261 ejus
3577 2194 3768 2250 exiens

2187 2279 2254 2334 de
2283 2294 2378 2335 ore
2407 2295 2548 2344 meo,
2575 2296 2735 2350 quam
2763 2297 2950 2351 magna
2984 2282 3195 2338 victima
3237 2282 3464 2347 addiscta
3507 2284 3573 2340 ad
3615 2300 3771 2340 aram

2188 2371 2374 2440 ipsius.
2402 2373 2486 2428 An
2511 2371 2709 2441 aliquid
2737 2373 2802 2428 de
2829 2373 3082 2428 cornibus
3105 2383 3159 2427 et
3183 2374 3394 2444 ungulis
3428 2375 3572 2430 vituli
3605 2375 3772 2444 hujus

2189 2460 2470 2525 dicendum
2501 2463 2620 2518 est?
2647 2463 2745 2530 Qui
2777 2463 2913 2519 bene
2938 2464 3229 2518 instructus
3257 2474 3339 2519 est
3357 2506 3372 2527 ,
3401 2474 3452 2520 et
3475 2465 3631 2521 laude
3666 2467 3768 2523 Dei

2189 2552 2505 2620 opulentus,
2551 2562 2619 2618 et,
2647 2569 2844 2608 cornua
2872 2553 3032 2610 debet
3070 2553 3487 2626 haberequibus
3517 2556 3775 2612 adversa-

2191 2645 2328 2700 rium
2345 2645 2586 2709 ventilet,
2606 2656 2660 2701 et
2681 2646 2904 2716 ungulas
2925 2646 3118 2718 quibus
3142 2656 3337 2702 terram
3357 2648 3573 2703 excitet.
3593 2648 3780 2704 Nostis

2191 2738 2332 2798 enim
2365 2737 2466 2794 hoc
2492 2737 2669 2796 facere
2695 2737 2890 2794 vitulos
2930 2739 3313 2807 pubescentes,
3347 2747 3402 2794 et
3428 2738 3482 2793 in
3511 2740 3777 2796 taurinam

2190 2827 2466 2882 audaciam
2517 2826 2954 2898 grandescentcs.
2997 2827 3132 2884 Nam
3183 2828 3306 2884 ideo
3357 2830 3603 2884 novellus
3647 2839 3775 2896 est,

2194 2927 2416 2988 pr0ptcr
2446 2918 2608 2974 vitam
2655 2935 2868 2976 novatn.
2903 2920 3111 2990 Aliquis
3151 2935 3279 2991 ergo
3317 2921 3602 2978 haereticus
3641 2923 3781 2980 forte

2194 3010 2540 3075 contradicit;
2568 3011 2821 3067 cornibus
2848 3011 3153 3068 ventiletur.
3186 3011 3338 3068 Alius
3374 3029 3479 3068 non
3508 3014 3780 3069 contradi-

2194 3102 2305 3170 cit,
2335 3103 2426 3158 sed
2458 3112 2632 3159 tamen
2671 3113 2938 3165 terrenum
2965 3102 3171 3174 abjecte
3196 3105 3365 3176 sapit;
3395 3105 3606 3174 ungulis
3632 3106 3780 3162 exci-

2196 3202 2357 3252 tetur.
2381 3197 2519 3266 Ergo
2546 3211 2708 3266 super
2730 3196 2872 3252 hunc
2897 3197 3115 3264 vitulum
3162 3196 3256 3254 tibi
3285 3197 3512 3268 placebit
3548 3197 3782 3253 laudatio

2197 3301 2344 3350 mea;
2371 3286 2480 3357 jam
2509 3286 2598 3342 illa
2624 3286 2640 3318 ¹
2674 3295 2793 3356 post
2819 3296 3181 3357 paupertatem
3203 3297 3259 3342 et
3282 3287 3518 3342 dolorem
3547 3288 3600 3341 in
3622 3297 3781 3342 eter-

2197 3391 2266 3432 na
2295 3377 2550 3432 societate
2587 3376 2910 3446 Angelorum
2935 3418 2952 3445 ,
2982 3377 3068 3433 ubi
3099 3392 3199 3432 nec
3225 3377 3560 3433 adversarius
3599 3378 3701 3432 erit
3730 3377 3782 3432 iu

2198 3468 2490 3524 certamine
2542 3467 2912 3535 ventilandus,
2968 3483 3069 3524 nec
3123 3468 3272 3540 piger
3317 3467 3385 3524 de
3438 3476 3585 3524 terra
3634 3468 3782 3526 esci-

2199 3560 2410 3620 lendus.

2271 3653 2357 3708 17.
2388 3651 2535 3724 [vers.
2567 3649 2682 3724 35.]
2724 3651 2934 3707 Videant
2955 3651 3150 3720 inopes,
3175 3659 3222 3705 et
3243 3651 3494 3705 lwtentur.
3523 3647 3780 3714 Credam,

2199 3753 2253 3801 et
2280 3759 2374 3814 spe
2400 3743 2682 3814 gaudeant.
2703 3744 2867 3815 Magis
2906 3744 3093 3814 inopes
3122 3743 3264 3810 sint,
3304 3752 3362 3798 ut
3398 3745 3626 3799 saturari
3666 3759 3782 3800 me-

2200 3846 2450 3905 reantur;
2483 3852 2552 3892 ne
2575 3852 2698 3892 cum
2740 3836 3007 3907 superbia:
3039 3837 3275 3906 saginam
3298 3844 3532 3902 ructant,
3560 3846 3786 3906 negetur

2199 3929 2278 3984 eis
2318 3929 2470 4000 panis
2507 3943 2613 3999 quo
2650 3926 2938 3984 salubriter
2977 3927 3175 3981 vivant.
3220 3924 3439 3992 Quwrite
3479 3923 3782 3992 Dominum,

2201 4022 2421 4092 inopes;
2447 4021 2668 4088 esurite,
2694 4029 2750 4076 et
2772 4020 2914 4076 sitite
2939 4018 3152 4091 (Matth.
3179 4033 3241 4084 v,
3267 4018 3323 4090 6)
3351 4038 3364 4074 :
3393 4018 3506 4088 ipse
3531 4027 3618 4074 est
3640 4020 3785 4074 enim

2201 4116 2354 4186 panis
2397 4116 2550 4172 vivus
2591 4117 2680 4186 qui
2725 4113 2794 4171 de
2837 4115 2974 4173 caelo
3016 4113 3290 4170 descendit
3319 4113 3510 4184 (Joan.
3538 4127 3626 4176 vr,
3656 4113 3780 4183 51).

2206 4209 2430 4276 ριιωτὶιε
2455 4208 2748 4274 Dominum,
2771 4219 2820 4262 et
2847 4209 2973 4263 vivet
2998 4208 3171 4262 anima
3194 4217 3376 4262 vestra.
3408 4206 3658 4275 Quatritis
3687 4220 3784 4275 pa-

2202 4315 2350 4366 nem,
2378 4307 2435 4354 ut
2458 4301 2598 4354 vivat
2618 4315 2744 4355 caro
2765 4310 2938 4355 vestra
2960 4315 2975 4367 ;
3001 4299 3280 4356 Dominum
3301 4299 3545 4370 qumrite,
3567 4307 3628 4356 ut
3647 4297 3787 4354 vivat

2201 4392 2376 4446 anima
2407 4402 2598 4447 vestra.

2274 4483 2361 4538 18.
2395 4481 2546 4555 [vers.
2579 4482 2694 4556 δι]
2718 4482 2969 4549 Quoniam
2984 4483 3238 4539 exaudivit
3257 4498 3502 4554 pauperes
3517 4481 3785 4538 Dominus.

2201 4575 2484 4638 Exaudivit
2511 4590 2806 4645 pauperes;
2831 4590 2932 4630 nec
2958 4574 3235 4630 exaudiret
3263 4588 3542 4645 pauperes,
3573 4573 3680 4628 nisi
3704 4588 3788 4629 es-

2202 4673 2324 4722 sent
2360 4680 2643 4736 pauperes.
2682 4665 2774 4722 \f'is
2816 4665 3094 4721 exaudiri?
3132 4665 3338 4735 Pauper
3365 4675 3482 4722 esto
3506 4681 3520 4719 :
3544 4664 3701 4720 dolor
3723 4665 3789 4720 de

2203 4765 2257 4812 te
2281 4757 2495 4823 clamet,
2525 4771 2629 4811 non
2656 4754 2943 4811 fastidium.
2977 4756 3230 4822 Quoniam
3257 4757 3512 4811 exaudivit
3539 4773 3789 4826 pauperes

2203 4847 2492 4911 Dominus;
2533 4857 2580 4902 et
2615 4848 2924 4918 compeditos
2960 4863 3079 4902 suos
3114 4865 3216 4904 non
3255 4849 3461 4917 sprevit.
3487 4847 3733 4904 Offensus
3759 4864 3789 4904 a

2206 4940 2375 4995 servis
2398 4980 2413 5005 ,
2445 4937 2570 4997 fecit
2595 4953 2690 4993 eos
2714 4938 3080 5009 compeditos;
3109 4937 3202 4993 sed
3230 4939 3521 4994 clamantes
3541 4938 3612 4994 de
3636 4953 3789 4994 com-

2206 5032 2429 5101 pedibus
2469 5048 2575 5090 non
2617 5033 2960 5103 contempsit.
2998 5032 3129 5100 Qua:
3159 5041 3285 5088 sunt
3322 5033 3436 5088 istze
3460 5032 3791 5103 compedes?

2205 5124 2518 5192 Mortalitas,
2547 5125 2960 5194 corruptibilitas
2987 5125 3184 5189 carnis,
3213 5125 3499 5194 compedes
3527 5133 3650 5179 sunt
3678 5124 3790 5193 qui-

2205 5215 2306 5272 bus
2331 5217 2472 5286 ligati
2501 5230 2703 5270 sumus.
2731 5215 2798 5269 Et
2827 5215 2986 5270 vultis
3022 5230 3182 5271 nosse
3210 5216 3432 5271 istarum
3468 5214 3790 5284 compedutn

2204 5305 2554 5378 gravitatem?
2591 5305 2719 5362 Inde
2755 5304 2986 5360 dicitur:
3015 5303 3210 5374 Corpus
3247 5304 3383 5374 quod
3427 5305 3788 5373 corrumpitur,

2206 5407 2446 5471 aggravat
2474 5397 2692 5451 animam
2718 5398 2738 5467 (
2762 5396 2892 5468 Sap.
2921 5411 3006 5463 ιι,
3039 5397 3107 5452 15
3128 5397 3166 5466 ).
3197 5394 3421 5464 Quando
3451 5394 3700 5452 homines
3738 5396 3789 5450 in

2207 5490 2402 5547 sarculo
2427 5488 2621 5545 divites
2654 5503 2774 5544 esse
2803 5489 3015 5557 volunt,
3060 5488 3175 5544 istis
3214 5487 3564 5558 compedibus
3587 5502 3789 5558 pannos

1847 5578 2151 5662 νηαιιξιξμ
2207 5592 2469 5660 quaerunt.
2495 5580 2623 5640 .Sed
2669 5581 2936 5638 sul‘llciant
2979 5579 3138 5652 panni
3187 5578 3508 5651 contpedum
3539 5597 3554 5634 :
3588 5588 3788 5635 tantum

520 5665 615 5733 tui,
646 5664 800 5730 Deus,
828 5669 1047 5736 suscepit
1067 5683 1162 5722 me.
1187 5667 1266 5741 Ad
1293 5682 1450 5738 quam
1475 5655 1982 5734 retn‘FUtjjam'non'
2003 5658 2101 5720 s'iiu
2125 5655 2154 5674 "

2271 5741 2287 5770 ¹
2324 5739 2396 5804 sic
2419 5737 2633 5787 melioris
2653 5745 2782 5788 uotae
2804 5743 2910 5787 uss.
2939 5735 3038 5794 Alii,
3054 5734 3316 5804 fauillam
3333 5743 3567 5804 post,__etc.
3592 5743 3643 5784 At
3660 5734 3787 5804 mh,

2207 5814 2320 5852 nam
2342 5798 2475 5848 illam
2498 5807 2617 5861 post,
2643 5807 2738 5850 etc.
2765 5807 2862 5851 Non
2899 5797 3067 5860 recte,
3094 5800 3186 5854 nisi
3223 5797 3355 5850 illam
3393 5800 3584 5849 releras
3617 5797 3676 5852 ad
3719 5797 3787 5846 civ

2211 5863 2354 5914 deant
2374 5863 2552 5926 inopes,
2579 5869 2672 5912 etc.
