4076 6456
264 454 370 514 865

266 583 470 640 quaere,
491 573 744 637 quantum
766 561 1093 634 depellenda:
1113 554 1419 614 necessitati
1444 552 1573 607 satis
1597 560 1698 607 est.
1721 548 1856 604 Cum

266 638 450 716 autem
483 655 748 728 superﬂua
775 653 998 724 quzcris,
1030 647 1314 717 compedes
1355 653 1474 698 tuas
1502 653 1732 697 onerare
1760 638 1858 692 de-

269 751 500 806 sideras.
527 747 588 803 In
612 747 704 802 tali
736 760 864 815 ergo
889 741 1128 798 cuStodia
1164 739 1250 792 vel
1294 735 1423 789 sola:
1451 730 1737 800 compedes
1767 743 1856 782 re-

270 845 545 896 maneant.
570 837 812 893 Sufﬁciat
831 834 936 888 diei
967 831 1163 886 malitia
1189 843 1285 882 sua
1311 823 1521 896 (Matth.
1545 837 1617 885 vr,
1646 818 1758 891 5t).
1789 819 1862 871 De

272 932 376 986 ista
422 929 628 984 malitia
657 927 952 982 clamamus
981 921 1048 976 ad
1079 922 1243 975 Deum
1273 935 1288 972 :
1320 917 1571 984 Quoniam
1607 909 1862 966 exaudivit

274 1034 528 1092 pauperes
553 1018 834 1079 Dominus;
863 1023 908 1070 et
930 1011 1235 1082 compeditos
1262 1023 1381 1062 suos
1401 1021 1499 1059 non
1523 1003 1726 1072 sprevit.

349 1112 442 1166 1‘9.
477 1109 627 1182 [ναι.
656 1105 770 1178 '55.]
802 1104 1031 1158 Laudem
1071 1101 1217 1154 illum
1255 1098 1364 1151 cali
1393 1105 1439 1148 et
1471 1106 1622 1160 terra,
1654 1107 1793 1144 mare
1817 1099 1864 1143 et

279 1201 456 1256 omnia
483 1180 711 1267 reptantia
755 1197 807 1249 in
847 1195 937 1248 eis.
978 1191 1127 1245 Vera:
1171 1187 1372 1242 divitiae
1417 1184 1575 1252 hujus
1617 1180 1864 1251 pauperis

277 1292 399 1346 ista:
429 1297 552 1344 sunt
571 1330 586 1350 ,
613 1285 960 1341 considerare
983 1288 1283 1336 creaturam
1312 1284 1368 1330 et
1404 1275 1617 1328 laudare
1644 1272 1866 1326 Creatoo

275 1397 420 1437 rem.
445 1378 675 1432 Laudent
698 1375 845 1429 illum
861 1373 970 1426 ειεΙί
987 1380 1032 1424 et
1055 1379 1210 1432 terra,
1229 1382 1368 1419 mare
1387 1374 1433 1418 et
1455 1364 1624 1418 omnia
1641 1359 1866 1430 repentia

277 1474 338 1529 in
365 1471 459 1528 eis.
489 1471 550 1524 Et
571 1477 821 1524 creatura
851 1465 961 1519 sola
991 1464 1090 1517 ista
1116 1460 1296 1516 laudat
1324 1459 1510 1518 Deum,
1543 1469 1663 1509 cum
1684 1450 1868 1508 censi-

277 1566 470 1622 derata
501 1578 560 1618 ea
583 1560 837 1616 laudatur
860 1558 1017 1611 Deus.

352 1654 444 1709 20.
479 1651 641 1725 [verm
673 1649 742 1704 36
765 1685 780 1712 ,
818 1644 948 1718 37.]
977 1643 1112 1700 Audi
1151 1650 1206 1697 et
1229 1639 1373 1695 aliud
1402 1655 1414 1691 :
1448 1636 1697 1704 Quoniam
1731 1633 1869 1688 Deu‘s

283 1748 479 1802 salvam
521 1743 666 1816 faciet
696 1741 844 1797 Sion.
876 1739 1109 1807 Reparat
1137 1733 1430 1790 Ecclesiam
1459 1745 1608 1786 suam
1635 1745 1650 1782 :
1679 1736 1868 1798 gentes

283 1838 471 1892 ﬁdeles
519 1836 822 1904 ineorporat
861 1827 1144 1899 Uuigenito
1183 1839 1316 1888 suo;
1361 1835 1469 1876 non
1499 1819 1709 1875 fraudat
1745 1832 1868 1872 cre-

281 1926 476 1983 dentes
507 1925 560 1978 in
591 1939 648 1978 se
671 1921 889 1993 prmmio
912 1916 1278 1988 promissionis
1299 1927 1430 1967 suae.
1457 1910 1707 1976 Quoniam
1732 1907 1868 1961 Deus

281 2015 479 2071 salvam
509 2014 658 2085 faciet
689 2011 814 2067 Sion
839 2026 858 2064 :
889 2019 934 2062 et
957 2005 1341 2076 atdiﬁcabuntur
1364 2002 1584 2056 civitates
1601 1997 1804 2053 Judwte
1828 1998 1865 2050 ¹.

287 2105 424 2178 Ipsa:
465 2113 591 2159 sunt
635 2101 908 2158 Ecclesiae.
936 2098 1103 2154 Nemo
1130 2095 1308 2151 dicat:
1334 2091 1559 2161 Quando
1589 2092 1692 2145 erit
1729 2087 1870 2143 istud

285 2208 348 2254 ut
374 2196 705 2252 aediﬁcentur
731 2193 972 2246 civitates
1000 2186 1236 2243 Iudaeae?
1267 2183 1312 2240 Ο
1340 2184 1385 2237 si
1416 2183 1546 2238 velis
1581 2192 1873 2251 agnoscere

285 2298 610 2352 structuram
632 2327 646 2350 ,
675 2294 730 2340 et
751 2299 869 2338 esse
893 2281 1028 2352 lapis
1051 2281 1232 2343 vivus,
1260 2286 1318 2331 ut
1345 2276 1512 2329 intres
1539 2274 1591 2326 in
1621 2272 1775 2327 eam!
1807 2270 1874 2323 Et

285 2394 437 2438 nunc
459 2379 701 2434 civitates
724 2375 923 2430 Iudaeos
947 2369 1295 2426 :rdiﬁ'cantur.
1317 2363 1451 2420 Iuda
1480 2364 1623 2418 enim
1645 2359 1872 2414 Confes-

289 2473 374 2530 sio
404 2473 800 2539 interpretatur.
828 2466 900 2518 De
916 2461 1253 2518 confessione
1279 2455 1589 2511 humilitatis
1609 2450 1877 2506 aediﬁcan-

292 2573 380 2619 tur
421 2561 662 2616 civitates
703 2555 938 2619 Iudaeae;
989 2562 1044 2606 ut
1089 2550 1217 2604 foris
1243 2547 1312 2600 ab
1340 2546 1419 2601 eis
1443 2542 1659 2614 superbi
1694 2553 1874 2595 rema.

288 2661 479 2716 meant,
512 2650 602 2722 qui
628 2646 872 2704 conﬁteri
897 2643 1237 2699 erubescunt.
1259 2637 1510 2703 Quoniam
1526 2633 1664 2686 Deus
1683 2629 1877 2684 salvam

291 2747 444 2820 faciet
473 2744 622 2800 Sion.
645 2743 814 2811 Quam
841 2738 1008 2795 Sion?
1039 2735 1174 2791 Audi
1205 2734 1255 2788 in
1283 2728 1628 2802 sequentibus
1657 2742 1670 2778 :
1705 2723 1772 2778 Et
1800 2738 1879 2777 sc-

291 2818 410 2891 men
435 2850 691 2890 servorum
729 2833 836 2904 ejus
874 2827 1159 2884 obtinebunt
1183 2835 1326 2890 eam;
1353 2829 1398 2877 et
1425 2819 1508 2891 qui
1546 2818 1762 2888 diligunt
1787 2830 1880 2869 tto-

291 2943 410 2982 men
430 2927 537 2999 ejus
560 2924 908 2978 inhabitabant
935 2922 986 2974 in
1011 2935 1090 2973 ea.

367 2997 461 3073 21.
494 3016 740 3072 Psalmus
771 3013 949 3067 ﬁnitus
975 3020 1087 3073 est;
1123 3006 1218 3063 sed
1261 3003 1528 3075 paululum
1575 3000 1706 3055 istos
1745 2997 1881 3053 duos

295 3125 484 3166 versus
511 3123 615 3162 non
639 3107 999 3175 relinquamus
1026 3121 1039 3157 :
1067 3099 1355 3154 admonent
1377 3094 1518 3149 enim
1541 3107 1639 3146 nos
1659 3087 1878 3160 aliquid,

299 3220 370 3262 ne
409 3199 744 3271 desperando
791 3199 843 3252 in
891 3196 1034 3250 illam
1078 3200 1397 3246 structuram
1446 3201 1553 3241 non
1598 3185 1879 3238 intremus.

299 3293 509 3359 Semen,
529 3292 716 3358 inquit,
740 3302 995 3343 servorum
1010 3285 1118 3354 ejus
1138 3281 1422 3336 obtinebunt
1447 3288 1576 3332 eam.
1592 3276 1708 3331 Jam
1727 3284 1879 3343 ergo,

299 3401 468 3441 semen
486 3396 740 3437 servorum
767 3381 874 3449 ejus
897 3377 985 3447 qui
1015 3374 1171 3429 sunt?
1201 3371 1360 3426 Forte
1387 3369 1542 3432 dicis,
1576 3366 1745 3422 Judaei
1772 3363 1883 3419 nati

303 3476 375 3531 de
420 3472 728 3530 Abraham:
763 3483 860 3524 nos
907 3477 1081 3521 autem
1128 3463 1217 3534 qui
1267 3477 1371 3516 non
1418 3475 1603 3514 sumus
1657 3456 1765 3510 nati
1816 3456 1885 3511 de

302 3563 596 3625 Abraham,
627 3557 891 3632 quomodo
918 3555 1231 3611 habebimus
1257 3553 1414 3606 istam
1443 3548 1748 3605 civitatem?
1774 3545 1883 3602 Sed

302 3671 413 3713 non
435 3663 558 3709 sunt
582 3667 765 3707 semen
795 3649 1023 3704 Abrahae
1050 3646 1126 3700 illi
1146 3643 1313 3700 Judaei
1335 3643 1525 3714 quibus
1545 3641 1740 3696 dictum
1761 3649 1843 3695 est
1867 3656 1883 3694 :

305 3747 367 3805 Si
395 3747 490 3819 ﬁlii
519 3745 735 3800 Abrahae
754 3742 904 3807 estis,
938 3745 1074 3811 facta
1103 3739 1318 3792 Abralue
1347 3736 1497 3808 facile
1535 3732 1555 3803 (
1571 3733 1729 3787 Joan.
1759 3747 1848 3786 vnt
1867 3773 1883 3798 ,

304 3841 436 3912 39).
465 3838 652 3894 Semen
676 3850 805 3904 ergo
833 3847 1090 3889 servorum
1124 3833 1240 3902 ejus
1262 3872 1276 3894 ,
1308 3829 1600 3883 imitatores
1626 3825 1746 3880 ﬁdei
1776 3838 1890 3878 scr-

305 3945 501 3988 vorum
541 3930 660 3997 ejus
705 3925 993 3982 obtinebunt
1032 3940 1164 3978 eam.
1194 3922 1430 3991 Denique
1459 3919 1675 3974 ultimus
1702 3931 1889 3973 versus

307 4022 640 4095 superiorem
670 4021 906 4090 exponit.
933 4015 1096 4086 Quasi
1121 4015 1262 4069 enim
1292 4012 1550 4076 turbatus,
1580 4025 1648 4066 ne
1675 4019 1890 4081 putares

305 4116 447 4174 forte
472 4113 578 4168 hoc
605 4112 672 4167 de
699 4110 898 4167 Iudaeis
927 4109 1052 4173 dici,
1086 4105 1154 4160 Et
1183 4119 1348 4159 semen
1376 4117 1630 4158 servorum
1659 4102 1768 4170 ejus
1795 4100 1888 4153 ob-

308 4207 536 4262 tinebunt
557 4220 687 4268 eant,
709 4201 894 4255 dicens
913 4240 929 4265 ,
955 4199 1063 4253 Nos
1082 4211 1265 4252 semen
1290 4194 1524 4264 gentium
1542 4205 1748 4255 sumus,
1771 4204 1892 4258 quas

309 4301 452 4357 idola
482 4297 786 4356 coluerunt,
818 4299 872 4347 et
895 4288 1227 4344 daemonibus
1253 4287 1584 4346 servierunt;
1610 4281 1733 4352 quid
1763 4293 1892 4350 ergo

312 4392 466 4447 nobis
491 4388 544 4442 in
573 4386 672 4440 hac
699 4384 913 4440 civitate
933 4377 1252 4451 sperandum
1293 4375 1414 4430 est?
1439 4374 1615 4429 statim
1645 4371 1890 4438 subjecit,

311 4491 370 4537 ut
402 4490 698 4551 praesumus
723 4482 779 4529 et
807 4485 1028 4541 speres:
1063 4467 1126 4522 Et
1165 4467 1251 4537 qui
1277 4467 1495 4536 diligunt
1533 4477 1712 4516 nomen
1751 4460 1888 4530 ejus,

313 4549 663 4628 inhabitabant
687 4567 741 4620 in
763 4579 842 4617 ea.
876 4561 986 4616 Hoc
1009 4567 1092 4613 est
1119 4557 1260 4610 enim
1291 4571 1454 4610 semen
1475 4565 1729 4607 servorum
1759 4549 1891 4618 ejus,

316 4674 402 4744 qui
427 4671 648 4740 diligunt
675 4679 852 4720 nomen
876 4663 1005 4731 ejus.
1047 4657 1180 4726 Quia
1219 4653 1359 4710 enim
1398 4650 1536 4706 servi
1561 4647 1677 4716 ejus
1698 4641 1901 4700 dilexe-

320 4735 443 4818 runt
469 4735 666 4815 nomen
688 4756 832 4826 ejus;
852 4753 1170 4823 quicumque
1186 4761 1292 4800 non
1307 4744 1531 4813 diligunt
1549 4754 1740 4795 nomen
1759 4735 1898 4807 ejus,

320 4871 426 4912 non
457 4869 519 4910 se
539 4852 718 4907 dicant
752 4863 932 4904 semen
967 4856 1240 4898 servorum
1268 4841 1415 4906 ejus;
1461 4845 1514 4890 et
1551 4834 1638 4904 qui
1677 4832 1902 4902 diligunt

320 4959 518 5002 nomen
545 4942 680 5013 ejus,
711 4954 815 4996 non
842 4953 900 4993 se
919 4942 1113 5006 negent
1133 4943 1311 4987 semen
1342 4934 1617 4984 servorum
1641 4923 1778 4992 ejus.

331 5066 1240 5093 ____________..____.._

707 5149 788 5210 IN
831 5140 1210 5210 PSALMUM
1278 5136 1487 5201 LXIX

897 5264 1312 5325 ENARRATIO.

963 5393 1138 5436 saltue
1167 5381 1265 5449 (a).

401 5523 454 5576 i.
485 5517 639 5593 [vers.
671 5515 752 5589 2.]
781 5515 989 5572 Gratias
1017 5526 1183 5584 grano
1211 5510 1386 5572 tritici,
1421 5508 1541 5578 quia
1577 5505 1710 5561 mori
1742 5502 1908 5558 voluit

333 5624 386 5670 et
413 5589 756 5681 multiplicari
788 5608 965 5680 (Joan.
997 5621 1094 5669 xu,
1125 5602 1217 5672 25)
1239 5620 1251 5654 ε
1270 5597 1464 5670 gratias
1487 5599 1641 5652 unico
1663 5589 1796 5651 Filio
1816 5593 1910 5649 Dei

335 5706 562 5762 Domino
587 5710 644 5759 et
672 5699 931 5758 Saivatori
961 5706 1146 5752 nostro
1166 5695 1290 5749 Jesu
1312 5692 1546 5759 Christo,
1569 5690 1657 5761 qui
1686 5696 1910 5744 mortem

397 5841 415 5872 ¹
450 5840 525 5889 sic
545 5852 607 5887 ex
623 5835 904 5886 melioribus
923 5839 1028 5882 Mss.
1048 5831 1182 5892 juxta
1199 5835 1326 5892 lxx.
1352 5825 1554 5889 Lindie]

399 5902 476 5963 (ιι)
513 5906 561 5953 ιιι
581 5906 829 5960 ttat-tyrant
850 5891 1155 5947 solemnitate
1179 5891 1386 5942 habitus.

1361 433 1758 494 ENARRATIO
1795 429 1861 488 IN
1900 428 2220 486 ιέΑιιιυιι
2243 426 2428 483 LXIX.

3435 427 3542 484 866

1967 556 2202 602 nostram
2225 546 2405 600 subire
2425 559 2529 598 non
2555 541 2868 614 dedignatus
2890 552 2992 610 est,
3015 552 3070 599 ut
3095 560 3192 600 nos
3216 545 3320 600 vita
3346 558 3439 599 sua
3459 544 3544 600 tli-

1965 652 2098 708 gnos
2131 637 2351 692 faceret.
2385 637 2520 690 Ecce
2543 635 2631 704 qui
2663 633 2946 704 singularis
2972 643 3122 701 erat,
3155 639 3330 691 donec
3361 646 3542 691 trans-

1966 731 2087 796 iret,
2117 730 2254 784 sicut
2278 729 2413 783 dixit
2441 729 2490 782 in
2523 727 2746 797 psalmo,
2780 725 3072 795 Singularis
3099 744 3190 798 ego
3217 745 3350 794 sum,
3381 731 3543 782 donec

1966 829 2215 874 transeam
2242 818 2410 888 (Psal.
2434 834 2555 887 ch,
2591 816 2677 886 l0)
2703 833 2715 868 :
2739 817 2862 886 quia
2890 798 2967 869 sic
2991 825 3107 870 erat
3131 817 3398 886 singulare
3417 831 3546 886 gra-

1966 924 2114 973 num,
2141 918 2200 964 ut
2225 910 2275 962 in
2303 923 2362 963 se
2389 907 2611 962 haberet
2644 919 2889 975 magnam
2918 905 3273 960 multitudinis
3303 905 3546 962 fecundi-

1968 1005 2164 1062 tatem;
2196 1003 2249 1050 in
2277 996 2490 1067 quantis
2515 996 2696 1065 granis
2737 996 3039 1063 passionem
3068 995 3182 1064 ejus
3222 995 3548 1052 imitantibus

1970 1089 2299 1144 exsultamus
2315 1128 2330 1154 ,
2354 1087 2568 1157 quando
2591 1087 2824 1140 natalitia
2863 1085 3149 1156 Martyrum
3183 1087 3546 1142 celebramus!

1969 1181 2131 1235 Multa
2159 1195 2288 1249 ergo
2315 1180 2555 1233 membra
2583 1179 2719 1248 ejus,
2752 1179 2850 1232 sub
2881 1195 2986 1232 uno
3012 1180 3184 1246 capite
3219 1180 3335 1250 ipso
3362 1179 3551 1235 Salva-

1970 1281 2086 1328 tore
2111 1276 2293 1326 nostro
2322 1271 2600 1326 charitatis
2621 1279 2676 1326 et
2706 1271 2852 1338 pacis
2877 1271 3093 1324 vinculo
3113 1270 3386 1342 colligam,
3414 1273 3552 1326 sicut

1971 1377 2130 1417 nosse
2158 1361 2450 1430 dignamini
2475 1401 2491 1425 ,
2521 1361 2770 1429 quoniam
2801 1361 3097 1429 saepissime
3127 1360 3352 1415 audistis
3372 1403 3386 1427 ,
3417 1376 3553 1416 unus

1971 1451 2134 1506 homo
2176 1459 2338 1505 sunt:
2370 1460 2425 1504 et
2455 1451 2689 1518 ipsorum
2737 1459 2792 1503 ut
2823 1451 2980 1504 unius
3017 1451 3249 1505 hominis
3290 1466 3390 1504 vox
3440 1452 3554 1520 pie-

1970 1556 2195 1610 rumque
2219 1541 2274 1594 iu
2305 1540 2530 1595 Psalmis
2557 1539 2797 1605 auditur;
2831 1546 2887 1594 et
2909 1539 2987 1594 sic
3020 1540 3216 1594 clamat
3259 1555 3396 1594 unus
3437 1549 3555 1595 tan-

1971 1648 2130 1702 quam
2157 1645 2346 1686 omnes
2364 1673 2380 1697 ,
2423 1631 2544 1701 quia
2572 1645 2760 1686 omnes
2790 1631 2842 1684 in
2889 1646 2994 1685 uno
3023 1647 3159 1685 unus
3187 1641 3332 1686 sunt.
3357 1631 3556 1688 Audia-

1973 1737 2091 1776 mus
2120 1732 2250 1791 ergo
2273 1722 2526 1791 quoniam
2567 1721 2948 1777 laboraverunt
2992 1731 3289 1794 martyres,
3323 1731 3377 1778 et
3414 1724 3555 1780 inter

1973 1826 2194 1883 magnas
2220 1820 2562 1881 tempestates
2590 1810 2836 1865 odiorum
2879 1812 2932 1865 in
2973 1812 3076 1867 hoc
3103 1813 3299 1867 sarculo
3339 1815 3554 1882 pericli-

1973 1904 2065 1956 tati
2091 1910 2244 1968 sunt;
2276 1917 2382 1956 non
2413 1912 2519 1956 tam
2546 1915 2791 1971 corpore,
2820 1903 2959 1971 quod
2985 1903 3308 1974 quandoque
3331 1907 3558 1976 posituri

1974 2004 2150 2060 erant,
2175 1994 2266 2049 sed
2304 1995 2416 2063 ipsa
2444 1994 2567 2057 ﬁde,
2600 2010 2667 2048 ne
2689 1993 3000 2049 deﬁcientes
3020 2036 3035 2060 ,
3077 2003 3132 2049 et
3175 1996 3311 2051 forte
3351 1999 3558 2054 acerbis

1976 2089 2402 2157 persecutionum
2451 2086 2704 2141 cedentes
2747 2085 3059 2152 doloribus,
3100 2088 3190 2142 vel
3229 2090 3396 2144 amori
3436 2092 3560 2147 vita

1977 2179 2154 2248 hujus,
2186 2180 2494 2233 amitterent
2513 2178 2654 2248 quod
2685 2180 3002 2247 promiserat
3025 2179 3162 2233 Deus
3193 2196 3206 2232 :
3234 2182 3322 2249 qui
3352 2196 3458 2238 non
3481 2198 3562 2238 so-

1977 2270 2086 2324 lum
2135 2273 2329 2334 verbo,
2377 2271 2472 2325 sed
2518 2271 2680 2324 etiam
2723 2270 2972 2338 exemplo
3015 2269 3306 2326 abstulerat
3347 2288 3562 2330 omnem

1977 2363 2256 2428 timorem;
2284 2362 2470 2428 verbo,
2502 2361 2708 2426 dicens,
2737 2358 2915 2414 Nolite
2944 2361 3118 2413 timere
3141 2375 3225 2414 eos
3259 2363 3345 2432 qui
3380 2379 3563 2434 corpus

1977 2457 2244 2525 occidunt;
2272 2462 2493 2514 animam
2522 2470 2689 2514 autent
2716 2477 2817 2515 non
2848 2471 3056 2532 possunt
3083 2462 3310 2516 occidere
3341 2460 3559 2532 (Matth.

1979 2567 2034 2618 x,
2058 2551 2185 2622 28);
2214 2551 2479 2621 exemplo,
2509 2551 2708 2606 faciens
2730 2551 2872 2621 quod
2893 2553 3056 2606 verbo
3079 2555 3347 2622 przccepit,
3379 2561 3438 2607 ut
3466 2566 3566 2608 nec

1985 2657 2170 2697 eorum
2201 2642 2600 2696 verberantium
2630 2655 2819 2696 manus
2858 2643 3020 2697 vellet
3045 2642 3304 2706 devitarc,
3336 2657 3436 2698 nec
3463 2645 3566 2698 ala-

1982 2747 2076 2801 pas
2107 2731 2512 2801 percutientium
2539 2772 2553 2794 ,
2597 2745 2695 2786 nec
2737 2731 2932 2787 salivas
2977 2733 3380 2802 conspuentium
3405 2775 3420 2798 ,
3465 2747 3567 2790 nec

1981 2833 2233 2878 coronam
2261 2821 2330 2877 de
2355 2822 2523 2890 spinis
2555 2821 2942 2891 imponentium
2960 2864 2974 2889 ,
3002 2806 3099 2878 nec
3127 2838 3338 2878 crucem
3367 2823 3565 2878 interﬁ-

1981 2913 2273 2969 cientium:
2303 2912 2431 2966 nihil
2475 2912 2667 2967 horum
2698 2913 2866 2967 vitare
2892 2913 3082 2979 voluit,
3127 2914 3211 2968 cui
3255 2913 3384 2968 nihil
3431 2927 3567 2984 opus

1983 3013 2119 3073 erat,
2146 3014 2362 3075 propter
2391 3018 2486 3059 eos
2509 3005 2702 3074 quibus
2723 3004 2822 3058 hoc
2840 3019 2977 3074 opus
2998 3013 3142 3068 erat;
3175 3005 3373 3060 faciens
3393 3020 3567 3074 πετο·-

1987 3098 2056 3152 tis
2108 3096 2177 3152 de
2232 3097 2410 3166 seipso
2465 3094 2935 3150 medicamentum.
2991 3094 3391 3150 Laboraverunt
3439 3110 3568 3169 ergo

1985 3197 2281 3259 martyres;
2324 3196 2378 3242 et
2407 3186 2510 3241 nisi
2540 3186 2628 3241 ille
2667 3200 2880 3256 semper
2907 3185 3117 3241 adesset
3161 3187 3250 3257 qui
3293 3188 3395 3253 ait,
3437 3186 3570 3244 Ecce

1987 3295 2077 3350 ego
2094 3277 2345 3333 uobiscum
2363 3293 2476 3330 sum
2490 3293 2647 3348 usque
2664 3277 2732 3330 ad
2751 3275 3230 3331 consummationem
3246 3279 3421 3332 saeculi
3454 3277 3566 3349 (Id.

1987 3387 2170 3430 xxvut,
2202 3367 2318 3440 20),
2349 3369 2531 3437 utique
2556 3366 2896 3422 defecissent.

2057 3460 2112 3514 2.
2143 3459 2239 3513 Est
2259 3473 2387 3528 ergo
2415 3457 2468 3511 in
2497 3459 2601 3512 hoc
2629 3457 2834 3527 psalmo
2859 3471 2960 3511 vox
2985 3457 3456 3512 contribulatorum
3479 3473 3491 3521 ;
3517 3466 3568 3514 ct

1989 3551 2109 3606 ideo
2129 3551 2312 3618 utique
2338 3558 2632 3620 martyrum
2664 3549 2805 3602 inter
2832 3549 3108 3617 passiones
3130 3549 3566 3620 periclitantium,

1989 3643 2082 3697 sed
2109 3641 2175 3696 de
2219 3655 2318 3694 suo
2344 3640 2522 3710 capite
2555 3637 3010 3709 prmsumentium.
3044 3639 3335 3693 Audiamus
3362 3655 3484 3707 eos,
3516 3648 3573 3697 et

1991 3733 2270 3801 loquamur
2282 3745 2400 3784 cum
2421 3730 2501 3784 eis
2525 3742 2590 3783 ex
2611 3727 2802 3784 affectu
2828 3727 3025 3795 cordis,
3049 3728 3259 3784 etiamsi
3289 3743 3393 3783 non
3420 3730 3572 3783 simi-

1991 3822 2216 3878 litudine
2241 3820 2520 3890 passionis.
2545 3819 2627 3874 liii
2653 3818 2820 3874 enim
2834 3818 2946 3889 jam
2990 3820 3229 3874 coronati
3273 3827 3427 3886 sunt;
3473 3833 3573 3875 nos

1991 3913 2166 3969 adhuc
2192 3912 2592 3983 periclitamur:
2616 3926 2723 3966 non
2749 3911 2870 3980 quia
2899 3911 3032 3966 tales
3054 3925 3151 3965 nos
3172 3911 3574 3981 persecutiones

1993 4013 2204 4077 urgent,
2235 4003 2418 4074 quales
2448 4003 2592 4072 ipsos
2631 4013 2913 4068 ursernnt;
2960 4001 3056 4056 sed
3095 4001 3319 4058 fortasse
3364 4003 3575 4072 pejores

1994 4099 2049 4153 in
2078 4095 2401 4152 omnimodis
2427 4094 2712 4164 generibus
2740 4104 3006 4148 tantorum
3033 4094 3429 4149 scandalorum.
3460 4095 3575 4151 No-

1994 4196 2104 4242 stra
2127 4188 2270 4241 enim
2301 4195 2542 4254 tempora
2580 4185 2747 4252 magis
2775 4182 3046 4237 abundant
3073 4184 3162 4238 illo
3192 4183 3283 4237 Vte
3298 4185 3440 4254 quod
3460 4185 3574 4240 cla-

1994 4279 2158 4332 mavit
2181 4275 2436 4330 Dominus
2469 4291 2482 4327 :
2523 4271 2608 4327 Va:
2633 4273 2823 4327 mundo
2859 4272 2922 4325 ab
2962 4273 3218 4327 scandatis
3254 4273 3382 4344 (Id.
3419 4289 3572 4344 xvnt,

1998 4367 2078 4436 7).
2103 4365 2169 4420 Et
2195 4365 2435 4434 quoniam
2453 4363 2724 4417 abundavit
2748 4363 3008 4433 iniquitas,
3040 4363 3324 4434 refrigescet
3353 4365 3576 4422 charitas

1996 4457 2269 4513 multorum
2313 4454 2440 4527 (Id.
2487 4466 2647 4520 ‘xxtv,
2692 4453 2822 4523 12).
2867 4453 3049 4524 Neque
3091 4454 3231 4508 enim
3277 4463 3330 4509 et
3357 4454 3456 4509 Lot
3485 4456 3577 4513 ille

1997 4559 2212 4604 sanctus
2232 4589 2247 4612 ,
2277 4548 2328 4602 in
2357 4545 2606 4603 Sodomis
2635 4547 2704 4602 ab
2741 4546 2919 4616 aliquo
2944 4546 3278 4614 corporalem
3319 4561 3575 4616 persecu-

2000 4642 2196 4697 tionem
2221 4641 2534 4710 patiebatur,
2557 4647 2648 4694 aut
2665 4639 2864 4694 dictum
2888 4639 2963 4694 illi
2989 4649 3103 4694 erat
3129 4649 3186 4694 ut
3213 4654 3318 4695 non
3338 4641 3406 4695 ibi
3428 4641 3578 4696 habi-

1999 4742 2171 4798 taret;
2225 4732 2526 4802 persecutio
2576 4731 2735 4800 ejus,
2793 4732 2924 4785 facta
2982 4731 3118 4786 mala
3173 4732 3574 4791 Sodomitarum

1999 4833 2150 4879 erant
2174 4822 2320 4893 (Gen.
2339 4826 2471 4892 xix).
2491 4821 2638 4876 Nunc
2657 4835 2786 4890 ergo
2798 4822 2905 4889 jam
2927 4820 3141 4876 Christo
3159 4821 3211 4876 in
3235 4825 3371 4879 creto
3393 4824 3577 4879 seden-

2001 4924 2084 4979 te,
2117 4915 2222 4984 jam
2251 4913 2580 4984 glorilicato,
2620 4911 2730 4980 jam
2760 4911 3014 4978 subjectis
3055 4914 3350 4969 cervicibus
3389 4930 3572 4984 regum

1997 5006 2124 5076 jugo
2153 5006 2270 5070 ejus
2294 5045 2309 5068 ,
2339 5013 2393 5058 et
2422 5001 2710 5072 suppositis
2736 5015 2921 5056 eorum
2951 5001 3217 5058 frontibus
3244 5005 3395 5073 signo
3425 5006 3573 5071 ejus;

1997 5097 2107 5166 jam
2137 5095 2283 5148 nullo
2325 5101 2636 5148 remanente
2672 5093 2760 5161 qui
2807 5092 2978 5160 palam
3020 5094 3336 5149 Christianis
3381 5095 3591 5150 audeat

2003 5185 2279 5248 insultare,
2300 5182 2473 5236 adhuc
2504 5191 2677 5236 tamen
2708 5181 2852 5236 inter
2867 5197 3060 5252 organa
3085 5193 3139 5240 et
3163 5183 3576 5256 symphoniacos

2001 5273 2298 5345 gemimus;
2325 5271 2500 5325 adhuc
2525 5270 2599 5326 illi
2631 5270 2825 5326 inimici
2852 5272 3138 5342 Martyrum
3161 5313 3174 5338 ,
3205 5272 3326 5343 quia
3355 5274 3575 5331 vocibus

2001 5375 2056 5421 et
2081 5365 2222 5420 ferro
2249 5379 2353 5418 non
2379 5369 2636 5434 possunt,
2667 5378 2763 5420 eos
2789 5378 2882 5418 sua
2921 5364 3126 5419 luxuria
3161 5375 3574 5436 persequuntur.

2002 5459 2175 5527 Atque
2201 5455 2401 5508 utinam
2431 5454 2670 5522 Paganos
2692 5454 3056 5509 tantummodo
3079 5454 3382 5511 doleremus
3405 5458 3420 5488 ¹
3444 5459 3456 5512 !
3487 5472 3576 5513 es-

2002 5556 2085 5603 set
2111 5546 2496 5616 qualecumque
2519 5544 2801 5610 solatium,
2835 5554 3148 5615 exspectare
3173 5562 3269 5603 eos
3312 5549 3398 5619 qui
3439 5567 3575 5604 non-

2001 5637 2124 5693 dum
2151 5649 2310 5691 cruce
2337 5633 2532 5689 Christi
2561 5635 2750 5704 signati
2775 5644 2896 5689 sunt
2915 5677 2930 5702 ,
2955 5637 3167 5706 quando
3196 5640 3489 5709 signentur,
3521 5651 3575 5698 et

2001 5725 2214 5800 quando
2247 5725 2361 5794 ejus
2390 5725 2708 5780 auctoritate
2741 5725 2939 5794 alligati
2971 5728 3217 5786 desinant
3259 5731 3456 5788 furere.
3485 5731 3572 5787 Vi-

2072 5863 2088 5893 ι
2123 5861 2196 5910 sic
2216 5865 2324 5909 Mss.
2347 5857 2460 5910 add.
2486 5870 2623 5919 vero,
2646 5854 2979 5910 toleraremus.
