4076 6450
530 419 632 476 απτ

530 533 718 587 demus
747 530 908 586 etiam
933 537 1206 600 portantes
1241 528 1292 582 in
1323 527 1497 585 fronte
1527 530 1733 600 Signum
1763 531 1878 599 ejus
1903 569 1918 597 ,
1947 529 2103 584 simul

533 623 587 677 in
614 622 726 690 ipsa
755 620 930 676 fronte
958 629 1172 690 portare
1198 619 1580 689 impudentiam
1612 621 1960 683 luxuriarum,
1993 619 2106 674 die-

529 712 734 782 busque
760 721 816 766 et
843 709 1270 766 solemnitatibus
1315 716 1610 780 martyrum
1655 724 1761 764 non
1799 709 2101 776 exsultare,

529 803 624 859 sed
645 804 921 858 insultare.
944 803 1011 858 Et
1034 804 1172 859 inter
1197 801 1313 857 haec
1333 803 1616 872 gemimus,
1639 810 1694 857 et
1719 802 1831 858 haec
1851 814 2073 871 persccu

531 896 603 952 tio
620 904 798 952 nostra
821 905 922 964 est,
951 897 996 951 si
1017 905 1096 951 est
1123 896 1177 950 in
1203 896 1358 950 nobis
1381 895 1618 950 charitas
1641 910 1758 964 qua:
1782 895 1954 949 dicat:
1980 894 2106 961 Quis

527 986 838 1056 inﬁrmatur,
879 997 924 1040 et
965 1003 1064 1040 non
1093 1001 1182 1056 ego
1210 985 1481 1052 inﬁrmor?
1505 985 1616 1054 quis
1641 984 2035 1048 scandalizatur;
2060 992 2106 1038 et

528 1094 630 1134 non
651 1095 741 1150 ego
761 1095 888 1133 uror
915 1079 932 1149 (
957 1079 1001 1133 ll
1023 1078 1138 1132 Cor.
1171 1092 1246 1143 ιι,
1274 1077 1344 1131 29
1368 1077 1420 1148 )?
1445 1077 1629 1132 Nullus
1654 1092 1781 1147 ergo
1801 1092 1986 1132 servus
2011 1077 2105 1131 Dei

528 1171 645 1227 sine
673 1171 1079 1241 persecutione;
1109 1181 1398 1239 verumque
1427 1178 1508 1224 est
1550 1169 1675 1224 illud
1705 1169 1845 1238 quod
1879 1171 2106 1238 Aposto-

527 1259 612 1317 lus
637 1262 711 1317 a'it
738 1280 751 1316 :
783 1261 888 1317 Sed
913 1270 962 1315 et
989 1277 1159 1320 omnes
1185 1261 1271 1328 qui
1296 1259 1466 1314 volunt
1501 1260 1554 1314 in
1587 1259 1784 1315 Christo
1809 1262 1891 1332 pie
1921 1261 2102 1328 vivere,

527 1352 919 1422 persecutionem
951 1351 1203 1420 patientur
1221 1349 1288 1419 (ll
1314 1339 1545 1420 Τὲηωιι,
1575 1347 1684 1421 12).
1707 1349 1916 1404 Videris
1943 1349 2100 1414 unde,

527 1441 727 1496 videris
756 1440 1058 1510 quomodo;
1091 1440 1334 1495 diabolus
1365 1439 1454 1495 ille
1482 1437 1724 1494 biformis
1751 1448 1853 1496 est.
1891 1439 2000 1494 Leo
2024 1448 2106 1494 est

527 1531 582 1586 in
612 1531 811 1601 impetu
834 1571 848 1595 ,
879 1530 1043 1586 draco
1075 1531 1128 1585 in
1159 1530 1385 1586 insidiis.
1414 1529 1524 1585 Leo
1563 1530 1814 1594 minetur,
1857 1530 2104 1586 inimicus

524 1630 642 1689 est;
667 1622 834 1678 draco
863 1621 1168 1686 insidietur,
1212 1622 1460 1677 inimicus
1488 1629 1591 1676 cst.
1623 1620 1846 1688 Quando
1890 1635 1986 1676 nos
2014 1635 2104 1675 se-

524 1713 679 1768 euri?
701 1713 840 1768 Ecce
867 1713 998 1767 ﬁant
1035 1727 1223 1768 omnes
1248 1711 1572 1777 Christiani,
1607 1710 1864 1780 numquid
1899 1719 1953 1765 et
1987 1709 2103 1766 dia-

523 1801 682 1858 bolus
723 1802 1044 1858 christianus
1090 1801 1234 1858 erit?
1278 1801 1509 1856 Tentare
1555 1815 1684 1870 ergo
1737 1815 1841 1854 non
1893 1808 2099 1865 cessat;

524 1892 765 1949 insidiari
805 1908 911 1948 non
951 1901 1146 1948 cessat.
1171 1892 1468 1948 lnfrenatus
1497 1901 1580 1948 est
1606 1900 1764 1961 atque
1791 1891 2021 1962 illigatus
2050 1892 2104 1946 in

522 1986 772 2042 cordibus
803 1987 1106 2056 impiorum,
1137 2002 1202 2041 ne
1229 1986 1412 2041 saeviat
1438 1986 1488 2040 in
1514 1985 1808 2040 Ecclesiam
1833 2026 1849 2050 ,
1891 1993 1944 2040 et
1985 1993 2102 2038 tan-

524 2085 639 2131 tum
671 2075 827 2132 faciat
852 2085 1109 2146 quantum
1149 2075 1281 2130 vult.
1315 2075 1571 2131 Fremunt
1594 2074 1782 2130 dentes
1821 2074 2103 2143 impiorum

521 2166 779 2222 adversus
821 2166 1131 2236 dignitatem
1161 2165 1416 2221 Ecclesia:
1460 2174 1515 2221 et
1559 2179 1741 2234 pacem
1772 2164 2104 2220 Christiano-

522 2270 639 2312 rum
667 2299 680 2323 ,
709 2267 762 2314 et
785 2258 909 2328 quia
941 2273 1048 2312 non
1079 2257 1274 2312 habent
1318 2257 1444 2327 quid
1487 2266 1644 2326 agant
1671 2256 1966 2322 saeviendo;
1998 2257 2104 2312 sal-

524 2349 724 2414 tando,
772 2348 1230 2418 blaSphemando,
1274 2347 1626 2413 luxuriando,
1675 2362 1782 2402 non
1825 2347 2106 2418 impellunt

523 2455 747 2510 corpora
778 2439 1218 2504 Christianorum,
1245 2438 1338 2494 sed
1367 2439 1599 2492 lacerant
1625 2438 1832 2494 animas
1850 2438 2104 2494 Christia-

524 2547 734 2585 norum.
759 2529 1062 2586 Clamemus
1085 2545 1212 2601 ergo
1240 2546 1343 2586 una
1374 2545 1506 2585 voce
1535 2545 1724 2587 omnes
1753 2531 1911 2586 verba
1947 2531 2060 2588 haec
2085 2550 2100 2586 :

522 2618 684 2689 Deus,
704 2623 754 2676 in
772 2623 1082 2690 adiutorium
1099 2637 1262 2676 meum
1289 2623 1504 2676 intende.
1521 2621 1665 2691 Opus
1683 2623 1824 2678 enim
1847 2623 2104 2679 habemus

523 2715 849 2783 sempiterno
894 2714 1158 2785 adjutorio
1195 2715 1248 2769 in
1291 2714 1396 2769 isto
1425 2715 1642 2770 smculo.
1675 2715 1899 2782 Quando
1925 2727 2101 2770 autem

523 2806 662 2861 non!
697 2804 852 2860 Modo
880 2815 1056 2860 tamen
1083 2806 1100 2836 ¹
1130 2805 1182 2859 in
1212 2804 1549 2862 tribulatione
1575 2806 1732 2876 positi
1767 2806 1996 2861 maxime
2018 2807 2101 2860 di-

520 2912 706 2952 camus
730 2915 741 2949 :
770 2895 924 2962 Deus,
954 2898 1004 2950 in
1031 2898 1347 2966 adjutorium
1375 2914 1538 2951 meum
1567 2898 1785 2952 intende.

591 2988 644 3041 5.
687 2986 834 3059 [vers.
866 2985 944 3058 5.]
984 2987 1375 3058 Confundanlur
1423 2997 1469 3041 et
1496 2997 1813 3042 revereantur
1837 2988 1925 3056 qui
1959 3003 2099 3058 qure-

521 3089 637 3133 runt
661 3081 882 3132 animant
916 3096 1093 3133 meam.
1135 3078 1377 3134 Christus
1410 3079 1538 3134 dicit
1566 3098 1579 3132 :
1609 3080 1723 3134 sive
1748 3088 1905 3148 eaput
1941 3079 2100 3147 dicat,

523 3171 636 3224 sive
656 3185 850 3239 corpus
879 3169 1055 3234 dicat;
1088 3170 1174 3224 ille
1203 3169 1350 3233 dicit,
1389 3170 1479 3239 qui
1517 3169 1650 3225 dixit
1681 3188 1695 3225 :
1720 3169 1854 3234 Quid
1883 3187 1960 3223 me
1987 3187 2104 3240 per-

521 3262 738 3331 sequeris
787 3261 920 3329 (Act.
974 3277 1047 3325 tx,
1080 3262 1176 3329 4)?
1222 3262 1308 3316 ille
1351 3261 1499 3325 dicit,
1531 3262 1618 3332 qui
1665 3259 1989 3316 dixit:Cum
2016 3265 2104 3318 uni

522 3367 585 3407 ex
610 3353 826 3406 minimis
857 3353 977 3407 meis
997 3354 1202 3424 fecistis,
1221 3353 1345 3406 milii
1358 3347 1766 3423 fecistis(Mattlt.
1816 3366 1943 3419 xxv,
1985 3355 2099 3425 40).

522 3443 655 3496 Noza
682 3453 763 3498 cst
787 3458 912 3514 ergo
941 3459 1041 3498 vox
1083 3440 1239 3513 hujus
1263 3443 1512 3510 hominis,
1545 3445 1707 3499 totius
1731 3444 1979 3510 hominis,
2011 3460 2103 3500 ca-

525 3534 645 3602 pilis
671 3544 720 3587 et
743 3534 1018 3604 corporis:
1047 3551 1150 3589 non
1179 3550 1320 3605 saepe
1339 3536 1778 3602 commendanda,
1807 3539 1927 3608 quia
1955 3547 2101 3594 nota.

523 3615 930 3693 Confundantur,
963 3625 1151 3694 inquit,
1188 3637 1232 3680 et
1260 3637 1579 3681 revereantur
1613 3629 1696 3697 qui
1729 3639 1958 3695 quaerunt
1987 3630 2102 3683 ani-

525 3729 658 3766 mant
699 3731 879 3768 meam.
935 3715 993 3770 ln
1032 3716 1136 3769 alio
1179 3717 1384 3787 psalmo
1431 3717 2004 3774 dicit:Considerabam
2049 3721 2104 3776 in

523 3807 800 3872 dexteram,
830 3817 876 3860 et
915 3808 1161 3872 uidebant,
1187 3818 1234 3862 et
1260 3825 1360 3862 non
1388 3817 1494 3862 erat
1527 3810 1611 3878 qui
1629 3823 1940 3879 cognosceret
1990 3829 2102 3866 me:

525 3899 671 3968 periit
697 3902 819 3968 fuga
837 3915 868 3952 a
894 3916 990 3966 me,
1021 3909 1068 3952 et
1093 3916 1194 3954 non
1225 3910 1297 3954 est
1321 3901 1405 3969 qui
1433 3902 1659 3967 exquirat
1679 3903 1898 3955 animant
1942 3920 2104 3957 meam

529 3986 700 4056 (Psal.
729 4001 868 4050 cxu,
895 3988 970 4057 5).
999 3988 1070 4042 lbi
1093 3988 1159 4043 de
1182 3989 1604 4057 persecutoribus
1629 3991 1702 4044 ait
1726 3992 1845 4060 quia
1869 4006 1972 4046 non
1992 4003 2104 4049 erat

525 4076 614 4146 qui
645 4079 944 4147 exquireret
971 4080 1200 4133 animam
1227 4079 1374 4148 ejus;
1404 4078 1490 4134 hic
1512 4090 1689 4136 autem
1723 4098 1738 4135 :
1771 4076 2105 4152 Confundan-

531 4175 629 4233 'ur,
657 4175 704 4220 et
727 4179 1043 4225 revereantttr
1066 4171 1152 4236 qui
1179 4180 1410 4240 quierunt
1429 4172 1649 4225 animam
1677 4190 1858 4227 meam.
1884 4175 2107 4230 Dolebat

526 4270 584 4313 ae
612 4274 716 4312 non
746 4261 909 4329 qnmri
941 4259 1005 4314 ad
1047 4261 1390 4326 imitandum;
1433 4263 1679 4332 gemebat
1718 4280 1777 4320 se
1825 4267 1990 4334 qumri
2039 4266 2106 4322 ad

524 4349 954 4418 opprimendum.
985 4350 1190 4418 queris
1213 4352 1442 4404 animam
1466 4352 1616 4422 justi,
1647 4369 1766 4408 cum
1797 4355 1989 4408 imitari
2017 4370 2108 4409 co-

523 4440 695 4510 gitas;
741 4441 936 4509 quaeris
979 4442 1207 4495 animam
1243 4442 1389 4509 justi,
1435 4456 1556 4496 cum
1603 4443 1845 4498 occidere
1883 4445 2103 4515 cogitas.

525 4528 786 4594 Quoniam
813 4529 1020 4585 duobus
1048 4530 1217 4585 modis
1243 4532 1495 4600 quaeritur
1515 4533 1688 4586 anima
1712 4533 2101 4601 hominisjusti,

526 4620 717 4689 singuli
761 4622 811 4674 in
838 4621 1058 4691 singulis
1086 4621 1300 4690 psalmis
1339 4623 1576 4692 expressi
1617 4633 1757 4677 sunt.
1789 4625 1896 4679 Illic
1939 4625 2104 4692 dolet,

527 4713 649 4781 quia
679 4727 782 4766 non
805 4721 886 4768 est
915 4712 1006 4783 qui
1035 4713 1267 4782 requirat
1293 4713 1522 4767 animam
1555 4714 1671 4783 ejus
1707 4716 1772 4770 ad
1797 4717 2108 4772 imitandum

527 4803 801 4870 passiones
825 4805 940 4873 ejus
963 4821 978 4866 ;
1008 4804 1093 4859 hic
1116 4814 1292 4860 autem
1325 4821 1339 4858 :
1368 4804 1756 4876 Confundantur
1783 4816 1828 4860 et
1853 4825 2110 4862 revereari-

526 4905 609 4946 tur
635 4895 719 4961 qui
745 4905 973 4963 quierunt
991 4897 1211 4949 animant
1241 4913 1421 4950 nteant.
1449 4897 1699 4964 Quaerunt
1719 4898 1948 4962 animam
1969 4899 2104 4966 ejus,

529 4997 636 5037 non
667 4992 724 5037 ut
757 4983 887 5038 duas
935 4984 1181 5039 habeant.
1210 4986 1324 5040 Non
1352 4989 1494 5042 enim
1535 4987 1611 5042 sic
1636 4987 1944 5056 quzcrebant
1993 4990 2111 5042 ani-

530 5089 670 5128 mam
718 5074 852 5144 ejus,
898 5076 1163 5145 quomodo
1189 5078 1381 5147 quaerit
1425 5079 1559 5133 latro
1594 5081 1822 5134 tunicam
1849 5082 2064 5136 viatoris
2093 5101 2104 5137 :

528 5182 596 5221 aa
642 5166 744 5222 hoc
769 5168 983 5233 occidit,
1014 5177 1071 5222 ut
1115 5171 1401 5238 exspoliet,
1448 5181 1506 5225 ut
1545 5170 1756 5226 habeat.
1787 5172 1888 5240 Qui
1931 5179 2106 5227 autem

529 5260 864 5328 persequitur
907 5269 966 5316 ut
1006 5254 1244 5328 ‘occidat,
1299 5263 1536 5318 excludit
1583 5264 1835 5331 animam,
1890 5281 1997 5319 non
2049 5280 2108 5321 se

527 5351 705 5405 vestit.
745 5352 999 5418 Qumrunt
1033 5353 1104 5406 illi
1135 5355 1363 5409 animam
1395 5370 1598 5420 meam;
1627 5355 1868 5411 occidere
1897 5371 1984 5412 me
2012 5372 2107 5410 vo-

523 5440 663 5495 .lunt.
692 5442 827 5510 Quid
852 5458 979 5512 ergo
1011 5453 1064 5497 tu
1087 5444 1192 5500 illis
1220 5443 1414 5512 optas?
1437 5444 1843 5516 Confundantur,
1893 5457 1939 5500 et
1967 5464 2107 5500 reve-

530 5542 754 5586 reantur.
790 5533 857 5586 Et
880 5534 968 5588 ubi
1009 5544 1091 5588 est
1116 5534 1258 5604 quod
1285 5534 1475 5588 audisti
1506 5550 1534 5587 a
1561 5535 1784 5590 Domino
1810 5546 1900 5592 tuo
1925 5555 1937 5590 :
1970 5538 2107 5592 Dili-

531 5625 631 5693 gite
663 5624 892 5676 inimicas
933 5634 1138 5688 uestros,
1167 5625 1436 5691 benefaeite
1462 5624 1539 5678 Itis
1567 5627 1651 5695 qui
1687 5627 1899 5681 oderunt
1925 5645 2030 5694 vos,
2062 5639 2107 5682 et

529 5724 671 5767 crate
692 5731 784 5784 pro
805 5716 882 5768 his
901 5715 986 5784 qui
1007 5725 1364 5785 persequuntur
1387 5731 1472 5769 vos
1493 5715 1705 5782 (Matth.
1736 5733 1789 5781 v,
1817 5717 1949 5786 44)?
1972 5717 2108 5774 Ecce

592 5848 610 5879 ι
646 5846 831 5908 Aliquot
852 5855 980 5897 Mssa
1008 5848 1202 5910 Quando
1217 5855 1376 5900 autem
1396 5862 1488 5902 non
1509 5850 1649 5902 modo
1676 5863 1693 5901 :
1715 5857 1889 5913 tamen,
1915 5860 2009 5903 etc.

1758 415 1815 475 Β.
1860 405 2222 473 ACCUSTINI
2255 409 2555 471 EPISCOPI

3695 419 3802 475 8638

2219 530 2636 598 persecutionem
2681 528 2897 597 pateris,
2931 536 2985 586 et
3011 526 3280 585 maledicis
3308 530 3380 586 eis
3417 546 3445 583 a
3487 531 3680 600 quibus
3707 549 3807 601 pn-

2216 619 2379 674 teris:
2407 615 2675 688 quomodo
2725 619 2948 675 imitaris
2987 620 3260 689 passiones
3306 621 3670 688 praecedentes
3703 623 3809 676 Do-

2214 709 2342 763 mini
2398 710 2492 774 tui,
2549 709 2828 779 pendentis
2868 710 2920 764 in
2966 725 3146 775 cruce,
3198 719 3254 765 et
3290 710 3514 766 dicentis
3560 729 3574 764 :
3623 711 3803 776 Pater,

2212 812 2416 869 ignosce
2431 803 2553 868 illis,
2580 803 2699 872 quia
2725 803 2949 856 nesciunt
2972 802 3094 874 quid
3115 803 3308 871 faciunt
3332 803 3479 875 (Luc.
3501 820 3654 868 xxut,
3674 805 3808 872 54)?

2213 891 2520 961 Respondet
2565 894 2684 948 talia
2714 891 3016 948 dicentibus
3059 902 3282 964 martyr,
3325 904 3378 950 et
3405 893 3575 949 dicit:
3622 894 3806 949 Domi-

2212 999 2339 1038 num
2371 984 2498 1039 mihi
2532 986 2849 1054 preposuisti
2890 985 3177 1052 dicentem,
3210 981 3384 1052 Pater,
3429 987 3629 1057 ignosce
3676 987 3804 1055 illis,

2212 1076 2331 1139 quia
2355 1076 2579 1130 nesciunt
2622 1076 2744 1146 quid
2769 1077 2997 1147 faciunt;
3039 1091 3267 1146 agnosce
3294 1087 3347 1132 ct
3375 1091 3558 1132 vocem
3601 1092 3801 1143 meam,

2212 1175 2271 1221 ut
2297 1168 2367 1222 sit
2389 1176 2443 1222 et
2474 1178 2580 1222 tua.
2623 1167 2759 1235 Quid
2785 1169 2925 1224 enim
2969 1161 3077 1223 dixi
3101 1169 3169 1223 de
3196 1169 3421 1223 inimicis
3442 1169 3619 1224 meis?
3664 1169 3803 1224 Cone

2212 1256 2512 1329 fundantur,
2538 1266 2585 1312 et
2611 1268 2948 1313 revereantur.
2980 1258 3097 1313 1am
3127 1258 3263 1314 facta
3301 1267 3384 1314 est
3409 1257 3531 1312 talis
3558 1259 3796 1314 vindicta

2209 1348 2278 1404 de
2305 1349 2534 1404 inimicis
2559 1359 2871 1418 martyrum.
2893 1347 3084 1404 Saulus
3111 1349 3198 1403 ille
3220 1348 3310 1417 qui
3335 1346 3667 1416 Stephanum
3687 1363 3805 1416 ρει-ι

2210 1445 2424 1496 secutus
2449 1449 2552 1502 est.
2583 1441 2835 1494 confusus
2861 1447 2942 1495 est
2976 1447 3031 1494 et
3056 1439 3337 1494 reveritus.
3371 1437 3671 1493 Anhelabat
3699 1453 3805 1492 oze-

2209 1525 2325 1598 des,
2383 1531 2659 1601 quaerebat
2686 1546 2821 1601 quos
2864 1528 3159 1585 attraheret
3208 1537 3263 1583 et
3304 1536 3519 1583 necaret
3558 1545 3573 1582 :
3623 1527 3805 1582 audita

2208 1619 2440 1691 desuper
2466 1636 2618 1688 voce,
2641 1617 2818 1686 Saule,
2856 1619 3033 1685 Sttule,
3060 1618 3182 1689 quid
3204 1631 3283 1672 me
3308 1619 3658 1689 persequeris?
3676 1633 3811 1674 cons

2210 1711 2358 1768 fusus
2386 1719 2441 1774 et
2462 1719 2761 1781 prostratus
2781 1718 2883 1776 est,
2905 1718 2960 1764 et
2992 1719 3203 1764 erectus
3230 1708 3298 1763 ad
3327 1707 3683 1764 obediendum
3711 1709 3803 1778 qui

2210 1799 2569 1857 inflammatus
2604 1807 2720 1855 erat
2757 1799 2824 1855 ad
2862 1798 3289 1870 persequendum
3334 1797 3470 1867 (Act.
3501 1814 3594 1863 vtt,
3627 1799 3719 1863 57,
3751 1807 3803 1852 et

2209 1898 2284 1959 rx,
2316 1893 2367 1958 l,
2396 1892 2450 1956 4,
2469 1891 2546 1962 6).
2576 1891 2686 1946 Hoc
2721 1906 2850 1961 ergo
2874 1899 3062 1960 optant
3091 1900 3350 1961 martyres
3375 1890 3604 1945 inimicis
3644 1890 3758 1944 suis
3785 1901 3802 1944 :

2208 1980 2617 2052 Confundantur,
2645 1991 2691 2036 et
2725 1991 3061 2036 revereantur.
3089 1981 3348 2049 Quamdiu
3375 1983 3516 2036 enim
3543 1997 3648 2036 non
3675 1997 3808 2037 cons

2207 2071 2501 2127 funduntur
2525 2077 2582 2127 et
2607 2083 2937 2138 reverentur,
2976 2087 3194 2127 necesse
3222 2082 3306 2128 est
3338 2072 3472 2127 facta
3500 2086 3596 2127 sua
3620 2073 3809 2128 deletk

2208 2162 2335 2219 dant
2355 2179 2369 2228 ;
2391 2163 2608 2234 gloriosi
2635 2164 2735 2220 sibi
2765 2161 3032 2229 videntur,
3069 2164 3190 2233 quia
3221 2172 3423 2230 tenent,
3455 2165 3575 2234 quia
3615 2164 3799 2233 ligant,

2208 2255 2331 2325 quia
2356 2254 2663 2321 verberant,
2699 2255 2821 2324 quia
2852 2253 3121 2318 occidunt,
3151 2254 3272 2323 quia
3303 2254 3516 2320 saltant,
3562 2257 3682 2324 quia
3717 2255 3798 2309 in-

2209 2346 2410 2402 sultant
2436 2363 2449 2398 :
2475 2344 2545 2401 de
2568 2345 2652 2400 bis
2687 2345 2938 2401 omnibus
2968 2344 3120 2399 factis
3140 2344 3426 2415 aliquando
3466 2344 3800 2400 confundan-

2209 2445 2332 2502 tur,
2394 2446 2449 2491 et
2502 2445 2866 2492 revereantur.
2922 2437 2978 2491 Si
3041 2435 3181 2490 enim
3249 2435 3666 2500 confundentur,
3737 2442 3802 2491 et

2207 2536 2619 2594 convertentur;
2642 2527 2763 2597 quia
2790 2527 3026 2582 converti
3049 2543 3153 2581 non
3181 2537 3423 2596 possunt,
3454 2528 3552 2582 nisi
3585 2527 3807 2582 confusi

2206 2617 2426 2682 fuerint,
2475 2627 2530 2673 et
2569 2618 2803 2674 reveriti.
2834 2617 3091 2687 Optemus
3120 2632 3248 2687 ergo
3278 2613 3395 2672 hau:
3442 2617 3668 2673 inimicis
3696 2631 3803 2670 n04

2207 2709 2367 2774 stris;
2419 2708 2594 2763 securi
2620 2717 2885 2777 Optemus.
2933 2708 3072 2762 Ecce
3127 2719 3228 2778 ego
3273 2708 3404 2773 dixi,
3438 2716 3494 2762 et
3528 2708 3806 2762 vobiscum

2206 2797 2434 2853 dixerim
2465 2813 2690 2852 :omnes
2719 2799 2809 2868 qui
2834 2797 3010 2853 adhuc
3032 2798 3229 2852 saltant
3271 2808 3325 2854 et
3355 2806 3573 2852 cantant
3606 2808 3659 2854 ct
3715 2798 3804 2852 ins

2208 2888 2407 2943 sultant
2464 2887 2817 2961 Martyribus,
2871 2887 3291 2959 confunduntur,
3345 2899 3392 2942 et
3447 2897 3805 2953 rever-cantur;

2205 2976 2492 3049 aliquando
2521 2977 2576 3033 in
2617 2978 2701 3034 his
2739 2976 3032 3048 parietibus
3080 2976 3302 3032 tuudaut
3334 2975 3541 3033 confusi
3584 2989 3804 3048 pectora

2207 3084 2300 3126 sua
2308 3108 2323 3123 .

2277 3160 2333 3215 4.
2372 3158 2525 3232 [uers.
2554 3157 2635 3230 4.]
2663 3161 2964 3214 Auertantur
2989 3171 3281 3227 retrorsum,
3315 3170 3362 3214 et
3388 3159 3680 3215 erubescant
3711 3160 3806 3231 qui

2207 3250 2426 3321 cogitant
2443 3249 2568 3303 mihi
2591 3250 2749 3304 mala.
2779 3249 2958 3304 Primo
2970 3249 3069 3304 fuit
3089 3250 3314 3319 impetus
3332 3251 3762 3320 persequentium
3785 3265 3802 3313 ;

2206 3341 2368 3397 modo
2390 3340 2647 3396 remansit
2663 3339 3034 3395 malevolentia
3049 3341 3410 3410 cogitantium.
3427 3339 3652 3396 Prorsus
3669 3348 3809 3395 tenta

2209 3447 2338 3502 pora
2361 3440 2487 3488 sunt
2511 3431 2565 3486 in
2594 3431 2831 3486 Ecclesia
2855 3431 3245 3501 persecutionis
3280 3432 3530 3486 distincta
3575 3446 3808 3500 sequen-

2207 3522 2281 3579 tia
2308 3523 2348 3576 ⁸.
2381 3522 2576 3578 Factus
2601 3532 2682 3577 est
2711 3522 2940 3592 impetus
2971 3523 3022 3576 in
3053 3522 3374 3588 Ecelesiam,
3407 3522 3620 3592 quando
3646 3537 3805 3593 reges

2207 3614 2666 3684 persequebantur
2697 3630 2710 3667 :
2741 3620 2795 3668 ct
2823 3613 2943 3683 quia
2971 3613 3210 3682 praedicti
3243 3621 3399 3668 erant
3424 3628 3578 3684 reges
3605 3622 3658 3667 et
3680 3627 3805 3682 per-

2206 3704 2441 3774 secuturi
2489 3713 2546 3760 ει
2591 3703 2870 3772 credituri,
2913 3704 3135 3773 impleto
3163 3719 3292 3769 uno,
3345 3704 3529 3774 utique
3570 3705 3799 3759 alterum

2201 3798 2549 3869 sequebatur.
2581 3797 2802 3853 Factum
2830 3805 2913 3852 est
2939 3807 2994 3852 et
3013 3797 3138 3852 illud
3157 3796 3298 3867 quod
3321 3811 3653 3866 consequens
3670 3796 3802 3864 fuit;

2207 3894 2548 3950 crediderunt
2572 3909 2744 3964 reges,
2767 3894 2889 3948 data
2911 3909 3008 3964 pax
3029 3903 3112 3950 est
3133 3895 3402 3960 Ecclesiae,
3423 3895 3586 3964 cmpit
3601 3909 3720 3949 esse
3744 3893 3805 3949 in

2203 3985 2437 4042 culmine
2464 3985 2739 4057 dignitatis
2771 3985 3212 4053 Ecclesia,~etiam
3250 3987 3301 4041 in
3326 3986 3424 4041 hac
3452 3996 3617 4052 terra,
3641 3986 3802 4040 etiam

2209 4078 2264 4134 in
2294 4078 2394 4135 hac
2418 4079 2525 4133 vita
2559 4096 2572 4133 :
2604 4078 2701 4134 sed
2736 4091 2842 4134 non
2879 4079 3027 4134 deest
3075 4079 3319 4134 fremitus
3364 4089 3797 4148 persecuturum;

2208 4169 2436 4241 impetus
2469 4187 2598 4226 suos
2634 4171 2699 4226 ad
2725 4172 3072 4241 cogitationes
3101 4181 3393 4226 verterunt.
3423 4169 3480 4226 lu
3513 4172 3621 4226 illis
3645 4172 3796 4242 cogi-

2210 4263 2498 4318 tationibus
2523 4272 2772 4333 tanquam
2814 4265 2866 4317 in
2897 4264 3093 4335 abysso
3111 4265 3302 4334 ligatus
3335 4274 3418 4319 est
3456 4267 3477 4297 ³
3521 4265 3804 4330 diabolus;

2207 4352 2409 4419 fremit,
2437 4363 2490 4409 ct
2514 4371 2618 4409 non
2645 4357 2898 4425 erumpit.
2932 4357 3139 4412 Dictum
3172 4367 3255 4411 est
3283 4358 3426 4412 enim
3453 4359 3522 4414 de
3552 4359 3638 4414 bis
3661 4369 3805 4414 tem-s

2211 4446 2430 4514 poribus
2472 4446 2764 4502 Ecclesite:
2800 4446 3041 4502 Peccator
3070 4449 3274 4514 uidebit,
3325 4456 3370 4503 et
3416 4451 3687 4506 irascetur.
3737 4452 3813 4508 Ει

2209 4537 2337 4606 quid
2385 4537 2577 4592 faciet?
2629 4539 2893 4608 Numquid
2938 4539 3080 4608 quod
3131 4540 3341 4610 primo?
3379 4543 3626 4609 Attrahe,
3672 4545 3814 4615 liga.

2211 4637 2448 4696 percute.
2482 4629 2598 4682 Non
2627 4629 2750 4684 facit
2774 4631 2896 4684 hoc.
2920 4630 3056 4697 Quid
3085 4632 3249 4700 ergo?
3270 4631 3516 4688 Dattt'hus
3533 4636 3642 4690 suis
3662 4641 3812 4707 fren-

2212 4714 2315 4783 det,
2333 4726 2380 4770 et
2406 4717 2617 4771 tabescet
2641 4716 2813 4790 (Psal.
2845 4735 2956 4785 cxt,
2987 4721 3099 4790 l0).
3130 4721 3200 4775 Et
3221 4722 3304 4776 his
3333 4730 3584 4792 tanquam
3617 4727 3812 4781 irasci-

2214 4816 2298 4862 tur
2321 4819 2554 4879 martyr;
2585 4818 2641 4864 et
2669 4821 2844 4864 tamen
2885 4827 2981 4880 pro
3006 4810 3091 4867 his
3118 4821 3242 4868 orat
3266 4823 3490 4884 martyr.
3523 4815 3815 4882 Quomodo

2213 4899 2355 4953 enim
2382 4899 2517 4954 bene
2551 4901 2754 4969 optavit
2800 4901 2905 4955 illis
2941 4901 3008 4956 de
3045 4901 3238 4972 quibus
3274 4903 3434 4971 dixit,
3463 4904 3814 4975 Confundut-

2213 4996 2324 5056 tur,
2379 4999 2426 5042 et
2486 5003 2804 5045 ret'ereantur
2865 4991 2950 5062 qui
3016 5001 3248 5063 quazrunt
3312 4995 3535 5048 animum
3603 5015 3768 5051 meant
3795 5017 3819 5059 ,-

2213 5081 2289 5136 sic
2339 5088 2394 5135 et
2453 5095 2621 5145 nunc,
2677 5081 2981 5136 Auertantur
3026 5093 3335 5149 retrorsum,
3411 5096 3458 5138 et
3507 5087 3820 5143 erubescunt

2212 5173 2298 5242 qui
2333 5173 2553 5242 cogitant
2592 5173 2717 5226 mihi
2753 5174 2906 5226 mala.
2940 5173 3152 5240 Quare?
3206 5175 3274 5230 Ut
3321 5191 3424 5230 non
3473 5179 3816 5247 praecedant,-

2215 5263 2308 5317 sed
2333 5275 2639 5334 sequantur.
2671 5265 2774 5332 Qui
2800 5266 2941 5320 enim
2975 5267 3317 5335 reprehendit
3340 5269 3692 5326 Christianam
3723 5289 3825 5327 re-

2215 5352 2485 5423 ligionem,
2514 5362 2568 5408 et
2590 5355 2816 5410 consilio
2843 5371 2942 5411 suo
2974 5356 3086 5410 vult
3119 5358 3315 5423 vivere,
3345 5361 3494 5429 quasi
3523 5363 3819 5430 praecele-

2257 5548 2403 5624 ’χείρ
2424 5548 2636 5624 melioris
2658 5560 2784 5602 notae
2808 5561 2914 5624 Mss,
2933 5559 2986 5604 Al.
3001 5555 3135 5616 Edd.,
3161 5555 3210 5605 in
3235 5556 3457 5608 Ecclesia:
3479 5561 3829 5622 persecutione

2213 5612 2451 5662 distincta.
2477 5621 2680 5676 Sequere
2702 5613 2962 5676 sequentia.

2277 5677 2296 5704 ²
2329 5680 2459 5748 nov?
2483 5672 2610 5748 risco
2632 5672 2804 5748 ligatus
2826 5683 2912 5748 est.
2938 5676 3270 5748 anesurisco,
3293 5680 3354 5728 ab
3378 5686 3451 5748 Er:
3479 5689 3531 5748 e_t_
3555 5681 3828 5748 plerisque

2212 5742 2338 5802 ᾖξε.)
2362 5735 2450 5784 sed
2473 5735 2889 5802 quidamhabcnt,
2929 5735 3178 5802 colligatus
3218 5735 3288 5792 est
3325 5755 3344 5791 :
3382 5735 3617 5792 Alludititr
3639 5735 3832 5796 Μεέιὶ

2213 5795 2700 5868 illiiti_Apoc;itypseos
2719 5796 2798 5859 ΞΟ,
2821 5798 2854 5847 3
2878 5795 2890 5845 ἒ
2917 5807 2973 5850 Et
2997 5795 3158 5867 ligavit
3185 5816 3294 5854 eunt
3317 5816 3401 5868 per
3416 5817 3567 5854 annos
3586 5805 3743 5866 nu‘tle,
3773 5813 3833 5861 et

2219 5860 2345 5907 misti
2366 5870 2474 5908 eum
2497 5860 2544 5908 in
2569 5860 2808 5924 abyssum,
2832 5868 2929 5914 etc.
