4076 6464
250 445 350 504 ΜΨ

249 571 304 611 re
335 551 447 610 vult
469 550 776 616 Christum;
810 559 867 604 ut
893 546 982 605 ille
1005 548 1252 604 videlicet
1290 549 1566 612 erraverit,
1599 558 1652 602 et
1686 548 1834 603 inva-

250 647 386 700 lidus
427 645 776 712 infirmusque
822 639 1000 708 fuerit,
1044 641 1133 712 qui
1162 640 1249 696 vel
1276 640 1505 695 voluerit
1548 640 1656 709 pati
1696 640 1836 695 inter

247 749 437 790 manus
482 734 812 796 Judaeorum,
841 731 922 786 vel
951 731 1183 801 potuerit
1209 749 1221 784 :
1263 729 1354 784 ille
1383 738 1557 784 autem
1583 728 1834 786 cordatus

246 829 315 882 sit
369 841 568 882 cavens
607 827 702 879 ista
729 824 927 890 omnia,
974 823 1248 878 declinans
1277 832 1524 889 mortem,
1570 823 1835 879 mentiens

247 919 408 974 etiam
437 917 616 986 inique
648 931 713 970 ne
753 915 1028 980 moriatur,
1053 914 1376 969 interficiens
1411 915 1643 969 animam
1683 929 1833 969 suam

233 1005 301 1063 "u't
330 1009 475 1062 vivat
497 1022 743 1077 corpore,
773 1007 950 1076 magni
975 1006 1183 1060 consilii
1213 1005 1594 1078 prudentisque
1619 1006 1720 1062 sibi
1751 1008 1834 1061 vi-

244 1101 419 1154 detur.
455 1098 714 1154 Prtecedit
743 1097 1140 1167 reprehendens
1159 1097 1427 1151 Christum
1455 1114 1468 1162 ;
1493 1098 1652 1152 veluti
1677 1107 1834 1153 ante-

244 1191 388 1246 cedit
431 1189 702 1244 Christum
739 1187 966 1242 :‘credat
1017 1188 1069 1242 in
1120 1186 1428 1254 Christum,
1476 1196 1529 1242 et
1582 1198 1835 1258 sequatur

244 1281 534 1336 Christum.
559 1278 690 1334 Nam
712 1278 851 1348 quod
869 1283 1105 1347 optatum
1127 1286 1207 1332 est
1227 1277 1384 1332 modo
1409 1278 1836 1348 persecutoribus

242 1371 598 1441 cogitantibus
644 1369 805 1436 mala,
856 1368 990 1423 dixit
1037 1367 1138 1422 hoc
1185 1367 1300 1438 ipse
1359 1368 1614 1424 Dominus
1651 1368 1831 1424 Petro.

245 1461 560 1516 Prmcedere
586 1459 782 1530 quippe
817 1457 1047 1530 qhodam
1077 1458 1209 1513 'lo‘co
1236 1458 1426 1514 Petrus
1456 1459 1620 1512 voluit
1651 1458 1832 1514 Domi-

245 1571 396 1609 num.
447 1553 788 1624 Loquebatur
835 1551 978 1607 enim
1031 1549 1277 1608 Salvator
1322 1550 1392 1606 dc
1446 1552 1690 1621 passione
1712 1566 1828 1618 sua,

243 1662 402 1718 quam
433 1646 478 1700 si
506 1660 610 1700 non
641 1643 989 1714 suscepisset,
1023 1658 1123 1699 nos
1159 1643 1291 1698 salvi
1321 1650 1425 1698 nan
1453 1653 1736 1708 essemus;
1778 1653 1834 1699 et

243 1738 435 1792 Petrus
491 1735 581 1805 qui
629 1735 794 1805 paulo
833 1744 955 1790 ante
997 1749 1120 1789 eum
1164 1732 1444 1790 confessus
1483 1744 1600 1789 erat
1637 1733 1830 1790 Filium

241 1829 355 1892 Dei,
387 1837 443 1883 ct
471 1828 523 1882 in
543 1827 628 1883 illa
657 1827 997 1882 confessione
1027 1826 1322 1897 appellatus
1337 1835 1451 1880 erat
1475 1826 1830 1897 Petra,supra

240 1935 396 1990 quam
419 1917 766 1976 lahricaretur
781 1915 1043 1984 Ecclesia,
1064 1916 1221 1987 paulo
1237 1925 1356 1986 post
1379 1917 1601 1973 Domino
1620 1917 1830 1972 dicente

239 2012 502 2068 defutura
531 2012 777 2081 passione
805 2026 925 2077 sua,
949 2011 1024 2064 ait
1054 2008 1251 2075 :Absit,
1279 2008 1492 2063 Domine
1514 2028 1533 2075 ;
1580 2011 1829 2081 propitius

239 2114 340 2158 esto
367 2103 478 2167 tibi,
513 2119 613 2156 non
640 2102 724 2171 [iet
750 2101 904 2155 istud.
936 2100 1101 2156 Paulo
1148 2109 1292 2168 ante,
1323 2099 1510 2155 Beatus
1537 2119 1608 2166 es,
1647 2101 1828 2157 Simon

240 2193 342 2248 Bar
385 2191 548 2259 Jona,
578 2193 696 2263 quia
742 2209 841 2246 non
880 2190 969 2246 tibi
1006 2192 1241 2246 reuelauit
1265 2207 1384 2245 caro
1409 2201 1456 2246 et
1483 2193 1706 2262 sanguis,
1737 2191 1827 2247 sed

239 2281 396 2339 rater
425 2301 564 2339 meus
592 2285 676 2353 qui
701 2283 751 2336 in
779 2283 916 2337 cretis
936 2293 1006 2337 est
1029 2298 1050 2336 :
1072 2283 1232 2338 modo
1263 2293 1486 2352 repente
1505 2325 1520 2349 ,
1554 2283 1683 2338 Redi
1715 2291 1827 2353 post

238 2392 334 2442 me,
369 2386 570 2430 satana.
625 2373 762 2440 Quid
817 2383 919 2439 est,
969 2368 1099 2427 Redi
1144 2383 1254 2444 post
1295 2375 1420 2428 me?
1459 2374 1692 2445 Sequere
1719 2387 1824 2431 me.

239 2467 556 2524 Prmcedere
625 2481 710 2521 me
782 2465 896 2532 vis,
962 2465 1244 2520 consilium
1316 2465 1447 2520 mihi
1517 2467 1648 2522 dare
1711 2465 1824 2533 vis;

236 2559 430 2614 melius
469 2568 551 2613 est
594 2566 653 2613 ut
693 2556 976 2612 consilium
1027 2573 1204 2612 mcum
1252 2557 1534 2628 sequaris:
1587 2557 1689 2612 hoc
1714 2565 1817 2624 est,

237 2650 370 2710 Redi
410 2658 586 2716 retro,
644 2649 760 2704 redi
818 2659 939 2719 post
992 2665 1098 2704 me.
1146 2648 1565 2704 Antecedentem
1611 2665 1829 2720 compca-

237 2742 372 2808 scit,
427 2753 484 2795 ut
532 2750 676 2795 retro
733 2739 949 2805 redeat;
1003 2748 1058 2794 et
1099 2739 1335 2810 appellat
1375 2747 1653 2808 satanam,
1704 2740 1827 2810 quia

238 2832 351 2886 vult
411 2829 718 2901 praecedere
777 2830 1083 2884 Dominum.
1142 2829 1308 2884 Paulo
1371 2839 1533 2894 ante,
1593 2827 1779 2885 Beatus
1807 2847 1826 2886 :

234 2926 430 2990 modo,
483 2923 729 2981 Satanas.
764 2922 918 2994 Unde
969 2923 1127 2993 paulo
1172 2931 1338 2988 ante,
1390 2921 1629 2978 Beatus?
1695 2923 1828 2991 Quia

234 3033 335 3073 non
392 3017 503 3083 tibi,
561 3017 748 3089 inquit,
778 3017 1011 3070 reuelauit
1057 3027 1178 3069 caro
1219 3025 1264 3067 et
1306 3015 1534 3085 sanguis,
1587 3015 1676 3068 sed
1721 3013 1829 3069 Pan

243 3120 316 3164 ter
336 3127 479 3164 meus
499 3110 656 3180 quiin
700 3108 837 3163 carlis
873 3112 965 3162 est.
991 3106 1145 3163 Unde
1192 3106 1372 3173 modo,
1405 3105 1668 3162 Satanas?
1696 3107 1829 3174 Quia

233 3217 333 3254 non
360 3201 522 3270 sapis,
551 3201 738 3270 inquit,
764 3215 877 3270 qua:
903 3197 1000 3253 Dei
1026 3207 1162 3265 sunt,
1193 3199 1282 3253 sed
1300 3211 1413 3268 qua:
1437 3209 1552 3254 sunt
1570 3199 1829 3254 hominum

233 3292 446 3364 (Matth.
481 3310 590 3358 xvi,
624 3293 825 3362 1623).
850 3291 951 3360 Qui
977 3307 1103 3361 ergo
1131 3291 1373 3347 volumus
1392 3301 1536 3348 recte
1555 3292 1830 3350 celebrare

234 3386 474 3442 natalitia
500 3396 814 3456 martyrum,
837 3384 1209 3441 desideremus
1243 3385 1594 3441 imitationem
1631 3394 1830 3458 marty.

231 3495 346 3536 rum
372 3495 388 3544 ;
410 3493 478 3534 ne
507 3471 730 3532 velimus
753 3477 1056 3548 prtecedere
1076 3485 1359 3548 martyres,
1376 3484 1430 3532 et
1445 3477 1682 3532 melioris
1701 3493 1830 3533 con-

232 3573 332 3628 silii
355 3571 513 3626 nobis
554 3571 719 3626 videri
759 3585 912 3636 esse,
944 3570 1065 3640 quia
1097 3569 1358 3624 evitamus
1400 3572 1674 3639 passiones
1730 3586 1830 3640 pro

231 3663 434 3733 iustitia
477 3670 533 3718 et
561 3677 656 3732 pro
689 3659 812 3722 fide.
855 3675 986 3731 quas
1030 3659 1104 3714 illi
1158 3674 1264 3715 non
1305 3660 1658 3716 evitaverunt.
1687 3653 1830 3732 Ergo

232 3755 307 3809 illi
353 3753 446 3825 qui
487 3753 724 3824 Cogitant
775 3752 933 3817 mala,
986 3753 1124 3806 etin
1165 3751 1371 3806 luxuria
1403 3752 1642 3808 nutriunt
1667 3753 1828 3809 corda

233 3857 348 3910 sua,
397 3851 688 3897 avertantur
731 3850 1023 3907 retrorsum,
1066 3850 1112 3895 et
1142 3841 1452 3896 erubescant.
1485 3842 1719 3898 Audiant
1761 3842 1830 3899 ab

233 3935 497 4005 Apostolo
518 3943 700 4005 postea
728 3933 938 3990 dicente
959 3951 971 3987 :
997 3934 1154 4000 Quem
1169 3945 1333 3988 autem
1353 3935 1571 4002 fructum
1589 3933 1831 3990 habuistis

232 4029 507 4098 aliquando
533 4028 586 4081 in
609 4027 787 4097 quibus
817 4042 949 4080 nunc
971 4026 1258 4080 erubescitis
1283 4021 1457 4092 (Rom.
1486 4039 1560 4091 vt,
1588 4026 1725 4098 21)?

299 4122 355 4176 5.
390 4119 530 4186 Quid
553 4120 793 4190 sequitur
809 4119 835 4172 ?
857 4119 1160 4171 Avertantur
1183 4119 1355 4171 statim
1380 4117 1719 4174 erubescentes
1745 4119 1832 4189 qui

232 4213 408 4266 dicunt
427 4211 551 4264 mihi
584 4205 794 4281 :Euge,
824 4225 966 4280 euge.
1001 4208 1115 4262 Duo
1149 4217 1272 4261 sunt
1293 4223 1488 4279 genera
1523 4218 1830 4278 persecuto-

232 4318 380 4368 rum;
413 4301 847 4371 vituperantium,
887 4307 942 4354 et
969 4297 1464 4353 adulantium.Plus
1499 4300 1834 4370 persequitur

231 4392 407 4465 lingua
450 4392 765 4457 adulatoris,
806 4404 962 4460 quam
994 4403 1184 4444 manus
1212 4389 1602 4455 interfectoris;
1631 4405 1750 4445 nam
1777 4399 1832 4446 et

231 4486 403 4558 ipsam
425 4487 692 4541 caminum
723 4485 857 4538 dixit
880 4481 1178 4553 Scriptura.
1207 4482 1367 4538 Certe
1392 4497 1516 4537 cum
1554 4481 1622 4538 de
1644 4497 1830 4553 perse-

234 4579 450 4633 cutione
473 4576 780 4646 loqueretur
811 4573 1120 4644 Scriptura,
1151 4573 1285 4628 dixit
1317 4590 1330 4627 :
1365 4571 1624 4643 Tanquam
1651 4589 1831 4628 aurum

231 4669 284 4724 in
313 4671 527 4739 fornace
565 4665 791 4735 probavit
815 4667 952 4731 illos,
986 4665 1053 4720 de
1084 4665 1406 4737 martyribus
1441 4665 1754 4731 interfectis,
1783 4675 1832 4720 et

233 4762 358 4816 sicut
404 4760 688 4814 holocausti
738 4758 952 4812 hostium
985 4758 1001 4788 ¹
1041 4758 1230 4826 accepit
1282 4758 1397 4811 illos
1431 4756 1584 4829 (Sap.
1623 4774 1700 4824 Ill,
1749 4757 1828 4830 6).

237 4855 370 4908 Audi
414 4853 538 4923 quia
564 4862 619 4908 et
661 4852 838 4921 lingua
887 4850 1218 4903 adulantium
1252 4849 1371 4903 talis
1403 4858 1483 4904 est
1518 4868 1530 4904 :
1562 4847 1826 4919 Probatio,

237 4945 432 5016 inquit,
465 4949 656 5013 argenti
684 4952 730 4996 et
748 4943 860 4996 auri
891 4943 1021 5014 ignis
1044 4959 1061 5005 ;
1090 4941 1166 4994 vir
1188 4952 1355 4994 autem
1383 4942 1624 5011 probatur
1659 4958 1746 5011 per
1774 4959 1831 4998 os

237 5035 558 5088 laudantium
583 5050 698 5088 eum
729 5031 909 5105 (Prov.
949 5048 1114 5096 xxvtt,
1137 5030 1247 5104 ﬁt).
1283 5031 1422 5101 Ignis
1462 5033 1568 5099 ille,
1615 5033 1749 5102 ignis
1779 5042 1832 5088 et

235 5125 370 5192 istc;
423 5126 492 5179 de
524 5133 746 5195 utroque
778 5133 830 5178 te
872 5123 1079 5177 salvum
1119 5130 1331 5193 oportet
1355 5123 1520 5177 exire.
1554 5119 1732 5192 Fregit
1778 5131 1831 5179 te

236 5217 621 5286 reprehensor,
676 5215 876 5270 fractus
928 5215 1027 5270 es'
1075 5215 1128 5269 in
1181 5213 1398 5270 fornace
1436 5224 1685 5285 tanquam
1737 5229 1830 5270 vas

236 5311 422 5367 ﬁctile.
447 5311 721 5364 Formavit
743 5318 795 5364 te
815 5309 1057 5375 verbum,
1091 5318 1145 5364 et
1172 5309 1317 5364 venit
1353 5309 1574 5363 tentatio
1613 5308 1831 5362 tribula-

237 5405 434 5458 tionis:
457 5402 588 5457 illud
615 5401 754 5473 quod
787 5400 1068 5456 formatum
1091 5409 1195 5461 est,
1224 5408 1434 5470 oportet
1459 5408 1514 5454 ut
1539 5409 1827 5470 coquatur;

237 5496 282 5550 si
302 5497 440 5553 bene
461 5494 746 5550 formatum
764 5502 865 5561 cst,
891 5491 1095 5548 accedit
1114 5490 1250 5562 ignis
1272 5500 1328 5544 ut
1354 5491 1544 5546 firmet.
1569 5490 1720 5546 Unde
1743 5491 1831 5547 ille

298 5649 318 5681 ⁸
354 5648 520 5697 Probae
544 5654 671 5697 nota:
693 5653 822 5704 Mss,
861 5643 1188 5694 holocaustum
1223 5643 1425 5707 hostium
1454 5657 1472 5694 :
1497 5643 1581 5693 Alii
1610 5645 1828 5707 quidam,

237 5708 510 5760 holocausta
533 5707 764 5771 hastitnn.
793 5717 934 5771 Porro
970 5707 1097 5769 apud
1135 5713 1244 5754 Lxx
1290 5705 1488 5768 legitur,
1524 5705 1830 5771 ololtarpama

239 5771 438 5830 thusias,
461 5770 787 5820 holocaustum
809 5767 995 5820 hostire.

234 5834 321 5952 ﬁ:
358 5825 542 5944 altiquot
557 5839 683 5894 Mss,
710 5832 864 5895 factus
887 5843 938 5882 es
960 5841 979 5880 :
1005 5836 1057 5881 et
1080 5827 1221 5891 paulo
1244 5825 1382 5889 infra,
1407 5826 1594 5880 accedit
1615 5827 1759 5893 ignis,
1786 5835 1832 5880 et

307 5907 382 5943 ma
405 5929 418 5943 .

280 5903 418 5944 t'mttl.

1356 429 1751 494 smnumo
1778 433 1842 491 IN
1883 429 2207 494 PSALMUM
2248 433 2437 494 nux.
3425 439 3529 508 3-70

1947 548 2158 604 diccbat
2180 551 2229 604 in
2252 553 2498 620 passione
2533 569 2545 605 τ
2574 553 2717 609 Aruit
2737 555 2860 611 sicut
2887 566 3008 614 testa
3024 561 3180 616 virtus
3211 579 3320 618 mea
3352 563 3526 636 (Psal.

1943 651 2052 701 ιιι,
2079 639 2190 708 l6).
2216 639 2400 696 Passio
2428 641 2625 712 quippe
2659 653 2711 699 et
2735 648 2976 702 caminus
3004 650 3358 708 tribulationis
3387 654 3529 710 fece-

1941 739 2024 785 rat
2051 731 2345 788 fortiorem.
2371 734 2577 790 Rursus
2603 737 2647 791 si
2673 737 2904 795 lauderis
2924 741 2991 795 ab
3017 743 3353 802 adulantibus
3371 755 3528 804 etas-

1941 825 2292 892 sentantihus,
2337 836 2392 881 et
2442 830 2694 884 anuueris
2742 832 2840 897 eis,
2882 833 3045 887 veluti
3099 851 3282 900 emens
3320 840 3523 907 oleum,

1941 928 2046 965 non
2069 924 2241 968 tecum
2272 925 2510 985 portans,
2544 920 2680 973 sicut
2701 922 2934 992 quinque
2961 923 3190 993 virgines
3215 928 3530 998 insipientes

1941 1005 2152 1076 (Matth.
2188 1025 2311 1075 xxv,
2343 1009 2396 1081 ὅ)
2425 1027 2440 1076 ;
2473 1013 2576 1066 erit
2609 1015 2851 1068 caminus
2876 1016 3122 1072 fractura:
3149 1028 3251 1072 tua:
3277 1022 3435 1075 etiam
3462 1037 3526 1079 os

1939 1096 2268 1154 laudantium
2299 1111 2368 1154 te.
2412 1101 2518 1157 Sed
2545 1103 2660 1158 sine
2687 1103 2770 1160 his
2808 1122 2912 1161 non
2941 1122 3222 1177 possumus
3247 1125 3262 1176 ;
3306 1125 3526 1168 necesse

1939 1199 2019 1243 est
2047 1201 2102 1244 ut
2124 1201 2178 1244 et
2195 1192 2451 1247 intremus
2469 1193 2520 1248 in
2549 1192 2682 1261 hazc,
2706 1205 2760 1250 et
2788 1213 3039 1252 exeamus
3071 1199 3191 1255 inde
3225 1218 3237 1254 :
3268 1201 3527 1257 intremus

1938 1280 1990 1332 in
2019 1281 2459 1350 vituperationem
2486 1283 2716 1354 aliquam
2746 1287 3006 1342 malorum
3044 1300 3098 1345 et
3137 1291 3524 1359 improborum,

1939 1372 2200 1427 intremus
2229 1384 2283 1428 et
2331 1375 2381 1428 in
2413 1379 2830 1434 assentationem
2875 1380 3104 1449 aliquam
3150 1381 3522 1446 adulatorum;

1937 1463 2030 1516 sed
2055 1465 2203 1519 exire
2227 1465 2350 1520 inde
2377 1482 2510 1536 opus
2539 1478 2638 1524 est.
2671 1469 2936 1541 Rogemus
2965 1487 3083 1527 eum
3108 1473 3174 1528 de
3201 1490 3307 1543 quo
3323 1473 3524 1530 dictum

1936 1564 2038 1621 est,
2069 1555 2333 1610 Custodiat
2363 1556 2606 1615 Dominus
2631 1561 2891 1616 introitum
2916 1575 3057 1616 tuum
3086 1573 3130 1618 et
3167 1565 3356 1618 exitum
3383 1574 3526 1618 tuum

1937 1646 2111 1719 (Psal.
2140 1663 2264 1716 cxx,
2295 1648 2382 1722 8);
2409 1659 2466 1704 ut
2504 1652 2710 1706 intrans
2746 1653 2972 1724 integer,
3010 1654 3087 1708 sic
3111 1668 3272 1709 exeas
3295 1655 3521 1726 integer.

1937 1738 2023 1793 Ait
2042 1741 2183 1794 enim
2211 1750 2266 1795 et
2295 1742 2618 1813 Apostolus:
2652 1742 2845 1798 Fidelis
2873 1753 2944 1799 est
2970 1743 3127 1810 Deus,
3159 1746 3243 1816 qui
3289 1733 3388 1800 non
3436 1762 3522 1800 vos

1931 1833 2064 1888 sinat
2080 1835 2263 1887 tentari
2279 1851 2432 1905 supra
2447 1852 2598 1906 quam
2619 1837 2843 1906 potestis.
2863 1837 3000 1892 Ecce
3019 1837 3182 1892 habes
3201 1837 3521 1907 ingressum.

1931 1923 2046 1979 Non
2070 1923 2224 1992 dixit,
2250 1924 2365 1981 Non
2395 1928 2711 1983 tentemini:
2737 1929 2823 1998 qui
2850 1929 2991 1983 enim
3019 1944 3121 1984 non
3153 1937 3386 1985 tentatur
3417 1944 3522 1985 non

1932 2014 2219 2084 probatur;
2265 2023 2319 2070 et
2365 2017 2454 2086 qui
2499 2031 2603 2072 non
2651 2018 2922 2086 probatur,
2977 2036 3082 2072 non
3128 2018 3356 2088 prolicit.
3383 2019 3523 2088 Quid

1931 2119 2060 2176 ergo
2081 2106 2323 2173 optavit?
2352 2105 2548 2161 Fidelis
2591 2107 2752 2173 Deus,
2780 2109 2864 2178 qui
2901 2125 3000 2162 non
3043 2125 3128 2162 vos
3175 2110 3305 2164 sinat
3339 2109 3523 2163 tentari

1928 2187 2084 2268 supra
2103 2214 2254 2268 quam
2285 2200 2512 2268 potestis.
2542 2199 2753 2252 Audisti
2803 2203 3138 2268 ingressum;
3190 2199 3313 2253 audi
3349 2207 3404 2254 et
3429 2210 3524 2254 ex-

1930 2288 2060 2343 itum
2096 2307 2109 2341 :
2137 2288 2243 2344 Sed
2263 2289 2412 2357 faciet
2426 2306 2538 2343 cum
2557 2291 2826 2344 tentatione
2845 2291 2991 2343 etiam
3021 2292 3227 2356 exitum,
3246 2301 3298 2343 ut
3319 2291 3523 2360 possitis

1931 2378 2144 2433 tolerare
2196 2378 2238 2444 (ι
2265 2378 2382 2434 Cor.
2431 2394 2486 2444 ι,
2534 2377 2646 2447 l5).
2673 2379 2813 2449 Ergo
2834 2391 2887 2434 et
2918 2379 2990 2432 illi
3019 2389 3305 2432 avertantur
3352 2379 3523 2433 statim

1929 2472 2268 2526 erubescentes
2293 2472 2378 2538 qui
2409 2472 2580 2525 dicunt
2607 2472 2732 2525 mihi
2759 2487 2776 2525 :
2806 2471 2974 2542 Euge,
3003 2488 3144 2541 euge.
3175 2472 3349 2538 Quare
3377 2472 3520 2526 enim

1929 2576 2015 2616 me
2044 2560 2297 2615 laudant?
2337 2561 2577 2615 Laudent
2606 2561 2790 2616 Deum.
2823 2561 2955 2628 Quis
2999 2562 3139 2614 enim
3163 2575 3262 2630 ego
3287 2575 3425 2625 sum,
3464 2568 3523 2614 ut

1928 2651 2114 2707 lauder
2141 2651 2195 2706 in
2221 2652 2338 2707 me?
2367 2662 2458 2705 aut
2483 2651 2606 2722 quid
2632 2666 2730 2722 ego
2757 2651 2891 2706 feci?
2913 2651 3036 2722 quid
3056 2651 3225 2706 habeo
3247 2651 3386 2722 quod
3411 2667 3519 2708 non

1929 2746 2144 2814 accepi?
2182 2744 2244 2799 Si
2264 2745 2529 2814 accepisti,
2560 2746 2748 2815 inquit,
2797 2745 2919 2815 quid
2969 2745 3204 2816 gloriaris
3231 2747 3375 2817 quasi
3417 2763 3520 2800 non

1929 2837 2180 2907 acceperis
2207 2835 2321 2906 (Id.
2351 2852 2422 2899 tv,
2454 2835 2545 2906 7)?
2566 2837 2865 2890 Avertantur
2889 2851 3017 2906 ergo
3044 2837 3211 2890 statim
3231 2835 3522 2890 erubescen-

1931 2937 2002 2981 tes
2047 2928 2135 2998 qui
2169 2928 2344 2982 dicunt
2387 2928 2743 3000 mihi:Euge,
2800 2945 2940 3000 euge.
2995 2929 3107 2984 Tali
3156 2930 3276 2984 oleo
3327 2929 3521 3000 pingue

1931 3018 2130 3075 factum
2152 3027 2235 3075 est
2259 3030 2420 3090 caput
2444 3021 2816 3076 ltmreticorum
2843 3021 3014 3091 (Psal.
3046 3036 3167 3088 cn,
3191 3022 3270 3092 5),
3293 3038 3413 3077 cum
3440 3023 3522 3078 di-

1931 3118 2080 3175 cunt,
2105 3109 2220 3180 Ego
2245 3127 2384 3176 sum,
2409 3127 2508 3182 ego
2529 3127 2668 3177 sum,
2691 3122 2744 3168 et
2764 3112 2961 3168 dicitur
2988 3113 3094 3166 illis
3118 3113 3247 3179 :Tu,
3273 3113 3518 3169 Domine.

1930 3204 2270 3274 Acceperunt
2296 3203 2459 3276 Euge,
2482 3221 2638 3278 euge;
2665 3206 2830 3260 secuti
2861 3212 2986 3260 sunt
3017 3203 3176 3275 Euge,
3205 3222 3326 3278 euge
3359 3205 3522 3262 :facti

1931 3306 2058 3352 sunt
2079 3297 2242 3353 duces
2266 3299 2391 3353 cmci
2421 3312 2685 3351 ctecorum
2705 3297 3038 3367 sequentium
3062 3295 3272 3365 (Matth.
3301 3313 3383 3360 sv,
3407 3297 3521 3366 14).

1931 3388 2301 3458 Apertissimis
2331 3388 2548 3443 vocibus
2585 3388 2789 3442 Donato
2818 3387 3067 3442 dicuntur
3090 3387 3189 3441 ista
3214 3396 3424 3441 cantata
3453 3389 3466 3418 ¹
3502 3403 3516 3440 :

1934 3476 2100 3552 Euge,
2127 3496 2268 3551 euge,
2286 3479 2395 3534 dux
2425 3479 2583 3546 bone,
2607 3478 2712 3534 dux
2733 3479 3009 3549 praeclare.
3033 3477 3100 3531 Et
3126 3494 3230 3532 non
3253 3477 3385 3531 dixit
3407 3476 3518 3542 ille,

1933 3573 2239 3628 Avertantur
2262 3573 2452 3639 statim,
2485 3581 2530 3624 et
2551 3572 2840 3626 erubescant
2859 3571 2947 3642 qui
2973 3571 3148 3624 dicunt
3169 3572 3290 3624 mihi
3313 3587 3331 3625 :
3352 3569 3519 3640 Euge,

1932 3679 2093 3735 euge;
2120 3678 2222 3718 nec
2265 3679 2358 3718 eos
2383 3666 2649 3733 corrigere
2668 3663 2857 3730 voluit,
2882 3672 2940 3717 ut
2979 3661 3195 3717 Christo
3234 3662 3476 3718 dicerent
3506 3679 3520 3717 :

1938 3754 2049 3808 Dux
2077 3753 2236 3819 bone,
2279 3753 2384 3807 dux
2409 3754 2680 3824 prmelare.
2716 3755 2785 3808 At
2805 3767 2932 3808 vero
2954 3752 3240 3823 Apostolus
3279 3752 3526 3807 reformio

1933 3844 2070 3900 dans
2098 3845 2240 3916 Euge
2282 3845 2584 3909 hominum,
2617 3854 2674 3899 ut
2711 3859 2835 3900 vere
2863 3843 3168 3900 laudaretur
3199 3845 3250 3898 iu
3287 3843 3523 3912 Christo,

1934 3936 2104 3992 noluit
2133 3950 2191 3990 se
2227 3935 2425 3990 laudari
2456 3951 2550 4004 pro
2578 3935 2824 3999 Christo;
2871 3934 3280 4004 dicentibusque
3305 3933 3523 4004 quibus-

1935 4026 2086 4093 dam,
2108 4024 2219 4096 Ego
2240 4042 2352 4080 sum
2385 4023 2559 4090 Pauli,
2611 4025 2891 4096 respondit
2930 4027 2980 4078 iu
3015 4025 3256 4078 libertate
3295 4025 3526 4089 Domini,

1943 4115 2211 4186 Numquid
2241 4115 2434 4168 Paulus
2461 4117 2734 4183 cruciﬁxus
2754 4125 2826 4168 est
2853 4132 2944 4183 pro
2964 4116 3100 4190 nobis
3119 4116 3144 4167 Ρ
3171 4125 3256 4167 aut
3281 4115 3332 4167 in
3359 4117 3526 4168 nomi-

1935 4225 1998 4262 ne
2021 4201 2177 4260 Pauli
2206 4206 2446 4276 baptizati
2470 4207 2586 4259 estis
2620 4205 2796 4276 (lCor.
2820 4220 2858 4268 ι,
2899 4205 2986 4270 l2,
3033 4205 3158 4275 l5)?
3184 4205 3323 4274 Ergo
3349 4206 3530 4261 dicant

1936 4309 2198 4368 martyres
2225 4297 2275 4350 in
2306 4297 2677 4367 persecutione
2700 4296 2857 4350 etiam
2881 4294 3233 4356 adulantium,
3277 4293 3526 4350 Avertan-

1935 4399 2018 4444 tur
2031 4389 2200 4443 statim
2225 4386 2564 4442 erubescentes
2591 4387 2677 4456 qui
2707 4388 2878 4440 dicunt
2906 4386 3028 4438 mihi
3057 4401 3075 4438 :
3105 4384 3266 4454 Euge,
3295 4401 3438 4457 euge.

2005 4480 2057 4534 6.
2116 4476 2278 4550 [vers.
2311 4475 2402 4550 5.]
2442 4477 2506 4531 Et
2530 4476 2654 4547 quid
2703 4476 2758 4530 lit
2782 4517 2797 4540 ,
2829 4491 2948 4530 cum
2981 4476 3055 4529 illi
3097 4484 3444 4540 avertuntur,
3469 4485 3523 4532 et

1934 4573 2254 4628 erubescunt
2273 4585 2493 4635 omnes;
2523 4569 2636 4624 sive
2674 4571 2761 4640 qui
2787 4579 3032 4640 qua-runt
3064 4569 3294 4622 animam
3317 4585 3486 4623 meum
3508 4613 3522 4636 ,
3567 4607 3575 4620 .

1935 4664 2047 4720 sive
2075 4663 2163 4733 qui
2192 4663 2427 4732 cogitant
2469 4661 2595 4715 mihi
2629 4661 2762 4715 mala
2788 4703 2802 4727 ,
2831 4661 2942 4714 sive
2970 4662 3056 4730 qui
3090 4676 3335 4729 perversa
3365 4671 3417 4715 et
3448 4663 3525 4714 si-

1935 4754 2131 4809 mulata
2181 4753 2555 4809 benevolentia
2583 4793 2596 4819 ,
2640 4752 2813 4821 lingua
2866 4751 3049 4805 volunt
3099 4751 3340 4807 emollire
3383 4753 3525 4823 quud

1935 4846 2161 4912 feriant;
2191 4861 2312 4902 cum
2345 4844 2539 4900 fuerint
2567 4855 2621 4899 et
2667 4844 2765 4913 ipsi
2813 4843 2984 4897 aversi
3030 4852 3084 4902 et
3127 4843 3331 4898 to.ifusi
3359 4887 3372 4907 ,
3402 4843 3526 4914 quid

1937 4939 2067 4995 lict?
2095 4936 2383 5000 Exsultent,
2415 4947 2462 4991 et
2480 4936 2827 5006 jucundentur
2855 4935 2906 4988 in
2939 4944 3025 4990 te:
3063 4952 3165 4990 nun
3195 4936 3246 4989 in
3279 4952 3384 5001 me,
3421 4950 3525 4989 non

1936 5033 1990 5086 in
2017 5031 2139 5096 illo,
2171 5039 2260 5083 aut
2289 5030 2339 5082 in
2372 5028 2489 5089 illo;
2522 5027 2614 5081 sed
2646 5031 2696 5080 ln
2729 5042 2832 5096 quo
2860 5025 2980 5080 facti
3018 5037 3141 5081 sunt
3173 5029 3258 5081 lux
3290 5029 3377 5097 qui
3412 5029 3525 5079 fuc-

1935 5133 2058 5178 runt
2087 5123 2340 5176 tenebrae.
2376 5118 2640 5174 Exsultent
2665 5161 2679 5183 ,
2713 5128 2759 5172 et
2788 5119 3138 5189 jucundentur
3165 5121 3216 5174 in
3255 5129 3321 5185 te,
3355 5135 3526 5173 omnes

1935 5214 2023 5286 qui
2049 5221 2276 5281 quaerunt
2311 5220 2375 5264 te.
2404 5209 2559 5264 Aliud
2592 5219 2673 5264 est
2696 5226 2936 5280 quarrere
2975 5213 3138 5290 Deum
3165 5253 3179 5278 ,
3208 5210 3346 5264 aliud
3374 5226 3523 5279 qua:-

1935 5319 2055 5359 rere
2082 5302 2372 5356 hominem.
2415 5299 2773 5356 Jucundentur
2803 5303 2888 5372 qui
2920 5312 3152 5373 quarrunt
3189 5311 3254 5354 te.
3281 5301 3396 5355 Nutt
3433 5302 3523 5371 ju-

1935 5394 2304 5450 cundalnmtur
2329 5406 2456 5461 ergo
2492 5392 2581 5462 qui
2625 5403 2868 5462 quierunt
2888 5409 2946 5447 se
2976 5395 3019 5456 ²,
3049 5405 3182 5462 quos
3213 5391 3357 5460 prior
3381 5408 3525 5460 qtnc-

1933 5486 2052 5541 sisti
2081 5493 2361 5554 antequam
2389 5493 2692 5553 quaererent
2729 5494 2799 5540 te.
2830 5484 3070 5539 Nondum
3115 5483 3386 5554 qttznrehat
3411 5485 3524 5541 uvis

1937 5579 2024 5634 illa
2058 5587 2357 5647 pastorem;
2403 5575 2744 5630 aberraverat
2771 5591 2800 5630 a
2843 5590 3002 5645 grege
3030 5591 3042 5626 :
3072 5585 3126 5628 et
3153 5572 3426 5629 descendit
3455 5575 3522 5630 ad

1935 5681 2090 5738 eam;
2121 5669 2362 5740 quaesivit
2383 5685 2522 5734 eam,
2556 5669 2844 5740 reportavit
2871 5668 2924 5723 in
2955 5667 3190 5725 humeris
3217 5668 3328 5724 suis
3351 5667 3371 5741 (
3393 5666 3521 5723 Luc.

2003 5831 2017 5858 ι
2056 5829 2127 5875 sic
2151 5831 2256 5873 Mss.
2285 5831 2338 5873 At.
2355 5824 2488 5880 ML,
2508 5823 2708 5874 cantica.

2001 5892 2021 5924 ³
2057 5891 2228 5953 ttegius
2254 5895 2353 5950 \ts.,
2379 5886 2460 5950 qui
2482 5893 2702 5949 quarunt
2725 5899 2815 5935 non
2838 5893 2900 5938 te.
